  <div class='ocr_page' id='page_1' title='image "/cluster/home/n/w/nwhite01/storage/ocr_20150623/14/uva.x000826552/240.png"; bbox 0 0 3878 6208; ppageno 0'>
   <div class='ocr_carea' id='block_1_1' title="bbox 306 275 415 335">
    <p class='ocr_par' dir='ltr' id='par_1_1' title="bbox 306 275 415 335">
     <span class='ocr_line' id='line_1_1' title="bbox 306 275 415 335; baseline -0.018 -1"><span class='ocrx_word' id='word_1_1' title='bbox 306 275 415 335; x_wconf 76' lang='grc'><strong>451</strong></span> 
     </span>
    </p>
   </div>
   <div class='ocr_carea' id='block_1_2' title="bbox 1770 270 2247 331">
    <p class='ocr_par' dir='ltr' id='par_1_2' title="bbox 1770 270 2247 331">
     <span class='ocr_line' id='line_1_2' title="bbox 1770 270 2247 331; baseline 0.002 -3"><span class='ocrx_word' id='word_1_2' title='bbox 1770 272 1833 328; x_wconf 86' lang='lat' dir='ltr'><strong>S.</strong></span> <span class='ocrx_word' id='word_1_3' title='bbox 1882 270 2247 331; x_wconf 77' lang='lat' dir='ltr'><strong>AMBltUSll</strong></span> 
     </span>
    </p>
   </div>
   <div class='ocr_carea' id='block_1_3' title="bbox 3568 277 3695 341">
    <p class='ocr_par' dir='ltr' id='par_1_3' title="bbox 3568 277 3695 341">
     <span class='ocr_line' id='line_1_3' title="bbox 3568 277 3695 341; baseline 0.047 -7"><span class='ocrx_word' id='word_1_4' title='bbox 3568 277 3695 341; x_wconf 71' lang='grc'><strong>452,</strong></span> 
     </span>
    </p>
   </div>
   <div class='ocr_carea' id='block_1_4' title="bbox 304 401 3671 477">
    <p class='ocr_par' dir='ltr' id='par_1_4' title="bbox 304 401 3671 477">
     <span class='ocr_line' id='line_1_4' title="bbox 304 401 3671 477; baseline 0 -17"><span class='ocrx_word' id='word_1_5' title='bbox 304 408 437 460; x_wconf 89' lang='lat' dir='ltr'><strong>ante</strong></span> <span class='ocrx_word' id='word_1_6' title='bbox 472 403 655 477; x_wconf 87' lang='lat' dir='ltr'><strong>legem</strong></span> <span class='ocrx_word' id='word_1_7' title='bbox 688 403 904 476; x_wconf 78' lang='lat' dir='ltr'><strong>Moysis</strong></span> <span class='ocrx_word' id='word_1_8' title='bbox 952 406 1008 458; x_wconf 90' lang='lat' dir='ltr'><strong>et</strong></span> <span class='ocrx_word' id='word_1_9' title='bbox 1046 406 1177 458; x_wconf 90' lang='lat' dir='ltr'><strong>ante</strong></span> <span class='ocrx_word' id='word_1_10' title='bbox 1210 401 1587 473; x_wconf 86' lang='lat' dir='ltr'><strong>Evangelium</strong></span> <span class='ocrx_word' id='word_1_11' title='bbox 1619 402 1727 456; x_wconf 83' lang='lat' dir='ltr'><strong>fuit</strong></span> <span class='ocrx_word' id='word_1_12' title='bbox 1761 419 1771 456; x_wconf 93' lang='lat'>:</span> <span class='ocrx_word' id='word_1_13' title='bbox 1808 418 1949 456; x_wconf 90' lang='lat' dir='ltr'><strong>non-</strong></span> <span class='ocrx_word' id='word_1_14' title='bbox 1982 403 2037 468; x_wconf 82' lang='grc' dir='ltr'><strong>Α</strong></span> <span class='ocrx_word' id='word_1_15' title='bbox 2066 401 2271 456; x_wconf 85' lang='lat' dir='ltr'><strong>habuit</strong></span> <span class='ocrx_word' id='word_1_16' title='bbox 2322 402 2578 472; x_wconf 81' lang='lat' dir='ltr'><strong>thorum,</strong></span> <span class='ocrx_word' id='word_1_17' title='bbox 2629 403 2729 457; x_wconf 88' lang='lat' dir='ltr'><strong>sed</strong></span> <span class='ocrx_word' id='word_1_18' title='bbox 2780 401 2974 457; x_wconf 89' lang='lat' dir='ltr'><strong>studio</strong></span> <span class='ocrx_word' id='word_1_19' title='bbox 3026 402 3339 473; x_wconf 60' lang='lat' dir='ltr'><strong>quaerenda:</strong></span> <span class='ocrx_word' id='word_1_20' title='bbox 3386 403 3671 474; x_wconf 84' lang='lat' dir='ltr'><strong>posterita-</strong></span> 
     </span>
    </p>
   </div>
   <div class='ocr_carea' id='block_1_5' title="bbox 302 490 1956 561">
    <p class='ocr_par' dir='ltr' id='par_1_5' title="bbox 302 490 1956 561">
     <span class='ocr_line' id='line_1_5' title="bbox 302 490 1956 561; baseline -0.002 -12"><span class='ocrx_word' id='word_1_21' title='bbox 302 495 441 549; x_wconf 90' lang='lat' dir='ltr'><strong>dum</strong></span> <span class='ocrx_word' id='word_1_22' title='bbox 478 494 853 549; x_wconf 86' lang='lat' dir='ltr'><strong>interdictum</strong></span> <span class='ocrx_word' id='word_1_23' title='bbox 886 491 1238 547; x_wconf 83' lang='lat' dir='ltr'><strong>adulterium</strong></span> <span class='ocrx_word' id='word_1_24' title='bbox 1281 490 1585 545; x_wconf 74' lang='lat' dir='ltr'><strong>videbatur</strong></span> <span class='ocrx_word' id='word_1_25' title='bbox 1614 490 1753 561; x_wconf 75' lang='lat'>(28).</span> <span class='ocrx_word' id='word_1_26' title='bbox 1782 490 1956 545; x_wconf 74' lang='lat' dir='ltr'><strong>Pmna</strong></span> 
     </span>
    </p>
   </div>
   <div class='ocr_carea' id='block_1_6' title="bbox 304 578 1951 652">
    <p class='ocr_par' dir='ltr' id='par_1_6' title="bbox 304 578 1951 652">
     <span class='ocr_line' id='line_1_6' title="bbox 304 578 1951 652; baseline -0.004 -15"><span class='ocrx_word' id='word_1_27' title='bbox 304 582 572 638; x_wconf 82' lang='lat' dir='ltr'><strong>criminis</strong></span> <span class='ocrx_word' id='word_1_28' title='bbox 620 598 689 637; x_wconf 82' lang='lat' dir='ltr'><strong>ex</strong></span> <span class='ocrx_word' id='word_1_29' title='bbox 738 585 999 652; x_wconf 88' lang='lat' dir='ltr'><strong>tempore</strong></span> <span class='ocrx_word' id='word_1_30' title='bbox 1052 579 1197 650; x_wconf 85' lang='lat' dir='ltr'><strong>legis</strong></span> <span class='ocrx_word' id='word_1_31' title='bbox 1240 584 1348 645; x_wconf 87' lang='lat' dir='ltr'><strong>est,</strong></span> <span class='ocrx_word' id='word_1_32' title='bbox 1382 595 1508 650; x_wconf 63' lang='lat' dir='ltr'><strong>qua:</strong></span> <span class='ocrx_word' id='word_1_33' title='bbox 1540 578 1761 633; x_wconf 83' lang='lat' dir='ltr'><strong>crimen</strong></span> <span class='ocrx_word' id='word_1_34' title='bbox 1801 578 1951 632; x_wconf 89' lang='lat' dir='ltr'><strong>inbi-</strong></span> 
     </span>
    </p>
   </div>
   <div class='ocr_carea' id='block_1_7' title="bbox 302 666 1951 741">
    <p class='ocr_par' dir='ltr' id='par_1_7' title="bbox 302 666 1951 741">
     <span class='ocr_line' id='line_1_7' title="bbox 302 666 1951 741; baseline -0.004 -15"><span class='ocrx_word' id='word_1_35' title='bbox 302 671 431 726; x_wconf 89' lang='lat' dir='ltr'><strong>buit</strong></span> <span class='ocrx_word' id='word_1_36' title='bbox 464 688 477 726; x_wconf 90' lang='lat'>:</span> <span class='ocrx_word' id='word_1_37' title='bbox 511 687 616 726; x_wconf 89' lang='lat' dir='ltr'><strong>nec</strong></span> <span class='ocrx_word' id='word_1_38' title='bbox 646 675 780 725; x_wconf 90' lang='lat' dir='ltr'><strong>ante</strong></span> <span class='ocrx_word' id='word_1_39' title='bbox 828 668 1015 741; x_wconf 87' lang='lat' dir='ltr'><strong>legem</strong></span> <span class='ocrx_word' id='word_1_40' title='bbox 1069 667 1186 723; x_wconf 91' lang='lat' dir='ltr'><strong>ulla</strong></span> <span class='ocrx_word' id='word_1_41' title='bbox 1233 668 1311 722; x_wconf 92' lang='lat' dir='ltr'><strong>rei</strong></span> <span class='ocrx_word' id='word_1_42' title='bbox 1367 667 1665 723; x_wconf 81' lang='lat' dir='ltr'><strong>damnatio</strong></span> <span class='ocrx_word' id='word_1_43' title='bbox 1696 671 1816 734; x_wconf 89' lang='lat' dir='ltr'><strong>est;</strong></span> <span class='ocrx_word' id='word_1_44' title='bbox 1850 666 1951 721; x_wconf 81' lang='lat' dir='ltr'><strong>sed</strong></span> 
     </span>
    </p>
   </div>
   <div class='ocr_carea' id='block_1_8' title="bbox 301 754 1949 831">
    <p class='ocr_par' dir='ltr' id='par_1_8' title="bbox 301 754 1949 831">
     <span class='ocr_line' id='line_1_8' title="bbox 301 754 1949 831; baseline -0.004 -16"><span class='ocrx_word' id='word_1_45' title='bbox 301 777 369 815; x_wconf 79' lang='lat' dir='ltr'><strong>ex</strong></span> <span class='ocrx_word' id='word_1_46' title='bbox 406 759 552 831; x_wconf 84' lang='lat' dir='ltr'><strong>lege.</strong></span> <span class='ocrx_word' id='word_1_47' title='bbox 587 758 710 814; x_wconf 90' lang='lat' dir='ltr'><strong>Non</strong></span> <span class='ocrx_word' id='word_1_48' title='bbox 759 775 894 830; x_wconf 89' lang='lat' dir='ltr'><strong>ergo</strong></span> <span class='ocrx_word' id='word_1_49' title='bbox 944 756 1001 811; x_wconf 91' lang='lat' dir='ltr'><strong>in</strong></span> <span class='ocrx_word' id='word_1_50' title='bbox 1052 755 1237 828; x_wconf 86' lang='lat' dir='ltr'><strong>legem</strong></span> <span class='ocrx_word' id='word_1_51' title='bbox 1289 755 1585 811; x_wconf 78' lang='lat' dir='ltr'><strong>commisit</strong></span> <span class='ocrx_word' id='word_1_52' title='bbox 1634 754 1949 821; x_wconf 78' lang='lat' dir='ltr'><strong>Abraham,</strong></span> 
     </span>
    </p>
   </div>
   <div class='ocr_carea' id='block_1_9' title="bbox 300 842 1949 921">
    <p class='ocr_par' dir='ltr' id='par_1_9' title="bbox 300 842 1949 921">
     <span class='ocr_line' id='line_1_9' title="bbox 300 842 1949 921; baseline -0.004 -17"><span class='ocrx_word' id='word_1_53' title='bbox 300 850 399 904; x_wconf 90' lang='lat' dir='ltr'><strong>sed</strong></span> <span class='ocrx_word' id='word_1_54' title='bbox 432 847 616 921; x_wconf 81' lang='lat' dir='ltr'><strong>legem</strong></span> <span class='ocrx_word' id='word_1_55' title='bbox 649 845 944 919; x_wconf 66' lang='lat' dir='ltr'><strong>praevenit.</strong></span> <span class='ocrx_word' id='word_1_56' title='bbox 978 845 1129 900; x_wconf 87' lang='lat' dir='ltr'><strong>Deus</strong></span> <span class='ocrx_word' id='word_1_57' title='bbox 1161 844 1218 899; x_wconf 89' lang='lat' dir='ltr'><strong>in</strong></span> <span class='ocrx_word' id='word_1_58' title='bbox 1250 844 1521 916; x_wconf 80' lang='lat' dir='ltr'><strong>paradiso</strong></span> <span class='ocrx_word' id='word_1_59' title='bbox 1570 842 1705 898; x_wconf 89' lang='lat' dir='ltr'><strong>licet</strong></span> <span class='ocrx_word' id='word_1_60' title='bbox 1748 843 1949 913; x_wconf 83' lang='lat' dir='ltr'><strong>conju-</strong></span> 
     </span>
    </p>
   </div>
   <div class='ocr_carea' id='block_1_10' title="bbox 299 929 1949 1009">
    <p class='ocr_par' dir='ltr' id='par_1_10' title="bbox 299 929 1949 1009">
     <span class='ocr_line' id='line_1_10' title="bbox 299 929 1949 1009; baseline -0.002 -20"><span class='ocrx_word' id='word_1_61' title='bbox 299 937 461 1009; x_wconf 88' lang='lat' dir='ltr'><strong>gium</strong></span> <span class='ocrx_word' id='word_1_62' title='bbox 513 934 835 990; x_wconf 84' lang='lat' dir='ltr'><strong>laudaverit</strong></span> <span class='ocrx_word' id='word_1_63' title='bbox 901 935 1055 1005; x_wconf 75' lang='lat' dir='ltr'><strong>(Gen.</strong></span> <span class='ocrx_word' id='word_1_64' title='bbox 1117 950 1176 999; x_wconf 80' lang='grc' dir='ltr'><strong>ιι,</strong></span> <span class='ocrx_word' id='word_1_65' title='bbox 1235 934 1347 1002; x_wconf 71' lang='grc'><strong>24),</strong></span> <span class='ocrx_word' id='word_1_66' title='bbox 1410 948 1523 987; x_wconf 91' lang='lat' dir='ltr'><strong>non</strong></span> <span class='ocrx_word' id='word_1_67' title='bbox 1596 929 1949 986; x_wconf 74' lang='lat' dir='ltr'><strong>adulterium</strong></span> 
     </span>
    </p>
   </div>
   <div class='ocr_carea' id='block_1_11' title="bbox 299 1012 1950 1091">
    <p class='ocr_par' dir='ltr' id='par_1_11' title="bbox 299 1012 1950 1091">
     <span class='ocr_line' id='line_1_11' title="bbox 299 1012 1950 1091; baseline -0.005 -10"><span class='ocrx_word' id='word_1_68' title='bbox 299 1012 694 1081; x_wconf 79' lang='lat' dir='ltr'><strong>damnaverat.</strong></span> <span class='ocrx_word' id='word_1_69' title='bbox 728 1023 849 1077; x_wconf 86' lang='lat' dir='ltr'><strong>Non</strong></span> <span class='ocrx_word' id='word_1_70' title='bbox 885 1021 1008 1077; x_wconf 83' lang='lat' dir='ltr'><strong>vult</strong></span> <span class='ocrx_word' id='word_1_71' title='bbox 1038 1021 1194 1076; x_wconf 89' lang='lat' dir='ltr'><strong>enim</strong></span> <span class='ocrx_word' id='word_1_72' title='bbox 1227 1025 1473 1076; x_wconf 88' lang='lat' dir='ltr'><strong>mortem</strong></span> <span class='ocrx_word' id='word_1_73' title='bbox 1524 1018 1861 1091; x_wconf 80' lang='lat' dir='ltr'><strong>peccatoris,</strong></span> <span class='ocrx_word' id='word_1_74' title='bbox 1895 1022 1950 1074; x_wconf 91' lang='lat' dir='ltr'><strong>et</strong></span> 
     </span>
    </p>
   </div>
   <div class='ocr_carea' id='block_1_12' title="bbox 300 1108 1946 1184">
    <p class='ocr_par' dir='ltr' id='par_1_12' title="bbox 300 1108 1946 1184">
     <span class='ocr_line' id='line_1_12' title="bbox 300 1108 1946 1184; baseline -0.005 -16"><span class='ocrx_word' id='word_1_75' title='bbox 300 1114 431 1170; x_wconf 92' lang='lat' dir='ltr'><strong>ideo</strong></span> <span class='ocrx_word' id='word_1_76' title='bbox 460 1113 615 1184; x_wconf 91' lang='lat' dir='ltr'><strong>quod</strong></span> <span class='ocrx_word' id='word_1_77' title='bbox 648 1110 870 1184; x_wconf 65' lang='lat' dir='ltr'><strong>praemii</strong></span> <span class='ocrx_word' id='word_1_78' title='bbox 901 1114 991 1165; x_wconf 87' lang='lat' dir='ltr'><strong>est</strong></span> <span class='ocrx_word' id='word_1_79' title='bbox 1022 1108 1328 1182; x_wconf 79' lang='lat' dir='ltr'><strong>pollicetur</strong></span> <span class='ocrx_word' id='word_1_80' title='bbox 1360 1125 1372 1164; x_wconf 90' lang='lat'><strong>:</strong></span> <span class='ocrx_word' id='word_1_81' title='bbox 1408 1109 1562 1180; x_wconf 88' lang='lat' dir='ltr'><strong>quod</strong></span> <span class='ocrx_word' id='word_1_82' title='bbox 1604 1124 1806 1178; x_wconf 71' lang='lat' dir='ltr'><strong>pmnze,</strong></span> <span class='ocrx_word' id='word_1_83' title='bbox 1834 1124 1946 1161; x_wconf 90' lang='lat' dir='ltr'><strong>non</strong></span> 
     </span>
    </p>
   </div>
   <div class='ocr_carea' id='block_1_13' title="bbox 296 1198 1945 1275">
    <p class='ocr_par' dir='ltr' id='par_1_13' title="bbox 296 1198 1945 1275">
     <span class='ocr_line' id='line_1_13' title="bbox 296 1198 1945 1275; baseline -0.005 -18"><span class='ocrx_word' id='word_1_84' title='bbox 296 1202 494 1275; x_wconf 82' lang='lat' dir='ltr'><strong>exigit.</strong></span> <span class='ocrx_word' id='word_1_85' title='bbox 531 1200 751 1256; x_wconf 80' lang='lat' dir='ltr'><strong>Mavult</strong></span> <span class='ocrx_word' id='word_1_86' title='bbox 782 1199 939 1254; x_wconf 90' lang='lat' dir='ltr'><strong>enim</strong></span> <span class='ocrx_word' id='word_1_87' title='bbox 972 1198 1214 1253; x_wconf 78' lang='lat' dir='ltr'><strong>mitibus</strong></span> <span class='ocrx_word' id='word_1_88' title='bbox 1245 1212 1571 1269; x_wconf 82' lang='lat' dir='ltr'><strong>provocare,</strong></span> <span class='ocrx_word' id='word_1_89' title='bbox 1608 1212 1783 1267; x_wconf 84' lang='lat' dir='ltr'><strong>quam</strong></span> <span class='ocrx_word' id='word_1_90' title='bbox 1832 1200 1945 1250; x_wconf 90' lang='lat' dir='ltr'><strong>ter-</strong></span> 
     </span>
    </p>
   </div>
   <div class='ocr_carea' id='block_1_14' title="bbox 298 1282 1943 1357">
    <p class='ocr_par' dir='ltr' id='par_1_14' title="bbox 298 1282 1943 1357">
     <span class='ocr_line' id='line_1_14' title="bbox 298 1282 1943 1357; baseline -0.005 -12"><span class='ocrx_word' id='word_1_91' title='bbox 298 1307 424 1345; x_wconf 89' lang='lat' dir='ltr'><strong>rere</strong></span> <span class='ocrx_word' id='word_1_92' title='bbox 480 1287 842 1345; x_wconf 64' lang='lat' dir='ltr'><strong>saevioribus.</strong></span> <span class='ocrx_word' id='word_1_93' title='bbox 879 1288 1025 1342; x_wconf 85' lang='lat' dir='ltr'><strong>Ettu</strong></span> <span class='ocrx_word' id='word_1_94' title='bbox 1050 1284 1301 1357; x_wconf 89' lang='lat' dir='ltr'><strong>peccasti</strong></span> <span class='ocrx_word' id='word_1_95' title='bbox 1325 1301 1455 1339; x_wconf 86' lang='lat' dir='ltr'><strong>cum</strong></span> <span class='ocrx_word' id='word_1_96' title='bbox 1489 1282 1724 1357; x_wconf 86' lang='lat' dir='ltr'><strong>gentilis</strong></span> <span class='ocrx_word' id='word_1_97' title='bbox 1764 1299 1943 1350; x_wconf 84' lang='lat' dir='ltr'><strong>esses,</strong></span> 
     </span>
    </p>
   </div>
   <div class='ocr_carea' id='block_1_15' title="bbox 296 1371 1945 1439">
    <p class='ocr_par' dir='ltr' id='par_1_15' title="bbox 296 1371 1945 1439">
     <span class='ocr_line' id='line_1_15' title="bbox 296 1371 1945 1439; baseline -0.003 -7"><span class='ocrx_word' id='word_1_98' title='bbox 296 1378 481 1434; x_wconf 87' lang='lat' dir='ltr'><strong>habes</strong></span> <span class='ocrx_word' id='word_1_99' title='bbox 507 1377 936 1433; x_wconf 82' lang='lat' dir='ltr'><strong>excusationem</strong></span> <span class='ocrx_word' id='word_1_100' title='bbox 973 1392 984 1427; x_wconf 91' lang='lat'>:</span> <span class='ocrx_word' id='word_1_101' title='bbox 1021 1372 1229 1428; x_wconf 79' lang='lat' dir='ltr'><strong>venisti</strong></span> <span class='ocrx_word' id='word_1_102' title='bbox 1260 1373 1330 1427; x_wconf 91' lang='lat' dir='ltr'><strong>ad</strong></span> <span class='ocrx_word' id='word_1_103' title='bbox 1363 1371 1700 1439; x_wconf 84' lang='lat' dir='ltr'><strong>Ecclesiam,</strong></span> <span class='ocrx_word' id='word_1_104' title='bbox 1730 1371 1945 1427; x_wconf 86' lang='lat' dir='ltr'><strong>audisti</strong></span> 
     </span>
    </p>
   </div>
   <div class='ocr_carea' id='block_1_16' title="bbox 293 1460 1942 1538">
    <p class='ocr_par' dir='ltr' id='par_1_16' title="bbox 293 1460 1942 1538">
     <span class='ocr_line' id='line_1_16' title="bbox 293 1460 1942 1538; baseline -0.003 -18"><span class='ocrx_word' id='word_1_105' title='bbox 293 1466 483 1538; x_wconf 84' lang='lat' dir='ltr'><strong>legem</strong></span> <span class='ocrx_word' id='word_1_106' title='bbox 536 1482 548 1519; x_wconf 92' lang='lat'>:</span> <span class='ocrx_word' id='word_1_107' title='bbox 595 1466 710 1520; x_wconf 82' lang='lat' dir='ltr'><strong>Non</strong></span> <span class='ocrx_word' id='word_1_108' title='bbox 755 1463 1100 1519; x_wconf 65' lang='lat' dir='ltr'><strong>adui&#39;tcrabis</strong></span> <span class='ocrx_word' id='word_1_109' title='bbox 1153 1462 1341 1532; x_wconf 68' lang='lat' dir='ltr'><strong>(Exod.</strong></span> <span class='ocrx_word' id='word_1_110' title='bbox 1402 1480 1492 1530; x_wconf 80' lang='lat' dir='ltr'><strong>xx,</strong></span> <span class='ocrx_word' id='word_1_111' title='bbox 1548 1460 1657 1532; x_wconf 75' lang='grc'>14),</span> <span class='ocrx_word' id='word_1_112' title='bbox 1691 1461 1817 1532; x_wconf 84' lang='lat' dir='ltr'><strong>jam</strong></span> <span class='ocrx_word' id='word_1_113' title='bbox 1848 1478 1942 1515; x_wconf 86' lang='lat' dir='ltr'><strong>ex-</strong></span> 
     </span>
    </p>
   </div>
   <div class='ocr_carea' id='block_1_17' title="bbox 293 1550 1941 1620">
    <p class='ocr_par' dir='ltr' id='par_1_17' title="bbox 293 1550 1941 1620">
     <span class='ocr_line' id='line_1_17' title="bbox 293 1550 1941 1620; baseline -0.003 -11"><span class='ocrx_word' id='word_1_114' title='bbox 293 1555 654 1611; x_wconf 85' lang='lat' dir='ltr'><strong>cusationem</strong></span> <span class='ocrx_word' id='word_1_115' title='bbox 715 1551 907 1608; x_wconf 86' lang='lat' dir='ltr'><strong>delicti</strong></span> <span class='ocrx_word' id='word_1_116' title='bbox 968 1568 1077 1606; x_wconf 89' lang='lat' dir='ltr'><strong>non</strong></span> <span class='ocrx_word' id='word_1_117' title='bbox 1130 1551 1331 1606; x_wconf 88' lang='lat' dir='ltr'><strong>habes.</strong></span> <span class='ocrx_word' id='word_1_118' title='bbox 1387 1551 1605 1605; x_wconf 85' lang='lat' dir='ltr'><strong>Tamen</strong></span> <span class='ocrx_word' id='word_1_119' title='bbox 1664 1550 1941 1620; x_wconf 88' lang='lat' dir='ltr'><strong>quoniam</strong></span> 
     </span>
    </p>
   </div>
   <div class='ocr_carea' id='block_1_18' title="bbox 293 1638 1937 1711">
    <p class='ocr_par' dir='ltr' id='par_1_18' title="bbox 293 1638 1937 1711">
     <span class='ocr_line' id='line_1_18' title="bbox 293 1638 1937 1711; baseline -0.004 -12"><span class='ocrx_word' id='word_1_120' title='bbox 293 1661 427 1699; x_wconf 91' lang='lat' dir='ltr'><strong>cum</strong></span> <span class='ocrx_word' id='word_1_121' title='bbox 462 1644 553 1697; x_wconf 89' lang='lat' dir='ltr'><strong>his</strong></span> <span class='ocrx_word' id='word_1_122' title='bbox 585 1642 729 1698; x_wconf 87' lang='lat' dir='ltr'><strong>mihi</strong></span> <span class='ocrx_word' id='word_1_123' title='bbox 752 1657 943 1697; x_wconf 83' lang='lat' dir='ltr'><strong>sermo</strong></span> <span class='ocrx_word' id='word_1_124' title='bbox 974 1644 1084 1707; x_wconf 88' lang='lat' dir='ltr'><strong>est,</strong></span> <span class='ocrx_word' id='word_1_125' title='bbox 1107 1640 1205 1711; x_wconf 88' lang='lat' dir='ltr'><strong>qui</strong></span> <span class='ocrx_word' id='word_1_126' title='bbox 1238 1640 1306 1694; x_wconf 89' lang='lat' dir='ltr'><strong>ad</strong></span> <span class='ocrx_word' id='word_1_127' title='bbox 1340 1639 1587 1710; x_wconf 87' lang='lat' dir='ltr'><strong>gratiam</strong></span> <span class='ocrx_word' id='word_1_128' title='bbox 1620 1638 1937 1710; x_wconf 90' lang='lat' dir='ltr'><strong>baptisma-</strong></span> 
     </span>
    </p>
   </div>
   <div class='ocr_carea' id='block_1_19' title="bbox 293 1726 1936 1800">
    <p class='ocr_par' dir='ltr' id='par_1_19' title="bbox 293 1726 1936 1800">
     <span class='ocr_line' id='line_1_19' title="bbox 293 1726 1936 1800; baseline -0.004 -13"><span class='ocrx_word' id='word_1_129' title='bbox 293 1733 369 1788; x_wconf 89' lang='lat' dir='ltr'><strong>tis</strong></span> <span class='ocrx_word' id='word_1_130' title='bbox 400 1747 611 1787; x_wconf 86' lang='lat' dir='ltr'><strong>nomen</strong></span> <span class='ocrx_word' id='word_1_131' title='bbox 646 1731 952 1794; x_wconf 88' lang='lat' dir='ltr'><strong>dederunt,</strong></span> <span class='ocrx_word' id='word_1_132' title='bbox 986 1729 1034 1783; x_wconf 88' lang='lat' dir='ltr'><strong>si</strong></span> <span class='ocrx_word' id='word_1_133' title='bbox 1087 1729 1222 1800; x_wconf 87' lang='lat' dir='ltr'><strong>quis</strong></span> <span class='ocrx_word' id='word_1_134' title='bbox 1268 1732 1497 1784; x_wconf 89' lang='lat' dir='ltr'><strong>tantum</strong></span> <span class='ocrx_word' id='word_1_135' title='bbox 1534 1727 1753 1781; x_wconf 86' lang='lat' dir='ltr'><strong>crimen</strong></span> <span class='ocrx_word' id='word_1_136' title='bbox 1786 1726 1936 1795; x_wconf 79' lang='lat' dir='ltr'><strong>fecit,</strong></span> 
     </span>
    </p>
   </div>
   <div class='ocr_carea' id='block_1_20' title="bbox 292 1815 1933 1889">
    <p class='ocr_par' dir='ltr' id='par_1_20' title="bbox 292 1815 1933 1889">
     <span class='ocr_line' id='line_1_20' title="bbox 292 1815 1933 1889; baseline -0.004 -13"><span class='ocrx_word' id='word_1_137' title='bbox 292 1821 441 1876; x_wconf 88' lang='lat' dir='ltr'><strong>sciat</strong></span> <span class='ocrx_word' id='word_1_138' title='bbox 497 1819 609 1875; x_wconf 86' lang='lat' dir='ltr'><strong>sibi</strong></span> <span class='ocrx_word' id='word_1_139' title='bbox 659 1818 1029 1873; x_wconf 88' lang='lat' dir='ltr'><strong>tribuendam</strong></span> <span class='ocrx_word' id='word_1_140' title='bbox 1072 1817 1339 1884; x_wconf 84' lang='lat' dir='ltr'><strong>veniam;</strong></span> <span class='ocrx_word' id='word_1_141' title='bbox 1373 1816 1473 1873; x_wconf 86' lang='lat' dir='ltr'><strong>sed</strong></span> <span class='ocrx_word' id='word_1_142' title='bbox 1520 1815 1687 1889; x_wconf 88' lang='lat' dir='ltr'><strong>quasi</strong></span> <span class='ocrx_word' id='word_1_143' title='bbox 1739 1816 1787 1869; x_wconf 91' lang='lat' dir='ltr'><strong>ei</strong></span> <span class='ocrx_word' id='word_1_144' title='bbox 1835 1815 1933 1887; x_wconf 89' lang='lat' dir='ltr'><strong>qui</strong></span> 
     </span>
    </p>
   </div>
   <div class='ocr_carea' id='block_1_21' title="bbox 292 1904 1937 1976">
    <p class='ocr_par' dir='ltr' id='par_1_21' title="bbox 292 1904 1937 1976">
     <span class='ocr_line' id='line_1_21' title="bbox 292 1904 1937 1976; baseline -0.004 -11"><span class='ocrx_word' id='word_1_145' title='bbox 292 1910 510 1966; x_wconf 87' lang='lat' dir='ltr'><strong>crimen</strong></span> <span class='ocrx_word' id='word_1_146' title='bbox 545 1907 921 1973; x_wconf 84' lang='lat' dir='ltr'><strong>commiserit,</strong></span> <span class='ocrx_word' id='word_1_147' title='bbox 952 1907 1010 1960; x_wconf 90' lang='lat' dir='ltr'><strong>in</strong></span> <span class='ocrx_word' id='word_1_148' title='bbox 1060 1904 1350 1976; x_wconf 86' lang='lat' dir='ltr'><strong>reliquum</strong></span> <span class='ocrx_word' id='word_1_149' title='bbox 1403 1909 1594 1959; x_wconf 88' lang='lat' dir='ltr'><strong>tamen</strong></span> <span class='ocrx_word' id='word_1_150' title='bbox 1645 1904 1937 1961; x_wconf 88' lang='lat' dir='ltr'><strong>abstinen-</strong></span> 
     </span>
    </p>
   </div>
   <div class='ocr_carea' id='block_1_22' title="bbox 291 1991 1933 2067">
    <p class='ocr_par' dir='ltr' id='par_1_22' title="bbox 291 1991 1933 2067">
     <span class='ocr_line' id='line_1_22' title="bbox 291 1991 1933 2067; baseline -0.003 -14"><span class='ocrx_word' id='word_1_151' title='bbox 291 2000 432 2053; x_wconf 92' lang='lat' dir='ltr'><strong>dum</strong></span> <span class='ocrx_word' id='word_1_152' title='bbox 466 1996 705 2052; x_wconf 90' lang='lat' dir='ltr'><strong>noverit.</strong></span> <span class='ocrx_word' id='word_1_153' title='bbox 743 1994 999 2067; x_wconf 83' lang='lat' dir='ltr'><strong>Denique</strong></span> <span class='ocrx_word' id='word_1_154' title='bbox 1035 1992 1119 2048; x_wconf 86' lang='lat' dir='ltr'><strong>illi</strong></span> <span class='ocrx_word' id='word_1_155' title='bbox 1151 1991 1425 2048; x_wconf 67' lang='lat' dir='ltr'><strong>adultera:</strong></span> <span class='ocrx_word' id='word_1_156' title='bbox 1474 2009 1600 2063; x_wconf 79' lang='lat' dir='ltr'><strong>quae</strong></span> <span class='ocrx_word' id='word_1_157' title='bbox 1653 1993 1710 2046; x_wconf 88' lang='lat' dir='ltr'><strong>in</strong></span> <span class='ocrx_word' id='word_1_158' title='bbox 1750 1993 1933 2048; x_wconf 86' lang='lat' dir='ltr'><strong>Evan-</strong></span> 
     </span>
    </p>
   </div>
   <div class='ocr_carea' id='block_1_23' title="bbox 289 2081 1929 2159">
    <p class='ocr_par' dir='ltr' id='par_1_23' title="bbox 289 2081 1929 2159">
     <span class='ocr_line' id='line_1_23' title="bbox 289 2081 1929 2159; baseline -0.004 -17"><span class='ocrx_word' id='word_1_159' title='bbox 289 2086 439 2159; x_wconf 88' lang='lat' dir='ltr'><strong>gelio</strong></span> <span class='ocrx_word' id='word_1_160' title='bbox 488 2085 825 2141; x_wconf 86' lang='lat' dir='ltr'><strong>obtulerunt</strong></span> <span class='ocrx_word' id='word_1_161' title='bbox 869 2083 1073 2139; x_wconf 75' lang='lat' dir='ltr'><strong>scribae</strong></span> <span class='ocrx_word' id='word_1_162' title='bbox 1124 2081 1547 2136; x_wconf 71' lang='lat' dir='ltr'><strong>Pharisaeorum</strong></span> <span class='ocrx_word' id='word_1_163' title='bbox 1598 2082 1729 2150; x_wconf 78' lang='lat'><strong>(29),</strong></span> <span class='ocrx_word' id='word_1_164' title='bbox 1783 2081 1929 2136; x_wconf 59' lang='grc' dir='ltr'><strong>ποι</strong></span> 
     </span>
    </p>
   </div>
   <div class='ocr_carea' id='block_1_24' title="bbox 292 2169 1940 2247">
    <p class='ocr_par' dir='ltr' id='par_1_24' title="bbox 292 2169 1940 2247">
     <span class='ocr_line' id='line_1_24' title="bbox 292 2169 1940 2247; baseline -0.002 -18"><span class='ocrx_word' id='word_1_165' title='bbox 292 2175 511 2247; x_wconf 87' lang='lat' dir='ltr'><strong>ignovit</strong></span> <span class='ocrx_word' id='word_1_166' title='bbox 540 2173 776 2245; x_wconf 89' lang='lat' dir='ltr'><strong>quidem</strong></span> <span class='ocrx_word' id='word_1_167' title='bbox 816 2171 1102 2227; x_wconf 90' lang='lat' dir='ltr'><strong>Dominus</strong></span> <span class='ocrx_word' id='word_1_168' title='bbox 1150 2170 1472 2241; x_wconf 88' lang='lat' dir='ltr'><strong>superiora,</strong></span> <span class='ocrx_word' id='word_1_169' title='bbox 1505 2169 1605 2223; x_wconf 85' lang='lat' dir='ltr'><strong>sed</strong></span> <span class='ocrx_word' id='word_1_170' title='bbox 1636 2169 1717 2224; x_wconf 89' lang='lat' dir='ltr'><strong>ait</strong></span> <span class='ocrx_word' id='word_1_171' title='bbox 1750 2185 1761 2224; x_wconf 91' lang='lat'>:</span> <span class='ocrx_word' id='word_1_172' title='bbox 1802 2170 1940 2225; x_wconf 82' lang='lat' dir='ltr'><strong>Vade</strong></span> 
     </span>
    </p>
   </div>
   <div class='ocr_carea' id='block_1_25' title="bbox 290 2258 1935 2332">
    <p class='ocr_par' dir='ltr' id='par_1_25' title="bbox 290 2258 1935 2332">
     <span class='ocr_line' id='line_1_25' title="bbox 290 2258 1935 2332; baseline -0.004 -13"><span class='ocrx_word' id='word_1_173' title='bbox 290 2268 340 2319; x_wconf 82' lang='lat' dir='ltr'><strong>et</strong></span> <span class='ocrx_word' id='word_1_174' title='bbox 370 2262 559 2318; x_wconf 87' lang='lat' dir='ltr'><strong>amodo</strong></span> <span class='ocrx_word' id='word_1_175' title='bbox 592 2262 708 2317; x_wconf 78' lang='lat' dir='ltr'><strong>vide</strong></span> <span class='ocrx_word' id='word_1_176' title='bbox 736 2278 805 2315; x_wconf 77' lang='lat' dir='ltr'><strong>ne</strong></span> <span class='ocrx_word' id='word_1_177' title='bbox 830 2276 1010 2332; x_wconf 69' lang='lat' dir='ltr'><strong>pecces</strong></span> <span class='ocrx_word' id='word_1_178' title='bbox 1043 2260 1217 2330; x_wconf 87' lang='lat' dir='ltr'><strong>(Joan.</strong></span> <span class='ocrx_word' id='word_1_179' title='bbox 1260 2275 1379 2325; x_wconf 69' lang='lat' dir='ltr'><strong>v.11,</strong></span> <span class='ocrx_word' id='word_1_180' title='bbox 1436 2258 1543 2327; x_wconf 87' lang='grc'>11).</span> <span class='ocrx_word' id='word_1_181' title='bbox 1600 2258 1761 2323; x_wconf 86' lang='lat' dir='ltr'><strong>Quod</strong></span> <span class='ocrx_word' id='word_1_182' title='bbox 1802 2275 1935 2314; x_wconf 91' lang='lat' dir='ltr'><strong>cum</strong></span> 
     </span>
    </p>
   </div>
   <div class='ocr_carea' id='block_1_26' title="bbox 290 2345 1934 2419">
    <p class='ocr_par' dir='ltr' id='par_1_26' title="bbox 290 2345 1934 2419">
     <span class='ocr_line' id='line_1_26' title="bbox 290 2345 1934 2419; baseline -0.004 -12"><span class='ocrx_word' id='word_1_183' title='bbox 290 2352 376 2407; x_wconf 88' lang='lat' dir='ltr'><strong>illi</strong></span> <span class='ocrx_word' id='word_1_184' title='bbox 408 2352 566 2417; x_wconf 85' lang='lat' dir='ltr'><strong>dicit,</strong></span> <span class='ocrx_word' id='word_1_185' title='bbox 602 2350 705 2405; x_wconf 83' lang='lat' dir='ltr'><strong>tibi</strong></span> <span class='ocrx_word' id='word_1_186' title='bbox 736 2349 895 2404; x_wconf 87' lang='lat' dir='ltr'><strong>dicit.</strong></span> <span class='ocrx_word' id='word_1_187' title='bbox 932 2347 1137 2404; x_wconf 84' lang='lat' dir='ltr'><strong>Fecisti</strong></span> <span class='ocrx_word' id='word_1_188' title='bbox 1172 2345 1404 2419; x_wconf 86' lang='lat' dir='ltr'><strong>gentilis</strong></span> <span class='ocrx_word' id='word_1_189' title='bbox 1435 2346 1808 2413; x_wconf 86' lang='lat' dir='ltr'><strong>adulterium,</strong></span> <span class='ocrx_word' id='word_1_190' title='bbox 1855 2347 1934 2402; x_wconf 82' lang='lat' dir='ltr'><strong>fe-</strong></span> 
     </span>
    </p>
   </div>
   <div class='ocr_carea' id='block_1_27' title="bbox 291 2435 1932 2508">
    <p class='ocr_par' dir='ltr' id='par_1_27' title="bbox 291 2435 1932 2508">
     <span class='ocr_line' id='line_1_27' title="bbox 291 2435 1932 2508; baseline -0.004 -12"><span class='ocrx_word' id='word_1_191' title='bbox 291 2440 422 2496; x_wconf 89' lang='lat' dir='ltr'><strong>cisti</strong></span> <span class='ocrx_word' id='word_1_192' title='bbox 449 2436 943 2496; x_wconf 86' lang='lat' dir='ltr'><strong>catechumenus?</strong></span> <span class='ocrx_word' id='word_1_193' title='bbox 977 2435 1300 2508; x_wconf 89' lang='lat' dir='ltr'><strong>lgnoscitur</strong></span> <span class='ocrx_word' id='word_1_194' title='bbox 1328 2435 1457 2503; x_wconf 86' lang='lat' dir='ltr'><strong>tibi,</strong></span> <span class='ocrx_word' id='word_1_195' title='bbox 1484 2435 1800 2490; x_wconf 85' lang='lat' dir='ltr'><strong>remittitur</strong></span> <span class='ocrx_word' id='word_1_196' title='bbox 1829 2435 1932 2490; x_wconf 87' lang='lat' dir='ltr'><strong>tibi</strong></span> 
     </span>
    </p>
   </div>
   <div class='ocr_carea' id='block_1_28' title="bbox 292 2524 1931 2602">
    <p class='ocr_par' dir='ltr' id='par_1_28' title="bbox 292 2524 1931 2602">
     <span class='ocr_line' id='line_1_28' title="bbox 292 2524 1931 2602; baseline -0.005 -16"><span class='ocrx_word' id='word_1_197' title='bbox 292 2547 392 2602; x_wconf 89' lang='lat' dir='ltr'><strong>per</strong></span> <span class='ocrx_word' id='word_1_198' title='bbox 425 2527 809 2601; x_wconf 84' lang='lat' dir='ltr'><strong>baptismum.</strong></span> <span class='ocrx_word' id='word_1_199' title='bbox 836 2526 1013 2593; x_wconf 87' lang='lat' dir='ltr'><strong>Vade,</strong></span> <span class='ocrx_word' id='word_1_200' title='bbox 1048 2528 1105 2581; x_wconf 90' lang='lat' dir='ltr'><strong>et</strong></span> <span class='ocrx_word' id='word_1_201' title='bbox 1135 2528 1266 2597; x_wconf 90' lang='lat' dir='ltr'><strong>post</strong></span> <span class='ocrx_word' id='word_1_202' title='bbox 1297 2524 1417 2579; x_wconf 81' lang='lat' dir='ltr'><strong>haec</strong></span> <span class='ocrx_word' id='word_1_203' title='bbox 1445 2524 1573 2579; x_wconf 84' lang='lat' dir='ltr'><strong>vide</strong></span> <span class='ocrx_word' id='word_1_204' title='bbox 1607 2542 1676 2579; x_wconf 93' lang='lat' dir='ltr'><strong>ne</strong></span> <span class='ocrx_word' id='word_1_205' title='bbox 1708 2540 1931 2595; x_wconf 86' lang='lat' dir='ltr'><strong>pecces.</strong></span> 
     </span>
    </p>
   </div>
   <div class='ocr_carea' id='block_1_29' title="bbox 291 2613 1408 2674">
    <p class='ocr_par' dir='ltr' id='par_1_29' title="bbox 291 2613 1408 2674">
     <span class='ocr_line' id='line_1_29' title="bbox 291 2613 1408 2674; baseline -0.005 0"><span class='ocrx_word' id='word_1_206' title='bbox 291 2619 477 2674; x_wconf 88' lang='lat' dir='ltr'><strong>Habes</strong></span> <span class='ocrx_word' id='word_1_207' title='bbox 510 2633 687 2673; x_wconf 89' lang='lat' dir='ltr'><strong>unam</strong></span> <span class='ocrx_word' id='word_1_208' title='bbox 719 2614 960 2670; x_wconf 72' lang='lat' dir='ltr'><strong>Abrahae</strong></span> <span class='ocrx_word' id='word_1_209' title='bbox 991 2613 1408 2669; x_wconf 84' lang='lat' dir='ltr'><strong>defensionem.</strong></span> 
     </span>
    </p>
   </div>
   <div class='ocr_carea' id='block_1_30' title="bbox 359 2701 1934 2774">
    <p class='ocr_par' dir='ltr' id='par_1_30' title="bbox 359 2701 1934 2774">
     <span class='ocr_line' id='line_1_30' title="bbox 359 2701 1934 2774; baseline -0.004 -11"><span class='ocrx_word' id='word_1_210' title='bbox 359 2712 447 2763; x_wconf 74' lang='grc'>24.</span> <span class='ocrx_word' id='word_1_211' title='bbox 481 2706 750 2763; x_wconf 85' lang='lat' dir='ltr'><strong>Secunda</strong></span> <span class='ocrx_word' id='word_1_212' title='bbox 799 2704 899 2759; x_wconf 91' lang='lat' dir='ltr'><strong>illa</strong></span> <span class='ocrx_word' id='word_1_213' title='bbox 946 2707 1054 2768; x_wconf 88' lang='lat' dir='ltr'><strong>est,</strong></span> <span class='ocrx_word' id='word_1_214' title='bbox 1107 2704 1261 2774; x_wconf 91' lang='lat' dir='ltr'><strong>quod</strong></span> <span class='ocrx_word' id='word_1_215' title='bbox 1315 2719 1426 2756; x_wconf 93' lang='lat' dir='ltr'><strong>non</strong></span> <span class='ocrx_word' id='word_1_216' title='bbox 1476 2703 1680 2757; x_wconf 88' lang='lat' dir='ltr'><strong>ardore</strong></span> <span class='ocrx_word' id='word_1_217' title='bbox 1739 2701 1934 2774; x_wconf 90' lang='lat' dir='ltr'><strong>aliquo</strong></span> 
     </span>
    </p>
   </div>
   <div class='ocr_carea' id='block_1_31' title="bbox 287 2789 1932 2867">
    <p class='ocr_par' dir='ltr' id='par_1_31' title="bbox 287 2789 1932 2867">
     <span class='ocr_line' id='line_1_31' title="bbox 287 2789 1932 2867; baseline -0.004 -16"><span class='ocrx_word' id='word_1_218' title='bbox 287 2813 445 2867; x_wconf 71' lang='lat' dir='ltr'><strong>vagis</strong></span> <span class='ocrx_word' id='word_1_219' title='bbox 505 2809 824 2849; x_wconf 88' lang='lat' dir='ltr'><strong>succensus</strong></span> <span class='ocrx_word' id='word_1_220' title='bbox 882 2790 1170 2859; x_wconf 86' lang='lat' dir='ltr'><strong>libidinis,</strong></span> <span class='ocrx_word' id='word_1_221' title='bbox 1206 2807 1321 2845; x_wconf 87' lang='lat' dir='ltr'><strong>non</strong></span> <span class='ocrx_word' id='word_1_222' title='bbox 1380 2789 1696 2862; x_wconf 90' lang='lat' dir='ltr'><strong>petulantis</strong></span> <span class='ocrx_word' id='word_1_223' title='bbox 1737 2791 1932 2846; x_wconf 68' lang='lat' dir='ltr'><strong>formae</strong></span> 
     </span>
    </p>
   </div>
   <div class='ocr_carea' id='block_1_32' title="bbox 289 2878 1934 2956">
    <p class='ocr_par' dir='ltr' id='par_1_32' title="bbox 289 2878 1934 2956">
     <span class='ocr_line' id='line_1_32' title="bbox 289 2878 1934 2956; baseline -0.003 -17"><span class='ocrx_word' id='word_1_224' title='bbox 289 2889 494 2956; x_wconf 88' lang='lat' dir='ltr'><strong>captus</strong></span> <span class='ocrx_word' id='word_1_225' title='bbox 507 2879 963 2945; x_wconf 60' lang='lat' dir='ltr'><strong>decore,aneilla</strong></span> <span class='ocrx_word' id='word_1_226' title='bbox 986 2878 1367 2935; x_wconf 85' lang='lat' dir='ltr'><strong>contubernio</strong></span> <span class='ocrx_word' id='word_1_227' title='bbox 1390 2878 1757 2951; x_wconf 85' lang='lat' dir='ltr'><strong>conjugalem</strong></span> <span class='ocrx_word' id='word_1_228' title='bbox 1782 2884 1934 2951; x_wconf 87' lang='lat' dir='ltr'><strong>post-</strong></span> 
     </span>
    </p>
   </div>
   <div class='ocr_carea' id='block_1_33' title="bbox 359 3020 1933 3095">
    <p class='ocr_par' dir='ltr' id='par_1_33' title="bbox 359 3020 1933 3095">
     <span class='ocr_line' id='line_1_33' title="bbox 359 3020 1933 3095; baseline -0.001 -17"><span class='ocrx_word' id='word_1_229' title='bbox 359 3025 491 3095; x_wconf 77' lang='lat'><strong>(28).</strong></span> <span class='ocrx_word' id='word_1_230' title='bbox 521 3021 805 3095; x_wconf 85' lang='lat' dir='ltr'><strong>Nonnulli</strong></span> <span class='ocrx_word' id='word_1_231' title='bbox 827 3021 1189 3076; x_wconf 84' lang='lat' dir='ltr'><strong>occasionem</strong></span> <span class='ocrx_word' id='word_1_232' title='bbox 1218 3020 1409 3095; x_wconf 12' lang='lat' dir='ltr'><strong>exihis</strong></span> <span class='ocrx_word' id='word_1_233' title='bbox 1430 3021 1631 3095; x_wconf 80' lang='lat' dir='ltr'><strong>verbis</strong></span> <span class='ocrx_word' id='word_1_234' title='bbox 1680 3021 1933 3095; x_wconf 82' lang='lat' dir='ltr'><strong>arripue-</strong></span> 
     </span>
    </p>
   </div>
   <div class='ocr_carea' id='block_1_34' title="bbox 289 3092 1934 3163">
    <p class='ocr_par' dir='ltr' id='par_1_34' title="bbox 289 3092 1934 3163">
     <span class='ocr_line' id='line_1_34' title="bbox 289 3092 1934 3163; baseline -0.002 -12"><span class='ocrx_word' id='word_1_235' title='bbox 289 3092 517 3162; x_wconf 83' lang='lat' dir='ltr'><strong>runt,ut</strong></span> <span class='ocrx_word' id='word_1_236' title='bbox 545 3093 915 3149; x_wconf 84' lang='lat' dir='ltr'><strong>Ambrosium</strong></span> <span class='ocrx_word' id='word_1_237' title='bbox 940 3109 1242 3163; x_wconf 88' lang='lat' dir='ltr'><strong>perperam</strong></span> <span class='ocrx_word' id='word_1_238' title='bbox 1272 3094 1343 3147; x_wconf 86' lang='lat' dir='ltr'><strong>de</strong></span> <span class='ocrx_word' id='word_1_239' title='bbox 1373 3092 1658 3148; x_wconf 89' lang='lat' dir='ltr'><strong>adulterio</strong></span> <span class='ocrx_word' id='word_1_240' title='bbox 1679 3093 1934 3148; x_wconf 87' lang='lat' dir='ltr'><strong>sensisse</strong></span> 
     </span>
    </p>
   </div>
   <div class='ocr_carea' id='block_1_35' title="bbox 207 3164 1933 3236">
    <p class='ocr_par' dir='ltr' id='par_1_35' title="bbox 207 3164 1933 3236">
     <span class='ocr_line' id='line_1_35' title="bbox 207 3164 1933 3236; baseline -0.003 -13"><span class='ocrx_word' id='word_1_241' title='bbox 207 3214 223 3228; x_wconf 85' lang='lat'><strong><em>,</em></strong></span> <span class='ocrx_word' id='word_1_242' title='bbox 289 3167 806 3223; x_wconf 85' lang='lat' dir='ltr'><strong>calumniarentur.</strong></span> <span class='ocrx_word' id='word_1_243' title='bbox 836 3164 1012 3236; x_wconf 81' lang='lat' dir='ltr'><strong>Atqui</strong></span> <span class='ocrx_word' id='word_1_244' title='bbox 1044 3169 1283 3236; x_wconf 78' lang='lat' dir='ltr'><strong>certum</strong></span> <span class='ocrx_word' id='word_1_245' title='bbox 1302 3168 1392 3236; x_wconf 87' lang='lat' dir='ltr'><strong>est</strong></span> <span class='ocrx_word' id='word_1_246' title='bbox 1422 3168 1688 3236; x_wconf 84' lang='lat' dir='ltr'><strong>sanctum</strong></span> <span class='ocrx_word' id='word_1_247' title='bbox 1743 3164 1933 3236; x_wconf 81' lang='lat' dir='ltr'><strong>docto-</strong></span> 
     </span>
    </p>
   </div>
   <div class='ocr_carea' id='block_1_36' title="bbox 291 3234 1934 3307">
    <p class='ocr_par' dir='ltr' id='par_1_36' title="bbox 291 3234 1934 3307">
     <span class='ocr_line' id='line_1_36' title="bbox 291 3234 1934 3307; baseline -0.003 -13"><span class='ocrx_word' id='word_1_248' title='bbox 291 3255 413 3294; x_wconf 89' lang='lat' dir='ltr'><strong>rem</strong></span> <span class='ocrx_word' id='word_1_249' title='bbox 442 3241 777 3293; x_wconf 86' lang='lat' dir='ltr'><strong>constanter</strong></span> <span class='ocrx_word' id='word_1_250' title='bbox 803 3234 1070 3291; x_wconf 86' lang='lat' dir='ltr'><strong>docuisse</strong></span> <span class='ocrx_word' id='word_1_251' title='bbox 1100 3234 1460 3307; x_wconf 81' lang='lat' dir='ltr'><strong>prohibitum</strong></span> <span class='ocrx_word' id='word_1_252' title='bbox 1496 3235 1672 3289; x_wconf 71' lang='lat' dir='ltr'><strong>tuisse</strong></span> <span class='ocrx_word' id='word_1_253' title='bbox 1713 3235 1934 3289; x_wconf 82' lang='lat' dir='ltr'><strong>adulte-</strong></span> 
     </span>
    </p>
   </div>
   <div class='ocr_carea' id='block_1_37' title="bbox 288 3304 1932 3379">
    <p class='ocr_par' dir='ltr' id='par_1_37' title="bbox 288 3304 1932 3379">
     <span class='ocr_line' id='line_1_37' title="bbox 288 3304 1932 3379; baseline -0.003 -14"><span class='ocrx_word' id='word_1_254' title='bbox 288 3311 439 3365; x_wconf 87' lang='lat' dir='ltr'><strong>rium</strong></span> <span class='ocrx_word' id='word_1_255' title='bbox 471 3309 596 3379; x_wconf 77' lang='lat' dir='ltr'><strong>lege</strong></span> <span class='ocrx_word' id='word_1_256' title='bbox 629 3304 1177 3379; x_wconf 12' lang='lat' dir='ltr'><strong>naturali.ieamq&#39;ue</strong></span> <span class='ocrx_word' id='word_1_257' title='bbox 1224 3304 1409 3378; x_wconf 86' lang='lat' dir='ltr'><strong>legem</strong></span> <span class='ocrx_word' id='word_1_258' title='bbox 1443 3323 1475 3360; x_wconf 90' lang='lat' dir='ltr'><strong>a</strong></span> <span class='ocrx_word' id='word_1_259' title='bbox 1506 3307 1738 3379; x_wconf 85' lang='lat' dir='ltr'><strong>nemine</strong></span> <span class='ocrx_word' id='word_1_260' title='bbox 1768 3307 1932 3377; x_wconf 85' lang='lat' dir='ltr'><strong>igno-</strong></span> 
     </span>
    </p>
   </div>
   <div class='ocr_carea' id='block_1_38' title="bbox 287 3377 1935 3452">
    <p class='ocr_par' dir='ltr' id='par_1_38' title="bbox 287 3377 1935 3452">
     <span class='ocr_line' id='line_1_38' title="bbox 287 3377 1935 3452; baseline -0.004 -16"><span class='ocrx_word' id='word_1_261' title='bbox 287 3381 399 3437; x_wconf 85' lang='lat' dir='ltr'><strong>rari</strong></span> <span class='ocrx_word' id='word_1_262' title='bbox 433 3377 598 3452; x_wconf 80' lang='lat' dir='ltr'><strong>(puta</strong></span> <span class='ocrx_word' id='word_1_263' title='bbox 626 3378 1059 3452; x_wconf 77' lang='lat' dir='ltr'><strong>invincibiliter)</strong></span> <span class='ocrx_word' id='word_1_264' title='bbox 1086 3377 1349 3452; x_wconf 77' lang='lat' dir='ltr'><strong>unquam</strong></span> <span class='ocrx_word' id='word_1_265' title='bbox 1382 3377 1661 3449; x_wconf 87' lang='lat' dir='ltr'><strong>potuisse.</strong></span> <span class='ocrx_word' id='word_1_266' title='bbox 1701 3378 1757 3431; x_wconf 90' lang='lat' dir='ltr'><strong>[d</strong></span> <span class='ocrx_word' id='word_1_267' title='bbox 1799 3379 1935 3448; x_wconf 84' lang='lat' dir='ltr'><strong>qui-</strong></span> 
     </span>
    </p>
   </div>
   <div class='ocr_carea' id='block_1_39' title="bbox 289 3449 1931 3520">
    <p class='ocr_par' dir='ltr' id='par_1_39' title="bbox 289 3449 1931 3520">
     <span class='ocr_line' id='line_1_39' title="bbox 289 3449 1931 3520; baseline -0.003 -13"><span class='ocrx_word' id='word_1_268' title='bbox 289 3449 579 3507; x_wconf 75' lang='lat' dir='ltr'><strong>demtum</strong></span> <span class='ocrx_word' id='word_1_269' title='bbox 611 3468 681 3505; x_wconf 89' lang='lat' dir='ltr'><strong>ex</strong></span> <span class='ocrx_word' id='word_1_270' title='bbox 709 3449 857 3520; x_wconf 86' lang='lat' dir='ltr'><strong>aliis</strong></span> <span class='ocrx_word' id='word_1_271' title='bbox 885 3450 1072 3520; x_wconf 88' lang='lat' dir='ltr'><strong>ipsius</strong></span> <span class='ocrx_word' id='word_1_272' title='bbox 1114 3449 1386 3518; x_wconf 86' lang='lat' dir='ltr'><strong>operibus</strong></span> <span class='ocrx_word' id='word_1_273' title='bbox 1430 3464 1776 3520; x_wconf 84' lang='lat' dir='ltr'><strong>cognoscere</strong></span> <span class='ocrx_word' id='word_1_274' title='bbox 1824 3454 1931 3520; x_wconf 81' lang='lat' dir='ltr'><strong>est,</strong></span> 
     </span>
    </p>
   </div>
   <div class='ocr_carea' id='block_1_40' title="bbox 288 3519 1933 3592">
    <p class='ocr_par' dir='ltr' id='par_1_40' title="bbox 288 3519 1933 3592">
     <span class='ocr_line' id='line_1_40' title="bbox 288 3519 1933 3592; baseline -0.002 -16"><span class='ocrx_word' id='word_1_275' title='bbox 288 3530 414 3576; x_wconf 91' lang='lat' dir='ltr'><strong>tum</strong></span> <span class='ocrx_word' id='word_1_276' title='bbox 443 3538 513 3576; x_wconf 89' lang='lat' dir='ltr'><strong>ex</strong></span> <span class='ocrx_word' id='word_1_277' title='bbox 543 3522 650 3575; x_wconf 91' lang='lat' dir='ltr'><strong>hoc</strong></span> <span class='ocrx_word' id='word_1_278' title='bbox 681 3521 806 3592; x_wconf 89' lang='lat' dir='ltr'><strong>ipso</strong></span> <span class='ocrx_word' id='word_1_279' title='bbox 849 3519 996 3575; x_wconf 84' lang='lat' dir='ltr'><strong>libto</strong></span> <span class='ocrx_word' id='word_1_280' title='bbox 1046 3519 1267 3592; x_wconf 59' lang='lat' dir='ltr'><strong>liquido</strong></span> <span class='ocrx_word' id='word_1_281' title='bbox 1298 3519 1544 3592; x_wconf 78' lang='lat' dir='ltr'><strong>constat.</strong></span> <span class='ocrx_word' id='word_1_282' title='bbox 1574 3521 1799 3592; x_wconf 86' lang='lat' dir='ltr'><strong>Etenim</strong></span> <span class='ocrx_word' id='word_1_283' title='bbox 1835 3519 1933 3573; x_wconf 90' lang='lat' dir='ltr'><strong>ubi</strong></span> 
     </span>
    </p>
   </div>
   <div class='ocr_carea' id='block_1_41' title="bbox 288 3590 1935 3670">
    <p class='ocr_par' dir='ltr' id='par_1_41' title="bbox 288 3590 1935 3670">
     <span class='ocr_line' id='line_1_41' title="bbox 288 3590 1935 3670; baseline -0.003 -23"><span class='ocrx_word' id='word_1_284' title='bbox 288 3598 486 3670; x_wconf 75' lang='lat' dir='ltr'><strong>narrat</strong></span> <span class='ocrx_word' id='word_1_285' title='bbox 516 3590 1013 3670; x_wconf 61' lang='lat' dir='ltr'><strong>quemadmodum</strong></span> <span class='ocrx_word' id='word_1_286' title='bbox 1047 3590 1268 3670; x_wconf 72' lang='lat' dir='ltr'><strong>Pharao</strong></span> <span class='ocrx_word' id='word_1_287' title='bbox 1300 3590 1504 3645; x_wconf 88' lang='lat' dir='ltr'><strong>Saram</strong></span> <span class='ocrx_word' id='word_1_288' title='bbox 1538 3606 1716 3670; x_wconf 79' lang='lat' dir='ltr'><strong>quam</strong></span> <span class='ocrx_word' id='word_1_289' title='bbox 1750 3590 1805 3643; x_wconf 91' lang='lat' dir='ltr'><strong>in</strong></span> <span class='ocrx_word' id='word_1_290' title='bbox 1840 3607 1935 3670; x_wconf 80' lang='lat' dir='ltr'><strong>pa-</strong></span> 
     </span>
    </p>
   </div>
   <div class='ocr_carea' id='block_1_42' title="bbox 288 3662 1935 3733">
    <p class='ocr_par' dir='ltr' id='par_1_42' title="bbox 288 3662 1935 3733">
     <span class='ocr_line' id='line_1_42' title="bbox 288 3662 1935 3733; baseline -0.002 -14"><span class='ocrx_word' id='word_1_291' title='bbox 288 3663 495 3720; x_wconf 81' lang='lat' dir='ltr'><strong>latium</strong></span> <span class='ocrx_word' id='word_1_292' title='bbox 530 3662 841 3717; x_wconf 85' lang='lat' dir='ltr'><strong>abductam</strong></span> <span class='ocrx_word' id='word_1_293' title='bbox 893 3677 1129 3715; x_wconf 84' lang='lat' dir='ltr'><strong>uxorem</strong></span> <span class='ocrx_word' id='word_1_294' title='bbox 1180 3662 1390 3716; x_wconf 89' lang='lat' dir='ltr'><strong>ducere</strong></span> <span class='ocrx_word' id='word_1_295' title='bbox 1434 3662 1745 3733; x_wconf 83' lang='lat' dir='ltr'><strong>cogitabat,</strong></span> <span class='ocrx_word' id='word_1_296' title='bbox 1780 3666 1935 3733; x_wconf 84' lang='lat' dir='ltr'><strong>post-</strong></span> 
     </span>
    </p>
   </div>
   <div class='ocr_carea' id='block_1_43' title="bbox 290 3732 1935 3807">
    <p class='ocr_par' dir='ltr' id='par_1_43' title="bbox 290 3732 1935 3807">
     <span class='ocr_line' id='line_1_43' title="bbox 290 3732 1935 3807; baseline -0.002 -18"><span class='ocrx_word' id='word_1_297' title='bbox 290 3751 479 3807; x_wconf 5' lang='lat' dir='ltr'><strong>quam,</strong></span> <span class='ocrx_word' id='word_1_298' title='bbox 502 3734 874 3807; x_wconf 79' lang='lat' dir='ltr'><strong>coniugatam</strong></span> <span class='ocrx_word' id='word_1_299' title='bbox 919 3748 1057 3807; x_wconf 8' lang='lat' dir='ltr'><strong>esse;</strong></span> <span class='ocrx_word' id='word_1_300' title='bbox 1095 3732 1396 3807; x_wconf 70' lang='lat' dir='ltr'><strong>cognovit,</strong></span> <span class='ocrx_word' id='word_1_301' title='bbox 1412 3732 1740 3807; x_wconf 74' lang='lat' dir='ltr'><strong>Abrahamo</strong></span> <span class='ocrx_word' id='word_1_302' title='bbox 1772 3732 1935 3807; x_wconf 81' lang='lat' dir='ltr'><strong>resti-</strong></span> 
     </span>
    </p>
   </div>
   <div class='ocr_carea' id='block_1_44' title="bbox 289 3803 1936 3875">
    <p class='ocr_par' dir='ltr' id='par_1_44' title="bbox 289 3803 1936 3875">
     <span class='ocr_line' id='line_1_44' title="bbox 289 3803 1936 3875; baseline -0.002 -14"><span class='ocrx_word' id='word_1_303' title='bbox 289 3803 425 3871; x_wconf 74' lang='lat' dir='ltr'><strong>tuit,</strong></span> <span class='ocrx_word' id='word_1_304' title='bbox 467 3805 551 3860; x_wconf 89' lang='lat' dir='ltr'><strong>ita</strong></span> <span class='ocrx_word' id='word_1_305' title='bbox 606 3803 910 3875; x_wconf 75' lang='lat' dir='ltr'><strong>loquitur:</strong></span> <span class='ocrx_word' id='word_1_306' title='bbox 942 3804 1058 3857; x_wconf 74' lang='lat' dir='ltr'><strong>Etsi</strong></span> <span class='ocrx_word' id='word_1_307' title='bbox 1110 3812 1313 3857; x_wconf 76' lang='lat' dir='ltr'><strong>natura</strong></span> <span class='ocrx_word' id='word_1_308' title='bbox 1366 3805 1515 3873; x_wconf 81' lang='lat' dir='ltr'><strong>ferus</strong></span> <span class='ocrx_word' id='word_1_309' title='bbox 1559 3820 1623 3875; x_wconf 81' lang='lat' dir='ltr'><strong>ac</strong></span> <span class='ocrx_word' id='word_1_310' title='bbox 1673 3803 1936 3858; x_wconf 55' lang='lat' dir='ltr'><strong>btrbarus</strong></span> 
     </span>
    </p>
   </div>
   <div class='ocr_carea' id='block_1_45' title="bbox 290 3874 1933 3948">
    <p class='ocr_par' dir='ltr' id='par_1_45' title="bbox 290 3874 1933 3948">
     <span class='ocr_line' id='line_1_45' title="bbox 290 3874 1933 3948; baseline -0.004 -15"><span class='ocrx_word' id='word_1_311' title='bbox 290 3884 473 3933; x_wconf 79' lang='lat' dir='ltr'><strong>tamen</strong></span> <span class='ocrx_word' id='word_1_312' title='bbox 499 3874 840 3948; x_wconf 73' lang='lat' dir='ltr'><strong>signiﬁcat...</strong></span> <span class='ocrx_word' id='word_1_313' title='bbox 890 3882 940 3928; x_wconf 81' lang='lat' dir='ltr'><strong>et</strong></span> <span class='ocrx_word' id='word_1_314' title='bbox 988 3874 1253 3948; x_wconf 68' lang='lat' dir='ltr'><strong>adulterii</strong></span> <span class='ocrx_word' id='word_1_315' title='bbox 1298 3876 1503 3928; x_wconf 80' lang='lat' dir='ltr'><strong>crimen</strong></span> <span class='ocrx_word' id='word_1_316' title='bbox 1550 3874 1660 3929; x_wconf 84' lang='lat' dir='ltr'><strong>sibi</strong></span> <span class='ocrx_word' id='word_1_317' title='bbox 1704 3890 1815 3948; x_wconf 69' lang='lat' dir='ltr'><strong>esse</strong></span> <span class='ocrx_word' id='word_1_318' title='bbox 1842 3890 1933 3927; x_wconf 89' lang='lat' dir='ltr'><strong>ca-</strong></span> 
     </span>
    </p>
   </div>
   <div class='ocr_carea' id='block_1_46' title="bbox 289 3944 1937 4017">
    <p class='ocr_par' dir='ltr' id='par_1_46' title="bbox 289 3944 1937 4017">
     <span class='ocr_line' id='line_1_46' title="bbox 289 3944 1937 4017; baseline -0.004 -13"><span class='ocrx_word' id='word_1_319' title='bbox 289 3944 569 4005; x_wconf 46' lang='lat' dir='ltr'><strong>vendumf</strong></span> <span class='ocrx_word' id='word_1_320' title='bbox 609 3944 715 4015; x_wconf 81' lang='lat' dir='ltr'><strong>Qui</strong></span> <span class='ocrx_word' id='word_1_321' title='bbox 774 3944 1066 4017; x_wconf 68' lang='lat' dir='ltr'><strong>praetendit</strong></span> <span class='ocrx_word' id='word_1_322' title='bbox 1145 3947 1536 4015; x_wconf 78' lang='lat' dir='ltr'><strong>ignorantiam,</strong></span> <span class='ocrx_word' id='word_1_323' title='bbox 1617 3945 1937 4001; x_wconf 82' lang='lat' dir='ltr'><strong>condemnat</strong></span> 
     </span>
    </p>
   </div>
   <div class='ocr_carea' id='block_1_47' title="bbox 291 4016 1936 4090">
    <p class='ocr_par' dir='ltr' id='par_1_47' title="bbox 291 4016 1936 4090">
     <span class='ocr_line' id='line_1_47' title="bbox 291 4016 1936 4090; baseline -0.003 -15"><span class='ocrx_word' id='word_1_324' title='bbox 291 4016 789 4090; x_wconf 54' lang='lat' dir='ltr'><strong>intemperantiam:</strong></span> <span class='ocrx_word' id='word_1_325' title='bbox 831 4020 965 4090; x_wconf 78' lang='lat' dir='ltr'><strong>Nec</strong></span> <span class='ocrx_word' id='word_1_326' title='bbox 999 4018 1205 4072; x_wconf 86' lang='lat' dir='ltr'><strong>mirum</strong></span> <span class='ocrx_word' id='word_1_327' title='bbox 1250 4017 1301 4070; x_wconf 78' lang='lat' dir='ltr'><strong>si</strong></span> <span class='ocrx_word' id='word_1_328' title='bbox 1347 4017 1612 4090; x_wconf 67' lang='lat' dir='ltr'><strong>barbarus</strong></span> <span class='ocrx_word' id='word_1_329' title='bbox 1648 4018 1741 4089; x_wconf 83' lang='lat' dir='ltr'><strong>jus</strong></span> <span class='ocrx_word' id='word_1_330' title='bbox 1787 4016 1936 4070; x_wconf 80' lang='lat' dir='ltr'><strong>novit</strong></span> 
     </span>
    </p>
   </div>
   <div class='ocr_carea' id='block_1_48' title="bbox 288 4088 1933 4160">
    <p class='ocr_par' dir='ltr' id='par_1_48' title="bbox 288 4088 1933 4160">
     <span class='ocr_line' id='line_1_48' title="bbox 288 4088 1933 4160; baseline -0.003 -14"><span class='ocrx_word' id='word_1_331' title='bbox 288 4088 576 4147; x_wconf 46' lang='lat' dir='ltr'><strong>natura”</strong></span> <span class='ocrx_word' id='word_1_332' title='bbox 603 4092 687 4145; x_wconf 83' lang='lat' dir='ltr'><strong>Ita</strong></span> <span class='ocrx_word' id='word_1_333' title='bbox 722 4089 902 4157; x_wconf 80' lang='lat' dir='ltr'><strong>maior</strong></span> <span class='ocrx_word' id='word_1_334' title='bbox 949 4088 1041 4143; x_wconf 68' lang='lat' dir='ltr'><strong>(ea:</strong></span> <span class='ocrx_word' id='word_1_335' title='bbox 1086 4091 1325 4160; x_wconf 52' lang='lat' dir='ltr'><strong>naturae,</strong></span> <span class='ocrx_word' id='word_1_336' title='bbox 1357 4104 1542 4160; x_wconf 10' lang='lat' dir='ltr'><strong>quam;</strong></span> <span class='ocrx_word' id='word_1_337' title='bbox 1571 4089 1751 4155; x_wconf 69' lang='lat' dir='ltr'><strong>legum</strong></span> <span class='ocrx_word' id='word_1_338' title='bbox 1791 4103 1933 4160; x_wconf 75' lang='lat' dir='ltr'><strong>prae-</strong></span> 
     </span>
    </p>
   </div>
   <div class='ocr_carea' id='block_1_49' title="bbox 289 4158 1936 4234">
    <p class='ocr_par' dir='ltr' id='par_1_49' title="bbox 289 4158 1936 4234">
     <span class='ocr_line' id='line_1_49' title="bbox 289 4158 1936 4234; baseline -0.002 -17"><span class='ocrx_word' id='word_1_339' title='bbox 289 4164 635 4234; x_wconf 16' lang='lat' dir='ltr'><strong>scriptio‘est.</strong></span> <span class='ocrx_word' id='word_1_340' title='bbox 668 4160 863 4231; x_wconf 90' lang='lat' dir='ltr'><strong>Neque</strong></span> <span class='ocrx_word' id='word_1_341' title='bbox 894 4176 1025 4234; x_wconf 80' lang='lat' dir='ltr'><strong>vero</strong></span> <span class='ocrx_word' id='word_1_342' title='bbox 1057 4158 1385 4234; x_wconf 72' lang='lat' dir='ltr'><strong>putandum</strong></span> <span class='ocrx_word' id='word_1_343' title='bbox 1414 4164 1502 4214; x_wconf 89' lang='lat' dir='ltr'><strong>est</strong></span> <span class='ocrx_word' id='word_1_344' title='bbox 1533 4158 1650 4234; x_wconf 66' lang='lat' dir='ltr'><strong>haec</strong></span> <span class='ocrx_word' id='word_1_345' title='bbox 1691 4158 1936 4234; x_wconf 15' lang='lat' dir='ltr'><strong>denisolo</strong></span> 
     </span>
    </p>
   </div>
   <div class='ocr_carea' id='block_1_50' title="bbox 291 4228 1936 4303">
    <p class='ocr_par' dir='ltr' id='par_1_50' title="bbox 291 4228 1936 4303">
     <span class='ocr_line' id='line_1_50' title="bbox 291 4228 1936 4303; baseline -0.002 -15"><span class='ocrx_word' id='word_1_346' title='bbox 291 4228 574 4289; x_wconf 79' lang='lat' dir='ltr'><strong>adulterio</strong></span> <span class='ocrx_word' id='word_1_347' title='bbox 608 4249 722 4303; x_wconf 90' lang='lat' dir='ltr'><strong>quo</strong></span> <span class='ocrx_word' id='word_1_348' title='bbox 747 4228 887 4285; x_wconf 80' lang='lat' dir='ltr'><strong>uxor</strong></span> <span class='ocrx_word' id='word_1_349' title='bbox 909 4228 1101 4286; x_wconf 79' lang='lat' dir='ltr'><strong>aliena</strong></span> <span class='ocrx_word' id='word_1_350' title='bbox 1130 4229 1562 4303; x_wconf 76' lang='lat' dir='ltr'><strong>polluitur,e_sse</strong></span> <span class='ocrx_word' id='word_1_351' title='bbox 1610 4228 1936 4303; x_wconf 77' lang='lat' dir='ltr'><strong>intelligen-</strong></span> 
     </span>
    </p>
   </div>
   <div class='ocr_carea' id='block_1_51' title="bbox 291 4300 1935 4374">
    <p class='ocr_par' dir='ltr' id='par_1_51' title="bbox 291 4300 1935 4374">
     <span class='ocr_line' id='line_1_51' title="bbox 291 4300 1935 4374; baseline -0.002 -16"><span class='ocrx_word' id='word_1_352' title='bbox 291 4306 385 4359; x_wconf 90' lang='lat' dir='ltr'><strong>da.</strong></span> <span class='ocrx_word' id='word_1_353' title='bbox 421 4304 566 4359; x_wconf 86' lang='lat' dir='ltr'><strong>Nam</strong></span> <span class='ocrx_word' id='word_1_354' title='bbox 601 4300 989 4374; x_wconf 67' lang='lat' dir='ltr'><strong>prasterquam</strong></span> <span class='ocrx_word' id='word_1_355' title='bbox 1020 4300 1183 4374; x_wconf 81' lang='lat' dir='ltr'><strong>quod</strong></span> <span class='ocrx_word' id='word_1_356' title='bbox 1225 4300 1526 4374; x_wconf 83' lang='lat' dir='ltr'><strong>generalia</strong></span> <span class='ocrx_word' id='word_1_357' title='bbox 1561 4301 1736 4355; x_wconf 89' lang='lat' dir='ltr'><strong>verba</strong></span> <span class='ocrx_word' id='word_1_358' title='bbox 1774 4303 1935 4365; x_wconf 89' lang='lat' dir='ltr'><strong>sunt,</strong></span> 
     </span>
    </p>
   </div>
   <div class='ocr_carea' id='block_1_52' title="bbox 293 4371 1935 4448">
    <p class='ocr_par' dir='ltr' id='par_1_52' title="bbox 293 4371 1935 4448">
     <span class='ocr_line' id='line_1_52' title="bbox 293 4371 1935 4448; baseline -0.003 -18"><span class='ocrx_word' id='word_1_359' title='bbox 293 4371 652 4448; x_wconf 73' lang='lat' dir='ltr'><strong>proindeque</strong></span> <span class='ocrx_word' id='word_1_360' title='bbox 700 4374 770 4448; x_wconf 81' lang='lat' dir='ltr'><strong>ad</strong></span> <span class='ocrx_word' id='word_1_361' title='bbox 824 4371 999 4427; x_wconf 81' lang='lat' dir='ltr'><strong>unam</strong></span> <span class='ocrx_word' id='word_1_362' title='bbox 1038 4371 1324 4448; x_wconf 74' lang='lat' dir='ltr'><strong>adulterii</strong></span> <span class='ocrx_word' id='word_1_363' title='bbox 1373 4371 1628 4448; x_wconf 81' lang='lat' dir='ltr'><strong>speciem</strong></span> <span class='ocrx_word' id='word_1_364' title='bbox 1679 4387 1792 4426; x_wconf 86' lang='lat' dir='ltr'><strong>non</strong></span> <span class='ocrx_word' id='word_1_365' title='bbox 1843 4388 1935 4448; x_wconf 47' lang='lat' dir='ltr'><strong>re:</strong></span> 
     </span>
    </p>
   </div>
   <div class='ocr_carea' id='block_1_53' title="bbox 294 4442 1940 4515">
    <p class='ocr_par' dir='ltr' id='par_1_53' title="bbox 294 4442 1940 4515">
     <span class='ocr_line' id='line_1_53' title="bbox 294 4442 1940 4515; baseline -0.002 -14"><span class='ocrx_word' id='word_1_366' title='bbox 294 4442 650 4515; x_wconf 68' lang='lat' dir='ltr'><strong>stringentia.</strong></span> <span class='ocrx_word' id='word_1_367' title='bbox 696 4445 784 4498; x_wconf 88' lang='lat' dir='ltr'><strong>vir</strong></span> <span class='ocrx_word' id='word_1_368' title='bbox 838 4447 1077 4499; x_wconf 86' lang='lat' dir='ltr'><strong>sanctus</strong></span> <span class='ocrx_word' id='word_1_369' title='bbox 1134 4443 1241 4498; x_wconf 89' lang='lat' dir='ltr'><strong>hoc</strong></span> <span class='ocrx_word' id='word_1_370' title='bbox 1299 4442 1425 4515; x_wconf 83' lang='lat' dir='ltr'><strong>ipso</strong></span> <span class='ocrx_word' id='word_1_371' title='bbox 1483 4442 1672 4513; x_wconf 87' lang='lat' dir='ltr'><strong>capite</strong></span> <span class='ocrx_word' id='word_1_372' title='bbox 1728 4443 1940 4498; x_wconf 89' lang='lat' dir='ltr'><strong>asserit</strong></span> 
     </span>
    </p>
   </div>
   <div class='ocr_carea' id='block_1_54' title="bbox 295 4498 2014 4599">
    <p class='ocr_par' dir='ltr' id='par_1_54' title="bbox 295 4498 2014 4599">
     <span class='ocr_line' id='line_1_54' title="bbox 295 4498 2014 4599; baseline -0.006 -28"><span class='ocrx_word' id='word_1_373' title='bbox 295 4498 434 4599; x_wconf 53' lang='lat' dir='ltr'><strong>quod</strong></span> <span class='ocrx_word' id='word_1_374' title='bbox 446 4498 674 4599; x_wconf 39' lang='lat' dir='ltr'><strong>(initiati</strong></span> <span class='ocrx_word' id='word_1_375' title='bbox 701 4531 812 4570; x_wconf 85' lang='lat' dir='ltr'><strong>non</strong></span> <span class='ocrx_word' id='word_1_376' title='bbox 841 4516 1134 4599; x_wconf 31' lang='lat' dir='ltr'><strong>licetnoiro</strong></span> <span class='ocrx_word' id='word_1_377' title='bbox 1159 4530 1274 4599; x_wconf 37' lang='lat' dir='ltr'><strong>nor},</strong></span> <span class='ocrx_word' id='word_1_378' title='bbox 1292 4498 1498 4599; x_wconf 39' lang='lat' dir='ltr'><strong>ticercli</strong></span> <span class='ocrx_word' id='word_1_379' title='bbox 1533 4498 1678 4595; x_wconf 62' lang='grc' dir='ltr'><strong>θξιοπ</strong></span> <span class='ocrx_word' id='word_1_380' title='bbox 1710 4529 1722 4568; x_wconf 92' lang='lat'>:</span> <span class='ocrx_word' id='word_1_381' title='bbox 1754 4529 1938 4596; x_wconf 59' lang='lat' dir='ltr'><strong>omnes</strong></span> <span class='ocrx_word' id='word_1_382' title='bbox 1968 4498 2014 4561; x_wconf 88' lang='lat' dir='ltr'><strong>D</strong></span> 
     </span>
    </p>
   </div>
   <div class='ocr_carea' id='block_1_55' title="bbox 292 4585 1938 4655">
    <p class='ocr_par' dir='ltr' id='par_1_55' title="bbox 292 4585 1938 4655">
     <span class='ocr_line' id='line_1_55' title="bbox 292 4585 1938 4655; baseline -0.002 -12"><span class='ocrx_word' id='word_1_383' title='bbox 292 4585 404 4643; x_wconf 64' lang='lat' dir='ltr'><strong>{viri</strong></span> <span class='ocrx_word' id='word_1_384' title='bbox 429 4586 783 4655; x_wconf 76' lang='lat' dir='ltr'><strong>mulierisque</strong></span> <span class='ocrx_word' id='word_1_385' title='bbox 812 4586 1128 4639; x_wconf 73' lang='lat' dir='ltr'><strong>concubitus</strong></span> <span class='ocrx_word' id='word_1_386' title='bbox 1156 4585 1313 4638; x_wconf 78' lang='lat' dir='ltr'><strong>nulla</strong></span> <span class='ocrx_word' id='word_1_387' title='bbox 1342 4585 1576 4654; x_wconf 83' lang='lat' dir='ltr'><strong>legitimi</strong></span> <span class='ocrx_word' id='word_1_388' title='bbox 1596 4586 1938 4641; x_wconf 81' lang='lat' dir='ltr'><strong>matrimonii</strong></span> 
     </span>
    </p>
   </div>
   <div class='ocr_carea' id='block_1_56' title="bbox 292 4655 1937 4726">
    <p class='ocr_par' dir='ltr' id='par_1_56' title="bbox 292 4655 1937 4726">
     <span class='ocr_line' id='line_1_56' title="bbox 292 4655 1937 4726; baseline -0.003 -11"><span class='ocrx_word' id='word_1_389' title='bbox 292 4661 437 4715; x_wconf 79' lang='lat' dir='ltr'><strong>sorte</strong></span> <span class='ocrx_word' id='word_1_390' title='bbox 463 4656 754 4711; x_wconf 81' lang='lat' dir='ltr'><strong>celebratos</strong></span> <span class='ocrx_word' id='word_1_391' title='bbox 784 4656 980 4710; x_wconf 76' lang='lat' dir='ltr'><strong>habere</strong></span> <span class='ocrx_word' id='word_1_392' title='bbox 1025 4671 1179 4709; x_wconf 85' lang='lat' dir='ltr'><strong>suam</strong></span> <span class='ocrx_word' id='word_1_393' title='bbox 1209 4655 1443 4726; x_wconf 78' lang='lat' dir='ltr'><strong>culpam.</strong></span> <span class='ocrx_word' id='word_1_394' title='bbox 1498 4655 1714 4726; x_wconf 80' lang='lat' dir='ltr'><strong>Itaque</strong></span> <span class='ocrx_word' id='word_1_395' title='bbox 1747 4656 1937 4710; x_wconf 84' lang='lat' dir='ltr'><strong>diecn-</strong></span> 
     </span>
    </p>
   </div>
   <div class='ocr_carea' id='block_1_57' title="bbox 294 4724 1936 4807">
    <p class='ocr_par' dir='ltr' id='par_1_57' title="bbox 294 4724 1936 4807">
     <span class='ocr_line' id='line_1_57' title="bbox 294 4724 1936 4807; baseline -0.003 -21"><span class='ocrx_word' id='word_1_396' title='bbox 294 4731 435 4786; x_wconf 91' lang='lat' dir='ltr'><strong>dum</strong></span> <span class='ocrx_word' id='word_1_397' title='bbox 458 4727 866 4807; x_wconf 71' lang='lat' dir='ltr'><strong>existimamus</strong></span> <span class='ocrx_word' id='word_1_398' title='bbox 890 4742 1023 4807; x_wconf 83' lang='lat' dir='ltr'><strong>eum</strong></span> <span class='ocrx_word' id='word_1_399' title='bbox 1063 4725 1191 4780; x_wconf 89' lang='lat' dir='ltr'><strong>ideo</strong></span> <span class='ocrx_word' id='word_1_400' title='bbox 1240 4724 1936 4807; x_wconf 46' lang='lat' dir='ltr'><strong>scripsissenadulterium</strong></span> 
     </span>
    </p>
   </div>
   <div class='ocr_carea' id='block_1_58' title="bbox 293 4796 1936 4870">
    <p class='ocr_par' dir='ltr' id='par_1_58' title="bbox 293 4796 1936 4870">
     <span class='ocr_line' id='line_1_58' title="bbox 293 4796 1936 4870; baseline -0.004 -12"><span class='ocrx_word' id='word_1_401' title='bbox 293 4806 427 4859; x_wconf 88' lang='lat' dir='ltr'><strong>ante</strong></span> <span class='ocrx_word' id='word_1_402' title='bbox 458 4799 635 4854; x_wconf 90' lang='lat' dir='ltr'><strong>latam</strong></span> <span class='ocrx_word' id='word_1_403' title='bbox 668 4797 885 4870; x_wconf 85' lang='lat' dir='ltr'><strong>Moysis</strong></span> <span class='ocrx_word' id='word_1_404' title='bbox 930 4796 1270 4870; x_wconf 28' lang='lat' dir='ltr'><strong>legemhnon</strong></span> <span class='ocrx_word' id='word_1_405' title='bbox 1312 4796 1503 4852; x_wconf 87' lang='lat' dir='ltr'><strong>visum</strong></span> <span class='ocrx_word' id='word_1_406' title='bbox 1552 4798 1732 4852; x_wconf 80' lang='lat' dir='ltr'><strong>fuisse</strong></span> <span class='ocrx_word' id='word_1_407' title='bbox 1760 4798 1936 4870; x_wconf 82' lang='lat' dir='ltr'><strong>inter-</strong></span> 
     </span>
    </p>
   </div>
   <div class='ocr_carea' id='block_1_59' title="bbox 293 4867 1940 4941">
    <p class='ocr_par' dir='ltr' id='par_1_59' title="bbox 293 4867 1940 4941">
     <span class='ocr_line' id='line_1_59' title="bbox 293 4867 1940 4941; baseline -0.004 -12"><span class='ocrx_word' id='word_1_408' title='bbox 293 4874 537 4938; x_wconf 90' lang='lat' dir='ltr'><strong>dictum,</strong></span> <span class='ocrx_word' id='word_1_409' title='bbox 569 4874 633 4925; x_wconf 89' lang='lat' dir='ltr'><strong>ut</strong></span> <span class='ocrx_word' id='word_1_410' title='bbox 660 4867 1019 4941; x_wconf 83' lang='lat' dir='ltr'><strong>significaret</strong></span> <span class='ocrx_word' id='word_1_411' title='bbox 1064 4867 1182 4922; x_wconf 89' lang='lat' dir='ltr'><strong>illis</strong></span> <span class='ocrx_word' id='word_1_412' title='bbox 1217 4870 1577 4941; x_wconf 85' lang='lat' dir='ltr'><strong>temporibus</strong></span> <span class='ocrx_word' id='word_1_413' title='bbox 1626 4868 1940 4941; x_wconf 79' lang='lat' dir='ltr'><strong>eamcirca</strong></span> 
     </span>
    </p>
   </div>
   <div class='ocr_carea' id='block_1_60' title="bbox 294 4938 1937 5013">
    <p class='ocr_par' dir='ltr' id='par_1_60' title="bbox 294 4938 1937 5013">
     <span class='ocr_line' id='line_1_60' title="bbox 294 4938 1937 5013; baseline -0.004 -12"><span class='ocrx_word' id='word_1_414' title='bbox 294 4943 651 5013; x_wconf 83' lang='lat' dir='ltr'><strong>adulterium</strong></span> <span class='ocrx_word' id='word_1_415' title='bbox 696 4938 1087 5013; x_wconf 74' lang='lat' dir='ltr'><strong>ignorantiam</strong></span> <span class='ocrx_word' id='word_1_416' title='bbox 1123 4938 1612 5013; x_wconf 69' lang='lat' dir='ltr'><strong>_exstiti$se,__quie</strong></span> <span class='ocrx_word' id='word_1_417' title='bbox 1660 4938 1766 4994; x_wconf 90' lang='lat' dir='ltr'><strong>etsi</strong></span> <span class='ocrx_word' id='word_1_418' title='bbox 1819 4955 1937 4994; x_wconf 90' lang='lat' dir='ltr'><strong>non</strong></span> 
     </span>
    </p>
   </div>
   <div class='ocr_carea' id='block_1_61' title="bbox 260 5009 1938 5085">
    <p class='ocr_par' dir='ltr' id='par_1_61' title="bbox 260 5009 1938 5085">
     <span class='ocr_line' id='line_1_61' title="bbox 260 5009 1938 5085; baseline -0.002 -16"><span class='ocrx_word' id='word_1_419' title='bbox 260 5066 263 5069; x_wconf 77' lang='lat'><strong>.</strong></span> <span class='ocrx_word' id='word_1_420' title='bbox 293 5016 533 5072; x_wconf 89' lang='lat' dir='ltr'><strong>omnino</strong></span> <span class='ocrx_word' id='word_1_421' title='bbox 564 5009 798 5085; x_wconf 70' lang='lat' dir='ltr'><strong>culpam</strong></span> <span class='ocrx_word' id='word_1_422' title='bbox 821 5010 1093 5085; x_wconf 69' lang='lat' dir='ltr'><strong>tolleret,</strong></span> <span class='ocrx_word' id='word_1_423' title='bbox 1123 5010 1280 5085; x_wconf 84' lang='lat' dir='ltr'><strong>haud</strong></span> <span class='ocrx_word' id='word_1_424' title='bbox 1333 5009 1700 5085; x_wconf 70' lang='lat' dir='ltr'><strong>mediOcriter</strong></span> <span class='ocrx_word' id='word_1_425' title='bbox 1737 5015 1938 5085; x_wconf 79' lang='lat' dir='ltr'><strong>tamen</strong></span> 
     </span>
    </p>
   </div>
   <div class='ocr_carea' id='block_1_62' title="bbox 292 5081 1934 5155">
    <p class='ocr_par' dir='ltr' id='par_1_62' title="bbox 292 5081 1934 5155">
     <span class='ocr_line' id='line_1_62' title="bbox 292 5081 1934 5155; baseline -0.004 -12"><span class='ocrx_word' id='word_1_426' title='bbox 292 5088 454 5143; x_wconf 86' lang='lat' dir='ltr'><strong>illam</strong></span> <span class='ocrx_word' id='word_1_427' title='bbox 487 5081 795 5151; x_wconf 80' lang='lat' dir='ltr'><strong>minueret,</strong></span> <span class='ocrx_word' id='word_1_428' title='bbox 818 5083 872 5138; x_wconf 92' lang='lat' dir='ltr'><strong>id</strong></span> <span class='ocrx_word' id='word_1_429' title='bbox 905 5088 1014 5147; x_wconf 81' lang='lat' dir='ltr'><strong>est,</strong></span> <span class='ocrx_word' id='word_1_430' title='bbox 1044 5081 1376 5155; x_wconf 86' lang='lat' dir='ltr'><strong>vincibilem</strong></span> <span class='ocrx_word' id='word_1_431' title='bbox 1409 5081 1934 5155; x_wconf 84' lang='lat' dir='ltr'><strong>ignorantiam.Ne-</strong></span> 
     </span>
    </p>
   </div>
   <div class='ocr_carea' id='block_1_63' title="bbox 293 5152 1937 5228">
    <p class='ocr_par' dir='ltr' id='par_1_63' title="bbox 293 5152 1937 5228">
     <span class='ocr_line' id='line_1_63' title="bbox 293 5152 1937 5228; baseline -0.002 -15"><span class='ocrx_word' id='word_1_432' title='bbox 293 5176 389 5215; x_wconf 89' lang='lat' dir='ltr'><strong>mo</strong></span> <span class='ocrx_word' id='word_1_433' title='bbox 418 5159 575 5214; x_wconf 89' lang='lat' dir='ltr'><strong>enim</strong></span> <span class='ocrx_word' id='word_1_434' title='bbox 615 5155 913 5228; x_wconf 87' lang='lat' dir='ltr'><strong>negaverit</strong></span> <span class='ocrx_word' id='word_1_435' title='bbox 958 5154 1142 5228; x_wconf 85' lang='lat' dir='ltr'><strong>istam</strong></span> <span class='ocrx_word' id='word_1_436' title='bbox 1181 5154 1237 5208; x_wconf 90' lang='lat' dir='ltr'><strong>in</strong></span> <span class='ocrx_word' id='word_1_437' title='bbox 1282 5152 1717 5228; x_wconf 54' lang='lat' dir='ltr'><strong>jure&#39;naturali</strong></span> <span class='ocrx_word' id='word_1_438' title='bbox 1767 5169 1937 5228; x_wconf 80' lang='lat' dir='ltr'><strong>posse</strong></span> 
     </span>
    </p>
   </div>
   <div class='ocr_carea' id='block_1_64' title="bbox 293 5223 1935 5293">
    <p class='ocr_par' dir='ltr' id='par_1_64' title="bbox 293 5223 1935 5293">
     <span class='ocr_line' id='line_1_64' title="bbox 293 5223 1935 5293; baseline -0.004 -9"><span class='ocrx_word' id='word_1_439' title='bbox 293 5230 560 5293; x_wconf 89' lang='lat' dir='ltr'><strong>inveniri,</strong></span> <span class='ocrx_word' id='word_1_440' title='bbox 594 5232 651 5283; x_wconf 91' lang='lat' dir='ltr'><strong>et</strong></span> <span class='ocrx_word' id='word_1_441' title='bbox 678 5223 973 5291; x_wconf 60' lang='lat' dir='ltr'><strong>e&#39;xcusare,</strong></span> <span class='ocrx_word' id='word_1_442' title='bbox 999 5229 1064 5280; x_wconf 92' lang='lat' dir='ltr'><strong>ut</strong></span> <span class='ocrx_word' id='word_1_443' title='bbox 1093 5224 1257 5280; x_wconf 90' lang='lat' dir='ltr'><strong>aiunt</strong></span> <span class='ocrx_word' id='word_1_444' title='bbox 1286 5223 1630 5281; x_wconf 80' lang='lat' dir='ltr'><strong>Celebriorcs</strong></span> <span class='ocrx_word' id='word_1_445' title='bbox 1660 5223 1935 5293; x_wconf 84' lang='lat' dir='ltr'><strong>theologi,</strong></span> 
     </span>
    </p>
   </div>
   <div class='ocr_carea' id='block_1_65' title="bbox 294 5296 1938 5367">
    <p class='ocr_par' dir='ltr' id='par_1_65' title="bbox 294 5296 1938 5367">
     <span class='ocr_line' id='line_1_65' title="bbox 294 5296 1938 5367; baseline -0.002 -13"><span class='ocrx_word' id='word_1_446' title='bbox 294 5301 384 5356; x_wconf 90' lang='lat' dir='ltr'><strong>sin</strong></span> <span class='ocrx_word' id='word_1_447' title='bbox 416 5300 613 5354; x_wconf 88' lang='lat' dir='ltr'><strong>minus</strong></span> <span class='ocrx_word' id='word_1_448' title='bbox 645 5315 678 5352; x_wconf 89' lang='lat' dir='ltr'><strong>a</strong></span> <span class='ocrx_word' id='word_1_449' title='bbox 708 5304 849 5364; x_wconf 90' lang='lat' dir='ltr'><strong>toto,</strong></span> <span class='ocrx_word' id='word_1_450' title='bbox 885 5296 1089 5351; x_wconf 87' lang='lat' dir='ltr'><strong>saltem</strong></span> <span class='ocrx_word' id='word_1_451' title='bbox 1124 5313 1157 5351; x_wconf 92' lang='lat' dir='ltr'><strong>a</strong></span> <span class='ocrx_word' id='word_1_452' title='bbox 1186 5300 1379 5363; x_wconf 88' lang='lat' dir='ltr'><strong>tanto;</strong></span> <span class='ocrx_word' id='word_1_453' title='bbox 1413 5311 1659 5367; x_wconf 89' lang='lat' dir='ltr'><strong>eamque</strong></span> <span class='ocrx_word' id='word_1_454' title='bbox 1696 5311 1825 5351; x_wconf 87' lang='lat' dir='ltr'><strong>esse</strong></span> <span class='ocrx_word' id='word_1_455' title='bbox 1865 5296 1938 5351; x_wconf 90' lang='lat' dir='ltr'><strong>de</strong></span> 
     </span>
    </p>
   </div>
   <div class='ocr_carea' id='block_1_66' title="bbox 295 5367 1941 5441">
    <p class='ocr_par' dir='ltr' id='par_1_66' title="bbox 295 5367 1941 5441">
     <span class='ocr_line' id='line_1_66' title="bbox 295 5367 1941 5441; baseline -0.002 -17"><span class='ocrx_word' id='word_1_456' title='bbox 295 5386 413 5441; x_wconf 88' lang='lat' dir='ltr'><strong>qua</strong></span> <span class='ocrx_word' id='word_1_457' title='bbox 443 5367 1015 5441; x_wconf 83' lang='lat' dir='ltr'><strong>scriptumsit__Luc.</strong></span> <span class='ocrx_word' id='word_1_458' title='bbox 1065 5368 1264 5441; x_wconf 8' lang='lat'><strong>{(11,748</strong></span> <span class='ocrx_word' id='word_1_459' title='bbox 1296 5384 1309 5421; x_wconf 90' lang='lat'><strong>:</strong></span> <span class='ocrx_word' id='word_1_460' title='bbox 1344 5368 1450 5441; x_wconf 77' lang='lat' dir='ltr'><strong>Qui</strong></span> <span class='ocrx_word' id='word_1_461' title='bbox 1476 5370 1660 5441; x_wconf 77' lang='lat' dir='ltr'><strong>autem</strong></span> <span class='ocrx_word' id='word_1_462' title='bbox 1700 5382 1809 5441; x_wconf 79' lang='lat' dir='ltr'><strong>non</strong></span> <span class='ocrx_word' id='word_1_463' title='bbox 1854 5383 1941 5441; x_wconf 84' lang='lat' dir='ltr'><strong>c_o-</strong></span> 
     </span>
    </p>
   </div>
   <div class='ocr_carea' id='block_1_67' title="bbox 293 5437 1938 5509">
    <p class='ocr_par' dir='ltr' id='par_1_67' title="bbox 293 5437 1938 5509">
     <span class='ocr_line' id='line_1_67' title="bbox 293 5437 1938 5509; baseline 0 -15"><span class='ocrx_word' id='word_1_464' title='bbox 293 5437 617 5509; x_wconf 25' lang='lat' dir='ltr'><strong>ﬁnovittét</strong></span> <span class='ocrx_word' id='word_1_465' title='bbox 643 5440 774 5508; x_wconf 78' lang='lat' dir='ltr'><strong>fecit</strong></span> <span class='ocrx_word' id='word_1_466' title='bbox 818 5437 982 5508; x_wconf 85' lang='lat' dir='ltr'><strong>digna</strong></span> <span class='ocrx_word' id='word_1_467' title='bbox 1030 5437 1227 5509; x_wconf 73' lang='lat' dir='ltr'><strong>plagis,</strong></span> <span class='ocrx_word' id='word_1_468' title='bbox 1284 5437 1565 5509; x_wconf 81' lang='lat' dir='ltr'><strong>vapulabit</strong></span> <span class='ocrx_word' id='word_1_469' title='bbox 1608 5439 1818 5509; x_wconf 82' lang='lat' dir='ltr'><strong>paucis.</strong></span> <span class='ocrx_word' id='word_1_470' title='bbox 1868 5438 1938 5494; x_wconf 90' lang='lat' dir='ltr'><strong>Et</strong></span> 
     </span>
    </p>
   </div>
   <div class='ocr_carea' id='block_1_68' title="bbox 295 5508 1934 5569">
    <p class='ocr_par' dir='ltr' id='par_1_68' title="bbox 295 5508 1934 5569">
     <span class='ocr_line' id='line_1_68' title="bbox 295 5508 1934 5569; baseline -0.001 -1"><span class='ocrx_word' id='word_1_471' title='bbox 295 5510 404 5569; x_wconf 91' lang='lat' dir='ltr'><strong>hoc</strong></span> <span class='ocrx_word' id='word_1_472' title='bbox 433 5508 762 5566; x_wconf 80' lang='lat' dir='ltr'><strong>sufﬁciebat</strong></span> <span class='ocrx_word' id='word_1_473' title='bbox 805 5523 938 5563; x_wconf 88' lang='lat' dir='ltr'><strong>cum</strong></span> <span class='ocrx_word' id='word_1_474' title='bbox 988 5508 1060 5563; x_wconf 87' lang='lat' dir='ltr'><strong>ad</strong></span> <span class='ocrx_word' id='word_1_475' title='bbox 1108 5508 1501 5566; x_wconf 83' lang='lat' dir='ltr'><strong>excusandum</strong></span> <span class='ocrx_word' id='word_1_476' title='bbox 1532 5508 1934 5567; x_wconf 83' lang='lat' dir='ltr'><strong>Abrahamum</strong></span> 
     </span>
    </p>
   </div>
   <div class='ocr_carea' id='block_1_69' title="bbox 297 5577 1939 5660">
    <p class='ocr_par' dir='ltr' id='par_1_69' title="bbox 297 5577 1939 5660">
     <span class='ocr_line' id='line_1_69' title="bbox 297 5577 1939 5660; baseline -0.009 -19"><span class='ocrx_word' id='word_1_477' title='bbox 297 5580 452 5660; x_wconf 86' lang='lat' dir='ltr'><strong>apud</strong></span> <span class='ocrx_word' id='word_1_478' title='bbox 484 5597 583 5641; x_wconf 86' lang='lat' dir='ltr'><strong>eos</strong></span> <span class='ocrx_word' id='word_1_479' title='bbox 609 5596 755 5657; x_wconf 74' lang='lat' dir='ltr'><strong>quos</strong></span> <span class='ocrx_word' id='word_1_480' title='bbox 785 5577 1209 5653; x_wconf 83' lang='lat' dir='ltr'><strong>alloquebatur,</strong></span> <span class='ocrx_word' id='word_1_481' title='bbox 1256 5580 1356 5655; x_wconf 87' lang='lat' dir='ltr'><strong>qui</strong></span> <span class='ocrx_word' id='word_1_482' title='bbox 1404 5579 1606 5643; x_wconf 83' lang='lat' dir='ltr'><strong>eadem</strong></span> <span class='ocrx_word' id='word_1_483' title='bbox 1648 5583 1939 5659; x_wconf 56' lang='lat' dir='ltr'><strong>perpeti-3.</strong></span> 
     </span>
    </p>
   </div>
   <div class='ocr_carea' id='block_1_70' title="bbox 2063 484 3672 563">
    <p class='ocr_par' dir='ltr' id='par_1_70' title="bbox 2063 484 3672 563">
     <span class='ocr_line' id='line_1_70' title="bbox 2063 484 3672 563; baseline 0.003 -19"><span class='ocrx_word' id='word_1_484' title='bbox 2063 489 2139 544; x_wconf 92' lang='lat' dir='ltr'><strong>tis</strong></span> <span class='ocrx_word' id='word_1_485' title='bbox 2171 494 2227 545; x_wconf 88' lang='lat' dir='ltr'><strong>et</strong></span> <span class='ocrx_word' id='word_1_486' title='bbox 2265 490 2653 563; x_wconf 71' lang='lat' dir='ltr'><strong>propagandae</strong></span> <span class='ocrx_word' id='word_1_487' title='bbox 2699 484 2937 548; x_wconf 88' lang='lat' dir='ltr'><strong>sobolis.</strong></span> <span class='ocrx_word' id='word_1_488' title='bbox 2988 491 3189 545; x_wconf 81' lang='lat' dir='ltr'><strong>Adhuc</strong></span> <span class='ocrx_word' id='word_1_489' title='bbox 3240 496 3368 562; x_wconf 89' lang='lat' dir='ltr'><strong>post</strong></span> <span class='ocrx_word' id='word_1_490' title='bbox 3413 490 3672 549; x_wconf 86' lang='lat' dir='ltr'><strong>diluvium</strong></span> 
     </span>
    </p>
   </div>
   <div class='ocr_carea' id='block_1_71' title="bbox 2064 577 3670 652">
    <p class='ocr_par' dir='ltr' id='par_1_71' title="bbox 2064 577 3670 652">
     <span class='ocr_line' id='line_1_71' title="bbox 2064 577 3670 652; baseline 0.002 -20"><span class='ocrx_word' id='word_1_491' title='bbox 2064 577 2276 634; x_wconf 88' lang='lat' dir='ltr'><strong>raritas</strong></span> <span class='ocrx_word' id='word_1_492' title='bbox 2306 584 2427 634; x_wconf 83' lang='lat' dir='ltr'><strong>erat</strong></span> <span class='ocrx_word' id='word_1_493' title='bbox 2458 579 2685 651; x_wconf 85' lang='lat' dir='ltr'><strong>generis</strong></span> <span class='ocrx_word' id='word_1_494' title='bbox 2713 578 2957 634; x_wconf 90' lang='lat' dir='ltr'><strong>humani</strong></span> <span class='ocrx_word' id='word_1_495' title='bbox 2990 596 3003 634; x_wconf 91' lang='lat'>:</span> <span class='ocrx_word' id='word_1_496' title='bbox 3038 583 3157 635; x_wconf 88' lang='lat' dir='ltr'><strong>erat</strong></span> <span class='ocrx_word' id='word_1_497' title='bbox 3187 579 3358 634; x_wconf 87' lang='lat' dir='ltr'><strong>etiam</strong></span> <span class='ocrx_word' id='word_1_498' title='bbox 3380 578 3670 652; x_wconf 85' lang='lat' dir='ltr'><strong>religionis,</strong></span> 
     </span>
    </p>
   </div>
   <div class='ocr_carea' id='block_1_72' title="bbox 2064 666 3670 738">
    <p class='ocr_par' dir='ltr' id='par_1_72' title="bbox 2064 666 3670 738">
     <span class='ocr_line' id='line_1_72' title="bbox 2064 666 3670 738; baseline 0.002 -17"><span class='ocrx_word' id='word_1_499' title='bbox 2064 684 2135 722; x_wconf 90' lang='lat' dir='ltr'><strong>ne</strong></span> <span class='ocrx_word' id='word_1_500' title='bbox 2164 667 2296 738; x_wconf 91' lang='lat' dir='ltr'><strong>quis</strong></span> <span class='ocrx_word' id='word_1_501' title='bbox 2330 684 2443 723; x_wconf 92' lang='lat' dir='ltr'><strong>non</strong></span> <span class='ocrx_word' id='word_1_502' title='bbox 2478 667 2799 724; x_wconf 89' lang='lat' dir='ltr'><strong>reddidisse</strong></span> <span class='ocrx_word' id='word_1_503' title='bbox 2829 667 3089 723; x_wconf 86' lang='lat' dir='ltr'><strong>debitum</strong></span> <span class='ocrx_word' id='word_1_504' title='bbox 3138 666 3420 723; x_wconf 90' lang='lat' dir='ltr'><strong>videretur</strong></span> <span class='ocrx_word' id='word_1_505' title='bbox 3454 672 3670 725; x_wconf 66' lang='lat' dir='ltr'><strong>natura.</strong></span> 
     </span>
    </p>
   </div>
   <div class='ocr_carea' id='block_1_73' title="bbox 2063 754 3670 828">
    <p class='ocr_par' dir='ltr' id='par_1_73' title="bbox 2063 754 3670 828">
     <span class='ocr_line' id='line_1_73' title="bbox 2063 754 3670 828; baseline 0.001 -18"><span class='ocrx_word' id='word_1_506' title='bbox 2063 754 2322 828; x_wconf 89' lang='lat' dir='ltr'><strong>Denique</strong></span> <span class='ocrx_word' id='word_1_507' title='bbox 2354 760 2412 811; x_wconf 88' lang='lat' dir='ltr'><strong>et</strong></span> <span class='ocrx_word' id='word_1_508' title='bbox 2441 755 2544 810; x_wconf 93' lang='lat' dir='ltr'><strong>Lot</strong></span> <span class='ocrx_word' id='word_1_509' title='bbox 2574 756 2762 811; x_wconf 89' lang='lat' dir='ltr'><strong>sancti</strong></span> <span class='ocrx_word' id='word_1_510' title='bbox 2782 754 2911 811; x_wconf 66' lang='lat' dir='ltr'><strong>ﬁliae</strong></span> <span class='ocrx_word' id='word_1_511' title='bbox 2933 755 3083 810; x_wconf 89' lang='lat' dir='ltr'><strong>hanc</strong></span> <span class='ocrx_word' id='word_1_512' title='bbox 3110 772 3345 810; x_wconf 88' lang='lat' dir='ltr'><strong>causam</strong></span> <span class='ocrx_word' id='word_1_513' title='bbox 3376 756 3670 828; x_wconf 64' lang='lat' dir='ltr'><strong>quaerenda</strong></span> 
     </span>
    </p>
   </div>
   <div class='ocr_carea' id='block_1_74' title="bbox 2058 843 3672 917">
    <p class='ocr_par' dir='ltr' id='par_1_74' title="bbox 2058 843 3672 917">
     <span class='ocr_line' id='line_1_74' title="bbox 2058 843 3672 917; baseline 0.001 -18"><span class='ocrx_word' id='word_1_514' title='bbox 2058 843 2416 915; x_wconf 86' lang='lat' dir='ltr'><strong>posteritatis</strong></span> <span class='ocrx_word' id='word_1_515' title='bbox 2447 844 2799 911; x_wconf 87' lang='lat' dir='ltr'><strong>habuerunt,</strong></span> <span class='ocrx_word' id='word_1_516' title='bbox 2834 861 2903 900; x_wconf 89' lang='lat' dir='ltr'><strong>ne</strong></span> <span class='ocrx_word' id='word_1_517' title='bbox 2951 861 3136 917; x_wconf 86' lang='lat' dir='ltr'><strong>genus</strong></span> <span class='ocrx_word' id='word_1_518' title='bbox 3184 845 3447 900; x_wconf 79' lang='lat' dir='ltr'><strong>deficeret</strong></span> <span class='ocrx_word' id='word_1_519' title='bbox 3489 843 3672 901; x_wconf 84' lang='lat' dir='ltr'><strong>huma-</strong></span> 
     </span>
    </p>
   </div>
   <div class='ocr_carea' id='block_1_75' title="bbox 2062 932 3668 1004">
    <p class='ocr_par' dir='ltr' id='par_1_75' title="bbox 2062 932 3668 1004">
     <span class='ocr_line' id='line_1_75' title="bbox 2062 932 3668 1004; baseline 0.002 -18"><span class='ocrx_word' id='word_1_520' title='bbox 2062 949 2238 1000; x_wconf 90' lang='lat' dir='ltr'><strong>num;</strong></span> <span class='ocrx_word' id='word_1_521' title='bbox 2298 937 2354 988; x_wconf 91' lang='lat' dir='ltr'><strong>et</strong></span> <span class='ocrx_word' id='word_1_522' title='bbox 2419 932 2545 989; x_wconf 88' lang='lat' dir='ltr'><strong>ideo</strong></span> <span class='ocrx_word' id='word_1_523' title='bbox 2592 932 2810 1004; x_wconf 90' lang='lat' dir='ltr'><strong>publici</strong></span> <span class='ocrx_word' id='word_1_524' title='bbox 2873 934 3134 988; x_wconf 90' lang='lat' dir='ltr'><strong>muneris</strong></span> <span class='ocrx_word' id='word_1_525' title='bbox 3180 932 3365 1004; x_wconf 86' lang='lat' dir='ltr'><strong>gratia</strong></span> <span class='ocrx_word' id='word_1_526' title='bbox 3413 933 3668 1004; x_wconf 90' lang='lat' dir='ltr'><strong>privatam</strong></span> 
     </span>
    </p>
   </div>
   <div class='ocr_carea' id='block_1_76' title="bbox 2058 1020 3669 1093">
    <p class='ocr_par' dir='ltr' id='par_1_76' title="bbox 2058 1020 3669 1093">
     <span class='ocr_line' id='line_1_76' title="bbox 2058 1020 3669 1093; baseline 0.001 -18"><span class='ocrx_word' id='word_1_527' title='bbox 2058 1020 2290 1092; x_wconf 85' lang='lat' dir='ltr'><strong>culpam</strong></span> <span class='ocrx_word' id='word_1_528' title='bbox 2324 1020 2625 1093; x_wconf 73' lang='lat' dir='ltr'><strong>praetexuit</strong></span> <span class='ocrx_word' id='word_1_529' title='bbox 2656 1021 2788 1093; x_wconf 84' lang='lat'>(30).</span> <span class='ocrx_word' id='word_1_530' title='bbox 2819 1020 2930 1076; x_wconf 88' lang='lat' dir='ltr'><strong>Nec</strong></span> <span class='ocrx_word' id='word_1_531' title='bbox 2964 1021 3215 1077; x_wconf 63' lang='lat' dir='ltr'><strong>otiosum</strong></span> <span class='ocrx_word' id='word_1_532' title='bbox 3246 1027 3333 1075; x_wconf 90' lang='lat' dir='ltr'><strong>est</strong></span> <span class='ocrx_word' id='word_1_533' title='bbox 3361 1021 3508 1092; x_wconf 81' lang='lat' dir='ltr'><strong>quod</strong></span> <span class='ocrx_word' id='word_1_534' title='bbox 3544 1038 3669 1078; x_wconf 81' lang='lat' dir='ltr'><strong>uxor</strong></span> 
     </span>
    </p>
   </div>
   <div class='ocr_carea' id='block_1_77' title="bbox 2057 1109 3669 1178">
    <p class='ocr_par' dir='ltr' id='par_1_77' title="bbox 2057 1109 3669 1178">
     <span class='ocr_line' id='line_1_77' title="bbox 2057 1109 3669 1178; baseline 0.001 -14"><span class='ocrx_word' id='word_1_535' title='bbox 2057 1114 2264 1165; x_wconf 88' lang='lat' dir='ltr'><strong>auctor</strong></span> <span class='ocrx_word' id='word_1_536' title='bbox 2316 1110 2452 1165; x_wconf 82' lang='lat' dir='ltr'><strong>facti</strong></span> <span class='ocrx_word' id='word_1_537' title='bbox 2500 1109 2826 1176; x_wconf 88' lang='lat' dir='ltr'><strong>inducitur;</strong></span> <span class='ocrx_word' id='word_1_538' title='bbox 2863 1115 2925 1165; x_wconf 89' lang='lat' dir='ltr'><strong>ut</strong></span> <span class='ocrx_word' id='word_1_539' title='bbox 2982 1114 3286 1165; x_wconf 84' lang='lat' dir='ltr'><strong>excusetur</strong></span> <span class='ocrx_word' id='word_1_540' title='bbox 3328 1110 3579 1178; x_wconf 88' lang='lat' dir='ltr'><strong>maritus,</strong></span> <span class='ocrx_word' id='word_1_541' title='bbox 3607 1126 3669 1166; x_wconf 87' lang='lat' dir='ltr'><strong>ne</strong></span> 
     </span>
    </p>
   </div>
   <div class='ocr_carea' id='block_1_78' title="bbox 2054 1196 3669 1270">
    <p class='ocr_par' dir='ltr' id='par_1_78' title="bbox 2054 1196 3669 1270">
     <span class='ocr_line' id='line_1_78' title="bbox 2054 1196 3669 1270; baseline 0.001 -19"><span class='ocrx_word' id='word_1_542' title='bbox 2054 1214 2199 1270; x_wconf 86' lang='lat' dir='ltr'><strong>vago</strong></span> <span class='ocrx_word' id='word_1_543' title='bbox 2230 1201 2428 1269; x_wconf 80' lang='lat' dir='ltr'><strong>raptus</strong></span> <span class='ocrx_word' id='word_1_544' title='bbox 2462 1215 2654 1253; x_wconf 76' lang='lat' dir='ltr'><strong>errore</strong></span> <span class='ocrx_word' id='word_1_545' title='bbox 2683 1198 2953 1253; x_wconf 86' lang='lat' dir='ltr'><strong>credatur</strong></span> <span class='ocrx_word' id='word_1_546' title='bbox 2984 1217 2996 1254; x_wconf 89' lang='lat'><em>:</em></span> <span class='ocrx_word' id='word_1_547' title='bbox 3032 1197 3208 1254; x_wconf 87' lang='lat' dir='ltr'><strong>simul</strong></span> <span class='ocrx_word' id='word_1_548' title='bbox 3243 1202 3304 1253; x_wconf 92' lang='lat' dir='ltr'><strong>ut</strong></span> <span class='ocrx_word' id='word_1_549' title='bbox 3330 1196 3547 1254; x_wconf 87' lang='lat' dir='ltr'><strong>discant</strong></span> <span class='ocrx_word' id='word_1_550' title='bbox 3563 1215 3669 1253; x_wconf 89' lang='lat' dir='ltr'><strong>mn-</strong></span> 
     </span>
    </p>
   </div>
   <div class='ocr_carea' id='block_1_79' title="bbox 2056 1284 3669 1359">
    <p class='ocr_par' dir='ltr' id='par_1_79' title="bbox 2056 1284 3669 1359">
     <span class='ocr_line' id='line_1_79' title="bbox 2056 1284 3669 1359; baseline 0.002 -21"><span class='ocrx_word' id='word_1_551' title='bbox 2056 1284 2226 1341; x_wconf 89' lang='lat' dir='ltr'><strong>lieres</strong></span> <span class='ocrx_word' id='word_1_552' title='bbox 2275 1285 2514 1358; x_wconf 83' lang='lat' dir='ltr'><strong>diligere</strong></span> <span class='ocrx_word' id='word_1_553' title='bbox 2545 1286 2717 1352; x_wconf 89' lang='lat' dir='ltr'><strong>viros,</strong></span> <span class='ocrx_word' id='word_1_554' title='bbox 2753 1303 2856 1341; x_wconf 90' lang='lat' dir='ltr'><strong>nec</strong></span> <span class='ocrx_word' id='word_1_555' title='bbox 2914 1286 3120 1359; x_wconf 82' lang='lat' dir='ltr'><strong>agitari</strong></span> <span class='ocrx_word' id='word_1_556' title='bbox 3170 1303 3319 1342; x_wconf 84' lang='lat' dir='ltr'><strong>vana</strong></span> <span class='ocrx_word' id='word_1_557' title='bbox 3364 1285 3669 1358; x_wconf 84' lang='lat' dir='ltr'><strong>suspicione</strong></span> 
     </span>
    </p>
   </div>
   <div class='ocr_carea' id='block_1_80' title="bbox 2056 1373 3669 1448">
    <p class='ocr_par' dir='ltr' id='par_1_80' title="bbox 2056 1373 3669 1448">
     <span class='ocr_line' id='line_1_80' title="bbox 2056 1373 3669 1448; baseline 0.001 -19"><span class='ocrx_word' id='word_1_558' title='bbox 2056 1374 2378 1446; x_wconf 86' lang='lat' dir='ltr'><strong>pellicatus,</strong></span> <span class='ocrx_word' id='word_1_559' title='bbox 2434 1380 2536 1430; x_wconf 90' lang='lat' dir='ltr'><strong>aut</strong></span> <span class='ocrx_word' id='word_1_560' title='bbox 2583 1375 2836 1430; x_wconf 90' lang='lat' dir='ltr'><strong>invidere</strong></span> <span class='ocrx_word' id='word_1_561' title='bbox 2894 1375 3190 1448; x_wconf 76' lang='lat' dir='ltr'><strong>privignis,</strong></span> <span class='ocrx_word' id='word_1_562' title='bbox 3225 1374 3276 1431; x_wconf 88' lang='lat' dir='ltr'><strong>si</strong></span> <span class='ocrx_word' id='word_1_563' title='bbox 3319 1376 3452 1447; x_wconf 64' lang='lat' dir='ltr'><strong>ipsa:</strong></span> <span class='ocrx_word' id='word_1_564' title='bbox 3480 1373 3669 1430; x_wconf 79' lang='lat' dir='ltr'><strong>liberos</strong></span> 
     </span>
    </p>
   </div>
   <div class='ocr_carea' id='block_1_81' title="bbox 2056 1463 3670 1535">
    <p class='ocr_par' dir='ltr' id='par_1_81' title="bbox 2056 1463 3670 1535">
     <span class='ocr_line' id='line_1_81' title="bbox 2056 1463 3670 1535; baseline 0.001 -18"><span class='ocrx_word' id='word_1_565' title='bbox 2056 1480 2167 1518; x_wconf 91' lang='lat' dir='ltr'><strong>non</strong></span> <span class='ocrx_word' id='word_1_566' title='bbox 2201 1464 2582 1535; x_wconf 87' lang='lat' dir='ltr'><strong>susceperint.</strong></span> <span class='ocrx_word' id='word_1_567' title='bbox 2622 1463 2791 1519; x_wconf 86' lang='lat' dir='ltr'><strong>Uxori</strong></span> <span class='ocrx_word' id='word_1_568' title='bbox 2840 1465 2999 1519; x_wconf 79' lang='lat' dir='ltr'><strong>bonae</strong></span> <span class='ocrx_word' id='word_1_569' title='bbox 3048 1464 3207 1519; x_wconf 89' lang='lat' dir='ltr'><strong>cordi</strong></span> <span class='ocrx_word' id='word_1_570' title='bbox 3257 1467 3379 1520; x_wconf 86' lang='lat' dir='ltr'><strong>erat</strong></span> <span class='ocrx_word' id='word_1_571' title='bbox 3420 1479 3670 1520; x_wconf 84' lang='lat' dir='ltr'><strong>excusare</strong></span> 
     </span>
    </p>
   </div>
   <div class='ocr_carea' id='block_1_82' title="bbox 2053 1552 3671 1622">
    <p class='ocr_par' dir='ltr' id='par_1_82' title="bbox 2053 1552 3671 1622">
     <span class='ocr_line' id='line_1_82' title="bbox 2053 1552 3671 1622; baseline 0 -16"><span class='ocrx_word' id='word_1_572' title='bbox 2053 1553 2204 1622; x_wconf 89' lang='lat' dir='ltr'><strong>apud</strong></span> <span class='ocrx_word' id='word_1_573' title='bbox 2250 1552 2438 1606; x_wconf 88' lang='lat' dir='ltr'><strong>virum</strong></span> <span class='ocrx_word' id='word_1_574' title='bbox 2491 1552 2853 1607; x_wconf 82' lang='lat' dir='ltr'><strong>sterilitatem</strong></span> <span class='ocrx_word' id='word_1_575' title='bbox 2894 1570 3093 1620; x_wconf 87' lang='lat' dir='ltr'><strong>suam;</strong></span> <span class='ocrx_word' id='word_1_576' title='bbox 3126 1559 3181 1608; x_wconf 88' lang='lat' dir='ltr'><strong>et</strong></span> <span class='ocrx_word' id='word_1_577' title='bbox 3236 1569 3305 1609; x_wconf 91' lang='lat' dir='ltr'><strong>ne</strong></span> <span class='ocrx_word' id='word_1_578' title='bbox 3340 1568 3508 1607; x_wconf 86' lang='lat' dir='ltr'><strong>causa</strong></span> <span class='ocrx_word' id='word_1_579' title='bbox 3536 1556 3671 1607; x_wconf 88' lang='lat' dir='ltr'><strong>esset</strong></span> 
     </span>
    </p>
   </div>
   <div class='ocr_carea' id='block_1_83' title="bbox 2052 1640 3669 1711">
    <p class='ocr_par' dir='ltr' id='par_1_83' title="bbox 2052 1640 3669 1711">
     <span class='ocr_line' id='line_1_83' title="bbox 2052 1640 3669 1711; baseline 0.001 -18"><span class='ocrx_word' id='word_1_580' title='bbox 2052 1640 2173 1696; x_wconf 88' lang='lat' dir='ltr'><strong>viro</strong></span> <span class='ocrx_word' id='word_1_581' title='bbox 2206 1642 2355 1711; x_wconf 90' lang='lat' dir='ltr'><strong>quod</strong></span> <span class='ocrx_word' id='word_1_582' title='bbox 2391 1640 2439 1695; x_wconf 89' lang='lat' dir='ltr'><strong>is</strong></span> <span class='ocrx_word' id='word_1_583' title='bbox 2473 1640 2575 1694; x_wconf 73' lang='lat' dir='ltr'><strong>libt</strong></span> <span class='ocrx_word' id='word_1_584' title='bbox 2594 1658 2685 1695; x_wconf 87' lang='lat' dir='ltr'><strong>ros</strong></span> <span class='ocrx_word' id='word_1_585' title='bbox 2728 1658 2840 1696; x_wconf 90' lang='lat' dir='ltr'><strong>non</strong></span> <span class='ocrx_word' id='word_1_586' title='bbox 2873 1641 3130 1704; x_wconf 89' lang='lat' dir='ltr'><strong>haberet.</strong></span> <span class='ocrx_word' id='word_1_587' title='bbox 3164 1641 3373 1697; x_wconf 87' lang='lat' dir='ltr'><strong>suadet</strong></span> <span class='ocrx_word' id='word_1_588' title='bbox 3421 1645 3479 1695; x_wconf 89' lang='lat' dir='ltr'><strong>ut</strong></span> <span class='ocrx_word' id='word_1_589' title='bbox 3515 1641 3669 1695; x_wconf 84' lang='lat' dir='ltr'><strong>intra-</strong></span> 
     </span>
    </p>
   </div>
   <div class='ocr_carea' id='block_1_84' title="bbox 2050 1728 3665 1801">
    <p class='ocr_par' dir='ltr' id='par_1_84' title="bbox 2050 1728 3665 1801">
     <span class='ocr_line' id='line_1_84' title="bbox 2050 1728 3665 1801; baseline 0.001 -18"><span class='ocrx_word' id='word_1_590' title='bbox 2050 1734 2131 1783; x_wconf 86' lang='lat' dir='ltr'><strong>ret</strong></span> <span class='ocrx_word' id='word_1_591' title='bbox 2165 1730 2235 1783; x_wconf 90' lang='lat' dir='ltr'><strong>ad</strong></span> <span class='ocrx_word' id='word_1_592' title='bbox 2269 1728 2559 1784; x_wconf 89' lang='lat' dir='ltr'><strong>ancillam.</strong></span> <span class='ocrx_word' id='word_1_593' title='bbox 2596 1729 2710 1785; x_wconf 86' lang='lat' dir='ltr'><strong>Hoc</strong></span> <span class='ocrx_word' id='word_1_594' title='bbox 2743 1730 2875 1786; x_wconf 81' lang='lat' dir='ltr'><strong>fecit</strong></span> <span class='ocrx_word' id='word_1_595' title='bbox 2906 1730 3027 1798; x_wconf 84' lang='lat' dir='ltr'><strong>Lia,</strong></span> <span class='ocrx_word' id='word_1_596' title='bbox 3057 1730 3164 1785; x_wconf 92' lang='lat' dir='ltr'><strong>hoc</strong></span> <span class='ocrx_word' id='word_1_597' title='bbox 3216 1729 3428 1786; x_wconf 80' lang='lat' dir='ltr'><strong>Rachel</strong></span> <span class='ocrx_word' id='word_1_598' title='bbox 3472 1733 3665 1801; x_wconf 69' lang='lat' dir='ltr'><strong>postea.</strong></span> 
     </span>
    </p>
   </div>
   <div class='ocr_carea' id='block_1_85' title="bbox 2045 1817 3663 1892">
    <p class='ocr_par' dir='ltr' id='par_1_85' title="bbox 2045 1817 3663 1892">
     <span class='ocr_line' id='line_1_85' title="bbox 2045 1817 3663 1892; baseline 0.001 -21"><span class='ocrx_word' id='word_1_599' title='bbox 2045 1818 2232 1885; x_wconf 76' lang='lat' dir='ltr'><strong>Disce,</strong></span> <span class='ocrx_word' id='word_1_600' title='bbox 2268 1817 2500 1887; x_wconf 88' lang='lat' dir='ltr'><strong>mulier,</strong></span> <span class='ocrx_word' id='word_1_601' title='bbox 2532 1817 2722 1874; x_wconf 89' lang='lat' dir='ltr'><strong>zelum</strong></span> <span class='ocrx_word' id='word_1_602' title='bbox 2756 1820 3062 1892; x_wconf 85' lang='lat' dir='ltr'><strong>deponere,</strong></span> <span class='ocrx_word' id='word_1_603' title='bbox 3097 1819 3197 1890; x_wconf 88' lang='lat' dir='ltr'><strong>qui</strong></span> <span class='ocrx_word' id='word_1_604' title='bbox 3232 1836 3384 1891; x_wconf 73' lang='lat' dir='ltr'><strong>smpe</strong></span> <span class='ocrx_word' id='word_1_605' title='bbox 3422 1817 3663 1874; x_wconf 83' lang='lat' dir='ltr'><strong>mulieres</strong></span> 
     </span>
    </p>
   </div>
   <div class='ocr_carea' id='block_1_86' title="bbox 2045 1906 2646 1962">
    <p class='ocr_par' dir='ltr' id='par_1_86' title="bbox 2045 1906 2646 1962">
     <span class='ocr_line' id='line_1_86' title="bbox 2045 1906 2646 1962; baseline 0 -1"><span class='ocrx_word' id='word_1_606' title='bbox 2045 1906 2103 1961; x_wconf 89' lang='lat' dir='ltr'><strong>in</strong></span> <span class='ocrx_word' id='word_1_607' title='bbox 2137 1908 2393 1962; x_wconf 81' lang='lat' dir='ltr'><strong>furorem</strong></span> <span class='ocrx_word' id='word_1_608' title='bbox 2429 1907 2646 1961; x_wconf 90' lang='lat' dir='ltr'><strong>incitat.</strong></span> 
     </span>
    </p>
   </div>
   <div class='ocr_carea' id='block_1_87' title="bbox 2113 2083 3669 2156">
    <p class='ocr_par' dir='ltr' id='par_1_87' title="bbox 2113 2083 3669 2156">
     <span class='ocr_line' id='line_1_87' title="bbox 2113 2083 3669 2156; baseline -0.002 -16"><span class='ocrx_word' id='word_1_609' title='bbox 2113 2086 2200 2140; x_wconf 86' lang='lat'><strong>25.</strong></span> <span class='ocrx_word' id='word_1_610' title='bbox 2234 2085 2342 2141; x_wconf 86' lang='lat' dir='ltr'><strong>Sed</strong></span> <span class='ocrx_word' id='word_1_611' title='bbox 2375 2091 2429 2140; x_wconf 92' lang='lat' dir='ltr'><strong>et</strong></span> <span class='ocrx_word' id='word_1_612' title='bbox 2460 2102 2559 2140; x_wconf 87' lang='lat' dir='ltr'><strong>vos</strong></span> <span class='ocrx_word' id='word_1_613' title='bbox 2589 2101 2813 2151; x_wconf 90' lang='lat' dir='ltr'><strong>moneo,</strong></span> <span class='ocrx_word' id='word_1_614' title='bbox 2848 2084 2976 2150; x_wconf 89' lang='lat' dir='ltr'><strong>viri,</strong></span> <span class='ocrx_word' id='word_1_615' title='bbox 3010 2083 3266 2141; x_wconf 80' lang='lat' dir='ltr'><strong>maxime</strong></span> <span class='ocrx_word' id='word_1_616' title='bbox 3297 2084 3397 2156; x_wconf 90' lang='lat' dir='ltr'><strong>qui</strong></span> <span class='ocrx_word' id='word_1_617' title='bbox 3441 2084 3511 2139; x_wconf 88' lang='lat' dir='ltr'><strong>ad</strong></span> <span class='ocrx_word' id='word_1_618' title='bbox 3553 2099 3669 2155; x_wconf 86' lang='lat' dir='ltr'><strong>gra-</strong></span> 
     </span>
    </p>
   </div>
   <div class='ocr_carea' id='block_1_88' title="bbox 2044 2171 3669 2240">
    <p class='ocr_par' dir='ltr' id='par_1_88' title="bbox 2044 2171 3669 2240">
     <span class='ocr_line' id='line_1_88' title="bbox 2044 2171 3669 2240; baseline -0.001 -12"><span class='ocrx_word' id='word_1_619' title='bbox 2044 2173 2186 2229; x_wconf 89' lang='lat' dir='ltr'><strong>tiam</strong></span> <span class='ocrx_word' id='word_1_620' title='bbox 2219 2172 2449 2230; x_wconf 89' lang='lat' dir='ltr'><strong>Domini</strong></span> <span class='ocrx_word' id='word_1_621' title='bbox 2481 2172 2740 2240; x_wconf 86' lang='lat' dir='ltr'><strong>tenditis,</strong></span> <span class='ocrx_word' id='word_1_622' title='bbox 2793 2190 2908 2228; x_wconf 90' lang='lat' dir='ltr'><strong>non</strong></span> <span class='ocrx_word' id='word_1_623' title='bbox 2946 2172 3316 2228; x_wconf 88' lang='lat' dir='ltr'><strong>commisceri</strong></span> <span class='ocrx_word' id='word_1_624' title='bbox 3361 2171 3669 2229; x_wconf 88' lang='lat' dir='ltr'><strong>adulterino</strong></span> 
     </span>
    </p>
   </div>
   <div class='ocr_carea' id='block_1_89' title="bbox 2043 2261 3674 2334">
    <p class='ocr_par' dir='ltr' id='par_1_89' title="bbox 2043 2261 3674 2334">
     <span class='ocr_line' id='line_1_89' title="bbox 2043 2261 3674 2334; baseline -0.001 -18"><span class='ocrx_word' id='word_1_625' title='bbox 2043 2261 2267 2333; x_wconf 89' lang='lat' dir='ltr'><strong>corpori</strong></span> <span class='ocrx_word' id='word_1_626' title='bbox 2299 2262 2421 2332; x_wconf 88' lang='lat' dir='ltr'><strong>(qui</strong></span> <span class='ocrx_word' id='word_1_627' title='bbox 2449 2262 2609 2318; x_wconf 87' lang='lat' dir='ltr'><strong>enim</strong></span> <span class='ocrx_word' id='word_1_628' title='bbox 2637 2279 2700 2319; x_wconf 85' lang='lat' dir='ltr'><strong>se</strong></span> <span class='ocrx_word' id='word_1_629' title='bbox 2723 2262 2923 2334; x_wconf 85' lang='lat' dir='ltr'><strong>jungit</strong></span> <span class='ocrx_word' id='word_1_630' title='bbox 2953 2261 3244 2318; x_wconf 89' lang='lat' dir='ltr'><strong>meretrici</strong></span> <span class='ocrx_word' id='word_1_631' title='bbox 3266 2278 3451 2318; x_wconf 90' lang='lat' dir='ltr'><strong>unum</strong></span> <span class='ocrx_word' id='word_1_632' title='bbox 3481 2276 3674 2332; x_wconf 86' lang='lat' dir='ltr'><strong>corpus</strong></span> 
     </span>
    </p>
   </div>
   <div class='ocr_carea' id='block_1_90' title="bbox 2043 2350 3671 2421">
    <p class='ocr_par' dir='ltr' id='par_1_90' title="bbox 2043 2350 3671 2421">
     <span class='ocr_line' id='line_1_90' title="bbox 2043 2350 3671 2421; baseline -0.002 -16"><span class='ocrx_word' id='word_1_633' title='bbox 2043 2351 2151 2421; x_wconf 86' lang='lat' dir='ltr'><strong>est)</strong></span> <span class='ocrx_word' id='word_1_634' title='bbox 2185 2367 2287 2405; x_wconf 89' lang='lat' dir='ltr'><strong>nec</strong></span> <span class='ocrx_word' id='word_1_635' title='bbox 2318 2351 2454 2405; x_wconf 88' lang='lat' dir='ltr'><strong>dare</strong></span> <span class='ocrx_word' id='word_1_636' title='bbox 2487 2350 2633 2406; x_wconf 83' lang='lat' dir='ltr'><strong>hanc</strong></span> <span class='ocrx_word' id='word_1_637' title='bbox 2663 2350 3027 2406; x_wconf 83' lang='lat' dir='ltr'><strong>occasionem</strong></span> <span class='ocrx_word' id='word_1_638' title='bbox 3059 2350 3293 2407; x_wconf 83' lang='lat' dir='ltr'><strong>divortii</strong></span> <span class='ocrx_word' id='word_1_639' title='bbox 3325 2350 3671 2407; x_wconf 87' lang='lat' dir='ltr'><strong>mulieribus.</strong></span> 
     </span>
    </p>
   </div>
   <div class='ocr_carea' id='block_1_91' title="bbox 2042 2438 3673 2514">
    <p class='ocr_par' dir='ltr' id='par_1_91' title="bbox 2042 2438 3673 2514">
     <span class='ocr_line' id='line_1_91' title="bbox 2042 2438 3673 2514; baseline 0 -21"><span class='ocrx_word' id='word_1_640' title='bbox 2042 2439 2222 2495; x_wconf 89' lang='lat' dir='ltr'><strong>Nemo</strong></span> <span class='ocrx_word' id='word_1_641' title='bbox 2253 2438 2363 2494; x_wconf 83' lang='lat' dir='ltr'><strong>sibi</strong></span> <span class='ocrx_word' id='word_1_642' title='bbox 2396 2438 2737 2494; x_wconf 86' lang='lat' dir='ltr'><strong>blandiatur</strong></span> <span class='ocrx_word' id='word_1_643' title='bbox 2767 2440 2839 2494; x_wconf 88' lang='lat' dir='ltr'><strong>de</strong></span> <span class='ocrx_word' id='word_1_644' title='bbox 2868 2440 3101 2514; x_wconf 84' lang='lat' dir='ltr'><strong>legibus</strong></span> <span class='ocrx_word' id='word_1_645' title='bbox 3147 2440 3460 2496; x_wconf 88' lang='lat' dir='ltr'><strong>hominum</strong></span> <span class='ocrx_word' id='word_1_646' title='bbox 3489 2439 3595 2510; x_wconf 89' lang='lat'><strong>(33,</strong></span> <span class='ocrx_word' id='word_1_647' title='bbox 3623 2454 3673 2508; x_wconf 90' lang='lat' dir='ltr'><strong>q.</strong></span> 
     </span>
    </p>
   </div>
   <div class='ocr_carea' id='block_1_92' title="bbox 2041 2528 3677 2601">
    <p class='ocr_par' dir='ltr' id='par_1_92' title="bbox 2041 2528 3677 2601">
     <span class='ocr_line' id='line_1_92' title="bbox 2041 2528 3677 2601; baseline -0.002 -19"><span class='ocrx_word' id='word_1_648' title='bbox 2041 2528 2094 2583; x_wconf 66' lang='grc'>4.</span> <span class='ocrx_word' id='word_1_649' title='bbox 2123 2544 2249 2599; x_wconf 90' lang='lat' dir='ltr'><strong>cap,</strong></span> <span class='ocrx_word' id='word_1_650' title='bbox 2284 2528 2677 2593; x_wconf 80' lang='lat' dir='ltr'><strong>Nemo).0mne</strong></span> <span class='ocrx_word' id='word_1_651' title='bbox 2724 2531 2995 2601; x_wconf 83' lang='lat' dir='ltr'><strong>stuprum</strong></span> <span class='ocrx_word' id='word_1_652' title='bbox 3044 2528 3405 2586; x_wconf 86' lang='lat' dir='ltr'><strong>adulterium</strong></span> <span class='ocrx_word' id='word_1_653' title='bbox 3449 2532 3554 2595; x_wconf 86' lang='lat' dir='ltr'><strong>est,</strong></span> <span class='ocrx_word' id='word_1_654' title='bbox 3584 2541 3677 2581; x_wconf 91' lang='lat' dir='ltr'><strong>nec</strong></span> 
     </span>
    </p>
   </div>
   <div class='ocr_carea' id='block_1_93' title="bbox 2042 2615 3681 2691">
    <p class='ocr_par' dir='ltr' id='par_1_93' title="bbox 2042 2615 3681 2691">
     <span class='ocr_line' id='line_1_93' title="bbox 2042 2615 3681 2691; baseline 0 -21"><span class='ocrx_word' id='word_1_655' title='bbox 2042 2616 2161 2691; x_wconf 83' lang='lat' dir='ltr'><strong>viro</strong></span> <span class='ocrx_word' id='word_1_656' title='bbox 2200 2615 2335 2671; x_wconf 90' lang='lat' dir='ltr'><strong>licet</strong></span> <span class='ocrx_word' id='word_1_657' title='bbox 2380 2617 2535 2688; x_wconf 79' lang='lat' dir='ltr'><strong>quod</strong></span> <span class='ocrx_word' id='word_1_658' title='bbox 2583 2616 2813 2672; x_wconf 89' lang='lat' dir='ltr'><strong>mulieri</strong></span> <span class='ocrx_word' id='word_1_659' title='bbox 2864 2634 2979 2672; x_wconf 90' lang='lat' dir='ltr'><strong>non</strong></span> <span class='ocrx_word' id='word_1_660' title='bbox 3028 2616 3185 2672; x_wconf 90' lang='lat' dir='ltr'><strong>licet.</strong></span> <span class='ocrx_word' id='word_1_661' title='bbox 3220 2618 3440 2675; x_wconf 80' lang='lat' dir='ltr'><strong>Eadem</strong></span> <span class='ocrx_word' id='word_1_662' title='bbox 3486 2635 3520 2672; x_wconf 88' lang='lat' dir='ltr'><strong>a</strong></span> <span class='ocrx_word' id='word_1_663' title='bbox 3548 2615 3681 2682; x_wconf 90' lang='lat' dir='ltr'><strong>viro,</strong></span> 
     </span>
    </p>
   </div>
   <div class='ocr_carea' id='block_1_94' title="bbox 2042 2705 3679 2778">
    <p class='ocr_par' dir='ltr' id='par_1_94' title="bbox 2042 2705 3679 2778">
     <span class='ocr_line' id='line_1_94' title="bbox 2042 2705 3679 2778; baseline -0.001 -19"><span class='ocrx_word' id='word_1_664' title='bbox 2042 2722 2169 2777; x_wconf 66' lang='lat' dir='ltr'><strong>qua:</strong></span> <span class='ocrx_word' id='word_1_665' title='bbox 2202 2705 2273 2760; x_wconf 91' lang='lat' dir='ltr'><strong>ab</strong></span> <span class='ocrx_word' id='word_1_666' title='bbox 2305 2722 2478 2761; x_wconf 80' lang='lat' dir='ltr'><strong>uxore</strong></span> <span class='ocrx_word' id='word_1_667' title='bbox 2510 2705 2755 2761; x_wconf 90' lang='lat' dir='ltr'><strong>debetur</strong></span> <span class='ocrx_word' id='word_1_668' title='bbox 2784 2706 3464 2778; x_wconf 86' lang='lat' dir='ltr'><strong>castimonia.Quidquid</strong></span> <span class='ocrx_word' id='word_1_669' title='bbox 3485 2706 3544 2761; x_wconf 89' lang='lat' dir='ltr'><strong>in</strong></span> <span class='ocrx_word' id='word_1_670' title='bbox 3562 2718 3679 2760; x_wconf 82' lang='lat' dir='ltr'><strong>eam</strong></span> 
     </span>
    </p>
   </div>
   <div class='ocr_carea' id='block_1_95' title="bbox 2043 2790 3684 2867">
    <p class='ocr_par' dir='ltr' id='par_1_95' title="bbox 2043 2790 3684 2867">
     <span class='ocr_line' id='line_1_95' title="bbox 2043 2790 3684 2867; baseline -0.001 -18"><span class='ocrx_word' id='word_1_671' title='bbox 2043 2810 2167 2864; x_wconf 74' lang='lat' dir='ltr'><strong>qua:</strong></span> <span class='ocrx_word' id='word_1_672' title='bbox 2202 2809 2315 2848; x_wconf 90' lang='lat' dir='ltr'><strong>non</strong></span> <span class='ocrx_word' id='word_1_673' title='bbox 2341 2794 2417 2849; x_wconf 91' lang='lat' dir='ltr'><strong>sit</strong></span> <span class='ocrx_word' id='word_1_674' title='bbox 2445 2793 2709 2867; x_wconf 89' lang='lat' dir='ltr'><strong>legitima</strong></span> <span class='ocrx_word' id='word_1_675' title='bbox 2738 2795 3295 2861; x_wconf 76' lang='lat' dir='ltr'><strong>uxor,commissum</strong></span> <span class='ocrx_word' id='word_1_676' title='bbox 3326 2794 3502 2850; x_wconf 83' lang='lat' dir='ltr'><strong>fuerit</strong></span> <span class='ocrx_word' id='word_1_677' title='bbox 3531 2790 3684 2849; x_wconf 73' lang='lat' dir='ltr'><strong>adul-</strong></span> 
     </span>
    </p>
   </div>
   <div class='ocr_carea' id='block_1_96' title="bbox 2042 2880 3685 2956">
    <p class='ocr_par' dir='ltr' id='par_1_96' title="bbox 2042 2880 3685 2956">
     <span class='ocr_line' id='line_1_96' title="bbox 2042 2880 3685 2956; baseline -0.002 -19"><span class='ocrx_word' id='word_1_678' title='bbox 2042 2881 2191 2949; x_wconf 89' lang='lat' dir='ltr'><strong>terii,</strong></span> <span class='ocrx_word' id='word_1_679' title='bbox 2225 2883 2542 2938; x_wconf 90' lang='lat' dir='ltr'><strong>damnatur</strong></span> <span class='ocrx_word' id='word_1_680' title='bbox 2573 2882 2834 2938; x_wconf 88' lang='lat' dir='ltr'><strong>crimine.</strong></span> <span class='ocrx_word' id='word_1_681' title='bbox 2867 2884 3015 2956; x_wconf 87' lang='lat' dir='ltr'><strong>Ergo</strong></span> <span class='ocrx_word' id='word_1_682' title='bbox 3046 2883 3384 2939; x_wconf 89' lang='lat' dir='ltr'><strong>advertistis</strong></span> <span class='ocrx_word' id='word_1_683' title='bbox 3415 2882 3550 2955; x_wconf 90' lang='lat' dir='ltr'><strong>quid</strong></span> <span class='ocrx_word' id='word_1_684' title='bbox 3595 2880 3685 2934; x_wconf 78' lang='lat' dir='ltr'><strong>de-</strong></span> 
     </span>
    </p>
   </div>
   <div class='ocr_carea' id='block_1_97' title="bbox 2042 3025 3680 3091">
    <p class='ocr_par' dir='ltr' id='par_1_97' title="bbox 2042 3025 3680 3091">
     <span class='ocr_line' id='line_1_97' title="bbox 2042 3025 3680 3091; baseline -0.002 -13"><span class='ocrx_word' id='word_1_685' title='bbox 2042 3030 2243 3079; x_wconf 85' lang='lat' dir='ltr'><strong>verant</strong></span> <span class='ocrx_word' id='word_1_686' title='bbox 2289 3030 2424 3079; x_wconf 90' lang='lat' dir='ltr'><strong>ante</strong></span> <span class='ocrx_word' id='word_1_687' title='bbox 2471 3041 2639 3079; x_wconf 89' lang='lat' dir='ltr'><strong>suam</strong></span> <span class='ocrx_word' id='word_1_688' title='bbox 2690 3025 2759 3079; x_wconf 89' lang='lat' dir='ltr'><strong>ad</strong></span> <span class='ocrx_word' id='word_1_689' title='bbox 2811 3025 2984 3080; x_wconf 85' lang='lat' dir='ltr'><strong>fidem</strong></span> <span class='ocrx_word' id='word_1_690' title='bbox 3036 3025 3514 3091; x_wconf 89' lang='lat' dir='ltr'><strong>conversionem;</strong></span> <span class='ocrx_word' id='word_1_691' title='bbox 3562 3031 3680 3079; x_wconf 86' lang='lat' dir='ltr'><strong>tum</strong></span> 
     </span>
    </p>
   </div>
   <div class='ocr_carea' id='block_1_98' title="bbox 2043 3096 3685 3168">
    <p class='ocr_par' dir='ltr' id='par_1_98' title="bbox 2043 3096 3685 3168">
     <span class='ocr_line' id='line_1_98' title="bbox 2043 3096 3685 3168; baseline -0.001 -18"><span class='ocrx_word' id='word_1_692' title='bbox 2043 3096 2115 3150; x_wconf 83' lang='lat' dir='ltr'><strong>ad</strong></span> <span class='ocrx_word' id='word_1_693' title='bbox 2147 3097 2382 3151; x_wconf 88' lang='lat' dir='ltr'><strong>eosdem</strong></span> <span class='ocrx_word' id='word_1_694' title='bbox 2414 3096 2485 3150; x_wconf 87' lang='lat' dir='ltr'><strong>ab</strong></span> <span class='ocrx_word' id='word_1_695' title='bbox 2517 3097 2853 3168; x_wconf 83' lang='lat' dir='ltr'><strong>hujusmodi</strong></span> <span class='ocrx_word' id='word_1_696' title='bbox 2888 3097 3131 3168; x_wconf 88' lang='lat' dir='ltr'><strong>crimine</strong></span> <span class='ocrx_word' id='word_1_697' title='bbox 3160 3096 3215 3150; x_wconf 88' lang='lat' dir='ltr'><strong>in</strong></span> <span class='ocrx_word' id='word_1_698' title='bbox 3250 3101 3552 3168; x_wconf 88' lang='lat' dir='ltr'><strong>posterum</strong></span> <span class='ocrx_word' id='word_1_699' title='bbox 3592 3108 3685 3148; x_wconf 82' lang='lat' dir='ltr'><strong>re-</strong></span> 
     </span>
    </p>
   </div>
   <div class='ocr_carea' id='block_1_99' title="bbox 2044 3166 3687 3248">
    <p class='ocr_par' dir='ltr' id='par_1_99' title="bbox 2044 3166 3687 3248">
     <span class='ocr_line' id='line_1_99' title="bbox 2044 3166 3687 3248; baseline -0.001 -28"><span class='ocrx_word' id='word_1_700' title='bbox 2044 3168 2354 3248; x_wconf 82' lang='lat' dir='ltr'><strong>vocandos,</strong></span> <span class='ocrx_word' id='word_1_701' title='bbox 2388 3166 2846 3248; x_wconf 29' lang='lat' dir='ltr'><strong>cum‘jamnipsis</strong></span> <span class='ocrx_word' id='word_1_702' title='bbox 2891 3167 3053 3248; x_wconf 88' lang='lat' dir='ltr'><strong>nulla</strong></span> <span class='ocrx_word' id='word_1_703' title='bbox 3094 3169 3164 3223; x_wconf 88' lang='lat' dir='ltr'><strong>de</strong></span> <span class='ocrx_word' id='word_1_704' title='bbox 3194 3166 3525 3248; x_wconf 76' lang='lat' dir='ltr'><strong>ignorantia</strong></span> <span class='ocrx_word' id='word_1_705' title='bbox 3552 3180 3687 3236; x_wconf 91' lang='lat' dir='ltr'><strong>sup-</strong></span> 
     </span>
    </p>
   </div>
   <div class='ocr_carea' id='block_1_100' title="bbox 2045 3238 3691 3310">
    <p class='ocr_par' dir='ltr' id='par_1_100' title="bbox 2045 3238 3691 3310">
     <span class='ocr_line' id='line_1_100' title="bbox 2045 3238 3691 3310; baseline 0.001 -18"><span class='ocrx_word' id='word_1_706' title='bbox 2045 3241 2263 3310; x_wconf 89' lang='lat' dir='ltr'><strong>peteret</strong></span> <span class='ocrx_word' id='word_1_707' title='bbox 2308 3238 2621 3310; x_wconf 79' lang='lat' dir='ltr'><strong>excusatio.</strong></span> <span class='ocrx_word' id='word_1_708' title='bbox 2659 3238 2819 3293; x_wconf 89' lang='lat' dir='ltr'><strong>Hanc</strong></span> <span class='ocrx_word' id='word_1_709' title='bbox 2871 3244 3067 3293; x_wconf 89' lang='lat' dir='ltr'><strong>autem</strong></span> <span class='ocrx_word' id='word_1_710' title='bbox 3102 3238 3691 3310; x_wconf 12' lang='lat' dir='ltr'><strong>iresponsionemgeq</strong></span> 
     </span>
    </p>
   </div>
   <div class='ocr_carea' id='block_1_101' title="bbox 2044 3306 3681 3381">
    <p class='ocr_par' dir='ltr' id='par_1_101' title="bbox 2044 3306 3681 3381">
     <span class='ocr_line' id='line_1_101' title="bbox 2044 3306 3681 3381; baseline -0.001 -18"><span class='ocrx_word' id='word_1_711' title='bbox 2044 3306 2231 3381; x_wconf 80' lang='lat' dir='ltr'><strong>inagis</strong></span> <span class='ocrx_word' id='word_1_712' title='bbox 2264 3308 2687 3363; x_wconf 86' lang='lat' dir='ltr'><strong>admittendam</strong></span> <span class='ocrx_word' id='word_1_713' title='bbox 2720 3325 2936 3381; x_wconf 84' lang='lat' dir='ltr'><strong>remur,</strong></span> <span class='ocrx_word' id='word_1_714' title='bbox 2961 3309 3115 3380; x_wconf 88' lang='lat' dir='ltr'><strong>quod</strong></span> <span class='ocrx_word' id='word_1_715' title='bbox 3148 3306 3495 3364; x_wconf 75' lang='lat' dir='ltr'><strong>Ambrosius</strong></span> <span class='ocrx_word' id='word_1_716' title='bbox 3516 3306 3681 3381; x_wconf 76' lang='lat' dir='ltr'><strong>infra,</strong></span> 
     </span>
    </p>
   </div>
   <div class='ocr_carea' id='block_1_102' title="bbox 2043 3379 3687 3451">
    <p class='ocr_par' dir='ltr' id='par_1_102' title="bbox 2043 3379 3687 3451">
     <span class='ocr_line' id='line_1_102' title="bbox 2043 3379 3687 3451; baseline -0.002 -16"><span class='ocrx_word' id='word_1_717' title='bbox 2043 3379 2206 3435; x_wconf 84' lang='lat' dir='ltr'><strong>num.</strong></span> <span class='ocrx_word' id='word_1_718' title='bbox 2257 3381 2346 3443; x_wconf 80' lang='grc'><strong>27,</strong></span> <span class='ocrx_word' id='word_1_719' title='bbox 2402 3381 2549 3435; x_wconf 86' lang='lat' dir='ltr'><strong>hanc</strong></span> <span class='ocrx_word' id='word_1_720' title='bbox 2593 3380 2933 3451; x_wconf 67' lang='lat' dir='ltr'><strong>patriarchas</strong></span> <span class='ocrx_word' id='word_1_721' title='bbox 2965 3379 3266 3451; x_wconf 68' lang='lat' dir='ltr'><strong>actionem</strong></span> <span class='ocrx_word' id='word_1_722' title='bbox 3323 3380 3440 3436; x_wconf 91' lang='lat' dir='ltr'><strong>Deo</strong></span> <span class='ocrx_word' id='word_1_723' title='bbox 3498 3379 3687 3451; x_wconf 78' lang='lat' dir='ltr'><strong>minus</strong></span> 
     </span>
    </p>
   </div>
   <div class='ocr_carea' id='block_1_103' title="bbox 2044 3449 3685 3524">
    <p class='ocr_par' dir='ltr' id='par_1_103' title="bbox 2044 3449 3685 3524">
     <span class='ocr_line' id='line_1_103' title="bbox 2044 3449 3685 3524; baseline -0.002 -18"><span class='ocrx_word' id='word_1_724' title='bbox 2044 3451 2347 3524; x_wconf 83' lang='lat' dir='ltr'><strong>probatam</strong></span> <span class='ocrx_word' id='word_1_725' title='bbox 2388 3466 2533 3524; x_wconf 78' lang='lat' dir='ltr'><strong>esse</strong></span> <span class='ocrx_word' id='word_1_726' title='bbox 2563 3449 2831 3524; x_wconf 76' lang='lat' dir='ltr'><strong>testetur.</strong></span> <span class='ocrx_word' id='word_1_727' title='bbox 2863 3468 2929 3505; x_wconf 91' lang='lat' dir='ltr'><strong>ac</strong></span> <span class='ocrx_word' id='word_1_728' title='bbox 2962 3450 3059 3505; x_wconf 88' lang='lat' dir='ltr'><strong>lib.</strong></span> <span class='ocrx_word' id='word_1_729' title='bbox 3094 3451 3158 3505; x_wconf 78' lang='lat' dir='ltr'><strong>de</strong></span> <span class='ocrx_word' id='word_1_730' title='bbox 3206 3452 3493 3524; x_wconf 73' lang='lat' dir='ltr'><strong>Paradiso.</strong></span> <span class='ocrx_word' id='word_1_731' title='bbox 3526 3466 3571 3504; x_wconf 92' lang='lat' dir='ltr'><strong>c.</strong></span> <span class='ocrx_word' id='word_1_732' title='bbox 3603 3449 3685 3519; x_wconf 84' lang='grc'><strong>13,</strong></span> 
     </span>
    </p>
   </div>
   <div class='ocr_carea' id='block_1_104' title="bbox 2044 3522 3683 3593">
    <p class='ocr_par' dir='ltr' id='par_1_104' title="bbox 2044 3522 3683 3593">
     <span class='ocr_line' id='line_1_104' title="bbox 2044 3522 3683 3593; baseline -0.001 -18"><span class='ocrx_word' id='word_1_733' title='bbox 2044 3522 2098 3575; x_wconf 81' lang='lat' dir='ltr'><strong>n.</strong></span> <span class='ocrx_word' id='word_1_734' title='bbox 2135 3523 2225 3593; x_wconf 80' lang='lat'><strong>65,</strong></span> <span class='ocrx_word' id='word_1_735' title='bbox 2259 3527 2432 3592; x_wconf 83' lang='lat' dir='ltr'><strong>atque</strong></span> <span class='ocrx_word' id='word_1_736' title='bbox 2462 3522 2598 3593; x_wconf 85' lang='lat' dir='ltr'><strong>alibi</strong></span> <span class='ocrx_word' id='word_1_737' title='bbox 2631 3523 2702 3576; x_wconf 92' lang='lat' dir='ltr'><strong>de</strong></span> <span class='ocrx_word' id='word_1_738' title='bbox 2733 3523 2934 3577; x_wconf 86' lang='lat' dir='ltr'><strong>eadem</strong></span> <span class='ocrx_word' id='word_1_739' title='bbox 2967 3530 3248 3593; x_wconf 85' lang='lat' dir='ltr'><strong>tanquam</strong></span> <span class='ocrx_word' id='word_1_740' title='bbox 3280 3523 3353 3578; x_wconf 86' lang='lat' dir='ltr'><strong>de</strong></span> <span class='ocrx_word' id='word_1_741' title='bbox 3398 3538 3531 3576; x_wconf 88' lang='lat' dir='ltr'><strong>vero</strong></span> <span class='ocrx_word' id='word_1_742' title='bbox 3564 3535 3683 3593; x_wconf 88' lang='lat' dir='ltr'><strong>pec-</strong></span> 
     </span>
    </p>
   </div>
   <div class='ocr_carea' id='block_1_105' title="bbox 2044 3591 3683 3674">
    <p class='ocr_par' dir='ltr' id='par_1_105' title="bbox 2044 3591 3683 3674">
     <span class='ocr_line' id='line_1_105' title="bbox 2044 3591 3683 3674; baseline -0.001 -27"><span class='ocrx_word' id='word_1_743' title='bbox 2044 3598 2170 3674; x_wconf 78' lang='lat' dir='ltr'><strong>cato</strong></span> <span class='ocrx_word' id='word_1_744' title='bbox 2197 3591 2497 3674; x_wconf 39' lang='lat' dir='ltr'><strong>loquatur:</strong></span> <span class='ocrx_word' id='word_1_745' title='bbox 2513 3591 2943 3674; x_wconf 43' lang='lat' dir='ltr'><strong>_C:e_terum.dici</strong></span> <span class='ocrx_word' id='word_1_746' title='bbox 2978 3591 3382 3674; x_wconf 48' lang='lat' dir='ltr'><strong>etiam‘potest</strong></span> <span class='ocrx_word' id='word_1_747' title='bbox 3407 3591 3683 3674; x_wconf 71' lang='lat' dir='ltr'><strong>sanctum</strong></span> 
     </span>
    </p>
   </div>
   <div class='ocr_carea' id='block_1_106' title="bbox 2043 3662 3687 3719">
    <p class='ocr_par' dir='ltr' id='par_1_106' title="bbox 2043 3662 3687 3719">
     <span class='ocr_line' id='line_1_106' title="bbox 2043 3662 3687 3719; baseline -0.002 -1"><span class='ocrx_word' id='word_1_748' title='bbox 2043 3662 2335 3718; x_wconf 82' lang='lat' dir='ltr'><strong>doctorem</strong></span> <span class='ocrx_word' id='word_1_749' title='bbox 2365 3663 2638 3718; x_wconf 91' lang='lat' dir='ltr'><strong>adulterii</strong></span> <span class='ocrx_word' id='word_1_750' title='bbox 2671 3662 2906 3719; x_wconf 90' lang='lat' dir='ltr'><strong>nomine</strong></span> <span class='ocrx_word' id='word_1_751' title='bbox 2934 3663 3081 3718; x_wconf 87' lang='lat' dir='ltr'><strong>nihil</strong></span> <span class='ocrx_word' id='word_1_752' title='bbox 3127 3662 3283 3719; x_wconf 85' lang='lat' dir='ltr'><strong>aliud</strong></span> <span class='ocrx_word' id='word_1_753' title='bbox 3336 3664 3687 3718; x_wconf 84' lang='lat' dir='ltr'><strong>intellexisse</strong></span> 
     </span>
    </p>
   </div>
   <div class='ocr_carea' id='block_1_107' title="bbox 2043 3733 3687 3807">
    <p class='ocr_par' dir='ltr' id='par_1_107' title="bbox 2043 3733 3687 3807">
     <span class='ocr_line' id='line_1_107' title="bbox 2043 3733 3687 3807; baseline -0.003 -17"><span class='ocrx_word' id='word_1_754' title='bbox 2043 3751 2218 3807; x_wconf 84' lang='lat' dir='ltr'><strong>quam</strong></span> <span class='ocrx_word' id='word_1_755' title='bbox 2250 3733 2701 3807; x_wconf 80' lang='lat' dir='ltr'><strong>polygamiam;</strong></span> <span class='ocrx_word' id='word_1_756' title='bbox 2752 3752 2934 3806; x_wconf 89' lang='lat' dir='ltr'><strong>eaque</strong></span> <span class='ocrx_word' id='word_1_757' title='bbox 2967 3752 3138 3789; x_wconf 86' lang='lat' dir='ltr'><strong>usum</strong></span> <span class='ocrx_word' id='word_1_758' title='bbox 3170 3735 3328 3791; x_wconf 85' lang='lat' dir='ltr'><strong>verbi</strong></span> <span class='ocrx_word' id='word_1_759' title='bbox 3365 3735 3602 3799; x_wconf 83' lang='lat' dir='ltr'><strong>duritie,</strong></span> <span class='ocrx_word' id='word_1_760' title='bbox 3631 3737 3687 3786; x_wconf 91' lang='lat' dir='ltr'><strong>ut</strong></span> 
     </span>
    </p>
   </div>
   <div class='ocr_carea' id='block_1_108' title="bbox 2043 3805 3684 3876">
    <p class='ocr_par' dir='ltr' id='par_1_108' title="bbox 2043 3805 3684 3876">
     <span class='ocr_line' id='line_1_108' title="bbox 2043 3805 3684 3876; baseline -0.004 -15"><span class='ocrx_word' id='word_1_761' title='bbox 2043 3805 2338 3861; x_wconf 76' lang='lat' dir='ltr'><strong>efﬁcacius</strong></span> <span class='ocrx_word' id='word_1_762' title='bbox 2380 3805 2855 3860; x_wconf 83' lang='lat' dir='ltr'><strong>catechumenos</strong></span> <span class='ocrx_word' id='word_1_763' title='bbox 2902 3807 3246 3861; x_wconf 86' lang='lat' dir='ltr'><strong>absterreret</strong></span> <span class='ocrx_word' id='word_1_764' title='bbox 3306 3823 3341 3860; x_wconf 88' lang='lat' dir='ltr'><strong>a</strong></span> <span class='ocrx_word' id='word_1_765' title='bbox 3399 3806 3684 3876; x_wconf 89' lang='lat' dir='ltr'><strong>pellicatu.</strong></span> 
     </span>
    </p>
   </div>
   <div class='ocr_carea' id='block_1_109' title="bbox 2042 3876 3688 3948">
    <p class='ocr_par' dir='ltr' id='par_1_109' title="bbox 2042 3876 3688 3948">
     <span class='ocr_line' id='line_1_109' title="bbox 2042 3876 3688 3948; baseline -0.003 -16"><span class='ocrx_word' id='word_1_766' title='bbox 2042 3877 2156 3932; x_wconf 89' lang='lat' dir='ltr'><strong>Nec</strong></span> <span class='ocrx_word' id='word_1_767' title='bbox 2182 3892 2318 3948; x_wconf 85' lang='lat' dir='ltr'><strong>vero</strong></span> <span class='ocrx_word' id='word_1_768' title='bbox 2370 3878 2585 3948; x_wconf 89' lang='lat' dir='ltr'><strong>mirum</strong></span> <span class='ocrx_word' id='word_1_769' title='bbox 2633 3876 2682 3931; x_wconf 92' lang='lat' dir='ltr'><strong>si</strong></span> <span class='ocrx_word' id='word_1_770' title='bbox 2732 3877 2902 3948; x_wconf 88' lang='lat' dir='ltr'><strong>paulo</strong></span> <span class='ocrx_word' id='word_1_771' title='bbox 2947 3876 3344 3932; x_wconf 89' lang='lat' dir='ltr'><strong>vehementior</strong></span> <span class='ocrx_word' id='word_1_772' title='bbox 3378 3878 3485 3933; x_wconf 89' lang='lat' dir='ltr'><strong>hac</strong></span> <span class='ocrx_word' id='word_1_773' title='bbox 3528 3876 3585 3931; x_wconf 90' lang='lat' dir='ltr'><strong>in</strong></span> <span class='ocrx_word' id='word_1_774' title='bbox 3634 3889 3688 3928; x_wconf 82' lang='lat' dir='ltr'><strong>re</strong></span> 
     </span>
    </p>
   </div>
   <div class='ocr_carea' id='block_1_110' title="bbox 2044 3947 3687 4020">
    <p class='ocr_par' dir='ltr' id='par_1_110' title="bbox 2044 3947 3687 4020">
     <span class='ocr_line' id='line_1_110' title="bbox 2044 3947 3687 4020; baseline -0.001 -17"><span class='ocrx_word' id='word_1_775' title='bbox 2044 3947 2220 4020; x_wconf 84' lang='lat' dir='ltr'><strong>fuerit</strong></span> <span class='ocrx_word' id='word_1_776' title='bbox 2248 3947 2613 4020; x_wconf 82' lang='lat' dir='ltr'><strong>Ambrosius,</strong></span> <span class='ocrx_word' id='word_1_777' title='bbox 2648 3949 2882 4020; x_wconf 84' lang='lat' dir='ltr'><strong>quando</strong></span> <span class='ocrx_word' id='word_1_778' title='bbox 2929 3948 3000 4002; x_wconf 89' lang='lat' dir='ltr'><strong>de</strong></span> <span class='ocrx_word' id='word_1_779' title='bbox 3047 3948 3235 4003; x_wconf 89' lang='lat' dir='ltr'><strong>tertiis</strong></span> <span class='ocrx_word' id='word_1_780' title='bbox 3279 3949 3687 4020; x_wconf 79' lang='lat' dir='ltr'><strong>nuptiisun</strong></span> 
     </span>
    </p>
   </div>
   <div class='ocr_carea' id='block_1_111' title="bbox 2044 4017 3689 4091">
    <p class='ocr_par' dir='ltr' id='par_1_111' title="bbox 2044 4017 3689 4091">
     <span class='ocr_line' id='line_1_111' title="bbox 2044 4017 3689 4091; baseline -0.001 -18"><span class='ocrx_word' id='word_1_781' title='bbox 2044 4018 2240 4073; x_wconf 89' lang='lat' dir='ltr'><strong>divina</strong></span> <span class='ocrx_word' id='word_1_782' title='bbox 2269 4017 2616 4091; x_wconf 14' lang='lat' dir='ltr'><strong>acgnatgurali</strong></span> <span class='ocrx_word' id='word_1_783' title='bbox 2648 4017 2771 4091; x_wconf 87' lang='lat' dir='ltr'><strong>lege</strong></span> <span class='ocrx_word' id='word_1_784' title='bbox 2799 4035 3099 4091; x_wconf 88' lang='lat' dir='ltr'><strong>nunquam</strong></span> <span class='ocrx_word' id='word_1_785' title='bbox 3134 4036 3247 4074; x_wconf 89' lang='lat' dir='ltr'><strong>non</strong></span> <span class='ocrx_word' id='word_1_786' title='bbox 3277 4017 3476 4074; x_wconf 73' lang='lat' dir='ltr'><strong>licitas</strong></span> <span class='ocrx_word' id='word_1_787' title='bbox 3510 4017 3689 4091; x_wconf 58' lang='lat' dir='ltr'><strong>fuisse</strong></span> 
     </span>
    </p>
   </div>
   <div class='ocr_carea' id='block_1_112' title="bbox 2046 4085 3689 4162">
    <p class='ocr_par' dir='ltr' id='par_1_112' title="bbox 2046 4085 3689 4162">
     <span class='ocr_line' id='line_1_112' title="bbox 2046 4085 3689 4162; baseline -0.002 -18"><span class='ocrx_word' id='word_1_788' title='bbox 2046 4093 2293 4162; x_wconf 83' lang='lat' dir='ltr'><strong>constat,</strong></span> <span class='ocrx_word' id='word_1_789' title='bbox 2329 4088 2601 4156; x_wconf 86' lang='lat' dir='ltr'><strong>Basilius,</strong></span> <span class='ocrx_word' id='word_1_790' title='bbox 2644 4085 2734 4161; x_wconf 50' lang='lat' dir='ltr'><strong>ep&#39;.</strong></span> <span class='ocrx_word' id='word_1_791' title='bbox 2782 4091 2832 4162; x_wconf 78' lang='lat' dir='ltr'><strong>_l,</strong></span> <span class='ocrx_word' id='word_1_792' title='bbox 2894 4085 2965 4162; x_wconf 76' lang='lat' dir='ltr'><strong>ad</strong></span> <span class='ocrx_word' id='word_1_793' title='bbox 3012 4091 3230 4162; x_wconf 80' lang='lat' dir='ltr'><strong>Amph.,</strong></span> <span class='ocrx_word' id='word_1_794' title='bbox 3284 4106 3334 4145; x_wconf 93' lang='lat' dir='ltr'><strong>c.</strong></span> <span class='ocrx_word' id='word_1_795' title='bbox 3388 4092 3443 4155; x_wconf 65' lang='grc' dir='ltr'><strong>ἅ,</strong></span> <span class='ocrx_word' id='word_1_796' title='bbox 3490 4085 3689 4144; x_wconf 85' lang='lat' dir='ltr'><strong>dixerit</strong></span> 
     </span>
    </p>
   </div>
   <div class='ocr_carea' id='block_1_113' title="bbox 2046 4160 3690 4232">
    <p class='ocr_par' dir='ltr' id='par_1_113' title="bbox 2046 4160 3690 4232">
     <span class='ocr_line' id='line_1_113' title="bbox 2046 4160 3690 4232; baseline -0.002 -16"><span class='ocrx_word' id='word_1_797' title='bbox 2046 4178 2145 4216; x_wconf 91' lang='lat' dir='ltr'><strong>eas</strong></span> <span class='ocrx_word' id='word_1_798' title='bbox 2199 4161 2574 4231; x_wconf 84' lang='lat' dir='ltr'><strong>polygamiam</strong></span> <span class='ocrx_word' id='word_1_799' title='bbox 2632 4160 2909 4232; x_wconf 86' lang='lat' dir='ltr'><strong>appellari</strong></span> <span class='ocrx_word' id='word_1_800' title='bbox 2969 4165 3055 4215; x_wconf 88' lang='lat' dir='ltr'><strong>vel</strong></span> <span class='ocrx_word' id='word_1_801' title='bbox 3108 4160 3313 4232; x_wconf 80' lang='lat' dir='ltr'><strong>potius</strong></span> <span class='ocrx_word' id='word_1_802' title='bbox 3379 4163 3690 4232; x_wconf 76' lang='lat' dir='ltr'><strong>castigatam</strong></span> 
     </span>
    </p>
   </div>
   <div class='ocr_carea' id='block_1_114' title="bbox 2044 4229 3690 4303">
    <p class='ocr_par' dir='ltr' id='par_1_114' title="bbox 2044 4229 3690 4303">
     <span class='ocr_line' id='line_1_114' title="bbox 2044 4229 3690 4303; baseline -0.002 -16"><span class='ocrx_word' id='word_1_803' title='bbox 2044 4229 2482 4303; x_wconf 77' lang='lat' dir='ltr'><strong>fornicationem.</strong></span> <span class='ocrx_word' id='word_1_804' title='bbox 2516 4234 2644 4303; x_wconf 89' lang='lat' dir='ltr'><strong>lpse</strong></span> <span class='ocrx_word' id='word_1_805' title='bbox 2672 4229 2907 4303; x_wconf 75' lang='lat' dir='ltr'><strong>quoque</strong></span> <span class='ocrx_word' id='word_1_806' title='bbox 2936 4229 3362 4299; x_wconf 89' lang='lat' dir='ltr'><strong>Tertullianus,</strong></span> <span class='ocrx_word' id='word_1_807' title='bbox 3394 4232 3434 4287; x_wconf 93' lang='lat'><strong>1.</strong></span> <span class='ocrx_word' id='word_1_808' title='bbox 3476 4229 3543 4287; x_wconf 69' lang='lat' dir='ltr'><strong>de</strong></span> <span class='ocrx_word' id='word_1_809' title='bbox 3592 4229 3690 4285; x_wconf 79' lang='grc' dir='ltr'><strong>Μο-</strong></span> 
     </span>
    </p>
   </div>
   <div class='ocr_carea' id='block_1_115' title="bbox 2045 4302 3685 4374">
    <p class='ocr_par' dir='ltr' id='par_1_115' title="bbox 2045 4302 3685 4374">
     <span class='ocr_line' id='line_1_115' title="bbox 2045 4302 3685 4374; baseline -0.002 -16"><span class='ocrx_word' id='word_1_810' title='bbox 2045 4318 2195 4373; x_wconf 80' lang='lat' dir='ltr'><strong>nog.,</strong></span> <span class='ocrx_word' id='word_1_811' title='bbox 2227 4319 2277 4358; x_wconf 92' lang='lat' dir='ltr'><strong>c.</strong></span> <span class='ocrx_word' id='word_1_812' title='bbox 2308 4302 2362 4369; x_wconf 85' lang='lat'><strong>6,</strong></span> <span class='ocrx_word' id='word_1_813' title='bbox 2391 4302 2705 4357; x_wconf 86' lang='lat' dir='ltr'><strong>Abrahami</strong></span> <span class='ocrx_word' id='word_1_814' title='bbox 2752 4302 3142 4374; x_wconf 77' lang='lat' dir='ltr'><strong>polygamiam</strong></span> <span class='ocrx_word' id='word_1_815' title='bbox 3191 4303 3538 4369; x_wconf 82' lang='lat' dir='ltr'><strong>defendens,</strong></span> <span class='ocrx_word' id='word_1_816' title='bbox 3568 4315 3685 4374; x_wconf 85' lang='lat' dir='ltr'><strong>eam</strong></span> 
     </span>
    </p>
   </div>
   <div class='ocr_carea' id='block_1_116' title="bbox 2044 4373 3691 4445">
    <p class='ocr_par' dir='ltr' id='par_1_116' title="bbox 2044 4373 3691 4445">
     <span class='ocr_line' id='line_1_116' title="bbox 2044 4373 3691 4445; baseline -0.002 -17"><span class='ocrx_word' id='word_1_817' title='bbox 2044 4374 2513 4445; x_wconf 12' lang='lat' dir='ltr'><strong>tameniancittsz</strong></span> <span class='ocrx_word' id='word_1_818' title='bbox 2571 4373 2990 4429; x_wconf 73' lang='lat' dir='ltr'><strong>cmwubinatam</strong></span> <span class='ocrx_word' id='word_1_819' title='bbox 3053 4378 3219 4428; x_wconf 84' lang='lat' dir='ltr'><strong>vocat</strong></span> <span class='ocrx_word' id='word_1_820' title='bbox 3277 4390 3291 4429; x_wconf 88' lang='lat'>:</span> <span class='ocrx_word' id='word_1_821' title='bbox 3358 4390 3478 4445; x_wconf 91' lang='lat' dir='ltr'><strong>quo</strong></span> <span class='ocrx_word' id='word_1_822' title='bbox 3526 4373 3691 4445; x_wconf 80' lang='lat' dir='ltr'><strong>etiam</strong></span> 
     </span>
    </p>
   </div>
   <div class='ocr_carea' id='block_1_117' title="bbox 2047 4443 3686 4518">
    <p class='ocr_par' dir='ltr' id='par_1_117' title="bbox 2047 4443 3686 4518">
     <span class='ocr_line' id='line_1_117' title="bbox 2047 4443 3686 4518; baseline -0.003 -18"><span class='ocrx_word' id='word_1_823' title='bbox 2047 4444 2362 4518; x_wconf 9' lang='lat' dir='ltr'><strong>sensqueo</strong></span> <span class='ocrx_word' id='word_1_824' title='bbox 2394 4445 2640 4518; x_wconf 85' lang='lat' dir='ltr'><strong>Magnus</strong></span> <span class='ocrx_word' id='word_1_825' title='bbox 2671 4461 2761 4518; x_wconf 86' lang='lat' dir='ltr'><strong>ep.</strong></span> <span class='ocrx_word' id='word_1_826' title='bbox 2794 4446 2872 4499; x_wconf 80' lang='lat' dir='ltr'><strong>ad</strong></span> <span class='ocrx_word' id='word_1_827' title='bbox 2904 4446 3077 4509; x_wconf 57' lang='grc' dir='ltr'><strong>ΒΜΔ,</strong></span> <span class='ocrx_word' id='word_1_828' title='bbox 3112 4445 3229 4518; x_wconf 73' lang='lat' dir='ltr'><strong>c._4,</strong></span> <span class='ocrx_word' id='word_1_829' title='bbox 3252 4443 3421 4518; x_wconf 66' lang='lat' dir='ltr'><strong>Agar</strong></span> <span class='ocrx_word' id='word_1_830' title='bbox 3451 4443 3686 4499; x_wconf 69' lang='lat' dir='ltr'><strong>Abrahae</strong></span> 
     </span>
    </p>
   </div>
   <div class='ocr_carea' id='block_1_118' title="bbox 2044 4460 3686 4580">
    <p class='ocr_par' dir='ltr' id='par_1_118' title="bbox 2044 4460 3686 4580">
     <span class='ocr_line' id='line_1_118' title="bbox 2047 4460 3686 4569; baseline -0.003 -69"><span class='ocrx_word' id='word_1_831' title='bbox 2047 4461 2220 4501; x_wconf 85' lang='lat' dir='ltr'><strong>sensu</strong></span> <span class='ocrx_word' id='word_1_832' title='bbox 2256 4460 2362 4499; x_wconf 74' lang='lat' dir='ltr'><strong>Leo</strong></span> <span class='ocrx_word' id='word_1_833' title='bbox 2395 4460 2640 4569; x_wconf 63' lang='lat' dir='ltr'><strong>magnus</strong></span> <span class='ocrx_word' id='word_1_834' title='bbox 2671 4461 2761 4516; x_wconf 92' lang='lat' dir='ltr'><strong>ep.</strong></span> <span class='ocrx_word' id='word_1_835' title='bbox 2794 4460 2869 4499; x_wconf 73' lang='lat' dir='ltr'><strong>ad</strong></span> <span class='ocrx_word' id='word_1_836' title='bbox 2904 4460 3077 4509; x_wconf 59' lang='lat' dir='ltr'><strong>Musa,</strong></span> <span class='ocrx_word' id='word_1_837' title='bbox 3112 4460 3229 4510; x_wconf 73' lang='lat'><strong>0.4,</strong></span> <span class='ocrx_word' id='word_1_838' title='bbox 3261 4460 3421 4518; x_wconf 71' lang='lat' dir='ltr'><strong>agar</strong></span> <span class='ocrx_word' id='word_1_839' title='bbox 3451 4460 3686 4499; x_wconf 73' lang='lat' dir='ltr'><strong>Apranis</strong></span> 
     </span>
     <span class='ocr_line' id='line_1_119' title="bbox 2044 4514 3686 4580; baseline -0.004 -9"><span class='ocrx_word' id='word_1_840' title='bbox 2044 4515 2433 4571; x_wconf 89' lang='lat' dir='ltr'><strong>concubinam</strong></span> <span class='ocrx_word' id='word_1_841' title='bbox 2530 4515 2647 4578; x_wconf 90' lang='lat' dir='ltr'><strong>icit,</strong></span> <span class='ocrx_word' id='word_1_842' title='bbox 2689 4514 2748 4569; x_wconf 91' lang='lat' dir='ltr'><strong>id</strong></span> <span class='ocrx_word' id='word_1_843' title='bbox 2805 4521 2916 4580; x_wconf 87' lang='lat' dir='ltr'><strong>est,</strong></span> <span class='ocrx_word' id='word_1_844' title='bbox 2958 4516 3370 4571; x_wconf 73' lang='lat' dir='ltr'><strong>secundarium</strong></span> <span class='ocrx_word' id='word_1_845' title='bbox 3431 4528 3686 4570; x_wconf 87' lang='lat' dir='ltr'><strong>uxorem.</strong></span> 
     </span>
    </p>
   </div>
   <div class='ocr_carea' id='block_1_119' title="bbox 2046 4585 3689 4658">
    <p class='ocr_par' dir='ltr' id='par_1_119' title="bbox 2046 4585 3689 4658">
     <span class='ocr_line' id='line_1_120' title="bbox 2046 4585 3689 4658; baseline -0.003 -16"><span class='ocrx_word' id='word_1_846' title='bbox 2046 4588 2198 4658; x_wconf 86' lang='lat' dir='ltr'><strong>Quin</strong></span> <span class='ocrx_word' id='word_1_847' title='bbox 2228 4588 2343 4658; x_wconf 86' lang='lat' dir='ltr'><strong>imo</strong></span> <span class='ocrx_word' id='word_1_848' title='bbox 2365 4586 2557 4658; x_wconf 69' lang='lat' dir='ltr'><strong>Judaei</strong></span> <span class='ocrx_word' id='word_1_849' title='bbox 2580 4585 2892 4658; x_wconf 72' lang='lat' dir='ltr'><strong>Josephus,</strong></span> <span class='ocrx_word' id='word_1_850' title='bbox 2923 4585 2966 4658; x_wconf 77' lang='grc' dir='ltr'>Ι.</span> <span class='ocrx_word' id='word_1_851' title='bbox 2996 4604 3012 4640; x_wconf 83' lang='grc' dir='ltr'>ι</span> <span class='ocrx_word' id='word_1_852' title='bbox 3048 4587 3228 4658; x_wconf 84' lang='lat' dir='ltr'><strong>Antiq.</strong></span> <span class='ocrx_word' id='word_1_853' title='bbox 3263 4603 3335 4658; x_wconf 16' lang='lat' dir='ltr'><strong>7c.</strong></span> <span class='ocrx_word' id='word_1_854' title='bbox 3390 4588 3458 4642; x_wconf 86' lang='grc'>14</span> <span class='ocrx_word' id='word_1_855' title='bbox 3505 4592 3562 4642; x_wconf 91' lang='lat' dir='ltr'><strong>et</strong></span> <span class='ocrx_word' id='word_1_856' title='bbox 3590 4586 3689 4658; x_wconf 77' lang='grc'><strong>18,</strong></span> 
     </span>
    </p>
   </div>
   <div class='ocr_carea' id='block_1_120' title="bbox 2047 4656 3692 4730">
    <p class='ocr_par' dir='ltr' id='par_1_120' title="bbox 2047 4656 3692 4730">
     <span class='ocr_line' id='line_1_121' title="bbox 2047 4656 3692 4730; baseline -0.004 -16"><span class='ocrx_word' id='word_1_857' title='bbox 2047 4674 2112 4730; x_wconf 83' lang='lat' dir='ltr'><strong>ac</strong></span> <span class='ocrx_word' id='word_1_858' title='bbox 2141 4656 2328 4723; x_wconf 85' lang='lat' dir='ltr'><strong>Philo,</strong></span> <span class='ocrx_word' id='word_1_859' title='bbox 2362 4657 2398 4712; x_wconf 91' lang='lat' dir='ltr'><strong>l.</strong></span> <span class='ocrx_word' id='word_1_860' title='bbox 2434 4657 2598 4721; x_wconf 89' lang='lat' dir='ltr'><strong>Quod</strong></span> <span class='ocrx_word' id='word_1_861' title='bbox 2631 4656 2781 4730; x_wconf 82' lang='lat' dir='ltr'><strong>Deus</strong></span> <span class='ocrx_word' id='word_1_862' title='bbox 2829 4658 2907 4730; x_wconf 80' lang='lat' dir='ltr'><strong>sit</strong></span> <span class='ocrx_word' id='word_1_863' title='bbox 2954 4656 3211 4730; x_wconf 74' lang='lat' dir='ltr'><strong>immut.,</strong></span> <span class='ocrx_word' id='word_1_864' title='bbox 3241 4657 3403 4730; x_wconf 77' lang='lat' dir='ltr'><strong>licet</strong></span> <span class='ocrx_word' id='word_1_865' title='bbox 3452 4656 3692 4730; x_wconf 76' lang='lat' dir='ltr'><strong>patriar-</strong></span> 
     </span>
    </p>
   </div>
   <div class='ocr_carea' id='block_1_121' title="bbox 2047 4725 3692 4800">
    <p class='ocr_par' dir='ltr' id='par_1_121' title="bbox 2047 4725 3692 4800">
     <span class='ocr_line' id='line_1_122' title="bbox 2047 4725 3692 4800; baseline -0.002 -17"><span class='ocrx_word' id='word_1_866' title='bbox 2047 4729 2287 4783; x_wconf 88' lang='lat' dir='ltr'><strong>charum</strong></span> <span class='ocrx_word' id='word_1_867' title='bbox 2322 4744 2560 4800; x_wconf 81' lang='lat' dir='ltr'><strong>suorum</strong></span> <span class='ocrx_word' id='word_1_868' title='bbox 2595 4728 2812 4800; x_wconf 82' lang='lat' dir='ltr'><strong>ubique</strong></span> <span class='ocrx_word' id='word_1_869' title='bbox 2841 4727 3368 4800; x_wconf 86' lang='lat' dir='ltr'><strong>observantissimi,</strong></span> <span class='ocrx_word' id='word_1_870' title='bbox 3418 4725 3534 4785; x_wconf 74' lang='lat' dir='ltr'><strong>non</strong></span> <span class='ocrx_word' id='word_1_871' title='bbox 3587 4725 3692 4782; x_wconf 83' lang='lat' dir='ltr'><strong>alio</strong></span> 
     </span>
    </p>
   </div>
   <div class='ocr_carea' id='block_1_122' title="bbox 2046 4798 3692 4880">
    <p class='ocr_par' dir='ltr' id='par_1_122' title="bbox 2046 4798 3692 4880">
     <span class='ocr_line' id='line_1_123' title="bbox 2046 4798 3692 4880; baseline -0.004 -25"><span class='ocrx_word' id='word_1_872' title='bbox 2046 4804 2242 4855; x_wconf 89' lang='lat' dir='ltr'><strong>tamen</strong></span> <span class='ocrx_word' id='word_1_873' title='bbox 2273 4799 2446 4854; x_wconf 90' lang='lat' dir='ltr'><strong>modo</strong></span> <span class='ocrx_word' id='word_1_874' title='bbox 2471 4798 2773 4880; x_wconf 77' lang='lat' dir='ltr'><strong>appellant</strong></span> <span class='ocrx_word' id='word_1_875' title='bbox 2814 4799 3449 4880; x_wconf 52' lang='lat' dir='ltr'><strong>secundariasneorum</strong></span> <span class='ocrx_word' id='word_1_876' title='bbox 3493 4811 3692 4880; x_wconf 81' lang='lat' dir='ltr'><strong>uxores</strong></span> 
     </span>
    </p>
   </div>
   <div class='ocr_carea' id='block_1_123' title="bbox 2047 4869 3690 4943">
    <p class='ocr_par' dir='ltr' id='par_1_123' title="bbox 2047 4869 3690 4943">
     <span class='ocr_line' id='line_1_124' title="bbox 2047 4869 3690 4943; baseline 0 -20"><span class='ocrx_word' id='word_1_877' title='bbox 2047 4887 2224 4942; x_wconf 90' lang='lat' dir='ltr'><strong>quam</strong></span> <span class='ocrx_word' id='word_1_878' title='bbox 2283 4869 2658 4943; x_wconf 79' lang='lat' dir='ltr'><strong>concubinas,</strong></span> <span class='ocrx_word' id='word_1_879' title='bbox 2717 4876 2793 4943; x_wconf 75' lang='lat' dir='ltr'><strong>et</strong></span> <span class='ocrx_word' id='word_1_880' title='bbox 2831 4870 2985 4926; x_wconf 81' lang='lat' dir='ltr'><strong>filios</strong></span> <span class='ocrx_word' id='word_1_881' title='bbox 3041 4886 3127 4943; x_wconf 75' lang='lat' dir='ltr'><strong>ex_</strong></span> <span class='ocrx_word' id='word_1_882' title='bbox 3162 4869 3280 4925; x_wconf 90' lang='lat' dir='ltr'><strong>illis</strong></span> <span class='ocrx_word' id='word_1_883' title='bbox 3342 4872 3690 4943; x_wconf 75' lang='lat' dir='ltr'><strong>procreatos,</strong></span> 
     </span>
    </p>
   </div>
   <div class='ocr_carea' id='block_1_124' title="bbox 2048 4939 3689 5013">
    <p class='ocr_par' dir='ltr' id='par_1_124' title="bbox 2048 4939 3689 5013">
     <span class='ocr_line' id='line_1_125' title="bbox 2048 4939 3689 5013; baseline -0.002 -18"><span class='ocrx_word' id='word_1_884' title='bbox 2048 4939 2223 5013; x_wconf 79' lang='lat' dir='ltr'><strong>quam</strong></span> <span class='ocrx_word' id='word_1_885' title='bbox 2255 4940 2464 5013; x_wconf 84' lang='lat' dir='ltr'><strong>nothos</strong></span> <span class='ocrx_word' id='word_1_886' title='bbox 2494 4957 2561 4996; x_wconf 89' lang='lat' dir='ltr'><strong>ac</strong></span> <span class='ocrx_word' id='word_1_887' title='bbox 2592 4940 2952 5013; x_wconf 89' lang='lat' dir='ltr'><strong>illegitimos,</strong></span> <span class='ocrx_word' id='word_1_888' title='bbox 2980 4941 3134 5013; x_wconf 88' lang='lat' dir='ltr'><strong>quod</strong></span> <span class='ocrx_word' id='word_1_889' title='bbox 3157 4958 3279 5013; x_wconf 85' lang='lat' dir='ltr'><strong>non</strong></span> <span class='ocrx_word' id='word_1_890' title='bbox 3298 4939 3493 4998; x_wconf 81' lang='lat' dir='ltr'><strong>multo</strong></span> <span class='ocrx_word' id='word_1_891' title='bbox 3513 4939 3689 5013; x_wconf 75' lang='lat' dir='ltr'><strong>levius</strong></span> 
     </span>
    </p>
   </div>
   <div class='ocr_carea' id='block_1_125' title="bbox 2046 5011 3692 5084">
    <p class='ocr_par' dir='ltr' id='par_1_125' title="bbox 2046 5011 3692 5084">
     <span class='ocr_line' id='line_1_126' title="bbox 2046 5011 3692 5084; baseline -0.002 -16"><span class='ocrx_word' id='word_1_892' title='bbox 2046 5011 2176 5084; x_wconf 83' lang='lat' dir='ltr'><strong>esse</strong></span> <span class='ocrx_word' id='word_1_893' title='bbox 2201 5012 2511 5084; x_wconf 84' lang='lat' dir='ltr'><strong>putaveris,</strong></span> <span class='ocrx_word' id='word_1_894' title='bbox 2544 5011 2722 5084; x_wconf 78' lang='lat' dir='ltr'><strong>quam</strong></span> <span class='ocrx_word' id='word_1_895' title='bbox 2754 5012 2942 5084; x_wconf 82' lang='lat' dir='ltr'><strong>dicere</strong></span> <span class='ocrx_word' id='word_1_896' title='bbox 2973 5011 3313 5083; x_wconf 76' lang='lat' dir='ltr'><strong>huiusmodi</strong></span> <span class='ocrx_word' id='word_1_897' title='bbox 3357 5011 3692 5084; x_wconf 84' lang='lat' dir='ltr'><strong>conjugium</strong></span> 
     </span>
    </p>
   </div>
   <div class='ocr_carea' id='block_1_126' title="bbox 2046 5082 3689 5155">
    <p class='ocr_par' dir='ltr' id='par_1_126' title="bbox 2046 5082 3689 5155">
     <span class='ocr_line' id='line_1_127' title="bbox 2046 5082 3689 5155; baseline 0 -15"><span class='ocrx_word' id='word_1_898' title='bbox 2046 5082 2399 5155; x_wconf 77' lang='lat' dir='ltr'><strong>adulterium</strong></span> <span class='ocrx_word' id='word_1_899' title='bbox 2427 5082 2716 5155; x_wconf 68' lang='lat' dir='ltr'><strong>essequod</strong></span> <span class='ocrx_word' id='word_1_900' title='bbox 2742 5083 2988 5139; x_wconf 84' lang='lat' dir='ltr'><strong>nondum</strong></span> <span class='ocrx_word' id='word_1_901' title='bbox 3015 5082 3372 5140; x_wconf 72' lang='lat' dir='ltr'><strong>interdictum</strong></span> <span class='ocrx_word' id='word_1_902' title='bbox 3392 5082 3689 5155; x_wconf 59' lang='lat' dir='ltr'><strong>videbatur-</strong></span> 
     </span>
    </p>
   </div>
   <div class='ocr_carea' id='block_1_127' title="bbox 2116 5152 3693 5226">
    <p class='ocr_par' dir='ltr' id='par_1_127' title="bbox 2116 5152 3693 5226">
     <span class='ocr_line' id='line_1_128' title="bbox 2116 5152 3693 5226; baseline -0.002 -15"><span class='ocrx_word' id='word_1_903' title='bbox 2116 5155 2230 5226; x_wconf 82' lang='lat'><strong>(29)</strong></span> <span class='ocrx_word' id='word_1_904' title='bbox 2260 5154 2411 5209; x_wconf 91' lang='lat' dir='ltr'><strong>Edit.</strong></span> <span class='ocrx_word' id='word_1_905' title='bbox 2444 5152 2738 5209; x_wconf 51' lang='lat' dir='ltr'><strong>Erafcum</strong></span> <span class='ocrx_word' id='word_1_906' title='bbox 2761 5154 3183 5226; x_wconf 90' lang='lat' dir='ltr'><strong>posterioribus</strong></span> <span class='ocrx_word' id='word_1_907' title='bbox 3213 5155 3519 5220; x_wconf 88' lang='lat' dir='ltr'><strong>omnibus,</strong></span> <span class='ocrx_word' id='word_1_908' title='bbox 3550 5152 3693 5226; x_wconf 67' lang='lat' dir='ltr'><strong>scri-</strong></span> 
     </span>
    </p>
   </div>
   <div class='ocr_carea' id='block_1_128' title="bbox 2047 5223 3691 5293">
    <p class='ocr_par' dir='ltr' id='par_1_128' title="bbox 2047 5223 3691 5293">
     <span class='ocr_line' id='line_1_129' title="bbox 2047 5223 3691 5293; baseline -0.002 -12"><span class='ocrx_word' id='word_1_909' title='bbox 2047 5223 2132 5283; x_wconf 71' lang='lat' dir='ltr'><strong>bae</strong></span> <span class='ocrx_word' id='word_1_910' title='bbox 2158 5223 2219 5281; x_wconf 82' lang='lat' dir='ltr'><strong>et</strong></span> <span class='ocrx_word' id='word_1_911' title='bbox 2238 5227 2530 5281; x_wconf 73' lang='lat' dir='ltr'><strong>Pharisaei.</strong></span> <span class='ocrx_word' id='word_1_912' title='bbox 2562 5227 2693 5281; x_wconf 85' lang='lat' dir='ltr'><strong>Am.</strong></span> <span class='ocrx_word' id='word_1_913' title='bbox 2725 5223 2923 5282; x_wconf 78' lang='lat' dir='ltr'><strong>autem</strong></span> <span class='ocrx_word' id='word_1_914' title='bbox 2954 5231 3011 5281; x_wconf 91' lang='lat' dir='ltr'><strong>et</strong></span> <span class='ocrx_word' id='word_1_915' title='bbox 3040 5243 3183 5282; x_wconf 88' lang='lat' dir='ltr'><strong>mss.</strong></span> <span class='ocrx_word' id='word_1_916' title='bbox 3237 5243 3473 5293; x_wconf 90' lang='lat' dir='ltr'><strong>omnes,</strong></span> <span class='ocrx_word' id='word_1_917' title='bbox 3502 5223 3691 5280; x_wconf 70' lang='lat' dir='ltr'><strong>scriba!</strong></span> 
     </span>
    </p>
   </div>
   <div class='ocr_carea' id='block_1_129' title="bbox 2044 5297 2473 5353">
    <p class='ocr_par' dir='ltr' id='par_1_129' title="bbox 2044 5297 2473 5353">
     <span class='ocr_line' id='line_1_130' title="bbox 2044 5297 2473 5353; baseline -0.002 -1"><span class='ocrx_word' id='word_1_918' title='bbox 2044 5297 2473 5353; x_wconf 70' lang='lat' dir='ltr'><strong>Pharisazorum.</strong></span> 
     </span>
    </p>
   </div>
   <div class='ocr_carea' id='block_1_130' title="bbox 2116 5366 3691 5449">
    <p class='ocr_par' dir='ltr' id='par_1_130' title="bbox 2116 5366 3691 5449">
     <span class='ocr_line' id='line_1_131' title="bbox 2116 5366 3691 5449; baseline -0.001 -27"><span class='ocrx_word' id='word_1_919' title='bbox 2116 5366 2523 5449; x_wconf 35' lang='lat' dir='ltr'><strong>(30)_.Latin&#39;iu_s</strong></span> <span class='ocrx_word' id='word_1_920' title='bbox 2548 5366 2861 5449; x_wconf 63' lang='lat' dir='ltr'><strong>legendum</strong></span> <span class='ocrx_word' id='word_1_921' title='bbox 2892 5367 3181 5449; x_wconf 80' lang='lat' dir='ltr'><strong>conjectat</strong></span> <span class='ocrx_word' id='word_1_922' title='bbox 3228 5367 3455 5449; x_wconf 79' lang='lat' dir='ltr'><strong>culpam</strong></span> <span class='ocrx_word' id='word_1_923' title='bbox 3494 5368 3691 5449; x_wconf 64' lang='lat' dir='ltr'><strong>praetc-</strong></span> 
     </span>
    </p>
   </div>
   <div class='ocr_carea' id='block_1_131' title="bbox 2043 5438 3689 5511">
    <p class='ocr_par' dir='ltr' id='par_1_131' title="bbox 2043 5438 3689 5511">
     <span class='ocr_line' id='line_1_132' title="bbox 2043 5438 3689 5511; baseline -0.002 -16"><span class='ocrx_word' id='word_1_924' title='bbox 2043 5438 2217 5496; x_wconf 72' lang='lat' dir='ltr'><strong>xunt.</strong></span> <span class='ocrx_word' id='word_1_925' title='bbox 2239 5439 2348 5511; x_wconf 80' lang='lat' dir='ltr'><strong>Sed</strong></span> <span class='ocrx_word' id='word_1_926' title='bbox 2379 5438 2523 5495; x_wconf 89' lang='lat' dir='ltr'><strong>nihil</strong></span> <span class='ocrx_word' id='word_1_927' title='bbox 2554 5438 2648 5496; x_wconf 72' lang='lat' dir='ltr'><strong>hic</strong></span> <span class='ocrx_word' id='word_1_928' title='bbox 2675 5438 3023 5496; x_wconf 88' lang='lat' dir='ltr'><strong>mutandum</strong></span> <span class='ocrx_word' id='word_1_929' title='bbox 3057 5456 3191 5498; x_wconf 91' lang='lat' dir='ltr'><strong>cum</strong></span> <span class='ocrx_word' id='word_1_930' title='bbox 3223 5438 3470 5496; x_wconf 77' lang='lat' dir='ltr'><strong>verbum</strong></span> <span class='ocrx_word' id='word_1_931' title='bbox 3498 5438 3689 5511; x_wconf 60' lang='lat' dir='ltr'><strong>prete-</strong></span> 
     </span>
    </p>
   </div>
   <div class='ocr_carea' id='block_1_132' title="bbox 2043 5510 3029 5591">
    <p class='ocr_par' dir='ltr' id='par_1_132' title="bbox 2043 5510 3029 5591">
     <span class='ocr_line' id='line_1_133' title="bbox 2043 5510 3029 5591; baseline 0.004 -21"><span class='ocrx_word' id='word_1_932' title='bbox 2043 5511 2169 5570; x_wconf 71' lang='lat' dir='ltr'><strong>xuit</strong></span> <span class='ocrx_word' id='word_1_933' title='bbox 2192 5510 2475 5572; x_wconf 83' lang='lat' dir='ltr'><strong>referatur</strong></span> <span class='ocrx_word' id='word_1_934' title='bbox 2502 5510 2576 5574; x_wconf 82' lang='lat' dir='ltr'><strong>ad</strong></span> <span class='ocrx_word' id='word_1_935' title='bbox 2600 5525 2799 5573; x_wconf 83' lang='lat' dir='ltr'><strong>vocem</strong></span> <span class='ocrx_word' id='word_1_936' title='bbox 2827 5512 3029 5591; x_wconf 81' lang='lat' dir='ltr'><strong>gratia.</strong></span> 
     </span>
    </p>
   </div>
  </div>
