3878 6208
170 324 281 384 153

1462 322 1563 382 DE
1606 320 1987 382 ABRAIIAM
2036 320 2181 383 LIB.
2228 322 2273 382 1.

3444 324 3559 381 451

2124 456 2154 477 η

170 454 348 510 beatis
371 470 600 526 cavere,
634 471 707 512 ne
754 455 890 528 quis
946 454 1330 513 sacramentis
1383 472 1445 511 se
1502 455 1813 526 indignum
1842 453 1897 519 Α
1928 454 2066 509 tiani
2102 456 2234 525 (33?.
2263 457 2407 510 dixit
2436 456 2557 511 illi:
2590 459 2699 525 L‘go
2727 475 2847 512 sum
2878 457 3015 511 Deus
3042 458 3189 524 tuus,
3219 471 3457 509 emori-re
3505 458 3557 508 in

168 544 437 616 praebeat.

229 633 319 687 26.
346 632 613 705 Accipite
642 633 819 689 etiam
848 631 1032 703 aliud,
1064 633 1206 704 quia
1234 631 1575 704 bujusmodi
1608 632 1816 687 intem-

178 721 443 791 perantia
473 720 645 776 solvit
676 721 1021 777 charitatem
1051 721 1332 794 conjugii,
1380 720 1664 791 superbas
1710 736 1815 774 an-

172 807 333 864 cillas
364 809 529 874 facit,
565 810 876 865 iracundas
906 814 1228 876 matronas,
1273 809 1572 865 discordes
1619 810 1817 878 conju-

169 912 288 968 ges,
322 897 689 952 concubinas
718 914 1017 969 procaces,
1075 897 1495 953 inverecundos
1554 895 1814 951 maritos.

170 983 359 1039 Simul
393 989 459 1040 ut
487 986 558 1040 de
591 985 830 1041 domino
861 986 1191 1057 conceperit
1211 984 1445 1052 ancilla,
1468 985 1692 1056 spernit
1720 984 1819 1039 do-

167 1072 389 1127 minam
419 1090 591 1128 suam
622 1078 905 1145 tanquam
964 1073 1143 1128 ditior
1200 1078 1406 1145 partu:
1463 1073 1701 1128 domina
1757 1089 1819 1127 se

166 1159 390 1233 despici
413 1158 592 1229 dolet,
624 1162 903 1216 maritum
933 1167 1231 1217 auctorem
1278 1160 1629 1232 injuriarum
1682 1177 1817 1216 sua-

165 1265 298 1303 rum
332 1248 549 1321 arguit.
581 1248 842 1320 Denique
872 1253 1015 1305 Sara
1037 1249 1168 1322 ipsa
1195 1250 1406 1305 marito
1437 1248 1665 1305 ancilla:
1702 1266 1819 1304 suae

167 1340 520 1409 potestatem
554 1335 814 1403 dederat,
848 1342 905 1391 et
932 1342 1135 1409 postea
1160 1337 1301 1393 dicit
1332 1338 1402 1393 ad
1444 1354 1580 1393 eum
1610 1355 1623 1391 :
1675 1338 1821 1408 Inju-

165 1428 313 1479 riam
342 1427 551 1497 accipio
579 1441 673 1495 ego
706 1443 777 1487 ea:
799 1430 888 1479 te:
914 1442 1011 1495 ego
1038 1425 1165 1481 dedi
1205 1426 1470 1481 ancillam
1526 1442 1703 1481 meam
1762 1427 1822 1479 in

170 1516 356 1569 sinum
377 1518 537 1569 tuum
557 1515 698 1578 ;ubi
727 1523 909 1570 autem
942 1513 1084 1569 videt
1126 1519 1439 1586 ronceptum
1496 1530 1628 1579 esse,
1670 1530 1822 1585 spre-

165 1608 217 1657 ta
248 1620 400 1666 sum,
432 1598 651 1675 inquit,
681 1620 863 1657 ein-am
892 1604 959 1657 ab
991 1620 1052 1658 ea
1078 1621 1090 1657 :
1115 1602 1325 1675 judiret
1355 1605 1495 1658 Deus
1546 1605 1691 1657 inter
1740 1618 1827 1657 me

164 1696 216 1748 et
247 1695 300 1746 te
332 1691 490 1764 (Gen.
530 1709 644 1757 xw,
700 1694 781 1761 ὅ).
839 1693 1106 1757 Quantus
1164 1690 1350 1759 dolor,
1405 1708 1584 1763 quam
1632 1690 1826 1764 gravis

166 1780 414 1853 querela
444 1780 515 1834 sit
553 1780 902 1835 feminarum
930 1778 1178 1835 lectione
1208 1780 1536 1853 exponitur.
1580 1780 1661 1835 Da
1722 1780 1827 1834 im-

164 1869 482 1942 providum
504 1873 562 1924 et
583 1868 767 1923 levem
792 1869 1066 1924 maritum
1093 1868 1194 1941 qui
1219 1868 1560 1941 morigerari
1582 1869 1821 1936 nesciat,

164 1963 222 2014 et
243 1957 485 2013 divortii
516 1974 726 2013 causas
756 1956 1008 2012 exhibet.
1042 1957 1153 2012 Sed
1199 1956 1511 2028 Abraham,
1570 1957 1657 2011 vir
1702 1974 1823 2011 mo-

164 2048 407 2103 deratus
436 2050 495 2101 et
524 2046 821 2119 prudens:
869 2047 1021 2113 Ecre,
1087 2045 1296 2119 inquit,
1350 2047 1559 2101 ancilla
1614 2049 1710 2101 tua
1768 2048 1823 2101 in

164 2136 428 2190 manibus
457 2136 590 2202 luis,
623 2143 771 2190 utere
797 2151 863 2191 ea
890 2135 1152 2206 quomodo
1206 2135 1309 2189 tibi
1346 2136 1618 2207 placuerit
1669 2135 1822 2205 (Ibid.

164 2225 240 2295 6).
277 2222 489 2278 Maluit
518 2222 675 2278 enim
708 2239 947 2277 uxorem
1011 2227 1229 2292 tenere,
1289 2238 1466 2295 quam
1522 2222 1824 2278 famulam.

164 2316 284 2367 Nec
310 2311 422 2367 hoc
454 2316 654 2367 tamen
687 2309 923 2383 plenum
970 2311 1318 2367 remedium.
1370 2311 1610 2383 Accepit
1676 2318 1831 2383 pote-

168 2406 388 2457 statem
422 2400 575 2454 irata
606 2417 749 2454 uxor
805 2400 941 2470 (31),
1000 2405 1056 2455 et
1110 2399 1556 2456 immoderatius
1612 2399 1830 2454 ultione

172 2489 473 2562 permissa
502 2489 708 2543 utitur.
742 2490 901 2554 Quod
935 2489 983 2544 si
1017 2488 1161 2543 Sara
1205 2489 1663 2544 moderationem
1714 2505 1828 2543 non

169 2579 388 2643 tenuit,
430 2593 558 2648 quae
615 2577 880 2631 tenebit?
929 2576 1173 2647 Ideoque
1233 2576 1513 2648 scriptum
1587 2582 1714 2632 est:
1769 2578 1835 2631 Et

167 2667 389 2737 afﬂixit
438 2681 562 2720 eam
585 2666 746 2728 Sara,
778 2673 828 2720 et
862 2664 1050 2737 fugito
1090 2667 1230 2736 [acie
1276 2666 1414 2735 ejus.
1466 2665 1653 2736 (Ibid.)
1704 2666 1829 2721 Duo

170 2758 317 2810 sunt
344 2770 477 2825 quae
508 2752 950 2824 comprehendit
979 2753 1133 2809 292
1159 2753 1460 2825 Scriptura
1484 2772 1497 2820 ;
1523 2759 1587 2807 ut
1632 2758 1688 2808 et
1729 2754 1829 2809 do-

172 2844 355 2898 minae
387 2857 624 2913 gravem
648 2841 1111 2912 indignationem
1134 2840 1508 2912 exprimeret,
1532 2847 1589 2896 et
1609 2841 1831 2896 ancillae

174 2937 478 2988 tumorem
510 2945 575 2984 ac
605 2929 962 3001 superbiam.
1013 2928 1176 2992 Quod
1229 2929 1436 2984 at'tlixit
1487 2946 1613 2985 eam
1667 2930 1829 2995 Sara,

177 3022 242 3076 ad
281 3017 656 3074 iracundiam
687 3017 1002 3089 afﬂigentis
1035 3019 1322 3073 refertur:
1359 3018 1518 3089 quod
1548 3023 1705 3091 Agar
1750 3020 1837 3073 fu-

175 3104 718 3179 git,contumeliam
753 3104 944 3161 servili
979 3105 1255 3177 patientia
1290 3121 1402 3160 non
1430 3105 1667 3173 ferebat,
1706 3124 1832 3178 quae

1920 555 2199 613 amspet‘tu
2235 561 2371 609 meo,
2404 554 2454 600 et
2485 550 2593 601 esto
2636 549 2754 600 sine
2807 545 3027 616 querela
3085 544 3234 614 (Cen.
3294 559 3428 608 xvu,
3488 544 3561 605 ll,

1924 632 2092 701 quasi
2125 632 2313 687 adhuc
2346 633 2513 704 plene
2549 651 2660 689 non
2691 634 3057 696 emeruisset,
3087 632 3188 704 qui
3227 632 3564 702 desperaret

1923 719 2139 775 sterilis
2173 723 2658 791 partnmuxoris,
2689 728 2748 777 et
2791 723 2860 777 de
2904 720 3118 776 ancilla
3166 718 3563 791 posteritatem

1924 815 2227 877 quaareret.
2260 811 2404 876 Esto,
2437 810 2647 881 inquit,
2679 813 2797 865 sine
2834 810 3076 880 querela,
3124 809 3229 863 hoc
3278 812 3368 862 est
3424 806 3565 861 irre-

1926 895 2382 967 prehensibilis;
2418 904 2481 952 ut
2509 899 2580 953 de
2630 905 2683 953 te
2740 916 2853 953 non
2904 902 3182 968 queratur
3239 912 3402 963 uxor,
3462 912 3567 949 nec

1926 984 2238 1055 quisquam
2268 992 2369 1040 tua
2402 987 2553 1041 facta
2584 987 2991 1057 reprehendat.
3025 986 3208 1040 Mutat
3256 984 3412 1040 enim
3466 1000 3565 1038 no-

1928 1089 2084 1141 men,
2116 1073 2309 1129 littera
2337 1075 2559 1140 addita,
2594 1082 2657 1129 ut
2687 1076 2757 1129 de
2793 1077 3000 1129 Abram
3048 1079 3348 1129 vocaretur
3393 1075 3568 1127 Abra-

1929 1160 2087 1227 ham,
2123 1162 2228 1217 hoc
2262 1167 2370 1228 est,
2405 1163 2474 1218 de
2505 1175 2659 1234 putre
2700 1182 2861 1227 mnu,
2924 1163 3075 1217 sicut
3132 1162 3309 1216 habet
3368 1161 3573 1216 Latina

1928 1249 2353 1321 interpretatio,
2388 1261 2689 1307 vocaretur
2727 1264 2885 1318 pater
2912 1253 3184 1315 subLmis,
3240 1256 3402 1321 pater
3457 1248 3569 1303 ele-

1930 1344 2096 1404 ctus;
2129 1338 2215 1392 vel
2248 1339 2317 1393 de
2346 1344 2505 1410 patre
2534 1340 2697 1394 ﬁeret
2725 1346 2779 1394 et
2828 1346 2989 1411 pater
3032 1339 3154 1393 ω.
3203 1341 3402 1392 Vanus
3450 1340 3573 1392 erat

1928 1442 2064 1481 cum
2100 1426 2284 1481 Deum
2318 1427 2595 1494 nesciret;
2628 1426 2846 1482 electus
2887 1430 3074 1482 factus
3125 1431 3215 1481 est
3262 1430 3573 1498 postquam

1932 1514 2197 1585 cognovit
2233 1515 2436 1570 Deum.
2472 1516 2639 1571 Pater
2664 1528 2789 1570 erat
2819 1533 2950 1569 eum
2984 1517 3053 1570 de
3100 1513 3311 1569 ancilla
3351 1512 3572 1586 prolem

1938 1602 2209 1657 haberet:
2244 1605 2344 1659 sed
2380 1610 2541 1676 pater
2573 1605 2671 1658 ﬁlii
2706 1623 2819 1659 no.1
2853 1611 3013 1670 erat;
3049 1603 3186 1674 quia
3216 1620 3329 1657 non
3360 1607 3483 1657 erat
3522 1601 3573 1656 ei

1935 1690 2111 1755 filius,
2147 1691 2247 1763 qui
2280 1710 2393 1747 non
2427 1698 2550 1748 erat
2594 1692 2855 1763 legitque
2906 1698 3218 1764 susceptus
3279 1690 3571 1764 conjugio.

1936 1778 2161 1850 Peperit
2192 1781 2354 1850 Sara,
2387 1785 2441 1836 et
2472 1782 2660 1836 factus
2708 1787 2795 1836 est
2845 1789 3006 1853 pater
3054 1781 3177 1836 lilii.
3230 1779 3573 1836 Circumcidi

1925 1867 2168 1937 jubetur
2193 1875 2538 1940 accepturus
2559 1870 2674 1923 veri
2707 1868 2949 1925 seminis
2981 1868 3397 1924 hmreditatem.
3433 1868 3579 1926 Non-

1935 1972 2006 2010 ne
2037 1957 2336 2012 evidenter
2366 1957 2732 2012 circumcisio
2765 1958 2955 2013 carnis
2984 1961 3336 2030 praeceptum
3359 1962 3449 2013 est
3483 1974 3577 2013 ca-

1937 2043 2244 2110 stimoniae,
2280 2049 2343 2099 ut
2373 2044 2586 2117 aliquis
2630 2054 2843 2101 recuset
2901 2045 3202 2102 libidinem
3260 2046 3475 2111 carnis,
3524 2049 3581 2101 et

1935 2130 2254 2188 indomitas
2288 2132 2425 2188 luxu
2470 2151 2535 2188 ac
2591 2133 2828 2189 lascivia
2880 2135 3129 2190 refrenet
3185 2132 3583 2205 cupiditates?

1937 2221 2166 2276 Etenim
2212 2222 2677 2277 circumcisionis
2723 2222 2998 2278 vocabulo
3058 2223 3116 2278 id
3164 2222 3579 2295 praescribitur,

1939 2314 2003 2362 ut
2032 2310 2225 2363 omnis
2259 2310 2616 2381 impuritatis
2650 2314 2815 2365 l‘mtor
2844 2314 3230 2383 abstergalur,
3282 2315 3337 2365 et
3386 2311 3582 2366 incen-

1937 2397 2119 2451 tivum
2155 2396 2415 2453 libidinis
2447 2400 2764 2455 auferatur.
2802 2400 3034 2455 Duabus
3072 2400 3160 2454 usi
3219 2417 3427 2455 sumus
3484 2400 3582 2454 de-

1941 2485 2322 2541 fensionibus.

2009 2576 2098 2629 28.
2130 2568 2322 2630 Tel-tia
2352 2593 2583 2647 quoque
2614 2582 2701 2631 est
2731 2594 2907 2648 quam
2942 2577 3109 2632 nobis
3142 2575 3387 2648 apostoli
3421 2575 3581 2631 Pauli

1939 2662 2144 2717 tribuit
2176 2664 2513 2730 auctoritas,
2546 2664 2644 2736 qui
2678 2665 2789 2719 ait:
2836 2664 2937 2719 Illa
2998 2681 3124 2735 quae
3178 2663 3357 2736 gessit
3402 2665 3582 2719 Abra-

1940 2750 2077 2805 ham
2110 2757 2172 2805 ut
2203 2752 2271 2806 de
2304 2752 2513 2807 ancilla
2546 2754 2869 2825 susciperet
2900 2752 3185 2814 sobolem,
3220 2754 3276 2807 in
3334 2754 3581 2825 ﬁguram

1942 2839 2090 2893 facta
2124 2844 2281 2907 sunt,
2307 2844 2363 2893 et
2385 2842 2708 2896 secundum
2740 2840 3078 2913 allegoriam
3128 2842 3304 2896 dicta.
3357 2841 3584 2914 Allege-

1942 2927 2028 2981 ria
2057 2933 2144 2981 est
2174 2945 2306 2983 cum
2339 2928 2495 2984 aliud
2529 2930 2752 3001 geritur
2782 2934 2838 2985 et
2867 2928 3024 2984 aliud
3070 2930 3388 3002 figuratur;
3434 2930 3587 2986 sicut

1940 3015 2117 3070 etiam
2142 3017 2263 3088 ipse
2291 3016 2602 3087 Apostolus
2635 3017 2800 3073 docet
2832 3017 3064 3073 dicens:
3097 3018 3206 3072 Sub
3243 3018 3358 3087 lege
3402 3020 3583 3074 relen-

1943 3107 2017 3158 τες
2064 3121 2197 3170 esse,
2257 3106 2431 3173 legem
2480 3123 2588 3159 non
2651 3107 2905 3175 legistis?
2963 3106 3238 3177 Scriptum
3293 3115 3371 3161 est
3415 3108 3578 3164 enim.

177 3195 303 3251 sibi
324 3193 532 3249 herilis
561 3193 928 3249 contubernii
980 3193 1315 3248 vindicabat
1372 3194 1708 3266 fastigium:
1743 3196 1831 3250 in-
1862 3180 1904 3245 (Σ
1944 3192 2215 3260 Quoniam
2252 3193 2527 3248 Abraham
2580 3192 2712 3248 duos
2766 3195 2910 3263 ﬁlios
2968 3195 3241 3259 habuerit,
3302 3212 3471 3249 unum
3520 3196 3584 3253 de

172 3284 433 3353 d'gnata
462 3286 551 3337 est
604 3281 905 3351 injuriam,
937 3298 1063 3353 quae
1113 3281 1385 3337 induerat
1439 3281 1834 3339 insolentiam.

179 3370 453 3442 Denique
484 3370 863 3439 interroganti
899 3370 1103 3441 angelo
1146 3386 1263 3441 quo
1321 3370 1452 3438 iret,
1503 3372 1830 3443 respondit:

174 3470 209 3516 Α
243 3462 398 3533 facie
421 3460 580 3515 Sorae
608 3459 847 3515 domine
883 3473 1027 3515 mea:
1071 3474 1171 3528 ego
1224 3460 1381 3530 [ugio
1422 3460 1578 3527 (Ibid.
1638 3461 1713 3531 8).
1770 3461 1835 3516 Et

176 3549 289 3605 hoc
322 3547 576 3603 tumoris
607 3546 930 3614 immodici,
953 3551 1016 3602 ut
1046 3547 1215 3619 prius
1251 3563 1460 3602 nomen
1506 3548 1657 3611 Suras
1689 3548 1837 3604 dice-

180 3643 291 3705 ret,
327 3641 536 3709 postea
565 3634 865 3690 dominam
913 3635 1288 3707 signiﬁcaret.
1350 3635 1495 3691 Illud
1554 3637 1625 3691 ad
1680 3636 1833 3708 inju-

184 3725 342 3782 riam
373 3723 771 3796 prazmissum,
805 3723 914 3779 hoc
963 3724 1034 3779 ad
1088 3724 1518 3796 capressionem
1576 3741 1833 3797 persona:

182 3813 482 3870 additum.
508 3811 634 3868 Non
667 3810 887 3884 placuit
917 3810 1123 3885 angelo
1153 3811 1377 3881 ancillae
1408 3812 1754 3878 insolentia;
1778 3818 1836 3870 et

182 3903 320 3958 ilco
351 3902 501 3957 dixit
530 3900 963 3957 illi:llevertere
1018 3900 1088 3956 ad
1139 3901 1418 3957 dominam
1468 3905 1619 3957 tuam
1674 3902 1831 3975 (Ibid.

181 3993 259 4064 9').
298 3991 518 4062 Utique
548 4006 663 4045 non
694 3989 965 4046 latuisset
995 3988 1294 4063 angelum,
1327 3989 1379 4045 si
1417 3990 1471 4045 vi
1518 3989 1833 4063 supplicio-

182 4097 320 4136 rum
350 4080 510 4134 victa
540 4078 804 4151 fugisset,
835 4084 891 4134 et
920 4078 1111 4152 magis
1142 4077 1614 4150 reprehendisset
1635 4080 1833 4136 verbe-

178 4170 372 4225 rantis
406 4166 709 4235 saevitiam,
738 4184 915 4238 quam
946 4165 1225 4240 fugientis
1241 4165 1695 4224 discessionem:
1730 4169 1831 4225 sed

177 4262 244 4313 ut
274 4257 617 4313 ostenderet
645 4255 783 4327 quia
814 4260 1095 4328 tanquam
1133 4256 1388 4329 superba
1434 4256 1711 4330 fugiebat,
1762 4275 1834 4315 ne

179 4346 445 4419 superba
475 4350 633 4400 esset
661 4344 910 4400 domina:
940 4346 1077 4416 (32),
1108 4344 1369 4400 addidit:
1397 4347 1461 4402 Et
1506 4347 1741 4403 humilia
1782 4350 1835 4403 te

179 4435 285 4490 sub
318 4433 583 4489 manibus
612 4434 729 4503 ejus
762 4431 918 4503 (Ibid.
953 4438 992 4500 ).
1034 4432 1178 4505 Opto
1235 4432 1413 4506 igitur
1473 4438 1539 4490 ut
1593 4434 1701 4491 hoc
1748 4435 1831 4490 vi-

184 4523 340 4578 tium
374 4520 578 4578 nullus
606 4521 994 4609 incidat;sed
1019 4521 1068 4577 si
1110 4521 1244 4609 quis
1296 4522 1587 4590 inciderit,
1645 4524 1833 4581 discat
1859 4545 1907 4609 υ

178 4610 465 4668 ancillam
496 4627 665 4666 suam
698 4608 1008 4665 humiliare
1041 4607 1202 4665 uxori
1228 4626 1380 4678 suae;
1413 4627 1486 4667 ne
1516 4611 1657 4666 dum
1706 4611 1831 4668 vult

176 4700 463 4758 ancillam
495 4698 811 4765 vindicare,
841 4696 1119 4753 excludat
1147 4715 1406 4754 uxorem.

242 4791 339 4846 27.
376 4789 526 4861 Ergo
547 4786 843 4843 Abraham
869 4791 927 4843 et
958 4803 1110 4843 unus
1139 4786 1210 4841 de
1259 4786 1474 4860 populo
1528 4792 1653 4845 erat
1688 4806 1827 4863 gen-

172 4879 284 4947 tili,
322 4882 383 4933 et
412 4893 594 4933 causa
618 4875 975 4948 posteritatis
1031 4874 1334 4931 introierat
1390 4876 1461 4931 ad
1514 4876 1825 4945 ancillam;

174 4967 321 5040 quia
352 4983 502 5022 uxor
530 4965 659 5036 ejus
690 4963 1051 5020 sterilitatem
1097 4980 1264 5020 suam
1322 4965 1673 5022 obumbrare
1728 4984 1826 5023 cu-

171 5056 370 5128 piens,
405 5057 614 5111 auctor
642 5055 772 5125 ejus
806 5052 939 5108 facti
966 5052 1156 5107 fuerat
1183 5051 1343 5108 viro:
1372 5057 1430 5109 et
1466 5059 1664 5110 tamen
1711 5072 1827 5111 non

173 5144 437 5200 otiosum
466 5146 558 5199 est
588 5142 743 5214 quod
776 5146 908 5213 post
933 5139 1043 5197 hoc
1071 5140 1226 5197 Deus
1256 5141 1479 5211 statim,
1522 5143 1661 5215 quia
1713 5143 1828 5200 alia

172 5232 308 5303 ejus
350 5247 527 5303 opera
572 5229 864 5302 probaret,
934 5226 1022 5283 vel
1090 5227 1273 5300 hujus
1334 5228 1471 5286 facti
1536 5231 1825 5304 poeniten-

244 5406 366 5476 (3l)
393 5406 533 5462 Mss.
568 5405 722 5474 Vat.,
757 5405 921 5476 Reg.,
951 5403 1139 5472 Valc.,
1171 5405 1392 5463 Theod.
1423 5412 1480 5464 et
1532 5408 1675 5465 Maz.
1735 5428 1824 5467 se-

173 5477 376 5533 cunda
404 5495 610 5542 manu,
640 5477 902 5532 miranda
926 5492 1087 5532 uxor.

243 5550 369 5621 (32)
397 5550 486 5605 Ita
514 5548 711 5616 Corb.,
737 5547 923 5621 Yalc.,
954 5545 1206 5621 Colb._et
1242 5545 1411 5621 (Maz.,
1451 5550 1605 5619 Edit,
1664 5569 1820 5621 vero,

175 5623 235 5683 et
264 5619 371 5681 alii
400 5637 546 5685 mss.
578 5635 648 5682 ne
671 5619 914 5697 subjecta
938 5627 1075 5682 esset
1102 5618 1353 5684 domina.
1401 5620 1611 5704 Excipe
1647 5618 1823 5704 Torn,

1943 3282 2171 3347 ancilla,
2202 3284 2249 3336 et
2300 3298 2470 3336 unum
2500 3282 2807 3342 delibera;
2856 3282 2946 3335 sed
2994 3284 3039 3336 is
3097 3282 3311 3354 quidem
3371 3285 3467 3353 qui
3518 3284 3583 3340 de

1942 3370 2171 3439 ancilla,
2202 3369 2495 3424 secundum
2524 3386 2743 3423 carnem
2776 3373 2935 3424 natus
2973 3374 3088 3425 est:
3146 3372 3243 3442 ιιιιί
3288 3375 3469 3425 autem
3516 3372 3583 3428 de

1944 3458 2117 3512 libera
2148 3458 2300 3514 293
2327 3476 2425 3529 per
2453 3460 2927 3530 repromissionem
2949 3477 2969 3512 .·
2998 3476 3114 3531 quia
3143 3467 3267 3513 sunt
3298 3477 3399 3531 per
3443 3461 3577 3515 alle-

1940 3548 2154 3617 goriam
2180 3547 2341 3602 dicta.
2366 3549 2501 3602 Nam
2528 3548 2640 3602 here
2667 3551 2793 3602 sunt
2844 3546 2951 3603 duo
3005 3549 3365 3603 Testamenta:
3414 3566 3586 3604 unum

1943 3635 2163 3706 quidem
2192 3653 2226 3690 a
2256 3638 2434 3691 monte
2464 3637 2601 3691 Sina
2647 3640 2703 3691 in
2758 3638 3073 3692 servitutem
3128 3653 3391 3707 generous
3447 3637 3585 3709 quod

1942 3727 2018 3779 est
2050 3724 2194 3795 .‘lgar
2222 3724 2422 3795 (Colat.
2456 3742 2533 3792 ιν,
2594 3724 2706 3795 21),
2768 3725 2911 3780 duos
2970 3724 3215 3797 populos
3272 3725 3584 3781 ostendens

1943 3813 2012 3867 de
2041 3812 2286 3868 Abrahae
2315 3813 2685 3886 generatione
2706 3830 2941 3868 manare
2970 3831 2981 3867 :
3012 3831 3189 3868 unum
3224 3815 3582 3879 Jndmorum,

1943 3900 2042 3972 qui
2101 3902 2245 3974 legis
2304 3901 2543 3974 syllabis
2600 3903 2849 3970 suniat;
2910 3919 2974 3957 eo
3033 3902 3185 3973 quod
3246 3903 3312 3956 de
3373 3901 3583 3957 ancilla

1940 3989 2001 4043 in
2033 3989 2373 4045 servitutem
2415 3992 2679 4046 videatur
2737 4008 2862 4047 esse
2919 3994 3271 4062 generatus:
3333 3989 3580 4047 alterum

1941 4078 2357 4147 Christianum,
2420 4080 2519 4151 qui
2588 4080 2657 4134 ad
2737 4079 3139 4134 remissionem
3212 4083 3581 4151 peccatorum

1942 4165 2195 4222 cmlestis
2226 4167 2423 4239 gratia:
2482 4166 2808 4222 libertatem
2868 4166 3169 4237 acceperit.
3232 4167 3391 4232 Quod
3442 4183 3578 4239 ergo

1939 4260 2112 4326 putas
2153 4271 2279 4310 esse
2339 4258 2663 4326 peccatum,
2721 4253 2972 4310 advortis
3026 4270 3153 4309 esse
3210 4255 3578 4327 mysterium,

1941 4360 2056 4415 quo
2086 4360 2152 4398 ea
2182 4360 2307 4414 quas
2325 4342 2738 4414 posterioribus
2763 4350 2923 4397 eranl
2950 4342 3146 4397 futura
3193 4343 3577 4414 temporibus,

1942 4431 2363 4487 revelabantur.
2386 4432 2645 4503 Denique
2667 4432 2925 4487 addidit:
2967 4434 3060 4487 l’os
3100 4435 3300 4499 autem,
3352 4433 3579 4503 fratres,

1938 4519 2235 4575 secundum
2290 4523 2441 4576 Isaac
2490 4522 2873 4592 promissionis
2922 4522 3032 4591 [iiii
3079 4523 3204 4576 estis
3262 4520 3459 4591 (Calai.
3502 4539 3577 4592 Iv,

1936 4607 2046 4679 28).
2079 4608 2217 4674 Ideo,
2253 4607 2461 4680 inquit,
2492 4610 2661 4664 nolite
2698 4626 2943 4679 qucrrere
2990 4626 3158 4681 opera
3218 4610 3389 4681 legis,-
3446 4626 3577 4682 quo-

1936 4698 2092 4751 niam
2122 4714 2226 4752 non
2252 4698 2594 4767 justi/icaIur
2627 4698 2783 4753 homo
2829 4715 2899 4754 ea:
2948 4699 3198 4770 aperibus
3250 4699 3407 4769 legis,
3464 4700 3581 4754 nisi

1934 4802 2032 4857 per
2053 4785 2215 4855 ﬁdem
2244 4788 2369 4841 Iesu
2401 4786 2607 4841 Christi
2652 4786 2851 4859 (Colat.
2908 4805 2969 4855 ιι,
3034 4788 3138 4857 16).
3195 4787 3264 4841 Et
3311 4790 3376 4841 ut
3424 4787 3576 4842 scias

1937 4874 2074 4946 quia
2093 4874 2440 4930 Christianis
2470 4875 2613 4929 dixit
2641 4893 2653 4930 :
2688 4877 2749 4930 Et
2779 4892 2896 4943 nos,
2931 4875 3139 4946 inquit,
3183 4876 3239 4927 in
3299 4875 3575 4930 Christum

1932 4965 2111 5019 Iesum
2142 4963 2430 5027 cret‘lc'mus,
2464 4966 2524 5017 ut
2544 4964 2920 5033 justi/ieemur
2954 4979 3023 5017 ex
3078 4962 3184 5031 ﬁde
3241 4962 3465 5029 Christi,
3523 4967 3573 5018 et

1932 5068 2044 5107 non
2098 5068 2167 5107 ea:
2217 5052 2470 5121 operibus
2528 5051 2662 5120 legis
2711 5049 2902 5120 (lbid.)
2961 5052 3364 5120 Agnoscamus
3433 5066 3571 5122 ergo

1935 5139 2210 5210 quoniam
2239 5139 2359 5193 haec
2402 5154 2528 5209 quae
2569 5138 2626 5191 in
2673 5138 2921 5210 figuram
2972 5137 3405 5210 contingebant,
3456 5136 3572 5193 illis

1934 5226 2166 5283 crimini
2224 5243 2339 5281 non
2400 5229 2591 5281 erant:
2654 5226 2822 5282 nobis
2880 5231 3075 5282 autem
3132 5229 3322 5292 erunt,
3386 5224 3437 5281 si
3499 5225 3571 5282 ad

1933 5408 1993 5462 in
2024 5422 2138 5479 quo
2170 5408 2497 5479 utrumque
2513 5402 2727 5479 legitur
2756 5403 2863 5459 hoc
2895 5406 3089 5471 modo,
3124 5422 3189 5461 ne
3226 5420 3337 5459 non
3390 5403 3571 5476 subje-

1931 5482 2018 5534 cta
2042 5474 2275 5549 superba
2303 5482 2437 5549 esset
2463 5474 2719 5530 dominae.

2002 5544 2123 5620 (33)
2147 5548 2240 5606 Sic
2271 5547 2413 5620 Mss.
2435 5561 2638 5603 omnes
2665 5544 2969 5620 comedit.
3020 5546 3186 5607 Ama
3241 5547 3367 5606 Era.
3412 5562 3568 5617 vero,

1933 5625 1991 5681 et
2013 5616 2165 5691 aliis,
2194 5635 2297 5697 pro
2316 5617 2481 5694 hujus
2506 5620 2642 5694 fact:
2665 5616 3011 5694 paenitentia.
