3878 6208
345 305 463 364 455

1801 306 1841 364 S
1912 303 2282 365 AMBROFH

3603 290 3702 369 45‘s

348 436 774 509 correptionem
806 439 1066 492 nostram
1098 435 1317 507 scripta
1345 450 1546 491 cavere
1576 434 1866 490 nolimus:
1894 435 1994 490 sed
2022 436 2077 501 Α
2107 436 2487 492 validioribus
2509 436 2622 506 (38)
2648 434 2840 491 idonei
2870 434 3242 502 viderentur;
3275 436 3342 490 ut
3370 432 3558 492 ﬁdeles
3597 454 3704 510 pro-

348 524 538 599 magis
571 525 630 580 id
682 541 948 597 agamus,
1017 528 1084 580 ut
1149 540 1282 579 cum
1350 523 1538 579 simus
1604 523 1798 579 libera:
1864 522 1992 591 ﬁlii,

353 631 479 685 qua:
508 617 600 670 est
619 614 781 680 Sara,
808 629 879 668 ne
908 612 1053 687 legis
1082 611 1307 685 laqueis
1338 612 1663 668 serviamus
1693 613 1826 683 (34),
1859 629 1993 668 cum

348 702 640 758 Abraham
673 701 915 757 liberam
948 702 1219 769 tenuerit,
1252 700 1529 757 ancillam
1559 701 1813 772 ejccerit.

413 792 503 845 29.
535 791 656 854 Quo
687 791 811 846 loco
851 790 1007 861 (Gen.
1064 807 1203 857 xvn,
1266 790 1356 863 10)
1414 790 1726 863 plerosque
1766 788 1991 845 moveri

342 880 502 936 scio:
536 879 585 937 si
617 879 777 935 enim
803 879 957 934 bona
991 885 1077 934 est
1109 878 1501 945 circumcisio,
1561 878 1850 950 hodieque
1904 882 1989 933 te-
2029 913 2037 919 -

342 968 462 1024 neri
496 967 805 1024 debuitzsi
835 966 1087 1035 inutilis,
1112 967 1379 1023 mandari
1412 984 1525 1023 non
1560 967 1778 1035 debuit,
1794 966 1988 1022 divino

340 1057 665 1129 praesertim
718 1054 978 1111 oraculo.
1040 1056 1152 1111 Sed
1226 1072 1360 1111 cum
1420 1055 1724 1129 apostolus
1778 1056 1989 1111 dixerit

341 1145 595 1201 Paulus:
658 1146 797 1213 Quia
850 1144 1128 1199 Abraham
1173 1147 1396 1214 signum
1454 1146 1658 1216 accepit
1710 1146 1989 1199 circumci-

338 1238 512 1291 sionis
539 1235 711 1297 (Rom.
745 1250 820 1300 1v,
856 1233 983 1301 tl):
1018 1232 1219 1305 utique
1248 1233 1480 1305 signum
1515 1248 1629 1287 non
1680 1231 1811 1304 ipsa
1861 1249 1974 1300 res,

341 1322 444 1379 sed
473 1321 716 1378 alterius
741 1321 818 1377 rei
843 1324 952 1385 est,
975 1320 1085 1376 hoc
1108 1325 1197 1376 est
1226 1337 1342 1375 non
1382 1319 1616 1387 veritas,
1669 1321 1771 1377 sed
1831 1321 1980 1375 indi-

343 1410 500 1467 cium
532 1410 814 1466 veritatis.
848 1408 1109 1481 Denique
1134 1409 1259 1480 ipse
1283 1408 1550 1480 exposuit
1596 1412 1652 1465 et
1701 1409 1986 1480 expressit

342 1502 575 1556 dicens:
607 1499 838 1569 Signum
876 1499 1079 1569 accepit
1136 1499 1587 1564 circumcisionis,
1637 1498 1985 1569 signaculum

334 1590 577 1663 justitia?
600 1594 654 1644 et
682 1587 812 1659 ﬁdei
860 1582 1083 1658 (lbid.).‘
1122 1586 1285 1643 Unde
1341 1603 1457 1641 non
1516 1587 1837 1659 incongrue
1891 1587 1979 1641 in-

338 1678 661 1752 telligimus
719 1676 858 1749 quia
921 1675 1288 1731 circumcisio
1363 1675 1681 1747 corporalis
1744 1676 1981 1747 signum

342 1766 810 1825 circumcisionis
839 1770 929 1820 est
956 1762 1257 1837 spiritalis.
1294 1764 1438 1836 Ergo
1469 1764 1704 1836 signum
1763 1765 1980 1819 mansit

338 1858 521 1912 donec
551 1854 772 1910 veniret
798 1851 1029 1908 veritas.
1062 1851 1310 1907 Advenit
1337 1852 1618 1907 Dominus
1663 1852 1855 1919 Jesus,
1881 1853 1983 1924 qui

340 1944 458 2000 ait:
492 1945 630 2015 Ergo
659 1958 778 1996 sum
827 1943 937 2008 via,
970 1942 1168 1996 veritas
1218 1944 1269 1996 et
1328 1942 1441 1996 vita
1498 1943 1673 2009 (Joan.
1734 1958 1849 2006 xw,
1902 1944 1979 2012 6).

337 2033 484 2098 Quia
514 2049 628 2090 non
660 2035 883 2104 partem
916 2029 1188 2101 exiguam
1219 2028 1480 2101 corporis
1524 2030 1585 2083 in
1630 2030 1819 2101 signo,
1878 2031 1979 2086 sed

339 2127 524 2177 totum
554 2118 924 2176 circumcidit
957 2118 1253 2173 hominem
1305 2119 1365 2172 in
1426 2118 1685 2185 veritate,
1746 2118 1979 2192 signum

338 2208 590 2266 detraxit
618 2209 749 2279 (35),
776 2207 1076 2262 veritatem
1110 2205 1341 2261 induxit
1365 2224 1378 2274 ;
1405 2206 1545 2277 quia
1572 2211 1774 2278 postea
1801 2224 1979 2279 quam

340 2298 496 2354 venit
526 2297 680 2370 quod
706 2297 1023 2369 perfectum
1047 2300 1155 2361 est,
1183 2295 1337 2367 quod
1360 2311 1427 2350 ex
1454 2299 1614 2367 parte
1652 2299 1795 2363 erat,
1848 2312 1978 2353 eva-

339 2392 577 2445 cuatum
609 2390 730 2453 est;
763 2391 820 2441 et
862 2384 991 2439 ideo
1053 2383 1300 2440 cessavit
1348 2384 1719 2440 circumcisio
1771 2387 1975 2458 partis,

340 2477 440 2533 ubi
473 2475 703 2533 refulsit
733 2473 1103 2529 circumcisio
1160 2472 1574 2529 universitatis.
1635 2473 1763 2529 Jam
1821 2475 1977 2530 enim

336 2584 452 2623 non
484 2582 552 2621 ex
576 2568 758 2637 parte,
793 2562 891 2617 sed
924 2565 1081 2617 totus
1113 2561 1289 2617 homo
1321 2560 1579 2617 salvator
1608 2562 1666 2617 in
1717 2579 1974 2635 corpore,

338 2653 678 2712 salvaturin
705 2651 921 2707 anima.
966 2651 1257 2722 Scriptum
1308 2655 1397 2705 est
1453 2651 1648 2706 enim:
1696 2654 1811 2724 Qui
1865 2654 1980 2708 vult

331 2749 449 2819 post
480 2760 566 2799 me
593 2744 797 2811 venire,
844 2740 1069 2811 abneget
1122 2742 1382 2810 seipsum,
1448 2744 1503 2793 et
1559 2741 1711 2795 tollat
1764 2758 1977 2797 crucem

334 2852 514 2900 suam,
546 2841 597 2888 et
644 2834 903 2903 sequatur
956 2844 1044 2884 me
1093 2828 1303 2900 (Matth.
1363 2845 1476 2895 xvr,
1536 2830 1647 2899 9.4).
1708 2829 1838 2885 Haec
1889 2836 1979 2886 est

334 2922 609 2997 perfectio
639 2916 1105 2975 circumcisionis
1133 2934 1146 2983 ;
1179 2915 1319 2988 quia
1348 2933 1450 2988 per
1498 2917 1757 2988 corporis
1816 2918 1975 2975 obla-

330 3014 549 3069 tionem
571 3010 681 3083 (36)
714 3006 1021 3063 redimitur
1050 3005 1267 3073 anima,
1298 3005 1368 3060 de
1399 3021 1512 3076 qua
1544 3006 1670 3078 ipse
1692 3006 1976 3063 Dominus

329 3103 450 3159 ait:
486 3101 591 3168 Qui
616 3097 913 3170 perdiderit
944 3098 1187 3150 animam
1245 3111 1403 3150 suam
1444 3099 1667 3166 propter
1720 3112 1826 3161 me.
1888 3099 1975 3152 ἰη-

327 3192 507 3247 veniet
536 3204 653 3243 eam
692 3188 841 3258 (Luc.
876 3201 953 3250 1x,
982 3183 1096 3254 24).

399 3279 489 3333 30.
524 3278 803 3348 Superest
828 3272 930 3328 illa
960 3287 1114 3327 nunc
1145 3271 1486 3344 quazstionis
1514 3272 1721 3344 portio,
1771 3278 1970 3329 utrum

328 3366 598 3424 debuerit
627 3380 762 3437 pars
792 3361 1088 3435 praemitti,
1121 3377 1253 3416 cum
1287 3364 1444 3416 esset
1487 3366 1732 3417 ventura
1783 3363 1969 3434 perfe-

330 3457 461 3512 ctio.
497 3453 604 3518 Qui
634 3453 799 3507 locus
832 3450 1018 3506 facilis
1050 3452 1140 3505 est
1191 3449 1262 3503 ad
1321 3448 1666 3505 diluendum
1724 3450 1859 3522 (37),
1921 3451 1971 3507 si

329 3544 769 3601 consideremus
797 3540 1014 3612 quibus
1032 3554 1167 3610 pars
1198 3537 1473 3594 mandata
1492 3538 1587 3603 sit,
1612 3539 1829 3610 quibus
1849 3556 1968 3595 ser-

328 3638 462 3690 vata
490 3629 782 3703 perfectio.
814 3628 952 3683 Pars
981 3626 1137 3681 enim
1167 3625 1444 3681 mandata
1496 3631 1586 3682 est
1644 3629 1967 3683 secundum

327 3723 516 3794 legem
546 3718 759 3792 populo
776 3716 1132 3782 Judaeorum,
1158 3714 1241 3769 illi
1276 3714 1424 3770 dura
1453 3715 1690 3782 service,
1739 3715 1827 3771 illi
1884 3716 1971 3772 in-

327 3812 517 3878 ﬁrmo,
542 3807 627 3863 illi
662 3805 763 3879 qui
790 3806 964 3861 Deum
987 3821 1161 3859 suum
1195 3819 1311 3859 non
1343 3802 1628 3876 cognovit.
1656 3803 1800 3860 Cum
1833 3821 1968 3878 ergo

325 3904 549 3973 partem
580 3914 693 3953 non
754 3894 1010 3968 potuerit
1062 3891 1374 3959 sustinere,
1434 3894 1727 3964 quomodo
1783 3895 1969 3965 perfe-

325 3988 575 4045 ctionem
603 4000 833 4042 servare
862 3982 1193 4056 potuisset?
1220 3981 1293 4038 Ut
1322 3982 1370 4038 si
1402 3982 1716 4053 puerulum
1760 3982 1969 4040 litteris

322 4078 575 4145 imbuas,
611 4093 646 4131 a
668 4072 919 4147 singulis
951 4070 1275 4127 litterarum
1308 4069 1611 4127 elementis
1669 4073 1823 4128 294
1879 4073 1967 4127 in-

323 4166 654 4223 choandum
682 4168 772 4219 est
800 4161 925 4228 tibi,
961 4164 1025 4216 ut
1055 4177 1090 4216 a
1120 4158 1370 4233 singulis
1398 4160 1661 4231 apicibus
1694 4160 1767 4216 ad
1799 4159 1970 4233 sylla-

322 4256 449 4323 bas,
483 4272 517 4310 a
546 4253 789 4326 syllabis
818 4268 953 4308 eum
985 4265 1089 4322 per
1116 4248 1381 4304 ordinem
1422 4249 1494 4303 ad
1543 4248 1783 4304 nomina
1839 4265 1967 4305 ora-

322 4346 662 4414 tionemque
691 4341 967 4397 deducas.
1017 4337 1131 4392 Nec
1190 4340 1381 4409 potest
1434 4352 1595 4392 mare
1650 4337 1965 4414 quisquam

325 4430 599 4503 navigare
631 4428 979 4501 intrepidus,
1014 4425 1129 4481 nisi
1170 4425 1272 4497 qui
1318 4429 1447 4480 ante
1503 4425 1563 4480 in
1620 4408 1965 4484 ﬂuminibus

1999 3170 2042 3237 Ο
2081 3187 2305 3257 abnuit,
2337 3170 2530 3243 etisua
2560 3184 2852 3259 promissa
2875 3184 3143 3239 ﬁrmavit.

2105 526 2402 593 barentur,
2428 541 2679 597 quorum
2709 524 3024 580 multitudo
3046 524 3357 580 innumera
3384 539 3599 582 crucem
3616 527 3729 583 ἰοὶ-ε

2103 613 2281 681 leret;
2317 630 2603 687 suamque
2633 630 2737 686 pro
2765 613 2998 670 Christo
3029 615 3289 670 animam
3320 614 3619 683 devoveret,
3656 622 3703 673 et

2104 701 2388 758 increduli
2422 718 2536 757 non
2568 705 2807 774 possent
2829 702 3117 769 resistere,
3142 702 3244 774 qui
3290 701 3349 756 in
3385 700 3555 758 totius
3598 719 3703 760 cor-

2102 790 2259 864 poris
2312 790 2712 846 immolatione
2759 790 2940 862 quzeri
2990 790 3239 847 salutem
3292 794 3574 862 putarent:
3618 791 3703 864 qui

2098 879 2373 951 exiguum
2404 879 2868 936 circumcisionis
2897 897 3014 936 suae
3046 879 3392 952 sanguinem
3423 878 3703 936 salutarem

2098 968 2538 1024 arbitrarentur.

2166 1057 2255 1112 3|.
2318 1058 2821 1114 Considerandum
2879 1062 3073 1113 autem
3131 1057 3285 1127 quod
3332 1056 3392 1111 in
3447 1058 3696 1129 praeputio

2096 1145 2350 1218 positum
2381 1146 2602 1202 vocavit
2629 1147 2784 1202 Deus
2815 1147 2873 1201 in
2907 1145 3186 1218 praeputio
3232 1144 3424 1201 adhuc
3464 1145 3695 1201 manenti

2094 1233 2338 1308 legitimi
2364 1235 2467 1291 ﬁlii
2489 1236 2778 1310 promissa
2803 1240 2891 1291 est
2909 1234 3217 1290 haereditas
3239 1251 3253 1302 ;
3280 1238 3343 1289 ut
3365 1250 3476 1290 non
3496 1232 3703 1291 διιᾶωο-

2094 1341 2226 1379 rum
2256 1324 2663 1381 tantummodo
2693 1328 2939 1396 patrem,
2984 1328 3047 1379 ut
3100 1323 3215 1396 ipsi
3272 1327 3557 1390 asserunt,
3612 1324 3703 1381 sed

2094 1413 2358 1469 omnium
2389 1412 2751 1468 credentium
2783 1416 3081 1468 auctorem
3132 1428 3235 1486 per
3292 1411 3467 1468 ﬁdem
3509 1411 3701 1468 credas.

2093 1503 2238 1558 Sara
2280 1516 2513 1574 quoque
2555 1506 2688 1557 ante
2735 1500 3247 1557 circumcisionem
3290 1501 3400 1556 viri
3449 1500 3507 1556 in
3552 1498 3707 1555 unius

2092 1590 2301 1646 litterae
2361 1590 2685 1662 adjectione
2756 1607 2872 1646 non
2931 1590 3208 1646 mediocri
3270 1588 3708 1646 remuneratione

2092 1679 2454 1735 benedicitur
2483 1680 2619 1750 (39),
2652 1682 2716 1734 ut
2746 1679 3138 1752 principatum
3167 1678 3406 1734 virtutis
3450 1681 3503 1734 et
3527 1677 3709 1750 gratiae

2092 1768 2363 1834 haberet;
2397 1767 2466 1823 de
2493 1784 2610 1839 qua
2638 1768 2905 1825 nationes
2934 1772 2991 1823 et
3030 1783 3195 1839 reges
3242 1765 3502 1838 gentium
3544 1781 3708 1838 spon-

2094 1859 2190 1913 det
2219 1857 2467 1924 futuros,
2503 1860 2568 1911 ut
2602 1856 2658 1910 in
2692 1856 2822 1929 ipsa
2853 1860 3023 1929 typus
3074 1872 3188 1911 non
3239 1855 3574 1928 Synagogzs,
3621 1852 3710 1909 sed

2095 1945 2359 2003 Ecclesiae
2382 1945 2848 2002 constitueretur.
2874 1944 3034 2011 Quod
3057 1949 3250 1999 autem
3275 1942 3561 2016 promisso
3576 1957 3636 1998 ex
3654 1957 3712 2003 ea

2094 2034 2234 2103 ﬁlio,
2270 2035 2400 2089 risit
2429 2034 2748 2102 Abraham,
2779 2050 2894 2090 non
2926 2031 3384 2100 incredulitatis,
3418 2032 3519 2088 sed
3547 2027 3712 2086 exsul-

2091 2124 2331 2180 tationis
2361 2122 2642 2178 indicium
2675 2123 2801 2178 fuit.
2836 2121 3093 2194 Denique
3124 2120 3375 2195 procidit
3404 2122 3463 2177 in
3504 2118 3708 2185 faciem,

2091 2213 2191 2287 qui
2223 2211 2503 2279 adoravit;
2539 2215 2595 2267 et
2625 2210 2889 2278 credidit,
2922 2215 2980 2266 et
3016 2210 3261 2282 adjecit:
3312 2208 3380 2265 Si
3424 2208 3562 2265 mihi
3603 2222 3712 2262 cen-

2090 2312 2205 2359 tum
2229 2317 2501 2357 annorum
2532 2304 2783 2355 nascetur
2812 2300 2984 2370 ﬁlius,
3028 2307 3078 2354 et
3125 2300 3179 2354 si
3247 2297 3391 2353 Sara
3436 2297 3714 2368 nonaginta

2088 2407 2360 2448 annorum
2386 2392 2586 2462 pariet.
2620 2391 2694 2445 Et
2724 2388 2905 2445 dixit:
2940 2390 3130 2445 Ismael
3160 2388 3248 2444 hic
3295 2390 3449 2444 vivat
3493 2388 3551 2443 in
3602 2400 3713 2440 con-

2086 2489 2265 2554 spectu
2295 2484 2387 2534 tuo
2416 2478 2567 2549 (Gen.
2602 2495 2737 2544 xm,
2774 2479 2858 2543 17,
2898 2477 3003 2548 18).
3062 2478 3185 2533 Non
3243 2481 3335 2531 est
3396 2473 3716 2531 incredulus

2088 2569 2147 2623 in
2181 2566 2508 2641 promissis,
2543 2583 2646 2621 nec
2676 2582 2885 2621 avarus
2923 2565 2983 2620 in
3042 2565 3211 2621 votis.
3273 2564 3395 2620 Hoc
3454 2566 3562 2628 est,
3616 2575 3718 2627 non

2087 2656 2292 2713 dubito
2323 2656 2478 2728 quod
2512 2655 2714 2721 facias,
2747 2659 2812 2709 ut
2853 2658 2910 2710 et
2963 2659 3198 2710 centum
3258 2667 3555 2709 annorum
3611 2647 3725 2706 seni

2086 2747 2267 2802 dones
2299 2744 2509 2812 ﬁlium,
2547 2749 2604 2799 et
2631 2747 2854 2799 natura:
2882 2747 3085 2798 auctor
3132 2745 3355 2797 naturae
3406 2744 3596 2795 metas
3646 2751 3724 2791 re-

2085 2833 2263 2891 laxes.
2297 2833 2508 2889 Beatus
2538 2833 2633 2888 cui
2667 2833 2781 2887 ista
2813 2832 3146 2899 donantur;
3181 2831 3282 2886 sed
3313 2833 3518 2885 tamen
3561 2826 3727 2883 etiam

2084 2923 2180 2978 hic
2210 2921 2421 2979 Ismael
2453 2938 2629 2996 quem
2661 2920 2845 2976 habeo
2875 2921 2943 2976 de
2973 2917 3302 2985 vernacula,
3361 2918 3413 2974 si
3465 2917 3619 2973 vivat
3670 2913 3730 2967 in

2084 3014 2399 3083 conspectu
2431 3013 2550 3077 tuo,
2586 3009 2843 3064 abundat
2872 3007 3015 3063 mihi
3047 3007 3252 3081 gratia.
3308 3005 3575 3077 Denique
3622 3002 3733 3065 Do-

2086 3078 2284 3201 minus
2313 3103 2371 3154 et
2396 3096 2659 3171 probavit
2689 3098 2817 3196 eius
2845 3078 3138 3201 affectum,
3159 3099 3215 3152 et
3240 3094 3591 3168 petitionem
3622 3106 3737 3147 non

2728 3289 2961 3346 CAPUT
2999 3289 3067 3345 V.

2082 3388 2153 3442 De
2201 3382 2570 3455 hospitalitate
2600 3379 2875 3455 Abraham
2928 3377 3614 3455 hospitum_emplorantis_
3644 3373 3727 3432 ad-

2149 3447 2383 3521 ventum,
2411 3456 2595 3525 eisque
2641 3453 2854 3507 obviam
2897 3447 3257 3525 properantis.
3295 3447 3730 3525 ’Commendatur

2149 3526 2335 3583 eadem
2365 3518 2560 3587 virtus,
2599 3527 2649 3577 et
2676 3539 2814 3577 vana
2842 3518 3202 3593 quorumdam
3221 3522 3516 3593 excusatio
3563 3518 3728 3593 dilui-
3832 3518 3833 3579 ξ

2151 3608 2261 3654 tur.
2297 3601 2479 3668 Quam
2515 3588 2949 3668 diligentem'in
3005 3608 3069 3668 ea
3123 3607 3178 3646 se
3219 3591 3543 3668 praebuerit
3602 3588 3731 3668 ideal
3832 3658 3833 3663 η

2148 3658 2391 3735 sanctus,
2422 3670 2471 3722 et
2492 3658 2753 3737 quomodo
2784 3679 3010 3737 uxorem
3040 3666 3101 3718 in
3146 3658 3335 3719 meriti
3364 3671 3608 3737 partem
3832 3658 3833 3725 ξ

2147 3727 2389 3796 sciverit:
2421 3727 2562 3805 Quid
2592 3736 2770 3810 oblata
2818 3735 2885 3791 ab
2923 3743 3198 3810 _u_troque_
3223 3727 3465 3810 mystice
3519 3727 3732 3810 signiﬁ:
3832 3744 3833 3749 π

2148 3820 2286 3868 cent.
2322 3801 2595 3865 Postremo
2649 3808 2797 3878 facta
2851 3801 3198 3861 ministranti
3254 3801 3593 3878 Abrahamo’
3638 3801 3732 3872 ﬁlii

2142 3883 2454 3955 promissio,
2486 3881 2624 3935 sicut
2649 3877 2700 3933 et
2731 3878 2887 3933 Sorte
2914 3879 3058 3932 risus
3084 3877 3405 3947 exponitur.

2146 3989 2238 4043 32.
2274 3986 2540 4043 Diximus
2571 3984 2642 4038 de
2671 3981 2913 4038 Abrahm
2944 3980 3277 4049 devotione,
3344 3997 3418 4037 ac
3478 3980 3619 4048 ﬁde,
3673 3976 3737 4032 de

2075 4073 2409 4148 prudentia,
2459 4070 2716 4144 justitia,
2761 4069 3064 4137 charitate,
3113 4068 3531 4141 parcimonia:
3593 4078 3734 4122 nunc

2075 4164 2249 4221 etiam
2280 4163 2352 4218 de
2374 4158 2709 4232 hospitalite
2741 4158 3027 4213 dicamus.
3075 4156 3177 4212 Est
3220 4157 3389 4212 enim
3449 4172 3570 4213 non
3628 4166 3734 4209 me-

2076 4252 2289 4309 diocris
2324 4268 2391 4307 ea
2451 4247 2829 4306 virtus.Unde
2861 4250 2919 4302 et
2960 4245 3276 4319 Apostolus
3328 4242 3738 4319 principaliter

2075 4358 2204 4398 eam
2239 4340 2299 4395 in
2327 4338 2600 4413 episcopo
2632 4351 2761 4392 esse
2790 4338 3053 4408 oportere
3100 4334 3354 4407 gemina:
3405 4327 3738 4408 scriptionis

2076 4429 2277 4487 docuit
2308 4426 2657 4484 auctoritate
2682 4443 2696 4494 ;
2730 4428 2797 4480 ut
2824 4426 3034 4497 praesto
3068 4422 3146 4478 sit
3173 4422 3663 4491 advenientibus,
3690 4421 3739 4473 et

322 4516 699 4592 navigaverit.
717 4516 981 4588 Denique
1012 4515 1063 4570 si
1095 4514 1238 4585 quid
1280 4517 1381 4570 aut
1422 4514 1765 4570 conﬁciendi
1816 4516 1980 4576 itine-
2009 4535 2056 4601 D
2088 4520 2357 4574 occurrat
2386 4515 2636 4585 obviam,
2669 4517 2726 4569 et
2751 4512 2958 4568 itinera
2981 4511 3259 4585 etploret,
3292 4515 3357 4567 et
3420 4512 3590 4568 adsit
3637 4521 3738 4564 non

324 4609 430 4678 ris,
461 4611 566 4664 aut
595 4605 823 4662 levandi
857 4604 1053 4660 oneris
1095 4619 1272 4675 puero
1320 4602 1465 4659 velis
1511 4605 1971 4680 provectiorique

322 4694 931 4767 mandare,numquid
951 4692 1238 4765 aequanda
1249 4708 1426 4749 onera
1440 4700 1596 4761 sunt,
1611 4698 1711 4751 aut
1734 4712 1968 4768 aequan-

319 4788 432 4844 dus
452 4784 660 4843 labor?
683 4784 771 4841 Ita
799 4784 977 4857 igitur
998 4782 1228 4838 noveris
1262 4781 1356 4839 his
1393 4783 1802 4854 perfectionem
1853 4785 1968 4842 cir-

318 4873 699 4933 cumcisionis
731 4889 860 4932 esse
887 4875 1197 4941 servatam,
1225 4871 1325 4944 qui
1357 4889 1391 4928 a
1419 4872 1649 4929 Christo
1689 4874 1966 4943 instituti,

391 5054 503 5127 (34)
533 5052 861 5127 Edit.Rom.
887 5050 1071 5122 ategis
1094 5050 1305 5127 laqueis
1337 5064 1616 5127 eruentur.
1651 5050 1972 5127 Commoda

316 5120 511 5196 lectio,
540 5125 640 5181 sed
662 5141 836 5196 quam
858 5139 963 5196 nec
991 5120 1102 5196 ms.
1128 5120 1305 5196 ullus,
1342 5136 1444 5175 nec
1465 5120 1604 5196 edit.
1640 5122 1965 5196 stabiliunt.

318 5195 499 5252 Nobis
533 5191 726 5252 autem
751 5211 895 5251 mss.
928 5193 1123 5257 Corb.,
1158 5191 1317 5247 Golb.
1364 5208 1429 5247 ac
1468 5192 1615 5247 Maz.
1660 5193 1856 5250 locum
1889 5210 1973 5250 re-

322 5267 583 5337 stituere.
612 5284 743 5322 cum
778 5267 843 5337 in,
870 5264 1022 5329 aliis,
1047 5279 1163 5319 non
1195 5279 1366 5319 secus
1395 5279 1461 5318 ac
1480 5263 1538 5318 in
1566 5264 1780 5337 priscis
1800 5266 1968 5337 edit.,

320 5336 609 5407 particula
636 5354 705 5393 ne
735 5336 1124 5407 omitteretur.

392 5406 505 5477 (35)
528 5407 744 5478 omnes
775 5406 939 5475 edit.,
972 5407 1080 5474 Qui
1106 5421 1215 5461 non
1255 5413 1537 5478 partem...
1598 5407 1820 5478 signum
1875 5408 1969 5464 de-

320 5478 547 5541 struxit.
581 5477 721 5534 Mss.
756 5482 949 5533 autem
982 5493 1185 5533 omnes
1212 5477 1280 5533 ut
1302 5477 1359 5532 in
1388 5477 1683 5534 contextu.

415 5546 507 5621 36)
534 5546 681 5621 Msa
710 5548 847 5621 duo.
877 5550 1247 5621 ροηροιφοῖῖδ
1272 5548 1623 5621 oblationem,

416 5617 508 5691 37)
536 5619 786 5679 Additur
813 5616 891 5676 in'
914 5616 1190 5691 edit.,‘vel
1220 5617 1291 5677 ad
1318 5617 1755 5694 discernendum,
1813 5618 1971 5698 quod

2085 4605 2499 4680 quaerentibus,
2558 4609 2616 4659 et
2682 4601 2872 4674 rapiat
2942 4600 3092 4657 295
3167 4601 3737 4676 praetergredientes.

2079 4700 2228 4752 Ante
2257 4694 2478 4753 ostium
2510 4691 2750 4748 sedebat
2801 4688 3123 4754 Abraham,
3178 4688 3435 4744 sedebat
3487 4684 3738 4747 meridie.

2079 4784 2322 4849 Quando
2354 4781 2454 4839 alii
2482 4778 2945 4853 requiescebant,
2977 4776 3086 4833 iste
3120 4775 3437 4849 hospitum
3487 4775 3741 4851 explora-

2080 4875 2181 4930 bat
2211 4874 2516 4931 adventus.
2552 4868 2753 4925 Merito
2783 4866 2869 4922 illi
2899 4866 3054 4923 Deus
3101 4866 3386 4938 apparuit
3449 4867 3528 4922 ad
3584 4877 3741 4939 quer-

2077 5050 2137 5106 in
2164 5066 2309 5105 mss.
2344 5065 2460 5104 non
2489 5046 2805 5104 invenitur.

2150 5120 2259 5193 (38)
2292 5120 2457 5175 Rom.
2491 5118 2632 5184 edit,
2663 5116 2806 5186 sola,
2838 5116 2938 5188 qui
2980 5132 3015 5171 a
3064 5114 3267 5171 Christi
3317 5114 3612 5172 institutis
3654 5124 3740 5167 va-

2079 5192 2390 5260 lidioribus,
2420 5195 2529 5246 etc.

2150 5263 2261 5337 (39)
2290 5256 2467 5319 Docet
2494 5260 2673 5337 llung
2699 5273 2917 5337 nomen
2946 5257 3140 5337 u_xori_s
3170 5256 3589 5337 abrahasjtg'
3611 5266 3735 5337 mnf

2077 5326 2288 5401 tatam,
2322 5338 2387 5389 ut
2417 5350 2485 5391 ex
2513 5326 2680 5389 Sar'ai
2717 5334 2921 5401 vocata
2964 5329 3139 5401 fuerit
3192 5328 3386 5385 Sara:
3442 5326 3594 5401 LXX
3618 5335 3741 5401 vero

2077 5423 2206 5462 eam
2236 5398 2306 5462 ea
2360 5406 2503 5461 Sara
2559 5419 2674 5475 quo
2731 5400 2967 5475 nomine
3024 5399 3188 5475 prius
3244 5398 3738 5475 nuncupabatur,

2079 5479 2311 5553 Sarram
2344 5468 2709 5553 nominatam
2738 5472 3002 5553 tradunt,
3024 5468 3301 5553 ‘quibusu
3342 5468 3505 5531 mss.
3560 5468 3740 5553 998?}

2078 5549 2452 5625 concinentes
2481 5546 2592 5607 hoc
2620 5559 2834 5607 nomen
2864 5544 2983 5603 fere
3030 5540 3146 5603 non
3204 5540 3390 5625 aliter
3452 5540 3740 5615 scriptum

2079 5619 2371 5681 exhibent.
