3878 6208
134 361 226 424 457
1157 354 1164 365 ’
1347 352 1449 414 DE
1493 348 1665 414 ABBA

1922 352 2067 414 LIB.
2115 351 2161 413 Ι.
3332 352 3453 414 458

134 507 235 547 cum
260 486 505 555 Membro,
537 484 674 557 quia
705 486 958 543 fructum
1010 484 1423 557 hospitalitatis
1471 485 1695 541 studio—
1726 485 1778 549 Α
1810 485 1865 537 in
1902 485 2204 554 Evangelia
2258 484 2425 555 legis,
2476 485 2704 541 dicente
2757 484 3002 543 Domino
3031 483 3171 541 Jesu
3206 502 3219 541 :
3253 486 3449 558 Hospes

127 577 311 635 sissime
330 574 663 646 requirebat.
1802 588 1972 629 eram.
2024 581 2075 627 et
2111 574 2403 645 collegisti:
2456 591 2609 629 me...
2646 573 2795 643 Quod
2823 575 2973 628 enim
3001 576 3104 628 uni
3127 574 3319 628 horum
3346 575 3451 627 mi-

178 664 248 720 33.
274 664 328 731 Et
352 662 647 734 respiciens,
679 660 891 734 inquit,
944 663 1112 718 oculis
1159 662 1317 720 vidit.
1363 668 1415 715 et
1443 675 1561 715 erce
1589 662 1696 715 tres
1802 662 2080 715 nimorum
2124 663 2348 733 fecistis,
2404 662 2545 717 mihi
2593 664 2800 733 fecistis
2854 662 3073 733 (Matth.
3142 678 3274 727 xxv,
3307 661 3377 716 35
3406 668 3457 716 et

123 756 206 811 viri
225 753 412 807 stabant
452 766 597 807 secus
642 751 824 805 illum.
880 752 944 805 Et
987 767 1114 806 eum
1157 749 1375 807 vidisset
1424 749 1569 809 illos.
1603 763 1695 803 ou-
1804 748 1911 819 40).
1948 748 2130 804 Unius
2160 749 2315 804 horse
2347 748 2599 821 hospitio
2659 750 2836 805 vidua
2887 748 2987 805 illa
3027 766 3154 822 qua;
3185 749 3445 818 suscepit

119 843 254 898 currit
278 841 471 895 obviam
499 838 616 894 illis
647 838 798 909 (Gen.
833 855 993 908 xvm,
1026 839 1107 909 2).
1146 837 1291 893 Vide
1324 837 1510 910 primo
1563 835 1697 891 fidei
1807 838 1961 894 206
2000 836 2183 892 Eliam
2214 842 2269 892 et
2313 837 2523 911 exiguo
2571 839 2698 894 cibo
2728 838 2905 910 pavit.
2948 842 3294 910 perpetuum
3328 840 3453 893 toto

118 928 421 1003 mysterium.
456 927 609 983 Deus
638 926 717 981 illi
752 926 1043 1000 apparuit,
1074 929 1131 983 et
1166 930 1285 981 tres
1314 925 1553 997 aspexit.
1592 922 1697 980 Cui
1804 927 2066 995 tempore
2110 924 2285 979 famis
2337 923 2557 979 invenit
2602 924 2970 991 alimentum,
3020 929 3078 981 et
3127 925 3454 981 mercedem

118 1020 237 1074 Deus
262 1015 506 1089 refulget,
537 1014 885 1073 Trinitatem
909 1015 1064 1071 videt
1090 1014 1219 1087 (40),
1251 1031 1367 1069 non
1399 1014 1524 1070 sine
1556 1011 1696 1069 Filio
1807 1012 2029 1084 accepit
2059 1011 2407 1079 mirabilem,
2444 1017 2506 1067 ut
2534 1029 2839 1084 nunquam
2889 1015 2960 1067 de
3009 1013 3217 1086 hydria
3267 1013 3456 1068 farina

116 1107 298 1161 Patrem
342 1104 599 1176 suscipit,
649 1120 753 1159 nec
803 1104 930 1158 sine
974 1104 1193 1176 Spiritu
1245 1105 1445 1159 sancto
1486 1101 1696 1157 Filium
1806 1100 2096 1156 deficeret.
2139 1099 2381 1156 Elisaaus
2429 1118 2661 1173 quoque
2710 1102 2966 1156 defuncti
3000 1101 3261 1173 pignoris
3293 1117 3455 1157 resu-

115 1193 387 1248 conlitetur.
435 1191 563 1247 Haec
611 1191 750 1246 alibi
809 1190 1040 1263 plenius
1074 1191 1153 1258 (in
1186 1190 1286 1245 lib.
1321 1189 1386 1245 de
1438 1192 1697 1245 Resurre-
1806 1188 2110 1244 scitatione
2141 1188 2374 1258 donata,
2407 1188 2579 1243 solvit
2609 1188 2846 1261 hospitii
2877 1190 3236 1261 pensionem.

114 1282 250 1336 ctione
272 1276 913 1343 carnis).Nuncmoralis
932 1279 1314 1351 persequendi
1332 1278 1694 1350 propositum
1877 1278 1964 1332 36.
1998 1276 2120 1331 Non
2175 1275 2300 1332 sola
2344 1280 2540 1337 tamen
2594 1277 2845 1333 facilitas
2892 1278 3298 1349 susceptionis,
3353 1279 3453 1335 sed

111 1372 176 1423 est
197 1367 310 1421 loci.
356 1367 475 1421 Non
504 1366 727 1422 otiosus
757 1367 938 1433 sedet,
974 1366 1073 1440 qui
1114 1366 1285 1440 longe
1317 1365 1561 1438 aspicit:
1594 1381 1699 1420 nec
1806 1364 1981 1420 etiam
2030 1363 2311 1420 sedulitas
2360 1365 2737 1437 suscipientis
2784 1370 2841 1421 et
2879 1367 3123 1423 affectus
3154 1366 3456 1438 quaeritur.

111 1455 352 1528 aspexisse
388 1458 713 1519 contentus,
770 1455 1030 1509 cucurrit
1076 1455 1326 1509 obviam.
1380 1453 1700 1510 Festinavit
1808 1453 2133 1524 Utrumque
2153 1456 2209 1506 te
2244 1452 2533 1509 Abraham
2567 1454 2753 1509 docet.
2788 1453 3060 1509 Cucurrit
3089 1455 3343 1520 obviam,
3373 1471 3459 1511 ro-

107 1559 373 1611 occurrere,
419 1542 558 1615 quia
606 1559 720 1597 non
769 1543 915 1598 satis
963 1547 1053 1599 est
1116 1547 1269 1598 recte
1321 1542 1530 1607 facere,
1584 1540 1696 1596 nisi
1810 1541 1966 1614 gavit
2012 1540 2169 1613 prior
2219 1541 2458 1597 dicens:
2492 1542 2736 1610 Domine,
2764 1544 2815 1597 si
2844 1544 3031 1598 inveni
3064 1543 3307 1613 gratiam
3333 1546 3461 1599 ante

107 1630 241 1687 etiam
269 1634 550 1695 maturare
583 1631 693 1704 (41)
725 1632 876 1704 quod
912 1631 1110 1693 facias.
1148 1631 1512 1686 Festinanter
1540 1628 1698 1685 enim
1808 1634 1879 1694 te,
1908 1645 1978 1684 ne
2033 1630 2372 1702 pra’tr'rieris
2426 1646 2643 1686 servum
2701 1634 2856 1686 tuum
2876 1648 2895 1685 :
2938 1638 3187 1687 sumatur
3214 1647 3378 1704 aqua,
3409 1634 3459 1687 et

104 1719 403 1775 manducare
454 1718 678 1791 pascha
725 1717 813 1775 lex
832 1720 1004 1790 jubet
1049 1718 1240 1788 (Exod.
1278 1736 1377 1788 xu,
1413 1720 1522 1791 11).
1548 1717 1695 1773 Ube-
1810 1718 2062 1774 laventur
2115 1718 2278 1790 pedes
2324 1720 2512 1784 vestri,
2571 1723 2623 1773 et
2673 1720 2994 1790 refrigerato
3020 1720 3119 1774 sub
3146 1719 3380 1777 arbore:
3410 1723 3460 1779 et

105 1808 242 1863 tiores
278 1807 425 1863 enim
478 1808 705 1862 fructus
755 1808 931 1863 habet
970 1806 1221 1864 celerata
1250 1806 1496 1863 devotio.
1530 1805 1697 1861 Disce
1729 1839 1777 1905 Β
1807 1824 2024 1863 sumam
2075 1823 2296 1878 panem,
2351 1810 2404 1864 et
2459 1807 2809 1874 manducate,
2853 1811 2904 1862 et
2955 1814 3076 1880 post
3130 1809 3246 1868 haec
3273 1812 3461 1864 trans-

102 1910 203 1968 ergo
247 1912 412 1969 quam
457 1896 711 1970 impiger
737 1912 866 1951 esse
889 1896 1121 1965 debeas,
1153 1901 1216 1951 ut
1264 1896 1455 1969 possis
1485 1908 1697 1969 praxve-
1729 1895 1774 1905 “’
1808 1897 1976 1959 ictis;
2018 1903 2238 1967 propter
2287 1896 2428 1967 quod
2469 1895 2784 1953 declinastis
2834 1896 2905 1953 ad
2951 1913 3169 1954 servum
3222 1905 3462 1953 vestrum

32 2000 35 2009 ·
104 1983 194 2037 nire
215 1983 529 2056 hospitem;
586 2000 658 2040 ne
688 1984 820 2056 quis
864 1985 1198 2058 praeveniat,
1230 1988 1287 2040 et
1315 1988 1371 2039 te
1401 1983 1536 2038 boni
1571 1999 1697 2037 mu-
1809 1985 1962 2055 (Gen.
1993 2000 2155 2053 xvm,
2214 1984 2348 2052 3-5).
2411 1984 2553 2040 Tres
2607 1984 2775 2047 vidit,
2807 1988 2863 2040 et
2922 2003 3108 2041 unum
3139 1986 3456 2043 Dominum

30 2098 33 2111 π
102 2072 219 2127 neris
239 2072 535 2129 defraudet
568 2072 755 2144 copia.
1810 2071 2142 2145 appellavit,
2174 2071 2362 2144 ipsius
2402 2071 2588 2127 solius
2613 2090 2674 2129 se
2707 2089 2940 2129 servum
2973 2074 3204 2130 fatetur.
3238 2074 3460 2131 Deinde

148 2160 218 2215 3i.
247 2161 396 2217 Bona
417 2164 508 2217 est
534 2161 1133 2234 bospitalitas.habet
1154 2162 1481 2217 mercedem
1505 2176 1698 2227 suam,
1810 2177 2122 2217 conversus
2175 2161 2246 2215 ad
2294 2160 2441 2218 duos
2492 2177 2641 2233 quos
2689 2161 2991 2217 ministros
3039 2162 3457 2231 arbitrabatur,

98 2248 301 2317 primum
331 2248 606 2305 humanae
640 2249 861 2321 gratiae,
894 2249 1126 2316 deinde,
1160 2249 1312 2322 quod
1350 2249 1543 2318 majus
1590 2250 1701 2308 est,
1811 2250 1987 2305 etiam
2019 2248 2163 2322 ipsis
2193 2249 2416 2304 deferre
2435 2249 2611 2321 gestit
2630 2250 2999 2322 obsequium,
3025 2251 3153 2321 jam
3186 2267 3300 2307 non
3327 2252 3464 2322 jure

96 2338 539 2394 remunerationis
603 2337 830 2393 divinae.
893 2337 1107 2393 Omnes
1166 2338 1221 2391 in
1279 2337 1387 2391 hoc
1446 2334 1701 2390 incolatu
1813 2338 2004 2393 debito
2035 2337 2333 2393 servitutis
2362 2337 2717 2404 obstructus,
2759 2338 2858 2393 sed
2892 2338 3104 2393 blando
3136 2339 3465 2397 sedulitatis

98 2422 306 2498 hospites
335 2443 594 2494 sumus;
630 2427 700 2482 ad
731 2430 964 2499 tempus
995 2426 1150 2482 enim
1191 2423 1494 2481 habitandi
1526 2423 1703 2479 babe-
1814 2426 2051 2482 nomine
2082 2442 2314 2498 usuque
2346 2425 2687 2481 famulatus.

28 2528 29 2531 ‘
92 2528 191 2569 mus
214 2513 532 2588 hospitium
564 2532 577 2569 :
611 2515 979 2588 emigramus
1007 2515 1603 2588 propere.Caveamus
1634 2526 1705 2565 ne
1884 2516 1974 2569 37.
2009 2514 2071 2569 Et
2128 2513 2416 2587 festinavit
2477 2514 2754 2569 Abraham
2811 2517 2868 2571 in
2918 2516 3337 2572 tabernaculum
3395 2515 3466 2571 ad

96 2599 234 2657 sinos
258 2603 382 2659 duri
419 2608 525 2660 aut
558 2602 920 2676 negligentes
953 2603 1239 2659 fuerimus
1267 2603 1321 2656 in
1356 2600 1705 2673 recipiendis
1815 2603 2033 2667 Suram,
2069 2610 2120 2681 et
2160 2602 2305 2657 dixit
2360 2604 2443 2658 ei:
2497 2604 2711 2658 Festina
2767 2608 2819 2659 et
2875 2621 3160 2677 consperge
3187 2613 3294 2661 tres
3311 2621 3464 2660 men—

100 2687 397 2762 hospitibus,
432 2693 618 2748 etiam
668 2692 837 2747 nobis
892 2696 1021 2765 post
1076 2692 1203 2746 vita:
1258 2690 1428 2746 istius
1467 2704 1703 2743 cursum
1815 2708 1976 2747 suras
2022 2691 2373 2762 similaginis,
2425 2695 2476 2746 et
2522 2696 2612 2762 fac
2657 2695 3026 2749 subcinericia
3064 2693 3221 2765 (Ibid.
3255 2693 3330 2767 6).
3360 2693 3465 2749 Bo-

106 2784 384 2836 sanctorum
415 2780 683 2854 hospitia
714 2780 1090 2852 denegentur.
1116 2780 1280 2836 Unde
1316 2780 1375 2834 in
1400 2776 1708 2850 Evangelio
1819 2798 1930 2835 nus
1963 2780 2208 2835 maritus
2239 2784 2526 2836 exsortem
2577 2780 2834 2853 religiosi
2867 2782 3128 2838 muneris
3172 2798 3300 2838 esse
3345 2798 3460 2838 non

105 2863 310 2924 Salvator
344 2868 526 2925 dicit:
581 2855 760 2937 Facite
805 2869 954 2925 vobis
1004 2871 1202 2924 amicos
1230 2868 1295 2923 de
1323 2869 1511 2938 iniquo
1533 2881 1706 2920 mam-
1818 2871 2040 2943 patitur
2061 2886 2318 2929 uxorem.
2361 2885 2465 2923 nec
2497 2886 2664 2925 avare
2685 2869 2793 2924 sibi
2830 2875 3016 2925 totum
3051 2887 3268 2926 mnnus
3288 2888 3462 2927 usur-

101 2968 239 3023 mana,
276 2961 372 3031 qui
412 2974 505 3013 vos
548 2960 818 3030 recipiant
856 2958 917 3012 in
964 2966 1173 3015 aeterna
1217 2956 1569 3012 tabernacula
1611 2970 1711 3009 sua
1820 2963 1936 3032 pat.
1980 2959 2148 3014 Recte
2193 2958 2373 3029 igitur
2420 2962 2475 3013 et
2530 2959 2762 3031 pietatis
2812 2963 2868 3014 et
2897 2960 3254 3015 verecundiae
3285 2976 3463 3016 causa

29 3030 36 3120 ί
78 3041 205 3109 (ινα
247 3030 364 3114 XVI,
418 3048 497 3117 9).
554 3047 775 3102 Deinde
824 3046 998 3101 etiam
1052 3047 1105 3101 in
1168 3046 1274 3100 hoc
1315 3060 1552 3120 corpore
1583 3041 1711 3097 sitis
1820 3030 2101 3104 servatur.
2154 3047 2312 3115 Quod
2366 3030 2601 3118 pietatis
2630 3050 2737 3111 est,
2791 3046 2915 3102 vult
2945 3064 3071 3103 esse
3101 3065 3461 3105 commune:

31 3116 400 3223 ﬁplerumque
432 3116 705 3199 oboritur
736 3134 1137 3207 peregrinandi
1181 3116 1517 3188 necessitas.
1551 3130 1709 3194 Quod
1741 3203 1780 3223 Π
1820 3136 1973 3210 quod
2011 3135 2251 3207 pudoris
2279 3116 2387 3200 est,
2418 3134 2712 3206 integrum
2763 3130 2960 3191 manet
2998 3137 3173 3191 Sarae.
3206 3139 3349 3191 Ante
3380 3140 3467 3192 ta-

52 3220 197 3291 ῈῙἨΟ
240 3203 371 3279 aliis
420 3223 751 3297 negaveris,
813 3223 870 3277 id
914 3223 970 3276 ίη
1013 3226 1067 3276 t9
1119 3223 1242 3294 ἱρείη
1305 3221 1604 3275 decernis:
1654 3220 1708 3273 Bt
1739 3203 1781 3268 (ἶ
1819 3203 2197 3281 bernaculum
2229 3224 2316 3277 vir
2335 3222 2634 3295 hospitum
2669 3223 2929 3293 explorat
2959 3224 3279 3280 adventus:
3312 3223 3470 3280 intra

66 3309 213 3379 "1U"!
259 3311 391 3367 aliis
442 3311 749 3379 detulerit“.
783 3328 850 3367 90
868 3316 924 3367 *ιθ
944 3311 1121 3367 melas
1153 3310 1397 3384 dignum
1421 3310 1621 3365 Videri.
1655 3307 1715 3363 Si
1824 3312 2262 3370 tabernaculum
2293 3312 2436 3367 Sara
2478 3315 2677 3366 tuetur
2699 3313 2925 3366 feminae
2952 3313 3383 3377 verecundiam,
3415 3316 3472 3366 et

86 3413 262 3455 omnes
290 3415 423 3456 eam
476 3399 835 3457 sententiam
893 3417 1005 3455 non
1059 3399 1415 3471 suscipiendi
1460 3396 1719 3469 hospites
1826 3419 2001 3475 opera
2025 3400 2337 3456 muliebria
2369 3404 2495 3455 tuto
2516 3405 2738 3456 exercet
2761 3401 3001 3473 pudore.
3033 3399 3193 3457 Foris
3224 3401 3473 3456 maritus

85 3492 400 3558 sequantur.
439 3490 543 3545 ubi
609 3488 718 3545 erit
766 3488 996 3560 requies
1027 3485 1577 3560 peregrinantibus?
1608 3486 1718 3541 ηε·
1827 3491 2052 3558 invitat,
2083 3488 2245 3544 intus
2293 3489 2435 3544 Sara
2481 3489 2806 3544 convivium
2839 3489 3103 3546 adornat.
3136 3488 3252 3545 Nec
3281 3487 3473 3545 solum

86 3572 212 3631 lictis
240 3578 423 3650 igitur
467 3578 757 3634 humanis
800 3577 1176 3636 habitaculis.
1221 3575 1590 3647 captabimus
1629 3593 1718 3632 se-
1828 3582 1953 3652 ipse
1979 3578 2213 3633 festinat
2232 3577 2548 3643 Abraham,
2581 3579 2679 3633 scd
2705 3578 2880 3639 etiam
2904 3578 3303 3634 festinandum
3331 3577 3479 3633 dixit

83 3678 257 3721 cessus
287 3667 583 3732 ferarum,
618 3666 936 3721 bestiarum
968 3664 1203 3721 cubilia.
1830 3667 2016 3736 uxori,
2047 3667 2265 3722 sociam
2307 3666 2630 3723 devotionis
2683 3666 3022 3734 ostendens,
3074 3681 3179 3722 nec
3211 3666 3325 3723 fide
3355 3664 3479 3722 dis-

137 3752 217 3807 35.
247 3754 360 3810 Sed
394 3753 750 3828 pauperiem
786 3753 1120 3826 praetendis.
1152 3754 1279 3809 Non
1307 3769 1445 3824 opes
1474 3770 1506 3808 a
1536 3758 1593 3809 te
1622 3754 1722 3809 ho—
1830 3773 2050 3830 parem.

81 3856 192 3910 spes
244 3843 522 3915 requirit,
589 3842 692 3898 sed
751 3842 1039 3916 gratiam;
1081 3858 1197 3898 non
1229 3845 1502 3897 ornatum
1535 3841 1723 3897 convi-
1899 3845 1988 3900 38.
2020 3844 2336 3916 Consperge,
2388 3844 2600 3916 inquit,
2641 3853 2749 3901 tres
2794 3860 3078 3900 mensuras
3118 3845 3476 3916 similaginis,

82 3927 236 3993 vium.
267 3933 367 3987 sed
403 3932 616 3988 cibum
651 3931 908 3987 obvium.
950 3931 1137 3986 Melior
1165 3934 1262 3994 est,
1295 3930 1505 4001 inquit,
1537 3933 1722 4002 hospi-
1828 3938 1881 3990 et
1924 3934 2014 4004 fac
2058 3934 2448 3989 subcinerieia.
2509 3932 2704 3988 Graec
2736 3941 2969 4007 ἐγκρύφια
3019 3934 3317 3998 dicuntur,
3369 3932 3478 3987 hoc

78 4016 234 4075 talilas
259 4038 387 4076 cum
442 4022 700 4076 oleribus
753 4018 823 4073 ad
854 4021 1158 4085 amicitiam
1185 4022 1236 4075 et
1266 4022 1526 4089 gratiam,
1559 4036 1725 4091 quam
1830 4026 1919 4077 est
1948 4022 2323 4089 abscondita;
2358 4038 2423 4075 eo
2462 4022 2618 4093 quod
2667 4021 2843 4077 latere
2901 4022 3104 4076 debeat
3141 4036 3315 4076 omne
3345 4037 3475 4092 my-

78 4106 117 4156 si
140 4109 325 4165 vitulos
355 4109 586 4166 occidas
615 4107 685 4173 ad
727 4109 996 4181 praesepia
1039 4124 1163 4171 cum
1192 4108 1509 4164 inimicitiis
1540 4109 1719 4179 (Prov.
1832 4109 2073 4165 sterium
2107 4113 2164 4164 et
2195 4109 2361 4180 quasi
2419 4109 2626 4180 operiri
2670 4110 2781 4163 fido
2813 4108 3046 4164 silentio
3073 4109 3211 4180 (42),
3245 4124 3315 4164 ne
3346 4124 3479 4182 pro-
3581 4178 3585 4182 θ

77 4208 150 4260 xv,
196 4196 302 4266 l7).
359 4198 503 4254 Haec
552 4205 722 4270 grata
772 4194 1115 4252 hominibus
1174 4200 1230 4251 et
1299 4201 1535 4267 accepta
1584 4196 1721 4252 Deo.
1830 4198 1984 4254 fanis
2031 4203 2249 4253 temere
2274 4196 2607 4269 divulgetur
2635 4197 2897 4253 auribus.
2948 4198 3065 4253 Hoc
3098 4197 3358 4269 pascitur
3386 4196 3479 4254 di-

79 4278 213 4339 Unde
243 4286 547 4341 Dominus
599 4284 774 4340 Jesus
822 4285 881 4338 in
932 4283 1239 4358 Evangelio
1286 4284 1499 4353 (Matth.
1546 4301 1601 4349 x,
1636 4285 1725 4356 1:2)
1828 4287 1965 4342 vina
1994 4287 2295 4358 majestas,
2317 4285 2474 4341 hunc
2506 4284 2778 4357 epulatur
2807 4286 3103 4349 affectum,
3135 4285 3235 4357 qui
3265 4301 3481 4358 parcus

76 4383 186 4426 eum
203 4374 557 4448 quicunque
582 4372 808 4428 dederit
824 4372 1039 4445 hospiti
1062 4377 1263 4445 potum
1290 4389 1455 4444 aquae
1477 4371 1722 4446 frigidae,
1828 4374 2106 4447 loquendi
2147 4373 2242 4440 sit,
2279 4390 2383 4430 nec
2423 4390 2588 4429 sacra
2628 4373 2685 4428 in
2736 4374 2997 4429 medium
3028 4375 3193 4430 ferat.
3230 4374 3488 4431 Breviter

75 4460 378 4519 cmlestium
435 4460 664 4519 asserit
688 4460 1060 4534 praemiorum
1101 4477 1213 4516 non
1247 4464 1533 4516 exsortem
1567 4463 1723 4516 t‘utu-
1832 4469 2030 4521 autem
2062 4462 2193 4518 fidei
2227 4462 2567 4535 mysterium
2609 4462 2774 4517 docet
2801 4463 2962 4529 Sara,
2993 4463 3169 4518 unius
3200 4462 3486 4535 similagi-

74 4562 203 4605 rum.
227 4552 500 4626 Denique
535 4550 725 4607 Jacob
749 4566 882 4606 oves
905 4549 1219 4622 adaquavit
1240 4548 1476 4617 Rachel,
1511 4553 1565 4605 et
1594 4566 1724 4622 gra-
1758 4567 1807 4633 D
1839 4553 1931 4609 nis
1948 4557 2067 4613 tres
2088 4567 2397 4607 mensuras
2423 4550 2662 4621 faciens,
2695 4567 2822 4622 quae
2853 4556 3060 4624 typum
3082 4551 3355 4609 Ecclesiae
3383 4551 3488 4608 ha-

72 4637 193 4692 tiam
225 4641 476 4713 reperit,
515 4643 584 4695 et
613 4654 850 4694 uxorem
884 4636 1215 4709 acquisivit.
1251 4638 1464 4693 Deinde
1484 4638 1583 4709 qui
1616 4638 1733 4693 scis
1842 4642 1958 4707 bet,
2006 4639 2096 4695 cui
2128 4639 2380 4695 dicitur:
2416 4639 2642 4710 Laetare,
2687 4640 2914 4706 sterilis,
2965 4655 3091 4713 quae
3133 4657 3246 4697 non
3281 4643 3441 4714 paris
3469 4659 3488 4696 :

71 4738 129 4778 an
151 4725 329 4784 Deum
360 4727 699 4801 suspicias,
723 4743 857 4782 cum
883 4726 1174 4799 hospitem
1198 4725 1732 4797 putas?Abraham
1842 4745 2067 4800 erumpe
2111 4736 2162 4784 et
2212 4728 2410 4794 clama,
2454 4744 2572 4798 quae
2621 4745 2731 4784 non
2774 4731 3023 4800 parturis
3067 4728 3193 4801 (Isa.
3244 4746 3353 4799 LIV,
3412 4730 3487 4799 1).

70 4811 189 4869 dum
215 4814 760 4889 peregrinantibus
784 4814 1324 4886 defertbospitium,
1353 4814 1534 4869 Deum
1559 4817 1735 4885 atque
1842 4817 1973 4873 Haec
2005 4821 2094 4872 est
2148 4816 2305 4870 enim
2365 4832 2491 4888 quae
2548 4816 2757 4871 intimo
2816 4817 2991 4872 fidem
3048 4817 3258 4890 spiritu
3318 4818 3488 4885 fovet,

72 4902 288 4973 angelos
340 4906 486 4976 ejus
547 4903 808 4976 hospitio
860 4902 1158 4974 suscepit:
1203 4903 1474 4974 quamvis
1515 4906 1735 4958 etcum
1845 4907 2110 4977 ejusdem
2146 4903 2471 4960 divinitatis
2493 4921 2761 4961 asserens
2783 4904 3153 4971 Trinitatem,
3188 4904 3311 4976 pari
3339 4921 3489 4976 qua-

69 4986 339 5062 hospitem
377 4991 685 5064 suscipis,
718 4991 1009 5064 suscipias
1033 4994 1239 5055 Deum,
1271 4989 1423 5045 sicut
1453 4991 1734 5063 scriptum
1846 4994 1980 5050 dam
2014 4991 2426 5063 mensura(43)
2452 4996 2623 5062 atque
2647 4990 2968 5046 reverentia
2991 4988 3493 5058 Patrem,Filium-

127 5140 234 5215 (40)
266 5143 398 5199 Vet.
453 5142 616 5199 edit.
661 5145 746 5215 et_
778 5141 1045 5215 quiedqm
1094 5140 1277 5215 Paris.
1348 5140 1739 5215 cumhpaucis
1846 5146 1989 5204 dum
2030 5148 2139 5199 est.

70 5211 222 5287 mss,
269 5218 371 5287 cui
402 5217 567 5270 Deus
601 5211 821 5287 refulsit
850 5214 907 5266 in
958 5213 1242 5287 Trinyitate,
1293 5211 1739 5287 etc._Alia3_vero
1871 5286 1877 5287 ί
1918 5214 2030 5287 (42)
2062 5216 2145 5287 lta
2175 5211 2845 5287 mss._septem._llnicu_s
2865 5216 3083 5287 autem,
3125 5216 3299 5284 atque
3327 5213 3493 5287 edit,

71 5284 117 5356 et
142 5299 280 5339 mss.
317 5286 544 5356 plures
581 5284 974 5355 potioresque,
1000 5285 1092 5337 cui
1123 5283 1262 5338 Deus
1284 5284 1533 5354 refulget,
1569 5283 1742 5339 Trini-
1848 5282 1975 5356 ﬁdei
2002 5282 2242 5356 silentio.
2300 5284 2482 5356 Forte,
2536 5282 2716 5356 ﬁdeli
2741 5284 3053 5356 silentiout
3080 5288 3169 5340 est
3198 5282 3351 5355 apud
3382 5284 3494 5340 Ho-

67 5354 215 5409 tatem
244 5352 421 5415 videt.
581 5352 600 5355 ⁷
862 5352 873 5354 ⁷
1344 5352 1351 5354 ⁷
1848 5352 2061 5412 ratium
2094 5354 2165 5408 de
2195 5354 2377 5408 sacris
2409 5352 2632 5408 Cereris
2658 5352 2941 5409 Eleusinae
2972 5354 3072 5410 lib.
3107 5373 3191 5423 III,
3231 5352 3339 5411 ode
3366 5366 3420 5411 2.

126 5426 234 5499 (Id)
278 5428 441 5483 Edit.
504 5423 653 5481 Gill.
685 5440 750 5479 ac
781 5424 1113 5492 Rom.,nisi
1132 5426 1578 5499 etiamgmalures.
1609 5427 1738 5481 Am.
1922 5427 2032 5496 (43)
2061 5424 2279 5499 Omnes
2332 5423 2469 5499 edit.
2523 5440 2588 5499 ac
2636 5423 2772 5499 duo
2799 5442 2922 5499 mss
2953 5468 2966 5492 ,
3012 5428 3136 5499 lla’e
3178 5430 3329 5483 enim
3368 5442 3497 5499 quae

69 5495 273 5565 autem,
307 5499 455 5554 Era.
513 5500 582 5552 et
612 5512 754 5566 mss.
806 5496 1195 5566 omnes,rnisi
1242 5497 1407 5557 etiam
1434 5501 1739 5565 maturare,
1850 5495 2045 5553 intimo
2089 5495 2250 5565 ﬁdem
2303 5495 2502 5566 spiritu
2554 5496 2696 5566 fovet
2721 5495 2960 5566 ejusdem
3004 5497 3316 5554 divinitatis
3350 5495 3495 5556 asse-

68 5568 152 5644 ubi
178 5568 460 5644 ellipsin)
491 5565 673 5644 verbi
700 5567 932 5644 coneris,
978 5565 1066 5621 vel
1097 5565 1339 5644 alterius
1376 5566 1738 5644 hujusmodi,
1848 5585 1975 5644 rens
2030 5565 2366 5632 Trinitatem,
2394 5567 2522 5644 pari
2549 5565 2848 5644 quadam...
2870 5567 2991 5624 hac.
3018 5570 3158 5644 ᾼγη.ἒ
3189 5570 3301 5625 ἧκε
3339 5571 3496 5627 devo-

66 5638 144 5695 vel
172 5636 323 5699 forte
355 5641 566 5699 etiam
617 5636 989 5695 librariorum
1038 5643 1340 5712 peccatum
1379 5636 1508 5696 esse
1536 5637 1740 5697 dioen-
1851 5642 2119 5701 tionem...
2183 5636 2517 5716 compergit.
2559 5636 2699 5697 ‘Alii
2746 5654 2890 5698 mss.
2933 5638 3193 5697 melioris
3236 5644 3385 5700 notae
3432 5645 3499 5701 ut

380 5767 673 5836 PATIOL.
720 5762 881 5835 XIV.

2940 5768 3170 5867 {is
