  <div class='ocr_page' id='page_1' title='image "/cluster/home/n/w/nwhite01/storage/ocr_20150623/14/uva.x000826552/244.png"; bbox 0 0 3878 6208; ppageno 0'>
   <div class='ocr_carea' id='block_1_1' title="bbox 416 306 535 367">
    <p class='ocr_par' dir='ltr' id='par_1_1' title="bbox 416 306 535 367">
     <span class='ocr_line' id='line_1_1' title="bbox 416 306 535 367; baseline 0.025 -4"><span class='ocrx_word' id='word_1_1' title='bbox 416 306 535 367; x_wconf 77' lang='grc'>459</span> 
     </span>
    </p>
   </div>
   <div class='ocr_carea' id='block_1_2' title="bbox 1868 306 2355 368">
    <p class='ocr_par' dir='ltr' id='par_1_2' title="bbox 1868 306 2355 368">
     <span class='ocr_line' id='line_1_2' title="bbox 1868 306 2355 368; baseline -0.002 -1"><span class='ocrx_word' id='word_1_2' title='bbox 1868 308 1934 367; x_wconf 85' lang='lat' dir='ltr'>S.</span> <span class='ocrx_word' id='word_1_3' title='bbox 1982 306 2355 368; x_wconf 79' lang='lat' dir='ltr'>AMBROSH</span> 
     </span>
    </p>
   </div>
   <div class='ocr_carea' id='block_1_3' title="bbox 3665 319 3764 379">
    <p class='ocr_par' dir='ltr' id='par_1_3' title="bbox 3665 319 3764 379">
     <span class='ocr_line' id='line_1_3' title="bbox 3665 319 3764 379; baseline 0 0"><span class='ocrx_word' id='word_1_4' title='bbox 3665 319 3764 379; x_wconf 69' lang='lat'>460</span> 
     </span>
    </p>
   </div>
   <div class='ocr_carea' id='block_1_4' title="bbox 415 438 3759 515">
    <p class='ocr_par' dir='ltr' id='par_1_4' title="bbox 415 438 3759 515">
     <span class='ocr_line' id='line_1_4' title="bbox 415 438 3759 515; baseline 0.004 -25"><span class='ocrx_word' id='word_1_5' title='bbox 415 454 548 509; x_wconf 77' lang='lat' dir='ltr'>que,</span> <span class='ocrx_word' id='word_1_6' title='bbox 580 440 637 492; x_wconf 89' lang='lat' dir='ltr'>et</span> <span class='ocrx_word' id='word_1_7' title='bbox 687 442 955 493; x_wconf 87' lang='lat' dir='ltr'>sanctum</span> <span class='ocrx_word' id='word_1_8' title='bbox 1008 439 1258 495; x_wconf 89' lang='lat' dir='ltr'>adorans</span> <span class='ocrx_word' id='word_1_9' title='bbox 1290 438 1594 510; x_wconf 81' lang='lat' dir='ltr'>Spiritum,</span> <span class='ocrx_word' id='word_1_10' title='bbox 1639 445 1689 492; x_wconf 85' lang='lat' dir='ltr'>et</span> <span class='ocrx_word' id='word_1_11' title='bbox 1728 440 2051 509; x_wconf 52' lang='lat' dir='ltr'>animum;</span> <span class='ocrx_word' id='word_1_12' title='bbox 2081 442 2133 504; x_wconf 62' lang='grc' dir='ltr'>Α</span> <span class='ocrx_word' id='word_1_13' title='bbox 2167 444 2259 491; x_wconf 66' lang='lat' dir='ltr'>tus</span> <span class='ocrx_word' id='word_1_14' title='bbox 2316 440 2501 509; x_wconf 87' lang='lat' dir='ltr'>pudor</span> <span class='ocrx_word' id='word_1_15' title='bbox 2548 455 2673 493; x_wconf 82' lang='lat' dir='ltr'>esse</span> <span class='ocrx_word' id='word_1_16' title='bbox 2732 440 2940 495; x_wconf 78' lang='lat' dir='ltr'>debeat</span> <span class='ocrx_word' id='word_1_17' title='bbox 2996 439 3365 508; x_wconf 82' lang='lat' dir='ltr'>feminarum,</span> <span class='ocrx_word' id='word_1_18' title='bbox 3437 458 3506 498; x_wconf 87' lang='lat' dir='ltr'>ne</span> <span class='ocrx_word' id='word_1_19' title='bbox 3559 450 3759 515; x_wconf 77' lang='lat' dir='ltr'>procaci</span> 
     </span>
    </p>
   </div>
   <div class='ocr_carea' id='block_1_5' title="bbox 414 526 2052 599">
    <p class='ocr_par' dir='ltr' id='par_1_5' title="bbox 414 526 2052 599">
     <span class='ocr_line' id='line_1_5' title="bbox 414 526 2052 599; baseline 0.001 -19"><span class='ocrx_word' id='word_1_20' title='bbox 414 526 634 581; x_wconf 81' lang='lat' dir='ltr'>unitate.</span> <span class='ocrx_word' id='word_1_21' title='bbox 676 526 1109 591; x_wconf 79' lang='lat' dir='ltr'>concelebraris,</span> <span class='ocrx_word' id='word_1_22' title='bbox 1162 543 1657 599; x_wconf 89' lang='lat' dir='ltr'>personarumque</span> <span class='ocrx_word' id='word_1_23' title='bbox 1703 528 2052 599; x_wconf 73' lang='lat' dir='ltr'>proprietate</span> 
     </span>
    </p>
   </div>
   <div class='ocr_carea' id='block_1_6' title="bbox 412 614 2054 687">
    <p class='ocr_par' dir='ltr' id='par_1_6' title="bbox 412 614 2054 687">
     <span class='ocr_line' id='line_1_6' title="bbox 412 614 2054 687; baseline 0.002 -20"><span class='ocrx_word' id='word_1_24' title='bbox 412 614 803 687; x_wconf 77' lang='lat' dir='ltr'>distinguens,</span> <span class='ocrx_word' id='word_1_25' title='bbox 849 616 953 670; x_wconf 89' lang='lat' dir='ltr'>hac</span> <span class='ocrx_word' id='word_1_26' title='bbox 987 617 1348 671; x_wconf 87' lang='lat' dir='ltr'>devotionem</span> <span class='ocrx_word' id='word_1_27' title='bbox 1381 621 1544 671; x_wconf 87' lang='lat' dir='ltr'>tuam</span> <span class='ocrx_word' id='word_1_28' title='bbox 1577 616 1707 670; x_wconf 87' lang='lat' dir='ltr'>ﬁdei</span> <span class='ocrx_word' id='word_1_29' title='bbox 1737 616 2054 671; x_wconf 77' lang='lat' dir='ltr'>assertione</span> 
     </span>
    </p>
   </div>
   <div class='ocr_carea' id='block_1_7' title="bbox 412 719 750 776">
    <p class='ocr_par' dir='ltr' id='par_1_7' title="bbox 412 719 750 776">
     <span class='ocr_line' id='line_1_7' title="bbox 412 719 750 776; baseline 0 -19"><span class='ocrx_word' id='word_1_30' title='bbox 412 719 750 776; x_wconf 80' lang='lat' dir='ltr'>consperge.</span> 
     </span>
    </p>
   </div>
   <div class='ocr_carea' id='block_1_8' title="bbox 481 837 2057 909">
    <p class='ocr_par' dir='ltr' id='par_1_8' title="bbox 481 837 2057 909">
     <span class='ocr_line' id='line_1_8' title="bbox 481 837 2057 909; baseline 0.001 -18"><span class='ocrx_word' id='word_1_31' title='bbox 481 838 569 891; x_wconf 82' lang='lat'>39.</span> <span class='ocrx_word' id='word_1_32' title='bbox 604 837 814 892; x_wconf 81' lang='lat' dir='ltr'>Mulier</span> <span class='ocrx_word' id='word_1_33' title='bbox 833 838 1226 909; x_wconf 84' lang='lat' dir='ltr'>similaginem</span> <span class='ocrx_word' id='word_1_34' title='bbox 1253 840 1476 905; x_wconf 81' lang='lat' dir='ltr'>ott‘erat,</span> <span class='ocrx_word' id='word_1_35' title='bbox 1512 839 1618 893; x_wconf 91' lang='lat' dir='ltr'>hoc</span> <span class='ocrx_word' id='word_1_36' title='bbox 1641 844 1751 905; x_wconf 84' lang='lat' dir='ltr'>est,</span> <span class='ocrx_word' id='word_1_37' title='bbox 1782 838 2057 893; x_wconf 88' lang='lat' dir='ltr'>interiora</span> 
     </span>
    </p>
   </div>
   <div class='ocr_carea' id='block_1_9' title="bbox 409 924 2049 999">
    <p class='ocr_par' dir='ltr' id='par_1_9' title="bbox 409 924 2049 999">
     <span class='ocr_line' id='line_1_9' title="bbox 409 924 2049 999; baseline 0.001 -20"><span class='ocrx_word' id='word_1_38' title='bbox 409 924 689 995; x_wconf 75' lang='lat' dir='ltr'>spiritalis</span> <span class='ocrx_word' id='word_1_39' title='bbox 739 927 1013 981; x_wconf 79' lang='lat' dir='ltr'>frumenti</span> <span class='ocrx_word' id='word_1_40' title='bbox 1057 926 1143 981; x_wconf 86' lang='lat' dir='ltr'>vel</span> <span class='ocrx_word' id='word_1_41' title='bbox 1192 928 1358 999; x_wconf 90' lang='lat' dir='ltr'>grani</span> <span class='ocrx_word' id='word_1_42' title='bbox 1394 926 1553 982; x_wconf 90' lang='lat' dir='ltr'>illius</span> <span class='ocrx_word' id='word_1_43' title='bbox 1584 928 1655 981; x_wconf 91' lang='lat' dir='ltr'>de</span> <span class='ocrx_word' id='word_1_44' title='bbox 1685 943 1799 999; x_wconf 92' lang='lat' dir='ltr'>quo</span> <span class='ocrx_word' id='word_1_45' title='bbox 1829 928 2049 981; x_wconf 89' lang='lat' dir='ltr'>dictum</span> 
     </span>
    </p>
   </div>
   <div class='ocr_carea' id='block_1_10' title="bbox 410 1014 2052 1084">
    <p class='ocr_par' dir='ltr' id='par_1_10' title="bbox 410 1014 2052 1084">
     <span class='ocr_line' id='line_1_10' title="bbox 410 1014 2052 1084; baseline 0.002 -18"><span class='ocrx_word' id='word_1_46' title='bbox 410 1019 520 1079; x_wconf 89' lang='lat' dir='ltr'>est,</span> <span class='ocrx_word' id='word_1_47' title='bbox 558 1014 713 1084; x_wconf 91' lang='lat' dir='ltr'>quod</span> <span class='ocrx_word' id='word_1_48' title='bbox 746 1016 856 1070; x_wconf 85' lang='lat' dir='ltr'>nisi</span> <span class='ocrx_word' id='word_1_49' title='bbox 888 1015 948 1068; x_wconf 85' lang='lat' dir='ltr'>in</span> <span class='ocrx_word' id='word_1_50' title='bbox 982 1020 1195 1069; x_wconf 89' lang='lat' dir='ltr'>terram</span> <span class='ocrx_word' id='word_1_51' title='bbox 1223 1015 1516 1080; x_wconf 76' lang='lat' dir='ltr'>ceciderit,</span> <span class='ocrx_word' id='word_1_52' title='bbox 1549 1015 1775 1070; x_wconf 91' lang='lat' dir='ltr'>nullum</span> <span class='ocrx_word' id='word_1_53' title='bbox 1801 1016 2052 1069; x_wconf 83' lang='lat' dir='ltr'>fructum</span> 
     </span>
    </p>
   </div>
   <div class='ocr_carea' id='block_1_11' title="bbox 411 1102 2053 1174">
    <p class='ocr_par' dir='ltr' id='par_1_11' title="bbox 411 1102 2053 1174">
     <span class='ocr_line' id='line_1_11' title="bbox 411 1102 2053 1174; baseline 0.002 -19"><span class='ocrx_word' id='word_1_54' title='bbox 411 1104 631 1157; x_wconf 72' lang='lat' dir='ltr'>atterat.</span> <span class='ocrx_word' id='word_1_55' title='bbox 666 1102 829 1157; x_wconf 91' lang='lat' dir='ltr'>Unde</span> <span class='ocrx_word' id='word_1_56' title='bbox 860 1110 917 1159; x_wconf 89' lang='lat' dir='ltr'>et</span> <span class='ocrx_word' id='word_1_57' title='bbox 937 1104 1127 1174; x_wconf 87' lang='lat' dir='ltr'>prima</span> <span class='ocrx_word' id='word_1_58' title='bbox 1144 1105 1285 1158; x_wconf 83' lang='lat' dir='ltr'>vidit</span> <span class='ocrx_word' id='word_1_59' title='bbox 1316 1105 1498 1159; x_wconf 79' lang='lat' dir='ltr'>Maria</span> <span class='ocrx_word' id='word_1_60' title='bbox 1521 1105 1830 1160; x_wconf 67' lang='lat' dir='ltr'>Domintcaa</span> <span class='ocrx_word' id='word_1_61' title='bbox 1863 1122 2053 1159; x_wconf 83' lang='lat' dir='ltr'>resur-</span> 
     </span>
    </p>
   </div>
   <div class='ocr_carea' id='block_1_12' title="bbox 412 1191 2054 1263">
    <p class='ocr_par' dir='ltr' id='par_1_12' title="bbox 412 1191 2054 1263">
     <span class='ocr_line' id='line_1_12' title="bbox 412 1191 2054 1263; baseline 0.001 -18"><span class='ocrx_word' id='word_1_62' title='bbox 412 1191 687 1246; x_wconf 87' lang='lat' dir='ltr'>rectionis</span> <span class='ocrx_word' id='word_1_63' title='bbox 717 1195 1083 1262; x_wconf 76' lang='lat' dir='ltr'>mysterium,</span> <span class='ocrx_word' id='word_1_64' title='bbox 1115 1198 1174 1246; x_wconf 90' lang='lat' dir='ltr'>et</span> <span class='ocrx_word' id='word_1_65' title='bbox 1204 1192 1496 1247; x_wconf 76' lang='lat' dir='ltr'>festinavit</span> <span class='ocrx_word' id='word_1_66' title='bbox 1534 1210 1645 1247; x_wconf 90' lang='lat' dir='ltr'>non</span> <span class='ocrx_word' id='word_1_67' title='bbox 1682 1194 1896 1263; x_wconf 85' lang='lat' dir='ltr'>passim</span> <span class='ocrx_word' id='word_1_68' title='bbox 1929 1211 2054 1247; x_wconf 86' lang='lat' dir='ltr'>om-</span> 
     </span>
    </p>
   </div>
   <div class='ocr_carea' id='block_1_13' title="bbox 414 1280 2052 1345">
    <p class='ocr_par' dir='ltr' id='par_1_13' title="bbox 414 1280 2052 1345">
     <span class='ocr_line' id='line_1_13' title="bbox 414 1280 2052 1345; baseline 0 -11"><span class='ocrx_word' id='word_1_69' title='bbox 414 1280 610 1345; x_wconf 89' lang='lat' dir='ltr'>nibus,</span> <span class='ocrx_word' id='word_1_70' title='bbox 643 1280 743 1334; x_wconf 89' lang='lat' dir='ltr'>sed</span> <span class='ocrx_word' id='word_1_71' title='bbox 793 1280 937 1335; x_wconf 91' lang='lat' dir='ltr'>solis</span> <span class='ocrx_word' id='word_1_72' title='bbox 967 1284 1133 1334; x_wconf 87' lang='lat' dir='ltr'>Petro</span> <span class='ocrx_word' id='word_1_73' title='bbox 1164 1286 1220 1334; x_wconf 91' lang='lat' dir='ltr'>et</span> <span class='ocrx_word' id='word_1_74' title='bbox 1254 1280 1508 1335; x_wconf 82' lang='lat' dir='ltr'>Johanni</span> <span class='ocrx_word' id='word_1_75' title='bbox 1563 1282 1833 1336; x_wconf 87' lang='lat' dir='ltr'>intimare</span> <span class='ocrx_word' id='word_1_76' title='bbox 1877 1299 2052 1336; x_wconf 68' lang='lat' dir='ltr'>sacrae</span> 
     </span>
    </p>
   </div>
   <div class='ocr_carea' id='block_1_14' title="bbox 412 1368 2055 1434">
    <p class='ocr_par' dir='ltr' id='par_1_14' title="bbox 412 1368 2055 1434">
     <span class='ocr_line' id='line_1_14' title="bbox 412 1368 2055 1434; baseline 0.001 -12"><span class='ocrx_word' id='word_1_77' title='bbox 412 1368 621 1422; x_wconf 88' lang='lat' dir='ltr'>salutis</span> <span class='ocrx_word' id='word_1_78' title='bbox 671 1368 962 1421; x_wconf 90' lang='lat' dir='ltr'>nuntium.</span> <span class='ocrx_word' id='word_1_79' title='bbox 991 1368 1092 1421; x_wconf 70' lang='lat' dir='ltr'>\‘ir</span> <span class='ocrx_word' id='word_1_80' title='bbox 1120 1376 1315 1422; x_wconf 90' lang='lat' dir='ltr'>currat</span> <span class='ocrx_word' id='word_1_81' title='bbox 1336 1370 1481 1424; x_wconf 70' lang='lat'>291</span> <span class='ocrx_word' id='word_1_82' title='bbox 1531 1370 1603 1423; x_wconf 91' lang='lat' dir='ltr'>ad</span> <span class='ocrx_word' id='word_1_83' title='bbox 1635 1370 1826 1434; x_wconf 89' lang='lat' dir='ltr'>boves,</span> <span class='ocrx_word' id='word_1_84' title='bbox 1860 1375 2055 1424; x_wconf 82' lang='lat' dir='ltr'>sumat</span> 
     </span>
    </p>
   </div>
   <div class='ocr_carea' id='block_1_15' title="bbox 413 1455 2054 1527">
    <p class='ocr_par' dir='ltr' id='par_1_15' title="bbox 413 1455 2054 1527">
     <span class='ocr_line' id='line_1_15' title="bbox 413 1455 2054 1527; baseline 0.002 -18"><span class='ocrx_word' id='word_1_85' title='bbox 413 1455 683 1522; x_wconf 90' lang='lat' dir='ltr'>vitulum,</span> <span class='ocrx_word' id='word_1_86' title='bbox 716 1460 773 1511; x_wconf 90' lang='lat' dir='ltr'>et</span> <span class='ocrx_word' id='word_1_87' title='bbox 803 1463 1237 1510; x_wconf 83' lang='lat' dir='ltr'>sacramentum</span> <span class='ocrx_word' id='word_1_88' title='bbox 1270 1456 1583 1510; x_wconf 62' lang='lat' dir='ltr'>Dominicis</span> <span class='ocrx_word' id='word_1_89' title='bbox 1615 1458 1907 1527; x_wconf 82' lang='lat' dir='ltr'>passionis</span> <span class='ocrx_word' id='word_1_90' title='bbox 1939 1466 2054 1513; x_wconf 59' lang='lat' dir='ltr'>tes-</span> 
     </span>
    </p>
   </div>
   <div class='ocr_carea' id='block_1_16' title="bbox 412 1543 2051 1613">
    <p class='ocr_par' dir='ltr' id='par_1_16' title="bbox 412 1543 2051 1613">
     <span class='ocr_line' id='line_1_16' title="bbox 412 1543 2051 1613; baseline 0.002 -16"><span class='ocrx_word' id='word_1_91' title='bbox 412 1545 596 1599; x_wconf 88' lang='lat' dir='ltr'>tiuato</span> <span class='ocrx_word' id='word_1_92' title='bbox 629 1544 876 1613; x_wconf 82' lang='lat' dir='ltr'>impiger</span> <span class='ocrx_word' id='word_1_93' title='bbox 904 1544 1123 1610; x_wconf 89' lang='lat' dir='ltr'>studio,</span> <span class='ocrx_word' id='word_1_94' title='bbox 1159 1561 1273 1598; x_wconf 91' lang='lat' dir='ltr'>non</span> <span class='ocrx_word' id='word_1_95' title='bbox 1306 1543 1459 1598; x_wconf 89' lang='lat' dir='ltr'>lento</span> <span class='ocrx_word' id='word_1_96' title='bbox 1490 1547 1605 1600; x_wconf 88' lang='lat' dir='ltr'>otio</span> <span class='ocrx_word' id='word_1_97' title='bbox 1647 1548 1929 1602; x_wconf 90' lang='lat' dir='ltr'>remissus</span> <span class='ocrx_word' id='word_1_98' title='bbox 1959 1564 2051 1601; x_wconf 91' lang='lat' dir='ltr'>ac-</span> 
     </span>
    </p>
   </div>
   <div class='ocr_carea' id='block_1_17' title="bbox 412 1632 2051 1705">
    <p class='ocr_par' dir='ltr' id='par_1_17' title="bbox 412 1632 2051 1705">
     <span class='ocr_line' id='line_1_17' title="bbox 412 1632 2051 1705; baseline 0.001 -19"><span class='ocrx_word' id='word_1_99' title='bbox 412 1635 608 1705; x_wconf 79' lang='lat' dir='ltr'>cipiat,</span> <span class='ocrx_word' id='word_1_100' title='bbox 640 1635 831 1687; x_wconf 66' lang='lat' dir='ltr'>trarlat</span> <span class='ocrx_word' id='word_1_101' title='bbox 860 1632 1000 1686; x_wconf 91' lang='lat' dir='ltr'>illud</span> <span class='ocrx_word' id='word_1_102' title='bbox 1056 1649 1236 1703; x_wconf 89' lang='lat' dir='ltr'>puero</span> <span class='ocrx_word' id='word_1_103' title='bbox 1288 1634 1384 1702; x_wconf 89' lang='lat' dir='ltr'>qui</span> <span class='ocrx_word' id='word_1_104' title='bbox 1418 1635 1809 1688; x_wconf 88' lang='lat' dir='ltr'>innocentiam</span> <span class='ocrx_word' id='word_1_105' title='bbox 1845 1640 2051 1689; x_wconf 58' lang='lat' dir='ltr'>tenerae</span> 
     </span>
    </p>
   </div>
   <div class='ocr_carea' id='block_1_18' title="bbox 413 1720 2050 1788">
    <p class='ocr_par' dir='ltr' id='par_1_18' title="bbox 413 1720 2050 1788">
     <span class='ocr_line' id='line_1_18' title="bbox 413 1720 2050 1788; baseline 0 -11"><span class='ocrx_word' id='word_1_106' title='bbox 413 1728 599 1777; x_wconf 83' lang='lat' dir='ltr'>servet</span> <span class='ocrx_word' id='word_1_107' title='bbox 630 1722 835 1785; x_wconf 68' lang='lat' dir='ltr'>aetatis,</span> <span class='ocrx_word' id='word_1_108' title='bbox 870 1720 1066 1775; x_wconf 86' lang='lat' dir='ltr'>dolum</span> <span class='ocrx_word' id='word_1_109' title='bbox 1102 1722 1339 1785; x_wconf 86' lang='lat' dir='ltr'>nesciat,</span> <span class='ocrx_word' id='word_1_110' title='bbox 1396 1724 1631 1777; x_wconf 79' lang='lat' dir='ltr'>referire</span> <span class='ocrx_word' id='word_1_111' title='bbox 1664 1740 1776 1777; x_wconf 90' lang='lat' dir='ltr'>non</span> <span class='ocrx_word' id='word_1_112' title='bbox 1812 1725 2050 1788; x_wconf 90' lang='lat' dir='ltr'>noverit,</span> 
     </span>
    </p>
   </div>
   <div class='ocr_carea' id='block_1_19' title="bbox 414 1805 2137 1882">
    <p class='ocr_par' dir='ltr' id='par_1_19' title="bbox 414 1805 2137 1882">
     <span class='ocr_line' id='line_1_19' title="bbox 414 1805 2137 1882; baseline 0.001 -17"><span class='ocrx_word' id='word_1_113' title='bbox 414 1812 731 1880; x_wconf 87' lang='lat' dir='ltr'>incorrupti</span> <span class='ocrx_word' id='word_1_114' title='bbox 760 1810 1018 1880; x_wconf 89' lang='lat' dir='ltr'>corporis</span> <span class='ocrx_word' id='word_1_115' title='bbox 1050 1810 1456 1865; x_wconf 85' lang='lat' dir='ltr'>castimoniam</span> <span class='ocrx_word' id='word_1_116' title='bbox 1490 1812 1799 1865; x_wconf 84' lang='lat' dir='ltr'>custodiat.</span> <span class='ocrx_word' id='word_1_117' title='bbox 1834 1812 1912 1866; x_wconf 92' lang='lat' dir='ltr'>De</span> <span class='ocrx_word' id='word_1_118' title='bbox 1944 1829 2059 1882; x_wconf 90' lang='lat' dir='ltr'>quo</span> <span class='ocrx_word' id='word_1_119' title='bbox 2094 1805 2137 1867; x_wconf 78' lang='grc' dir='ltr'>Β</span> 
     </span>
    </p>
   </div>
   <div class='ocr_carea' id='block_1_20' title="bbox 414 1899 2058 1970">
    <p class='ocr_par' dir='ltr' id='par_1_20' title="bbox 414 1899 2058 1970">
     <span class='ocr_line' id='line_1_20' title="bbox 414 1899 2058 1970; baseline 0.001 -17"><span class='ocrx_word' id='word_1_120' title='bbox 414 1901 497 1953; x_wconf 88' lang='lat' dir='ltr'>ait</span> <span class='ocrx_word' id='word_1_121' title='bbox 524 1900 803 1953; x_wconf 89' lang='lat' dir='ltr'>Dominus</span> <span class='ocrx_word' id='word_1_122' title='bbox 831 1899 1043 1952; x_wconf 85' lang='lat' dir='ltr'>Jesus:</span> <span class='ocrx_word' id='word_1_123' title='bbox 1077 1899 1197 1953; x_wconf 79' lang='lat' dir='ltr'>Nisi</span> <span class='ocrx_word' id='word_1_124' title='bbox 1219 1902 1464 1953; x_wconf 64' lang='lat' dir='ltr'>com&#39;ersi</span> <span class='ocrx_word' id='word_1_125' title='bbox 1494 1902 1738 1969; x_wconf 80' lang='lat' dir='ltr'>fueritis,</span> <span class='ocrx_word' id='word_1_126' title='bbox 1770 1906 1822 1955; x_wconf 88' lang='lat' dir='ltr'>et</span> <span class='ocrx_word' id='word_1_127' title='bbox 1852 1902 2058 1970; x_wconf 70' lang='lat' dir='ltr'>efficia-</span> 
     </span>
    </p>
   </div>
   <div class='ocr_carea' id='block_1_21' title="bbox 412 1989 2059 2058">
    <p class='ocr_par' dir='ltr' id='par_1_21' title="bbox 412 1989 2059 2058">
     <span class='ocr_line' id='line_1_21' title="bbox 412 1989 2059 2058; baseline 0.001 -17"><span class='ocrx_word' id='word_1_128' title='bbox 412 1990 556 2041; x_wconf 81' lang='lat' dir='ltr'>mini</span> <span class='ocrx_word' id='word_1_129' title='bbox 582 1990 723 2041; x_wconf 84' lang='lat' dir='ltr'>sicut</span> <span class='ocrx_word' id='word_1_130' title='bbox 747 2004 888 2058; x_wconf 84' lang='lat' dir='ltr'>puer</span> <span class='ocrx_word' id='word_1_131' title='bbox 917 1990 1033 2049; x_wconf 77' lang='lat' dir='ltr'>iste,</span> <span class='ocrx_word' id='word_1_132' title='bbox 1086 2004 1192 2041; x_wconf 83' lang='lat' dir='ltr'>non</span> <span class='ocrx_word' id='word_1_133' title='bbox 1240 1989 1525 2041; x_wconf 83' lang='lat' dir='ltr'>intrabilis</span> <span class='ocrx_word' id='word_1_134' title='bbox 1559 1991 1617 2042; x_wconf 83' lang='lat' dir='ltr'>in</span> <span class='ocrx_word' id='word_1_135' title='bbox 1649 2006 1873 2057; x_wconf 74' lang='lat' dir='ltr'>regnum</span> <span class='ocrx_word' id='word_1_136' title='bbox 1901 1990 2059 2043; x_wconf 59' lang='lat' dir='ltr'>coelo-</span> 
     </span>
    </p>
   </div>
   <div class='ocr_carea' id='block_1_22' title="bbox 412 2075 2060 2147">
    <p class='ocr_par' dir='ltr' id='par_1_22' title="bbox 412 2075 2060 2147">
     <span class='ocr_line' id='line_1_22' title="bbox 412 2075 2060 2147; baseline 0.001 -17"><span class='ocrx_word' id='word_1_137' title='bbox 412 2094 537 2131; x_wconf 89' lang='lat' dir='ltr'>rum</span> <span class='ocrx_word' id='word_1_138' title='bbox 565 2076 774 2144; x_wconf 76' lang='lat' dir='ltr'>(Matth.</span> <span class='ocrx_word' id='word_1_139' title='bbox 807 2092 965 2144; x_wconf 78' lang='lat' dir='ltr'>xviii,</span> <span class='ocrx_word' id='word_1_140' title='bbox 996 2079 1072 2143; x_wconf 84' lang='lat'>3).</span> <span class='ocrx_word' id='word_1_141' title='bbox 1106 2075 1249 2129; x_wconf 82' lang='lat' dir='ltr'>Huic</span> <span class='ocrx_word' id='word_1_142' title='bbox 1284 2093 1459 2147; x_wconf 87' lang='lat' dir='ltr'>puero</span> <span class='ocrx_word' id='word_1_143' title='bbox 1490 2083 1545 2130; x_wconf 87' lang='lat' dir='ltr'>et</span> <span class='ocrx_word' id='word_1_144' title='bbox 1593 2077 1887 2131; x_wconf 89' lang='lat' dir='ltr'>similibus</span> <span class='ocrx_word' id='word_1_145' title='bbox 1933 2079 2060 2147; x_wconf 79' lang='lat' dir='ltr'>eius</span> 
     </span>
    </p>
   </div>
   <div class='ocr_carea' id='block_1_23' title="bbox 411 2164 2062 2237">
    <p class='ocr_par' dir='ltr' id='par_1_23' title="bbox 411 2164 2062 2237">
     <span class='ocr_line' id='line_1_23' title="bbox 411 2164 2062 2237; baseline 0 -18"><span class='ocrx_word' id='word_1_146' title='bbox 411 2166 589 2219; x_wconf 90' lang='lat' dir='ltr'>etiam</span> <span class='ocrx_word' id='word_1_147' title='bbox 622 2171 858 2219; x_wconf 86' lang='lat' dir='ltr'>sanctus</span> <span class='ocrx_word' id='word_1_148' title='bbox 902 2164 1080 2219; x_wconf 87' lang='lat' dir='ltr'>David</span> <span class='ocrx_word' id='word_1_149' title='bbox 1113 2164 1318 2217; x_wconf 71' lang='lat' dir='ltr'>divina:</span> <span class='ocrx_word' id='word_1_150' title='bbox 1371 2164 1722 2219; x_wconf 84' lang='lat' dir='ltr'>laudationis</span> <span class='ocrx_word' id='word_1_151' title='bbox 1760 2165 2062 2237; x_wconf 87' lang='lat' dir='ltr'>dispensat</span> 
     </span>
    </p>
   </div>
   <div class='ocr_carea' id='block_1_24' title="bbox 413 2252 2057 2324">
    <p class='ocr_par' dir='ltr' id='par_1_24' title="bbox 413 2252 2057 2324">
     <span class='ocr_line' id='line_1_24' title="bbox 413 2252 2057 2324; baseline 0 -15"><span class='ocrx_word' id='word_1_152' title='bbox 413 2254 693 2317; x_wconf 82' lang='lat' dir='ltr'>ofﬁcium,</span> <span class='ocrx_word' id='word_1_153' title='bbox 744 2254 980 2307; x_wconf 88' lang='lat' dir='ltr'>dicens:</span> <span class='ocrx_word' id='word_1_154' title='bbox 1033 2252 1289 2319; x_wconf 74' lang='lat' dir='ltr'>Laudate,</span> <span class='ocrx_word' id='word_1_155' title='bbox 1318 2255 1504 2323; x_wconf 86' lang='lat' dir='ltr'>pueri,</span> <span class='ocrx_word' id='word_1_156' title='bbox 1557 2255 1847 2309; x_wconf 88' lang='lat' dir='ltr'>Dominum</span> <span class='ocrx_word' id='word_1_157' title='bbox 1886 2258 2057 2324; x_wconf 87' lang='lat' dir='ltr'>(Psal.</span> 
     </span>
    </p>
   </div>
   <div class='ocr_carea' id='block_1_25' title="bbox 414 2344 652 2411">
    <p class='ocr_par' dir='ltr' id='par_1_25' title="bbox 414 2344 652 2411">
     <span class='ocr_line' id='line_1_25' title="bbox 414 2344 652 2411; baseline -0.013 -15"><span class='ocrx_word' id='word_1_158' title='bbox 414 2360 544 2407; x_wconf 71' lang='grc' dir='ltr'>ειη,</span> <span class='ocrx_word' id='word_1_159' title='bbox 580 2344 652 2411; x_wconf 64' lang='grc'>1).</span> 
     </span>
    </p>
   </div>
   <div class='ocr_carea' id='block_1_26' title="bbox 484 2474 2055 2544">
    <p class='ocr_par' dir='ltr' id='par_1_26' title="bbox 484 2474 2055 2544">
     <span class='ocr_line' id='line_1_26' title="bbox 484 2474 2055 2544; baseline 0.003 -17"><span class='ocrx_word' id='word_1_160' title='bbox 484 2476 572 2527; x_wconf 64' lang='grc'>40.</span> <span class='ocrx_word' id='word_1_161' title='bbox 604 2475 718 2529; x_wconf 70' lang='lat' dir='ltr'>Nec</span> <span class='ocrx_word' id='word_1_162' title='bbox 774 2474 914 2528; x_wconf 89' lang='lat' dir='ltr'>illud</span> <span class='ocrx_word' id='word_1_163' title='bbox 953 2474 1228 2539; x_wconf 86' lang='lat' dir='ltr'>otiosum,</span> <span class='ocrx_word' id='word_1_164' title='bbox 1284 2474 1436 2544; x_wconf 89' lang='lat' dir='ltr'>quod</span> <span class='ocrx_word' id='word_1_165' title='bbox 1470 2476 1728 2529; x_wconf 86' lang='lat' dir='ltr'>cucurrit</span> <span class='ocrx_word' id='word_1_166' title='bbox 1760 2477 1826 2529; x_wconf 82' lang='lat' dir='ltr'>ad</span> <span class='ocrx_word' id='word_1_167' title='bbox 1863 2476 2055 2543; x_wconf 81' lang='lat' dir='ltr'>boves,</span> 
     </span>
    </p>
   </div>
   <div class='ocr_carea' id='block_1_27' title="bbox 415 2563 2059 2635">
    <p class='ocr_par' dir='ltr' id='par_1_27' title="bbox 415 2563 2059 2635">
     <span class='ocr_line' id='line_1_27' title="bbox 415 2563 2059 2635; baseline 0.001 -18"><span class='ocrx_word' id='word_1_168' title='bbox 415 2569 678 2618; x_wconf 78' lang='lat' dir='ltr'>tenerum</span> <span class='ocrx_word' id='word_1_169' title='bbox 710 2563 955 2617; x_wconf 88' lang='lat' dir='ltr'>vitulum</span> <span class='ocrx_word' id='word_1_170' title='bbox 991 2568 1041 2617; x_wconf 88' lang='lat' dir='ltr'>et</span> <span class='ocrx_word' id='word_1_171' title='bbox 1086 2564 1303 2617; x_wconf 89' lang='lat' dir='ltr'>bonum</span> <span class='ocrx_word' id='word_1_172' title='bbox 1346 2564 1620 2635; x_wconf 89' lang='lat' dir='ltr'>sumpsit,</span> <span class='ocrx_word' id='word_1_173' title='bbox 1657 2568 1713 2618; x_wconf 79' lang='lat' dir='ltr'>et</span> <span class='ocrx_word' id='word_1_174' title='bbox 1747 2580 1876 2618; x_wconf 90' lang='lat' dir='ltr'>cum</span> <span class='ocrx_word' id='word_1_175' title='bbox 1913 2564 2059 2620; x_wconf 86' lang='lat' dir='ltr'>lacte</span> 
     </span>
    </p>
   </div>
   <div class='ocr_carea' id='block_1_28' title="bbox 411 2652 2059 2725">
    <p class='ocr_par' dir='ltr' id='par_1_28' title="bbox 411 2652 2059 2725">
     <span class='ocr_line' id='line_1_28' title="bbox 411 2652 2059 2725; baseline -0.001 -18"><span class='ocrx_word' id='word_1_176' title='bbox 411 2653 701 2725; x_wconf 89' lang='lat' dir='ltr'>apposuit.</span> <span class='ocrx_word' id='word_1_177' title='bbox 732 2652 991 2722; x_wconf 75' lang='lat' dir='ltr'>Denique</span> <span class='ocrx_word' id='word_1_178' title='bbox 1018 2657 1073 2705; x_wconf 88' lang='lat' dir='ltr'>et</span> <span class='ocrx_word' id='word_1_179' title='bbox 1123 2652 1179 2705; x_wconf 93' lang='lat' dir='ltr'>in</span> <span class='ocrx_word' id='word_1_180' title='bbox 1213 2652 1403 2705; x_wconf 83' lang='lat' dir='ltr'>Exodo</span> <span class='ocrx_word' id='word_1_181' title='bbox 1426 2668 1559 2706; x_wconf 89' lang='lat' dir='ltr'>eum</span> <span class='ocrx_word' id='word_1_182' title='bbox 1586 2653 1798 2723; x_wconf 84' lang='lat' dir='ltr'>pascha</span> <span class='ocrx_word' id='word_1_183' title='bbox 1829 2652 2059 2707; x_wconf 90' lang='lat' dir='ltr'>Domini</span> 
     </span>
    </p>
   </div>
   <div class='ocr_carea' id='block_1_29' title="bbox 413 2740 2057 2810">
    <p class='ocr_par' dir='ltr' id='par_1_29' title="bbox 413 2740 2057 2810">
     <span class='ocr_line' id='line_1_29' title="bbox 413 2740 2057 2810; baseline 0 -15"><span class='ocrx_word' id='word_1_184' title='bbox 413 2740 751 2805; x_wconf 78' lang='lat' dir='ltr'>declararet,</span> <span class='ocrx_word' id='word_1_185' title='bbox 775 2741 854 2793; x_wconf 88' lang='lat' dir='ltr'>ait</span> <span class='ocrx_word' id='word_1_186' title='bbox 878 2740 1103 2810; x_wconf 73' lang='lat' dir='ltr'>Moyses</span> <span class='ocrx_word' id='word_1_187' title='bbox 1127 2756 1139 2792; x_wconf 92' lang='lat'><strong>:</strong></span> <span class='ocrx_word' id='word_1_188' title='bbox 1174 2741 1354 2808; x_wconf 78' lang='lat' dir='ltr'>Agnus</span> <span class='ocrx_word' id='word_1_189' title='bbox 1383 2742 1503 2794; x_wconf 83' lang='lat' dir='ltr'>sine</span> <span class='ocrx_word' id='word_1_190' title='bbox 1532 2742 1769 2807; x_wconf 84' lang='lat' dir='ltr'>macula,</span> <span class='ocrx_word' id='word_1_191' title='bbox 1802 2741 2057 2808; x_wconf 87' lang='lat' dir='ltr'>mundus,</span> 
     </span>
    </p>
   </div>
   <div class='ocr_carea' id='block_1_30' title="bbox 411 2828 2061 2893">
    <p class='ocr_par' dir='ltr' id='par_1_30' title="bbox 411 2828 2061 2893">
     <span class='ocr_line' id='line_1_30' title="bbox 411 2828 2061 2893; baseline 0.001 -11"><span class='ocrx_word' id='word_1_192' title='bbox 411 2837 833 2893; x_wconf 78' lang='lat' dir='ltr'>consummatus,</span> <span class='ocrx_word' id='word_1_193' title='bbox 896 2828 1212 2891; x_wconf 84' lang='lat' dir='ltr'>anniculus,</span> <span class='ocrx_word' id='word_1_194' title='bbox 1283 2828 1551 2882; x_wconf 79' lang='lat' dir='ltr'>masculus</span> <span class='ocrx_word' id='word_1_195' title='bbox 1620 2830 1727 2883; x_wconf 85' lang='lat' dir='ltr'>erit</span> <span class='ocrx_word' id='word_1_196' title='bbox 1794 2829 1940 2884; x_wconf 81' lang='lat' dir='ltr'>vobis</span> <span class='ocrx_word' id='word_1_197' title='bbox 1993 2829 2061 2883; x_wconf 90' lang='lat' dir='ltr'>ab</span> 
     </span>
    </p>
   </div>
   <div class='ocr_carea' id='block_1_31' title="bbox 415 2915 2059 2987">
    <p class='ocr_par' dir='ltr' id='par_1_31' title="bbox 415 2915 2059 2987">
     <span class='ocr_line' id='line_1_31' title="bbox 415 2915 2059 2987; baseline 0 -16"><span class='ocrx_word' id='word_1_198' title='bbox 415 2918 602 2971; x_wconf 77' lang='lat' dir='ltr'>oribus</span> <span class='ocrx_word' id='word_1_199' title='bbox 631 2925 681 2971; x_wconf 85' lang='lat' dir='ltr'>et</span> <span class='ocrx_word' id='word_1_200' title='bbox 710 2915 878 2970; x_wconf 73' lang='lat' dir='ltr'>turdis</span> <span class='ocrx_word' id='word_1_201' title='bbox 910 2916 1041 2985; x_wconf 71' lang='grc'>(44).</span> <span class='ocrx_word' id='word_1_202' title='bbox 1077 2916 1312 2969; x_wconf 82' lang='lat' dir='ltr'>Sumetis</span> <span class='ocrx_word' id='word_1_203' title='bbox 1340 2924 1390 2971; x_wconf 85' lang='lat' dir='ltr'>ct</span> <span class='ocrx_word' id='word_1_204' title='bbox 1422 2916 1687 2981; x_wconf 84' lang='lat' dir='ltr'>occidctis,</span> <span class='ocrx_word' id='word_1_205' title='bbox 1720 2917 1931 2987; x_wconf 87' lang='lat' dir='ltr'>inquit,</span> <span class='ocrx_word' id='word_1_206' title='bbox 1984 2919 2059 2971; x_wconf 87' lang='lat' dir='ltr'>il-</span> 
     </span>
    </p>
   </div>
   <div class='ocr_carea' id='block_1_32' title="bbox 417 3004 2057 3076">
    <p class='ocr_par' dir='ltr' id='par_1_32' title="bbox 417 3004 2057 3076">
     <span class='ocr_line' id='line_1_32' title="bbox 417 3004 2057 3076; baseline 0.001 -18"><span class='ocrx_word' id='word_1_207' title='bbox 417 3005 531 3059; x_wconf 89' lang='lat' dir='ltr'>lum</span> <span class='ocrx_word' id='word_1_208' title='bbox 578 3008 685 3059; x_wconf 85' lang='lat' dir='ltr'>tota</span> <span class='ocrx_word' id='word_1_209' title='bbox 738 3004 1027 3060; x_wconf 79' lang='lat' dir='ltr'>multitudo</span> <span class='ocrx_word' id='word_1_210' title='bbox 1073 3019 1359 3074; x_wconf 64' lang='lat' dir='ltr'>synagoga?</span> <span class='ocrx_word' id='word_1_211' title='bbox 1412 3004 1480 3058; x_wconf 86' lang='lat' dir='ltr'>ad</span> <span class='ocrx_word' id='word_1_212' title='bbox 1540 3022 1815 3075; x_wconf 68' lang='lat' dir='ltr'>rcSpcrum</span> <span class='ocrx_word' id='word_1_213' title='bbox 1866 3006 2057 3076; x_wconf 66' lang='lat' dir='ltr'>(Exod.</span> 
     </span>
    </p>
   </div>
   <div class='ocr_carea' id='block_1_33' title="bbox 413 3092 2059 3165">
    <p class='ocr_par' dir='ltr' id='par_1_33' title="bbox 413 3092 2059 3165">
     <span class='ocr_line' id='line_1_33' title="bbox 413 3092 2059 3165; baseline 0.001 -17"><span class='ocrx_word' id='word_1_214' title='bbox 413 3111 511 3159; x_wconf 78' lang='lat' dir='ltr'>xu,</span> <span class='ocrx_word' id='word_1_215' title='bbox 539 3095 594 3159; x_wconf 83' lang='lat'>5,</span> <span class='ocrx_word' id='word_1_216' title='bbox 628 3095 705 3165; x_wconf 61' lang='grc' dir='ltr'>ϐξ.</span> <span class='ocrx_word' id='word_1_217' title='bbox 757 3092 917 3147; x_wconf 79' lang='lat' dir='ltr'>Unde</span> <span class='ocrx_word' id='word_1_218' title='bbox 970 3098 1027 3147; x_wconf 91' lang='lat' dir='ltr'>et</span> <span class='ocrx_word' id='word_1_219' title='bbox 1068 3093 1160 3147; x_wconf 92' lang='lat' dir='ltr'>hic</span> <span class='ocrx_word' id='word_1_220' title='bbox 1214 3093 1486 3148; x_wconf 88' lang='lat' dir='ltr'>meridies</span> <span class='ocrx_word' id='word_1_221' title='bbox 1531 3110 1657 3148; x_wconf 64' lang='lat' dir='ltr'>esse</span> <span class='ocrx_word' id='word_1_222' title='bbox 1688 3094 2059 3158; x_wconf 85' lang='lat' dir='ltr'>describitur,</span> 
     </span>
    </p>
   </div>
   <div class='ocr_carea' id='block_1_34' title="bbox 2162 527 3759 599">
    <p class='ocr_par' dir='ltr' id='par_1_34' title="bbox 2162 527 3759 599">
     <span class='ocr_line' id='line_1_34' title="bbox 2162 527 3759 599; baseline 0.005 -18"><span class='ocrx_word' id='word_1_223' title='bbox 2162 543 2407 581; x_wconf 89' lang='lat' dir='ltr'>occursu</span> <span class='ocrx_word' id='word_1_224' title='bbox 2461 527 2759 599; x_wconf 87' lang='lat' dir='ltr'>hospitum</span> <span class='ocrx_word' id='word_1_225' title='bbox 2808 529 2868 583; x_wconf 91' lang='lat' dir='ltr'>in</span> <span class='ocrx_word' id='word_1_226' title='bbox 2929 546 2991 584; x_wconf 87' lang='lat' dir='ltr'>se</span> <span class='ocrx_word' id='word_1_227' title='bbox 3032 528 3232 584; x_wconf 88' lang='lat' dir='ltr'>oculos</span> <span class='ocrx_word' id='word_1_228' title='bbox 3279 529 3581 597; x_wconf 80' lang='lat' dir='ltr'>inﬂectant,</span> <span class='ocrx_word' id='word_1_229' title='bbox 3622 534 3759 591; x_wconf 89' lang='lat' dir='ltr'>salva</span> 
     </span>
    </p>
   </div>
   <div class='ocr_carea' id='block_1_35' title="bbox 2162 616 3762 679">
    <p class='ocr_par' dir='ltr' id='par_1_35' title="bbox 2162 616 3762 679">
     <span class='ocr_line' id='line_1_35' title="bbox 2162 616 3762 679; baseline 0.009 -14"><span class='ocrx_word' id='word_1_230' title='bbox 2162 616 2506 670; x_wconf 80' lang='lat' dir='ltr'>verecundia</span> <span class='ocrx_word' id='word_1_231' title='bbox 2534 617 2924 671; x_wconf 81' lang='lat' dir='ltr'>ministerium</span> <span class='ocrx_word' id='word_1_232' title='bbox 2959 634 3134 672; x_wconf 89' lang='lat' dir='ltr'>suum</span> <span class='ocrx_word' id='word_1_233' title='bbox 3162 623 3475 675; x_wconf 83' lang='lat' dir='ltr'>exerceant.</span> <span class='ocrx_word' id='word_1_234' title='bbox 3506 620 3762 679; x_wconf 79' lang='lat' dir='ltr'>Abraham</span> 
     </span>
    </p>
   </div>
   <div class='ocr_carea' id='block_1_36' title="bbox 2163 705 3758 779">
    <p class='ocr_par' dir='ltr' id='par_1_36' title="bbox 2163 705 3758 779">
     <span class='ocr_line' id='line_1_36' title="bbox 2163 705 3758 779; baseline 0.006 -23"><span class='ocrx_word' id='word_1_235' title='bbox 2163 721 2394 775; x_wconf 89' lang='lat' dir='ltr'>quoque</span> <span class='ocrx_word' id='word_1_236' title='bbox 2428 705 2670 760; x_wconf 87' lang='lat' dir='ltr'>auribus</span> <span class='ocrx_word' id='word_1_237' title='bbox 2701 705 2819 762; x_wconf 85' lang='lat' dir='ltr'>tuis</span> <span class='ocrx_word' id='word_1_238' title='bbox 2848 706 3059 779; x_wconf 86' lang='lat' dir='ltr'>ingerit</span> <span class='ocrx_word' id='word_1_239' title='bbox 3089 706 3145 760; x_wconf 92' lang='lat' dir='ltr'>in</span> <span class='ocrx_word' id='word_1_240' title='bbox 3187 706 3546 763; x_wconf 87' lang='lat' dir='ltr'>tabernaculo</span> <span class='ocrx_word' id='word_1_241' title='bbox 3582 709 3758 766; x_wconf 85' lang='lat' dir='ltr'>Saram</span> 
     </span>
    </p>
   </div>
   <div class='ocr_carea' id='block_1_37' title="bbox 2163 792 3763 865">
    <p class='ocr_par' dir='ltr' id='par_1_37' title="bbox 2163 792 3763 865">
     <span class='ocr_line' id='line_1_37' title="bbox 2163 792 3763 865; baseline 0.006 -21"><span class='ocrx_word' id='word_1_242' title='bbox 2163 792 2390 861; x_wconf 80' lang='lat' dir='ltr'>degere,</span> <span class='ocrx_word' id='word_1_243' title='bbox 2427 797 2490 847; x_wconf 92' lang='lat' dir='ltr'>ut</span> <span class='ocrx_word' id='word_1_244' title='bbox 2520 792 2714 848; x_wconf 89' lang='lat' dir='ltr'>discas</span> <span class='ocrx_word' id='word_1_245' title='bbox 2746 794 2884 865; x_wconf 91' lang='lat' dir='ltr'>quid</span> <span class='ocrx_word' id='word_1_246' title='bbox 2919 794 2990 848; x_wconf 87' lang='lat' dir='ltr'>ab</span> <span class='ocrx_word' id='word_1_247' title='bbox 3024 810 3198 848; x_wconf 65' lang='lat' dir='ltr'>uxrire</span> <span class='ocrx_word' id='word_1_248' title='bbox 3229 793 3440 865; x_wconf 78' lang='lat' dir='ltr'>exigas.</span> <span class='ocrx_word' id='word_1_249' title='bbox 3473 795 3763 854; x_wconf 86' lang='lat' dir='ltr'>Provectio-</span> 
     </span>
    </p>
   </div>
   <div class='ocr_carea' id='block_1_38' title="bbox 2165 880 3759 950">
    <p class='ocr_par' dir='ltr' id='par_1_38' title="bbox 2165 880 3759 950">
     <span class='ocr_line' id='line_1_38' title="bbox 2165 880 3759 950; baseline 0.004 -19"><span class='ocrx_word' id='word_1_250' title='bbox 2165 895 2223 932; x_wconf 86' lang='lat' dir='ltr'>re</span> <span class='ocrx_word' id='word_1_251' title='bbox 2254 885 2418 932; x_wconf 65' lang='lat' dir='ltr'>aetate</span> <span class='ocrx_word' id='word_1_252' title='bbox 2440 880 2565 950; x_wconf 87' lang='lat' dir='ltr'>jam</span> <span class='ocrx_word' id='word_1_253' title='bbox 2589 880 3059 950; x_wconf 87' lang='lat' dir='ltr'>Sarajuvenilem</span> <span class='ocrx_word' id='word_1_254' title='bbox 3093 880 3345 934; x_wconf 88' lang='lat' dir='ltr'>custodit</span> <span class='ocrx_word' id='word_1_255' title='bbox 3372 882 3759 949; x_wconf 88' lang='lat' dir='ltr'>verecundiam,</span> 
     </span>
    </p>
   </div>
   <div class='ocr_carea' id='block_1_39' title="bbox 2163 966 3763 1040">
    <p class='ocr_par' dir='ltr' id='par_1_39' title="bbox 2163 966 3763 1040">
     <span class='ocr_line' id='line_1_39' title="bbox 2163 966 3763 1040; baseline 0.004 -20"><span class='ocrx_word' id='word_1_256' title='bbox 2163 966 2291 1021; x_wconf 81' lang='lat' dir='ltr'>ideo</span> <span class='ocrx_word' id='word_1_257' title='bbox 2360 968 2642 1023; x_wconf 85' lang='lat' dir='ltr'>Dominus</span> <span class='ocrx_word' id='word_1_258' title='bbox 2709 970 3021 1040; x_wconf 82' lang='lat' dir='ltr'>spopondit</span> <span class='ocrx_word' id='word_1_259' title='bbox 3085 969 3135 1023; x_wconf 90' lang='lat' dir='ltr'>ei</span> <span class='ocrx_word' id='word_1_260' title='bbox 3202 968 3407 1024; x_wconf 87' lang='lat' dir='ltr'>ﬁlium.</span> <span class='ocrx_word' id='word_1_261' title='bbox 3471 970 3763 1040; x_wconf 74' lang='lat' dir='ltr'>Defecerant,</span> 
     </span>
    </p>
   </div>
   <div class='ocr_carea' id='block_1_40' title="bbox 2164 1056 3762 1127">
    <p class='ocr_par' dir='ltr' id='par_1_40' title="bbox 2164 1056 3762 1127">
     <span class='ocr_line' id='line_1_40' title="bbox 2164 1056 3762 1127; baseline 0.004 -19"><span class='ocrx_word' id='word_1_262' title='bbox 2164 1056 2375 1127; x_wconf 85' lang='lat' dir='ltr'>inquit,</span> <span class='ocrx_word' id='word_1_263' title='bbox 2421 1059 2576 1112; x_wconf 71' lang='lat' dir='ltr'>Sam:</span> <span class='ocrx_word' id='word_1_264' title='bbox 2612 1058 2735 1125; x_wconf 80' lang='lat' dir='ltr'>ﬁeri</span> <span class='ocrx_word' id='word_1_265' title='bbox 2766 1059 3059 1112; x_wconf 61' lang='lat' dir='ltr'>muliebria</span> <span class='ocrx_word' id='word_1_266' title='bbox 3092 1058 3275 1127; x_wconf 53' lang='lat' dir='ltr'>(I.&#39;:id.,</span> <span class='ocrx_word' id='word_1_267' title='bbox 3318 1058 3422 1127; x_wconf 76' lang='grc' dir='ltr'>Η).</span> <span class='ocrx_word' id='word_1_268' title='bbox 3464 1058 3578 1113; x_wconf 86' lang='lat' dir='ltr'>Non</span> <span class='ocrx_word' id='word_1_269' title='bbox 3610 1060 3762 1117; x_wconf 84' lang='lat' dir='ltr'>otiose</span> 
     </span>
    </p>
   </div>
   <div class='ocr_carea' id='block_1_41' title="bbox 2162 1145 3759 1217">
    <p class='ocr_par' dir='ltr' id='par_1_41' title="bbox 2162 1145 3759 1217">
     <span class='ocr_line' id='line_1_41' title="bbox 2162 1145 3759 1217; baseline 0.004 -21"><span class='ocrx_word' id='word_1_270' title='bbox 2162 1145 2453 1212; x_wconf 67' lang='lat' dir='ltr'>additum,</span> <span class='ocrx_word' id='word_1_271' title='bbox 2487 1163 2557 1200; x_wconf 90' lang='lat' dir='ltr'>ne</span> <span class='ocrx_word' id='word_1_272' title='bbox 2610 1152 2844 1217; x_wconf 77' lang='lat' dir='ltr'>putares</span> <span class='ocrx_word' id='word_1_273' title='bbox 2879 1147 3137 1200; x_wconf 65' lang='lat' dir='ltr'>femineae</span> <span class='ocrx_word' id='word_1_274' title='bbox 3171 1145 3359 1199; x_wconf 90' lang='lat' dir='ltr'>adhuc</span> <span class='ocrx_word' id='word_1_275' title='bbox 3394 1145 3759 1217; x_wconf 85' lang='lat' dir='ltr'>possibilitatis</span> 
     </span>
    </p>
   </div>
   <div class='ocr_carea' id='block_1_42' title="bbox 2163 1234 2744 1304">
    <p class='ocr_par' dir='ltr' id='par_1_42' title="bbox 2163 1234 2744 1304">
     <span class='ocr_line' id='line_1_42' title="bbox 2163 1234 2744 1304; baseline 0 -17"><span class='ocrx_word' id='word_1_276' title='bbox 2163 1234 2368 1297; x_wconf 80' lang='lat' dir='ltr'>fuisse,</span> <span class='ocrx_word' id='word_1_277' title='bbox 2403 1238 2465 1287; x_wconf 92' lang='lat' dir='ltr'>ut</span> <span class='ocrx_word' id='word_1_278' title='bbox 2498 1240 2744 1304; x_wconf 85' lang='lat' dir='ltr'>pareret.</span> 
     </span>
    </p>
   </div>
   <div class='ocr_carea' id='block_1_43' title="bbox 2234 1322 3761 1394">
    <p class='ocr_par' dir='ltr' id='par_1_43' title="bbox 2234 1322 3761 1394">
     <span class='ocr_line' id='line_1_43' title="bbox 2234 1322 3761 1394; baseline 0.003 -20"><span class='ocrx_word' id='word_1_279' title='bbox 2234 1322 2319 1375; x_wconf 66' lang='lat' dir='ltr'>t3.</span> <span class='ocrx_word' id='word_1_280' title='bbox 2358 1324 2490 1377; x_wconf 79' lang='lat' dir='ltr'>Risit</span> <span class='ocrx_word' id='word_1_281' title='bbox 2540 1332 2719 1378; x_wconf 81' lang='lat' dir='ltr'>autem</span> <span class='ocrx_word' id='word_1_282' title='bbox 2768 1323 2905 1378; x_wconf 89' lang='lat' dir='ltr'>Sara</span> <span class='ocrx_word' id='word_1_283' title='bbox 2954 1322 3135 1392; x_wconf 47' lang='lat' dir='ltr'>(lbi’l.,</span> <span class='ocrx_word' id='word_1_284' title='bbox 3194 1322 3299 1394; x_wconf 68' lang='lat' dir='ltr'>l6).</span> <span class='ocrx_word' id='word_1_285' title='bbox 3333 1324 3487 1387; x_wconf 85' lang='lat' dir='ltr'>Quod</span> <span class='ocrx_word' id='word_1_286' title='bbox 3517 1323 3761 1379; x_wconf 88' lang='lat' dir='ltr'>indicium</span> 
     </span>
    </p>
   </div>
   <div class='ocr_carea' id='block_1_44' title="bbox 2165 1410 3763 1482">
    <p class='ocr_par' dir='ltr' id='par_1_44' title="bbox 2165 1410 3763 1482">
     <span class='ocr_line' id='line_1_44' title="bbox 2165 1410 3763 1482; baseline 0.002 -20"><span class='ocrx_word' id='word_1_287' title='bbox 2165 1410 2342 1463; x_wconf 78' lang='lat' dir='ltr'>futuri</span> <span class='ocrx_word' id='word_1_288' title='bbox 2381 1411 2589 1482; x_wconf 83' lang='lat' dir='ltr'>magis,</span> <span class='ocrx_word' id='word_1_289' title='bbox 2641 1428 2818 1482; x_wconf 84' lang='lat' dir='ltr'>quam</span> <span class='ocrx_word' id='word_1_290' title='bbox 2867 1410 3296 1467; x_wconf 87' lang='lat' dir='ltr'>incredulitatis</span> <span class='ocrx_word' id='word_1_291' title='bbox 3340 1411 3595 1466; x_wconf 91' lang='lat' dir='ltr'>arbitror.</span> <span class='ocrx_word' id='word_1_292' title='bbox 3641 1410 3763 1467; x_wconf 84' lang='lat' dir='ltr'>Risit</span> 
     </span>
    </p>
   </div>
   <div class='ocr_carea' id='block_1_45' title="bbox 2162 1498 3767 1571">
    <p class='ocr_par' dir='ltr' id='par_1_45' title="bbox 2162 1498 3767 1571">
     <span class='ocr_line' id='line_1_45' title="bbox 2162 1498 3767 1571; baseline 0.001 -19"><span class='ocrx_word' id='word_1_293' title='bbox 2162 1500 2341 1561; x_wconf 84' lang='lat' dir='ltr'>enim,</span> <span class='ocrx_word' id='word_1_294' title='bbox 2389 1498 2519 1553; x_wconf 86' lang='lat' dir='ltr'>licet</span> <span class='ocrx_word' id='word_1_295' title='bbox 2569 1500 2759 1554; x_wconf 89' lang='lat' dir='ltr'>adhuc</span> <span class='ocrx_word' id='word_1_296' title='bbox 2829 1500 3095 1555; x_wconf 89' lang='lat' dir='ltr'>nesciens</span> <span class='ocrx_word' id='word_1_297' title='bbox 3154 1500 3294 1571; x_wconf 88' lang='lat' dir='ltr'>quid</span> <span class='ocrx_word' id='word_1_298' title='bbox 3353 1500 3576 1565; x_wconf 88' lang='lat' dir='ltr'>rideret,</span> <span class='ocrx_word' id='word_1_299' title='bbox 3634 1500 3767 1571; x_wconf 89' lang='lat' dir='ltr'>quod</span> 
     </span>
    </p>
   </div>
   <div class='ocr_carea' id='block_1_46' title="bbox 2164 1588 3762 1660">
    <p class='ocr_par' dir='ltr' id='par_1_46' title="bbox 2164 1588 3762 1660">
     <span class='ocr_line' id='line_1_46' title="bbox 2164 1588 3762 1660; baseline 0.001 -19"><span class='ocrx_word' id='word_1_300' title='bbox 2164 1588 2457 1658; x_wconf 75' lang='lat' dir='ltr'>publicam</span> <span class='ocrx_word' id='word_1_301' title='bbox 2509 1594 2659 1642; x_wconf 74' lang='lat' dir='ltr'>esset</span> <span class='ocrx_word' id='word_1_302' title='bbox 2712 1589 2768 1642; x_wconf 91' lang='lat' dir='ltr'>in</span> <span class='ocrx_word' id='word_1_303' title='bbox 2838 1589 2995 1643; x_wconf 88' lang='lat' dir='ltr'>Isaac</span> <span class='ocrx_word' id='word_1_304' title='bbox 3038 1588 3297 1660; x_wconf 88' lang='lat' dir='ltr'>paritura</span> <span class='ocrx_word' id='word_1_305' title='bbox 3342 1588 3608 1645; x_wconf 64' lang='lat' dir='ltr'>laetitiam.</span> <span class='ocrx_word' id='word_1_306' title='bbox 3654 1589 3762 1643; x_wconf 85' lang='lat' dir='ltr'>Ideo</span> 
     </span>
    </p>
   </div>
   <div class='ocr_carea' id='block_1_47' title="bbox 2164 1675 3761 1748">
    <p class='ocr_par' dir='ltr' id='par_1_47' title="bbox 2164 1675 3761 1748">
     <span class='ocr_line' id='line_1_47' title="bbox 2164 1675 3761 1748; baseline 0 -18"><span class='ocrx_word' id='word_1_307' title='bbox 2164 1675 2391 1746; x_wconf 66' lang='lat' dir='ltr'>negavit</span> <span class='ocrx_word' id='word_1_308' title='bbox 2421 1693 2477 1730; x_wconf 77' lang='lat' dir='ltr'>se</span> <span class='ocrx_word' id='word_1_309' title='bbox 2511 1676 2731 1741; x_wconf 86' lang='lat' dir='ltr'>risisse,</span> <span class='ocrx_word' id='word_1_310' title='bbox 2766 1676 2904 1747; x_wconf 85' lang='lat' dir='ltr'>quia</span> <span class='ocrx_word' id='word_1_311' title='bbox 2951 1675 3237 1748; x_wconf 87' lang='lat' dir='ltr'>ignoravit</span> <span class='ocrx_word' id='word_1_312' title='bbox 3267 1695 3279 1731; x_wconf 90' lang='lat'><strong>:</strong></span> <span class='ocrx_word' id='word_1_313' title='bbox 3328 1676 3452 1733; x_wconf 90' lang='lat' dir='ltr'>ideo</span> <span class='ocrx_word' id='word_1_314' title='bbox 3482 1678 3616 1743; x_wconf 88' lang='lat' dir='ltr'>risit,</span> <span class='ocrx_word' id='word_1_315' title='bbox 3647 1676 3761 1748; x_wconf 88' lang='lat' dir='ltr'>quia</span> 
     </span>
    </p>
   </div>
   <div class='ocr_carea' id='block_1_48' title="bbox 2167 1765 2550 1837">
    <p class='ocr_par' dir='ltr' id='par_1_48' title="bbox 2167 1765 2550 1837">
     <span class='ocr_line' id='line_1_48' title="bbox 2167 1765 2550 1837; baseline -0.003 -18"><span class='ocrx_word' id='word_1_316' title='bbox 2167 1765 2550 1837; x_wconf 81' lang='lat' dir='ltr'>prOphrtavit.</span> 
     </span>
    </p>
   </div>
   <div class='ocr_carea' id='block_1_49' title="bbox 2722 1854 3287 1909">
    <p class='ocr_par' dir='ltr' id='par_1_49' title="bbox 2722 1854 3287 1909">
     <span class='ocr_line' id='line_1_49' title="bbox 2722 1854 3287 1909; baseline -0.004 0"><span class='ocrx_word' id='word_1_317' title='bbox 2722 1854 2873 1909; x_wconf 68' lang='lat'>298</span> <span class='ocrx_word' id='word_1_318' title='bbox 2915 1854 3146 1909; x_wconf 75' lang='lat' dir='ltr'>CAPUT</span> <span class='ocrx_word' id='word_1_319' title='bbox 3188 1855 3287 1908; x_wconf 68' lang='lat' dir='ltr'>VI.</span> 
     </span>
    </p>
   </div>
   <div class='ocr_carea' id='block_1_50' title="bbox 2170 1941 3768 2015">
    <p class='ocr_par' dir='ltr' id='par_1_50' title="bbox 2170 1941 3768 2015">
     <span class='ocr_line' id='line_1_50' title="bbox 2170 1941 3768 2015; baseline 0.001 -21"><span class='ocrx_word' id='word_1_320' title='bbox 2170 1943 2519 1996; x_wconf 62' lang='lat' dir='ltr'>Solonium,»</span> <span class='ocrx_word' id='word_1_321' title='bbox 2570 1943 2847 1996; x_wconf 66' lang='lat' dir='ltr'>excidium</span> <span class='ocrx_word' id='word_1_322' title='bbox 2896 1942 3132 1999; x_wconf 69' lang='lat' dir='ltr'>Abraha.’</span> <span class='ocrx_word' id='word_1_323' title='bbox 3169 1944 3513 2013; x_wconf 63' lang='lat' dir='ltr'>prrdicitur,</span> <span class='ocrx_word' id='word_1_324' title='bbox 3540 1941 3768 2015; x_wconf 67' lang='lat' dir='ltr'>pra’dica-</span> 
     </span>
    </p>
   </div>
   <div class='ocr_carea' id='block_1_51' title="bbox 2242 2015 3768 2083">
    <p class='ocr_par' dir='ltr' id='par_1_51' title="bbox 2242 2015 3768 2083">
     <span class='ocr_line' id='line_1_51' title="bbox 2242 2015 3768 2083; baseline -0.003 -16"><span class='ocrx_word' id='word_1_325' title='bbox 2242 2024 2432 2083; x_wconf 72' lang='lat' dir='ltr'>tui-que</span> <span class='ocrx_word' id='word_1_326' title='bbox 2481 2015 2667 2067; x_wconf 67' lang='lat' dir='ltr'>(lit-ina</span> <span class='ocrx_word' id='word_1_327' title='bbox 2709 2016 2767 2068; x_wconf 88' lang='lat' dir='ltr'>in</span> <span class='ocrx_word' id='word_1_328' title='bbox 2816 2015 3116 2067; x_wconf 84' lang='lat' dir='ltr'>tolerandis</span> <span class='ocrx_word' id='word_1_329' title='bbox 3143 2016 3512 2083; x_wconf 72' lang='lat' dir='ltr'>peccatoribus</span> <span class='ocrx_word' id='word_1_330' title='bbox 3540 2030 3597 2068; x_wconf 86' lang='lat' dir='ltr'>uc</span> <span class='ocrx_word' id='word_1_331' title='bbox 3616 2027 3768 2083; x_wconf 51' lang='lat' dir='ltr'>percu;</span> 
     </span>
    </p>
   </div>
   <div class='ocr_carea' id='block_1_52' title="bbox 2244 2032 3771 2161">
    <p class='ocr_par' dir='ltr' id='par_1_52' title="bbox 2244 2032 3771 2161">
     <span class='ocr_line' id='line_1_52' title="bbox 2244 2032 3768 2083; baseline -0.003 -16"><span class='ocrx_word' id='word_1_332' title='bbox 2244 2032 2432 2083; x_wconf 73' lang='lat' dir='ltr'>uirque</span> <span class='ocrx_word' id='word_1_333' title='bbox 2481 2032 2667 2067; x_wconf 80' lang='lat' dir='ltr'>(lll&#39;ttta</span> <span class='ocrx_word' id='word_1_334' title='bbox 2709 2032 2767 2068; x_wconf 78' lang='lat' dir='ltr'>in</span> <span class='ocrx_word' id='word_1_335' title='bbox 2816 2032 3116 2067; x_wconf 67' lang='lat' dir='ltr'>mreranais</span> <span class='ocrx_word' id='word_1_336' title='bbox 3182 2032 3512 2069; x_wconf 81' lang='lat' dir='ltr'>eccawrwus</span> <span class='ocrx_word' id='word_1_337' title='bbox 3540 2032 3597 2068; x_wconf 83' lang='lat' dir='ltr'>ac</span> <span class='ocrx_word' id='word_1_338' title='bbox 3616 2032 3768 2083; x_wconf 78' lang='lat' dir='ltr'>perca-</span> 
     </span>
     <span class='ocr_line' id='line_1_53' title="bbox 2244 2032 3771 2161; baseline -0.003 -23"><span class='ocrx_word' id='word_1_339' title='bbox 2244 2089 2313 2138; x_wconf 82' lang='lat' dir='ltr'>tis</span> <span class='ocrx_word' id='word_1_340' title='bbox 2335 2086 2722 2161; x_wconf 62' lang='lat' dir='ltr'>examinandis</span> <span class='ocrx_word' id='word_1_341' title='bbox 2750 2095 2803 2161; x_wconf 87' lang='lat' dir='ltr'>et</span> <span class='ocrx_word' id='word_1_342' title='bbox 2833 2032 3202 2161; x_wconf 59' lang='lat' dir='ltr'>condonantlis</span> <span class='ocrx_word' id='word_1_343' title='bbox 3228 2086 3595 2161; x_wconf 81' lang='lat' dir='ltr'>indulgentia._</span> <span class='ocrx_word' id='word_1_344' title='bbox 3613 2082 3771 2161; x_wconf 75' lang='lat' dir='ltr'>Angeli</span> 
     </span>
    </p>
   </div>
   <div class='ocr_carea' id='block_1_53' title="bbox 2244 2156 3767 2228">
    <p class='ocr_par' dir='ltr' id='par_1_53' title="bbox 2244 2156 3767 2228">
     <span class='ocr_line' id='line_1_54' title="bbox 2244 2156 3767 2228; baseline 0.001 -19"><span class='ocrx_word' id='word_1_345' title='bbox 2244 2174 2457 2226; x_wconf 75' lang='lat' dir='ltr'>vespere</span> <span class='ocrx_word' id='word_1_346' title='bbox 2488 2157 2836 2228; x_wconf 67' lang='lat' dir='ltr'>adrentantcs</span> <span class='ocrx_word' id='word_1_347' title='bbox 2882 2156 3026 2227; x_wconf 88' lang='lat' dir='ltr'>apud</span> <span class='ocrx_word' id='word_1_348' title='bbox 3056 2158 3152 2210; x_wconf 90' lang='lat' dir='ltr'>Lot</span> <span class='ocrx_word' id='word_1_349' title='bbox 3180 2156 3544 2228; x_wconf 84' lang='lat' dir='ltr'>hospitantur.</span> <span class='ocrx_word' id='word_1_350' title='bbox 3573 2156 3767 2228; x_wconf 61' lang='lat' dir='ltr'>Immittit</span> 
     </span>
    </p>
   </div>
   <div class='ocr_carea' id='block_1_54' title="bbox 2240 2224 3768 2297">
    <p class='ocr_par' dir='ltr' id='par_1_54' title="bbox 2240 2224 3768 2297">
     <span class='ocr_line' id='line_1_55' title="bbox 2240 2224 3768 2297; baseline -0.003 -17"><span class='ocrx_word' id='word_1_351' title='bbox 2240 2224 2438 2280; x_wconf 76' lang='lat' dir='ltr'>scelere</span> <span class='ocrx_word' id='word_1_352' title='bbox 2488 2227 2886 2281; x_wconf 65' lang='lat' dir='ltr'>Smlomitarum</span> <span class='ocrx_word' id='word_1_353' title='bbox 2915 2224 3309 2282; x_wconf 39' lang='lat' dir='ltr'>famulantur</span> <span class='ocrx_word' id='word_1_354' title='bbox 3357 2229 3577 2297; x_wconf 81' lang='lat' dir='ltr'>ﬂagitia.</span> <span class='ocrx_word' id='word_1_355' title='bbox 3640 2224 3768 2280; x_wconf 85' lang='lat' dir='ltr'>Obla-</span> 
     </span>
    </p>
   </div>
   <div class='ocr_carea' id='block_1_55' title="bbox 2240 2298 3764 2373">
    <p class='ocr_par' dir='ltr' id='par_1_55' title="bbox 2240 2298 3764 2373">
     <span class='ocr_line' id='line_1_56' title="bbox 2240 2298 3764 2373; baseline -0.002 -22"><span class='ocrx_word' id='word_1_356' title='bbox 2240 2301 2308 2351; x_wconf 77' lang='lat' dir='ltr'>tis</span> <span class='ocrx_word' id='word_1_357' title='bbox 2344 2298 2834 2373; x_wconf 8' lang='lat' dir='ltr'>ﬁti&#39;abusgconatur</span> <span class='ocrx_word' id='word_1_358' title='bbox 2892 2298 2983 2351; x_wconf 90' lang='lat' dir='ltr'>Lot</span> <span class='ocrx_word' id='word_1_359' title='bbox 3031 2314 3217 2373; x_wconf 85' lang='lat' dir='ltr'>eorum</span> <span class='ocrx_word' id='word_1_360' title='bbox 3264 2303 3507 2373; x_wconf 80' lang='lat' dir='ltr'>furorem</span> <span class='ocrx_word' id='word_1_361' title='bbox 3534 2298 3764 2373; x_wconf 69' lang='lat' dir='ltr'>mitigare,</span> 
     </span>
    </p>
   </div>
   <div class='ocr_carea' id='block_1_56' title="bbox 2240 2371 3766 2439">
    <p class='ocr_par' dir='ltr' id='par_1_56' title="bbox 2240 2371 3766 2439">
     <span class='ocr_line' id='line_1_57' title="bbox 2240 2371 3766 2439; baseline 0 -17"><span class='ocrx_word' id='word_1_362' title='bbox 2240 2385 2369 2437; x_wconf 83' lang='lat' dir='ltr'>quos</span> <span class='ocrx_word' id='word_1_363' title='bbox 2397 2371 2584 2437; x_wconf 78' lang='lat' dir='ltr'>angeli</span> <span class='ocrx_word' id='word_1_364' title='bbox 2619 2372 2857 2423; x_wconf 62' lang='lat' dir='ltr'>caecitate</span> <span class='ocrx_word' id='word_1_365' title='bbox 2903 2372 3235 2439; x_wconf 84' lang='lat' dir='ltr'>percutiunt.</span> <span class='ocrx_word' id='word_1_366' title='bbox 3298 2372 3441 2425; x_wconf 84' lang='lat' dir='ltr'>Idem</span> <span class='ocrx_word' id='word_1_367' title='bbox 3468 2371 3561 2424; x_wconf 87' lang='lat' dir='ltr'>Lot</span> <span class='ocrx_word' id='word_1_368' title='bbox 3592 2371 3766 2439; x_wconf 46' lang='lat' dir='ltr'>gent/115</span> 
     </span>
    </p>
   </div>
   <div class='ocr_carea' id='block_1_57' title="bbox 2240 2434 3768 2512">
    <p class='ocr_par' dir='ltr' id='par_1_57' title="bbox 2240 2434 3768 2512">
     <span class='ocr_line' id='line_1_58' title="bbox 2240 2434 3768 2512; baseline -0.003 -19"><span class='ocrx_word' id='word_1_369' title='bbox 2240 2434 2396 2509; x_wconf 83' lang='lat' dir='ltr'>sequi</span> <span class='ocrx_word' id='word_1_370' title='bbox 2416 2434 2809 2505; x_wconf 73' lang='lat' dir='ltr'>recusantibus,</span> <span class='ocrx_word' id='word_1_371' title='bbox 2829 2434 3123 2510; x_wconf 79' lang='lat' dir='ltr'>prohibitis</span> <span class='ocrx_word' id='word_1_372' title='bbox 3141 2457 3210 2495; x_wconf 78' lang='lat' dir='ltr'>ne</span> <span class='ocrx_word' id='word_1_373' title='bbox 3229 2450 3375 2497; x_wconf 88' lang='lat' dir='ltr'>retro</span> <span class='ocrx_word' id='word_1_374' title='bbox 3396 2434 3651 2512; x_wconf 81' lang='lat' dir='ltr'>respiciat,</span> <span class='ocrx_word' id='word_1_375' title='bbox 3669 2434 3768 2491; x_wconf 81' lang='lat' dir='ltr'>edu-</span> 
     </span>
    </p>
   </div>
   <div class='ocr_carea' id='block_1_58' title="bbox 2241 2511 3768 2583">
    <p class='ocr_par' dir='ltr' id='par_1_58' title="bbox 2241 2511 3768 2583">
     <span class='ocr_line' id='line_1_59' title="bbox 2241 2511 3768 2583; baseline -0.001 -20"><span class='ocrx_word' id='word_1_376' title='bbox 2241 2514 2404 2573; x_wconf 83' lang='lat' dir='ltr'>citur,</span> <span class='ocrx_word' id='word_1_377' title='bbox 2435 2514 2484 2565; x_wconf 87' lang='lat' dir='ltr'>el</span> <span class='ocrx_word' id='word_1_378' title='bbox 2514 2527 2623 2583; x_wconf 85' lang='lat' dir='ltr'>qua</span> <span class='ocrx_word' id='word_1_379' title='bbox 2656 2514 2870 2583; x_wconf 72' lang='lat' dir='ltr'>ratione</span> <span class='ocrx_word' id='word_1_380' title='bbox 2898 2512 2967 2564; x_wconf 88' lang='lat' dir='ltr'>ad</span> <span class='ocrx_word' id='word_1_381' title='bbox 2996 2527 3094 2566; x_wconf 89' lang='lat' dir='ltr'>nos</span> <span class='ocrx_word' id='word_1_382' title='bbox 3122 2528 3332 2582; x_wconf 86' lang='lat' dir='ltr'>quoque</span> <span class='ocrx_word' id='word_1_383' title='bbox 3363 2511 3502 2567; x_wconf 84' lang='lat' dir='ltr'>illud</span> <span class='ocrx_word' id='word_1_384' title='bbox 3517 2511 3768 2583; x_wconf 73' lang='lat' dir='ltr'>pertineat.</span> 
     </span>
    </p>
   </div>
   <div class='ocr_carea' id='block_1_59' title="bbox 2241 2579 3767 2655">
    <p class='ocr_par' dir='ltr' id='par_1_59' title="bbox 2241 2579 3767 2655">
     <span class='ocr_line' id='line_1_60' title="bbox 2241 2579 3767 2655; baseline 0.002 -19"><span class='ocrx_word' id='word_1_385' title='bbox 2241 2579 2770 2655; x_wconf 51' lang='lat' dir='ltr'>Excusuto&#39;dwnum</span> <span class='ocrx_word' id='word_1_386' title='bbox 2819 2580 3074 2651; x_wconf 82' lang='lat' dir='ltr'>ﬁliarum</span> <span class='ocrx_word' id='word_1_387' title='bbox 3115 2579 3250 2637; x_wconf 45' lang='lat' dir='ltr'>cum&#39;</span> <span class='ocrx_word' id='word_1_388' title='bbox 3308 2579 3531 2655; x_wconf 71' lang='lat' dir='ltr'>parente</span> <span class='ocrx_word' id='word_1_389' title='bbox 3581 2579 3767 2639; x_wconf 59' lang='lat' dir='ltr'>incestu,</span> 
     </span>
    </p>
   </div>
   <div class='ocr_carea' id='block_1_60' title="bbox 2241 2654 3130 2708">
    <p class='ocr_par' dir='ltr' id='par_1_60' title="bbox 2241 2654 3130 2708">
     <span class='ocr_line' id='line_1_61' title="bbox 2241 2654 3130 2708; baseline 0.002 -3"><span class='ocrx_word' id='word_1_390' title='bbox 2241 2656 2521 2706; x_wconf 66' lang='lat' dir='ltr'>ebrietatis</span> <span class='ocrx_word' id='word_1_391' title='bbox 2554 2655 2698 2706; x_wconf 81' lang='lat' dir='ltr'>mutu</span> <span class='ocrx_word' id='word_1_392' title='bbox 2730 2654 3130 2708; x_wconf 84' lang='lat' dir='ltr'>describuntur.</span> 
     </span>
    </p>
   </div>
   <div class='ocr_carea' id='block_1_61' title="bbox 2243 2736 3771 2813">
    <p class='ocr_par' dir='ltr' id='par_1_61' title="bbox 2243 2736 3771 2813">
     <span class='ocr_line' id='line_1_62' title="bbox 2243 2736 3771 2813; baseline -0.004 -17"><span class='ocrx_word' id='word_1_393' title='bbox 2243 2744 2329 2796; x_wconf 75' lang='grc'>44.</span> <span class='ocrx_word' id='word_1_394' title='bbox 2416 2745 2775 2810; x_wconf 70' lang='lat' dir='ltr'>Exsurgentes</span> <span class='ocrx_word' id='word_1_395' title='bbox 2858 2751 3039 2796; x_wconf 83' lang='lat' dir='ltr'>autem</span> <span class='ocrx_word' id='word_1_396' title='bbox 3122 2744 3233 2797; x_wconf 84' lang='lat' dir='ltr'>viri</span> <span class='ocrx_word' id='word_1_397' title='bbox 3298 2741 3676 2813; x_wconf 66' lang='lat' dir='ltr'>conspexerunt</span> <span class='ocrx_word' id='word_1_398' title='bbox 3727 2736 3771 2787; x_wconf 85' lang='lat' dir='ltr'>in</span> 
     </span>
    </p>
   </div>
   <div class='ocr_carea' id='block_1_62' title="bbox 2168 2823 3780 2901">
    <p class='ocr_par' dir='ltr' id='par_1_62' title="bbox 2168 2823 3780 2901">
     <span class='ocr_line' id='line_1_63' title="bbox 2168 2823 3780 2901; baseline -0.004 -19"><span class='ocrx_word' id='word_1_399' title='bbox 2168 2833 2367 2900; x_wconf 71' lang='lat' dir='ltr'>famem</span> <span class='ocrx_word' id='word_1_400' title='bbox 2434 2831 2681 2884; x_wconf 73' lang='lat' dir='ltr'>Sodoma’</span> <span class='ocrx_word' id='word_1_401' title='bbox 2744 2840 2795 2885; x_wconf 87' lang='lat' dir='ltr'>et</span> <span class='ocrx_word' id='word_1_402' title='bbox 2854 2832 3163 2887; x_wconf 71' lang='lat' dir='ltr'>Gomorrhze</span> <span class='ocrx_word' id='word_1_403' title='bbox 3230 2832 3413 2901; x_wconf 90' lang='lat' dir='ltr'>(lbid.,</span> <span class='ocrx_word' id='word_1_404' title='bbox 3479 2830 3585 2898; x_wconf 77' lang='lat' dir='ltr'>t6).</span> <span class='ocrx_word' id='word_1_405' title='bbox 3645 2823 3780 2880; x_wconf 88' lang='lat' dir='ltr'>Sicut</span> 
     </span>
    </p>
   </div>
   <div class='ocr_carea' id='block_1_63' title="bbox 2173 2911 3780 2983">
    <p class='ocr_par' dir='ltr' id='par_1_63' title="bbox 2173 2911 3780 2983">
     <span class='ocr_line' id='line_1_64' title="bbox 2173 2911 3780 2983; baseline -0.003 -14"><span class='ocrx_word' id='word_1_406' title='bbox 2173 2919 2426 2973; x_wconf 73' lang='lat' dir='ltr'>visitatio</span> <span class='ocrx_word' id='word_1_407' title='bbox 2481 2918 2709 2973; x_wconf 89' lang='lat' dir='ltr'>Domini</span> <span class='ocrx_word' id='word_1_408' title='bbox 2762 2919 3106 2974; x_wconf 87' lang='lat' dir='ltr'>timentibus</span> <span class='ocrx_word' id='word_1_409' title='bbox 3156 2919 3480 2983; x_wconf 81' lang='lat' dir='ltr'>exhibetur,</span> <span class='ocrx_word' id='word_1_410' title='bbox 3529 2917 3603 2970; x_wconf 90' lang='lat' dir='ltr'>ita</span> <span class='ocrx_word' id='word_1_411' title='bbox 3630 2911 3780 2968; x_wconf 87' lang='lat' dir='ltr'>etiam</span> 
     </span>
    </p>
   </div>
   <div class='ocr_carea' id='block_1_64' title="bbox 2172 3001 3775 3079">
    <p class='ocr_par' dir='ltr' id='par_1_64' title="bbox 2172 3001 3775 3079">
     <span class='ocr_line' id='line_1_65' title="bbox 2172 3001 3775 3079; baseline -0.005 -19"><span class='ocrx_word' id='word_1_412' title='bbox 2172 3008 2370 3079; x_wconf 83' lang='lat' dir='ltr'>impiis</span> <span class='ocrx_word' id='word_1_413' title='bbox 2402 3024 2569 3078; x_wconf 79' lang='lat' dir='ltr'>poma</span> <span class='ocrx_word' id='word_1_414' title='bbox 2602 3006 2819 3078; x_wconf 75' lang='lat' dir='ltr'>peccati</span> <span class='ocrx_word' id='word_1_415' title='bbox 2877 3008 3196 3078; x_wconf 84' lang='lat' dir='ltr'>reponitur.</span> <span class='ocrx_word' id='word_1_416' title='bbox 3237 3007 3530 3063; x_wconf 81' lang='lat' dir='ltr'>Abraham</span> <span class='ocrx_word' id='word_1_417' title='bbox 3559 3001 3775 3057; x_wconf 86' lang='lat' dir='ltr'>deduce-</span> 
     </span>
    </p>
   </div>
   <div class='ocr_carea' id='block_1_65' title="bbox 2174 3088 3736 3168">
    <p class='ocr_par' dir='ltr' id='par_1_65' title="bbox 2174 3088 3736 3168">
     <span class='ocr_line' id='line_1_66' title="bbox 2174 3088 3736 3168; baseline -0.005 -19"><span class='ocrx_word' id='word_1_418' title='bbox 2174 3096 2274 3149; x_wconf 86' lang='lat' dir='ltr'>bat</span> <span class='ocrx_word' id='word_1_419' title='bbox 2306 3095 2660 3167; x_wconf 86' lang='lat' dir='ltr'>hospites,ad</span> <span class='ocrx_word' id='word_1_420' title='bbox 2689 3095 3074 3150; x_wconf 87' lang='lat' dir='ltr'>humanitatis</span> <span class='ocrx_word' id='word_1_421' title='bbox 3104 3096 3353 3168; x_wconf 87' lang='lat' dir='ltr'>gratiam</span> <span class='ocrx_word' id='word_1_422' title='bbox 3382 3092 3621 3149; x_wconf 88' lang='lat' dir='ltr'>addebat</span> <span class='ocrx_word' id='word_1_423' title='bbox 3639 3088 3736 3143; x_wconf 92' lang='lat' dir='ltr'>obs</span> 
     </span>
    </p>
   </div>
   <div class='ocr_carea' id='block_1_66' title="bbox 414 3165 3755 3256">
    <p class='ocr_par' dir='ltr' id='par_1_66' title="bbox 414 3165 3755 3256">
     <span class='ocr_line' id='line_1_67' title="bbox 414 3165 3755 3256; baseline -0.001 -18"><span class='ocrx_word' id='word_1_424' title='bbox 414 3183 648 3256; x_wconf 90' lang='lat' dir='ltr'>quando</span> <span class='ocrx_word' id='word_1_425' title='bbox 688 3181 981 3236; x_wconf 82' lang='lat' dir='ltr'>Abraham</span> <span class='ocrx_word' id='word_1_426' title='bbox 1011 3181 1255 3236; x_wconf 86' lang='lat' dir='ltr'>Domino</span> <span class='ocrx_word' id='word_1_427' title='bbox 1281 3182 1446 3236; x_wconf 74' lang='lat' dir='ltr'>ott‘ert</span> <span class='ocrx_word' id='word_1_428' title='bbox 1476 3182 1817 3253; x_wconf 87' lang='lat' dir='ltr'>hospitium.</span> <span class='ocrx_word' id='word_1_429' title='bbox 1845 3184 1955 3237; x_wconf 89' lang='lat' dir='ltr'>Sed</span> <span class='ocrx_word' id='word_1_430' title='bbox 1988 3184 2057 3237; x_wconf 91' lang='lat' dir='ltr'>ad</span> <span class='ocrx_word' id='word_1_431' title='bbox 2092 3165 2134 3229; x_wconf 80' lang='lat' dir='ltr'><strong>C</strong></span> <span class='ocrx_word' id='word_1_432' title='bbox 2175 3165 2481 3256; x_wconf 83' lang='lat' dir='ltr'>quia.Nam</span> <span class='ocrx_word' id='word_1_433' title='bbox 2513 3183 2822 3237; x_wconf 60' lang='lat' dir='ltr'>Sodomita:</span> <span class='ocrx_word' id='word_1_434' title='bbox 2855 3199 2958 3255; x_wconf 91' lang='lat' dir='ltr'>pro</span> <span class='ocrx_word' id='word_1_435' title='bbox 2980 3165 3212 3255; x_wconf 75' lang='lat' dir='ltr'>pietatis</span> <span class='ocrx_word' id='word_1_436' title='bbox 3234 3176 3755 3251; x_wconf 61' lang='lat' dir='ltr'>ofﬁciisimpuritaﬁ</span> 
     </span>
    </p>
   </div>
   <div class='ocr_carea' id='block_1_67' title="bbox 415 3270 2058 3333">
    <p class='ocr_par' dir='ltr' id='par_1_67' title="bbox 415 3270 2058 3333">
     <span class='ocr_line' id='line_1_68' title="bbox 415 3270 2058 3333; baseline -0.001 -6"><span class='ocrx_word' id='word_1_437' title='bbox 415 3289 639 3327; x_wconf 81' lang='lat' dir='ltr'>ccenam</span> <span class='ocrx_word' id='word_1_438' title='bbox 672 3270 888 3325; x_wconf 87' lang='lat' dir='ltr'>vitulus</span> <span class='ocrx_word' id='word_1_439' title='bbox 920 3270 1281 3333; x_wconf 81' lang='lat' dir='ltr'>immolatur.</span> <span class='ocrx_word' id='word_1_440' title='bbox 1314 3277 1369 3325; x_wconf 89' lang='lat' dir='ltr'>et</span> <span class='ocrx_word' id='word_1_441' title='bbox 1400 3287 1533 3324; x_wconf 89' lang='lat' dir='ltr'>cum</span> <span class='ocrx_word' id='word_1_442' title='bbox 1568 3271 1713 3325; x_wconf 89' lang='lat' dir='ltr'>lacte</span> <span class='ocrx_word' id='word_1_443' title='bbox 1745 3271 2058 3326; x_wconf 87' lang='lat' dir='ltr'>manduca-</span> 
     </span>
    </p>
   </div>
   <div class='ocr_carea' id='block_1_68' title="bbox 415 3358 2060 3431">
    <p class='ocr_par' dir='ltr' id='par_1_68' title="bbox 415 3358 2060 3431">
     <span class='ocr_line' id='line_1_69' title="bbox 415 3358 2060 3431; baseline -0.002 -15"><span class='ocrx_word' id='word_1_444' title='bbox 415 3367 529 3425; x_wconf 89' lang='lat' dir='ltr'>tur,</span> <span class='ocrx_word' id='word_1_445' title='bbox 562 3360 671 3415; x_wconf 92' lang='lat' dir='ltr'>hoc</span> <span class='ocrx_word' id='word_1_446' title='bbox 701 3364 812 3426; x_wconf 89' lang='lat' dir='ltr'>est,</span> <span class='ocrx_word' id='word_1_447' title='bbox 845 3376 959 3414; x_wconf 91' lang='lat' dir='ltr'>non</span> <span class='ocrx_word' id='word_1_448' title='bbox 990 3359 1047 3413; x_wconf 93' lang='lat' dir='ltr'>in</span> <span class='ocrx_word' id='word_1_449' title='bbox 1080 3359 1386 3431; x_wconf 67' lang='lat' dir='ltr'>sanguine,</span> <span class='ocrx_word' id='word_1_450' title='bbox 1437 3360 1537 3414; x_wconf 90' lang='lat' dir='ltr'>sed</span> <span class='ocrx_word' id='word_1_451' title='bbox 1570 3375 1704 3414; x_wconf 93' lang='lat' dir='ltr'>cum</span> <span class='ocrx_word' id='word_1_452' title='bbox 1736 3359 1869 3414; x_wconf 90' lang='lat' dir='ltr'>ﬁdei</span> <span class='ocrx_word' id='word_1_453' title='bbox 1903 3358 2060 3431; x_wconf 86' lang='lat' dir='ltr'>puri-</span> 
     </span>
    </p>
   </div>
   <div class='ocr_carea' id='block_1_69' title="bbox 421 3448 2057 3519">
    <p class='ocr_par' dir='ltr' id='par_1_69' title="bbox 421 3448 2057 3519">
     <span class='ocr_line' id='line_1_70' title="bbox 421 3448 2057 3519; baseline -0.003 -13"><span class='ocrx_word' id='word_1_454' title='bbox 421 3455 558 3506; x_wconf 82' lang='lat' dir='ltr'>tate.</span> <span class='ocrx_word' id='word_1_455' title='bbox 611 3449 807 3504; x_wconf 87' lang='lat' dir='ltr'>Bonus</span> <span class='ocrx_word' id='word_1_456' title='bbox 860 3450 1095 3514; x_wconf 82' lang='lat' dir='ltr'>vitulus,</span> <span class='ocrx_word' id='word_1_457' title='bbox 1147 3453 1345 3519; x_wconf 88' lang='lat' dir='ltr'>utpote</span> <span class='ocrx_word' id='word_1_458' title='bbox 1394 3448 1493 3519; x_wconf 89' lang='lat' dir='ltr'>qui</span> <span class='ocrx_word' id='word_1_459' title='bbox 1527 3454 1762 3519; x_wconf 88' lang='lat' dir='ltr'>peccata</span> <span class='ocrx_word' id='word_1_460' title='bbox 1794 3448 2057 3504; x_wconf 88' lang='lat' dir='ltr'>dilueret.</span> 
     </span>
    </p>
   </div>
   <div class='ocr_carea' id='block_1_70' title="bbox 421 3536 2059 3610">
    <p class='ocr_par' dir='ltr' id='par_1_70' title="bbox 421 3536 2059 3610">
     <span class='ocr_line' id='line_1_71' title="bbox 421 3536 2059 3610; baseline -0.002 -16"><span class='ocrx_word' id='word_1_461' title='bbox 421 3540 629 3600; x_wconf 87' lang='lat' dir='ltr'>Tener,</span> <span class='ocrx_word' id='word_1_462' title='bbox 683 3537 819 3607; x_wconf 91' lang='lat' dir='ltr'>quia</span> <span class='ocrx_word' id='word_1_463' title='bbox 866 3553 981 3591; x_wconf 91' lang='lat' dir='ltr'>non</span> <span class='ocrx_word' id='word_1_464' title='bbox 1027 3537 1170 3591; x_wconf 89' lang='lat' dir='ltr'>dura</span> <span class='ocrx_word' id='word_1_465' title='bbox 1222 3537 1461 3603; x_wconf 87' lang='lat' dir='ltr'>cervice,</span> <span class='ocrx_word' id='word_1_466' title='bbox 1495 3538 1594 3591; x_wconf 88' lang='lat' dir='ltr'>sed</span> <span class='ocrx_word' id='word_1_467' title='bbox 1650 3536 1808 3591; x_wconf 89' lang='lat' dir='ltr'>molli</span> <span class='ocrx_word' id='word_1_468' title='bbox 1843 3539 2059 3610; x_wconf 81' lang='lat' dir='ltr'>jugum</span> 
     </span>
    </p>
   </div>
   <div class='ocr_carea' id='block_1_71' title="bbox 419 3623 2059 3700">
    <p class='ocr_par' dir='ltr' id='par_1_71' title="bbox 419 3623 2059 3700">
     <span class='ocr_line' id='line_1_72' title="bbox 419 3623 2059 3700; baseline -0.001 -18"><span class='ocrx_word' id='word_1_469' title='bbox 419 3627 566 3700; x_wconf 87' lang='lat' dir='ltr'>legis</span> <span class='ocrx_word' id='word_1_470' title='bbox 606 3625 859 3697; x_wconf 88' lang='lat' dir='ltr'>agnovit,</span> <span class='ocrx_word' id='word_1_471' title='bbox 892 3624 1081 3679; x_wconf 90' lang='lat' dir='ltr'>crucis</span> <span class='ocrx_word' id='word_1_472' title='bbox 1126 3623 1455 3696; x_wconf 80' lang='lat' dir='ltr'>patibulum</span> <span class='ocrx_word' id='word_1_473' title='bbox 1503 3641 1619 3679; x_wconf 88' lang='lat' dir='ltr'>non</span> <span class='ocrx_word' id='word_1_474' title='bbox 1651 3627 1955 3681; x_wconf 84' lang='lat' dir='ltr'>recusavit.</span> <span class='ocrx_word' id='word_1_475' title='bbox 1991 3627 2059 3680; x_wconf 84' lang='lat' dir='ltr'>Et</span> 
     </span>
    </p>
   </div>
   <div class='ocr_carea' id='block_1_72' title="bbox 421 3713 2058 3785">
    <p class='ocr_par' dir='ltr' id='par_1_72' title="bbox 421 3713 2058 3785">
     <span class='ocr_line' id='line_1_73' title="bbox 421 3713 2058 3785; baseline -0.001 -15"><span class='ocrx_word' id='word_1_476' title='bbox 421 3716 628 3771; x_wconf 87' lang='lat' dir='ltr'>merito</span> <span class='ocrx_word' id='word_1_477' title='bbox 657 3719 837 3777; x_wconf 86' lang='lat' dir='ltr'>tener,</span> <span class='ocrx_word' id='word_1_478' title='bbox 871 3714 943 3768; x_wconf 92' lang='lat' dir='ltr'>de</span> <span class='ocrx_word' id='word_1_479' title='bbox 971 3714 1139 3782; x_wconf 84' lang='lat' dir='ltr'>cujus</span> <span class='ocrx_word' id='word_1_480' title='bbox 1172 3713 1358 3783; x_wconf 86' lang='lat' dir='ltr'>capite</span> <span class='ocrx_word' id='word_1_481' title='bbox 1391 3722 1445 3768; x_wconf 89' lang='lat' dir='ltr'>et</span> <span class='ocrx_word' id='word_1_482' title='bbox 1471 3713 1714 3785; x_wconf 83' lang='lat' dir='ltr'>pedibus</span> <span class='ocrx_word' id='word_1_483' title='bbox 1735 3719 1789 3769; x_wconf 89' lang='lat' dir='ltr'>et</span> <span class='ocrx_word' id='word_1_484' title='bbox 1814 3715 2058 3769; x_wconf 82' lang='lat' dir='ltr'>internis</span> 
     </span>
    </p>
   </div>
   <div class='ocr_carea' id='block_1_73' title="bbox 420 3803 2056 3865">
    <p class='ocr_par' dir='ltr' id='par_1_73' title="bbox 420 3803 2056 3865">
     <span class='ocr_line' id='line_1_74' title="bbox 420 3803 2056 3865; baseline -0.001 -5"><span class='ocrx_word' id='word_1_485' title='bbox 420 3804 567 3861; x_wconf 88' lang='lat' dir='ltr'>nihil</span> <span class='ocrx_word' id='word_1_486' title='bbox 613 3803 875 3858; x_wconf 88' lang='lat' dir='ltr'>relictum</span> <span class='ocrx_word' id='word_1_487' title='bbox 930 3808 1036 3857; x_wconf 73' lang='lat' dir='ltr'>est.</span> <span class='ocrx_word' id='word_1_488' title='bbox 1070 3808 1123 3857; x_wconf 88' lang='lat' dir='ltr'>et</span> <span class='ocrx_word' id='word_1_489' title='bbox 1157 3820 1221 3857; x_wconf 86' lang='lat' dir='ltr'>os</span> <span class='ocrx_word' id='word_1_490' title='bbox 1256 3820 1367 3856; x_wconf 88' lang='lat' dir='ltr'>non</span> <span class='ocrx_word' id='word_1_491' title='bbox 1401 3808 1487 3857; x_wconf 90' lang='lat' dir='ltr'>est</span> <span class='ocrx_word' id='word_1_492' title='bbox 1517 3804 1831 3857; x_wconf 87' lang='lat' dir='ltr'>contritum</span> <span class='ocrx_word' id='word_1_493' title='bbox 1864 3804 1937 3858; x_wconf 89' lang='lat' dir='ltr'>ab</span> <span class='ocrx_word' id='word_1_494' title='bbox 1968 3819 2056 3865; x_wconf 84' lang='lat' dir='ltr'>eo,</span> 
     </span>
    </p>
   </div>
   <div class='ocr_carea' id='block_1_74' title="bbox 413 3891 2056 3963">
    <p class='ocr_par' dir='ltr' id='par_1_74' title="bbox 413 3891 2056 3963">
     <span class='ocr_line' id='line_1_75' title="bbox 413 3891 2056 3963; baseline -0.003 -12"><span class='ocrx_word' id='word_1_495' title='bbox 413 3895 515 3951; x_wconf 87' lang='lat' dir='ltr'>sed</span> <span class='ocrx_word' id='word_1_496' title='bbox 554 3897 712 3949; x_wconf 88' lang='lat' dir='ltr'>totus</span> <span class='ocrx_word' id='word_1_497' title='bbox 742 3891 1106 3963; x_wconf 89' lang='lat' dir='ltr'>epulantium</span> <span class='ocrx_word' id='word_1_498' title='bbox 1141 3892 1267 3946; x_wconf 87' lang='lat' dir='ltr'>cibo</span> <span class='ocrx_word' id='word_1_499' title='bbox 1290 3893 1484 3945; x_wconf 89' lang='lat' dir='ltr'>cessit.</span> <span class='ocrx_word' id='word_1_500' title='bbox 1521 3891 1717 3946; x_wconf 86' lang='lat' dir='ltr'>Talem</span> <span class='ocrx_word' id='word_1_501' title='bbox 1750 3892 1919 3946; x_wconf 89' lang='lat' dir='ltr'>nobis</span> <span class='ocrx_word' id='word_1_502' title='bbox 1953 3892 2056 3946; x_wconf 89' lang='lat' dir='ltr'>Le-</span> 
     </span>
    </p>
   </div>
   <div class='ocr_carea' id='block_1_75' title="bbox 408 3978 2055 4056">
    <p class='ocr_par' dir='ltr' id='par_1_75' title="bbox 408 3978 2055 4056">
     <span class='ocr_line' id='line_1_76' title="bbox 408 3978 2055 4056; baseline -0.001 -19"><span class='ocrx_word' id='word_1_503' title='bbox 408 3985 501 4056; x_wconf 89' lang='lat' dir='ltr'>gis</span> <span class='ocrx_word' id='word_1_504' title='bbox 527 3983 799 4055; x_wconf 88' lang='lat' dir='ltr'>ﬁguravit</span> <span class='ocrx_word' id='word_1_505' title='bbox 821 3981 1047 4048; x_wconf 88' lang='lat' dir='ltr'>umbra,</span> <span class='ocrx_word' id='word_1_506' title='bbox 1073 3978 1246 4035; x_wconf 87' lang='lat' dir='ltr'>talem</span> <span class='ocrx_word' id='word_1_507' title='bbox 1269 3981 1477 4034; x_wconf 89' lang='lat' dir='ltr'>veritas</span> <span class='ocrx_word' id='word_1_508' title='bbox 1501 3980 1791 4053; x_wconf 82' lang='lat' dir='ltr'>Evangelii</span> <span class='ocrx_word' id='word_1_509' title='bbox 1817 3981 2055 4036; x_wconf 81' lang='lat' dir='ltr'>demou-</span> 
     </span>
    </p>
   </div>
   <div class='ocr_carea' id='block_1_76' title="bbox 410 4071 1108 4139">
    <p class='ocr_par' dir='ltr' id='par_1_76' title="bbox 410 4071 1108 4139">
     <span class='ocr_line' id='line_1_77' title="bbox 410 4071 1108 4139; baseline -0.003 -12"><span class='ocrx_word' id='word_1_510' title='bbox 410 4073 615 4127; x_wconf 90' lang='lat' dir='ltr'>stravit</span> <span class='ocrx_word' id='word_1_511' title='bbox 642 4074 818 4139; x_wconf 88' lang='lat' dir='ltr'>(Joan.</span> <span class='ocrx_word' id='word_1_512' title='bbox 853 4088 966 4139; x_wconf 69' lang='lat' dir='ltr'><strong>xxx,</strong></span> <span class='ocrx_word' id='word_1_513' title='bbox 998 4071 1108 4133; x_wconf 86' lang='lat'>36).</span> 
     </span>
    </p>
   </div>
   <div class='ocr_carea' id='block_1_77' title="bbox 476 4204 2052 4274">
    <p class='ocr_par' dir='ltr' id='par_1_77' title="bbox 476 4204 2052 4274">
     <span class='ocr_line' id='line_1_78' title="bbox 476 4204 2052 4274; baseline -0.003 -13"><span class='ocrx_word' id='word_1_514' title='bbox 476 4209 565 4262; x_wconf 69' lang='grc'>41.</span> <span class='ocrx_word' id='word_1_515' title='bbox 607 4207 1087 4272; x_wconf 77' lang='grc' dir='ltr'>Μαηάυεαυενιιηι,</span> <span class='ocrx_word' id='word_1_516' title='bbox 1140 4205 1350 4274; x_wconf 87' lang='lat' dir='ltr'>inquit,</span> <span class='ocrx_word' id='word_1_517' title='bbox 1405 4207 1548 4258; x_wconf 86' lang='lat' dir='ltr'>illi:</span> <span class='ocrx_word' id='word_1_518' title='bbox 1615 4204 1888 4258; x_wconf 80' lang='lat' dir='ltr'>Abraham</span> <span class='ocrx_word' id='word_1_519' title='bbox 1953 4220 2052 4258; x_wconf 88' lang='lat' dir='ltr'>au-</span> 
     </span>
    </p>
   </div>
   <div class='ocr_carea' id='block_1_78' title="bbox 406 4293 2054 4363">
    <p class='ocr_par' dir='ltr' id='par_1_78' title="bbox 406 4293 2054 4363">
     <span class='ocr_line' id='line_1_79' title="bbox 406 4293 2054 4363; baseline -0.004 -11"><span class='ocrx_word' id='word_1_520' title='bbox 406 4308 516 4352; x_wconf 87' lang='lat' dir='ltr'>tem</span> <span class='ocrx_word' id='word_1_521' title='bbox 561 4297 738 4350; x_wconf 87' lang='lat' dir='ltr'>stabat</span> <span class='ocrx_word' id='word_1_522' title='bbox 782 4296 883 4349; x_wconf 88' lang='lat' dir='ltr'>sub</span> <span class='ocrx_word' id='word_1_523' title='bbox 928 4296 1124 4349; x_wconf 85' lang='lat' dir='ltr'>arbore</span> <span class='ocrx_word' id='word_1_524' title='bbox 1174 4294 1325 4363; x_wconf 83' lang='lat' dir='ltr'>(Gen.</span> <span class='ocrx_word' id='word_1_525' title='bbox 1358 4310 1515 4357; x_wconf 78' lang='lat' dir='ltr'>xviii,</span> <span class='ocrx_word' id='word_1_526' title='bbox 1569 4295 1644 4363; x_wconf 89' lang='grc'>8).</span> <span class='ocrx_word' id='word_1_527' title='bbox 1686 4293 2054 4347; x_wconf 88' lang='lat' dir='ltr'>Advertimus</span> 
     </span>
    </p>
   </div>
   <div class='ocr_carea' id='block_1_79' title="bbox 406 4380 2049 4451">
    <p class='ocr_par' dir='ltr' id='par_1_79' title="bbox 406 4380 2049 4451">
     <span class='ocr_line' id='line_1_80' title="bbox 406 4380 2049 4451; baseline -0.003 -12"><span class='ocrx_word' id='word_1_528' title='bbox 406 4384 757 4440; x_wconf 86' lang='lat' dir='ltr'>humilitatis</span> <span class='ocrx_word' id='word_1_529' title='bbox 778 4385 1035 4438; x_wconf 75' lang='lat' dir='ltr'>ofﬁcium</span> <span class='ocrx_word' id='word_1_530' title='bbox 1057 4383 1467 4437; x_wconf 89' lang='lat' dir='ltr'>commendare</span> <span class='ocrx_word' id='word_1_531' title='bbox 1493 4380 1882 4436; x_wconf 88' lang='lat' dir='ltr'>humilitatem</span> <span class='ocrx_word' id='word_1_532' title='bbox 1915 4382 2049 4451; x_wconf 66' lang='lat'>(45).</span> 
     </span>
    </p>
   </div>
   <div class='ocr_carea' id='block_1_80' title="bbox 409 4469 2051 4541">
    <p class='ocr_par' dir='ltr' id='par_1_80' title="bbox 409 4469 2051 4541">
     <span class='ocr_line' id='line_1_81' title="bbox 409 4469 2051 4541; baseline -0.003 -14"><span class='ocrx_word' id='word_1_533' title='bbox 409 4472 703 4527; x_wconf 79' lang='lat' dir='ltr'>Abraham</span> <span class='ocrx_word' id='word_1_534' title='bbox 738 4472 950 4538; x_wconf 88' lang='lat' dir='ltr'>stabat,</span> <span class='ocrx_word' id='word_1_535' title='bbox 982 4476 1040 4525; x_wconf 89' lang='lat' dir='ltr'>et</span> <span class='ocrx_word' id='word_1_536' title='bbox 1061 4476 1121 4524; x_wconf 90' lang='lat' dir='ltr'>tu</span> <span class='ocrx_word' id='word_1_537' title='bbox 1149 4471 1397 4541; x_wconf 86' lang='lat' dir='ltr'>primam</span> <span class='ocrx_word' id='word_1_538' title='bbox 1420 4469 1805 4524; x_wconf 86' lang='lat' dir='ltr'>accubitionis</span> <span class='ocrx_word' id='word_1_539' title='bbox 1827 4475 2051 4540; x_wconf 86' lang='lat' dir='ltr'>partem</span> 
     </span>
    </p>
   </div>
   <div class='ocr_carea' id='block_1_81' title="bbox 408 4558 2050 4630">
    <p class='ocr_par' dir='ltr' id='par_1_81' title="bbox 408 4558 2050 4630">
     <span class='ocr_line' id='line_1_82' title="bbox 408 4558 2050 4630; baseline -0.003 -14"><span class='ocrx_word' id='word_1_540' title='bbox 408 4576 681 4630; x_wconf 87' lang='lat' dir='ltr'>occupas.</span> <span class='ocrx_word' id='word_1_541' title='bbox 715 4559 974 4629; x_wconf 87' lang='lat' dir='ltr'>Denique</span> <span class='ocrx_word' id='word_1_542' title='bbox 1003 4575 1072 4613; x_wconf 89' lang='lat' dir='ltr'>ea</span> <span class='ocrx_word' id='word_1_543' title='bbox 1106 4558 1407 4611; x_wconf 85' lang='lat' dir='ltr'>humilitas</span> <span class='ocrx_word' id='word_1_544' title='bbox 1443 4558 1952 4628; x_wconf 86' lang='lat' dir='ltr'>invenitgratiam,</span> <span class='ocrx_word' id='word_1_545' title='bbox 1986 4562 2050 4611; x_wconf 90' lang='lat' dir='ltr'>ut</span> 
     </span>
    </p>
   </div>
   <div class='ocr_carea' id='block_1_82' title="bbox 406 4646 1132 4722">
    <p class='ocr_par' dir='ltr' id='par_1_82' title="bbox 406 4646 1132 4722">
     <span class='ocr_line' id='line_1_83' title="bbox 406 4646 1132 4722; baseline -0.008 -18"><span class='ocrx_word' id='word_1_546' title='bbox 406 4648 845 4722; x_wconf 88' lang='lat' dir='ltr'>promitteretur</span> <span class='ocrx_word' id='word_1_547' title='bbox 872 4648 921 4701; x_wconf 92' lang='lat' dir='ltr'>ei</span> <span class='ocrx_word' id='word_1_548' title='bbox 954 4646 1132 4701; x_wconf 87' lang='lat' dir='ltr'>ﬁlius.</span> 
     </span>
    </p>
   </div>
   <div class='ocr_carea' id='block_1_83' title="bbox 477 4778 2050 4835">
    <p class='ocr_par' dir='ltr' id='par_1_83' title="bbox 477 4778 2050 4835">
     <span class='ocr_line' id='line_1_84' title="bbox 477 4778 2050 4835; baseline -0.003 -1"><span class='ocrx_word' id='word_1_549' title='bbox 477 4782 566 4835; x_wconf 76' lang='grc'>42.</span> <span class='ocrx_word' id='word_1_550' title='bbox 601 4780 756 4835; x_wconf 61' lang='lat' dir='ltr'>Dicit</span> <span class='ocrx_word' id='word_1_551' title='bbox 782 4786 962 4833; x_wconf 85' lang='lat' dir='ltr'>autem</span> <span class='ocrx_word' id='word_1_552' title='bbox 991 4778 1060 4832; x_wconf 88' lang='lat' dir='ltr'>ad</span> <span class='ocrx_word' id='word_1_553' title='bbox 1093 4779 1251 4833; x_wconf 90' lang='lat' dir='ltr'>illum</span> <span class='ocrx_word' id='word_1_554' title='bbox 1273 4797 1291 4831; x_wconf 91' lang='lat'><strong><em>:</em></strong></span> <span class='ocrx_word' id='word_1_555' title='bbox 1344 4779 1444 4834; x_wconf 77' lang='grc' dir='ltr'>ι’ὺὶ</span> <span class='ocrx_word' id='word_1_556' title='bbox 1473 4786 1548 4832; x_wconf 86' lang='lat' dir='ltr'>est</span> <span class='ocrx_word' id='word_1_557' title='bbox 1579 4778 1713 4831; x_wconf 79' lang='lat' dir='ltr'>Sara</span> <span class='ocrx_word' id='word_1_558' title='bbox 1746 4793 1886 4832; x_wconf 66' lang='lat' dir='ltr'>uxor</span> <span class='ocrx_word' id='word_1_559' title='bbox 1914 4784 2006 4831; x_wconf 88' lang='lat' dir='ltr'>tua</span> <span class='ocrx_word' id='word_1_560' title='bbox 2025 4780 2050 4829; x_wconf 72' lang='lat'>.9</span> 
     </span>
    </p>
   </div>
   <div class='ocr_carea' id='block_1_84' title="bbox 405 4865 2049 4942">
    <p class='ocr_par' dir='ltr' id='par_1_84' title="bbox 405 4865 2049 4942">
     <span class='ocr_line' id='line_1_85' title="bbox 405 4865 2049 4942; baseline -0.003 -16"><span class='ocrx_word' id='word_1_561' title='bbox 405 4873 511 4940; x_wconf 83' lang='lat' dir='ltr'>Qui</span> <span class='ocrx_word' id='word_1_562' title='bbox 540 4869 814 4942; x_wconf 84' lang='lat' dir='ltr'>respondit</span> <span class='ocrx_word' id='word_1_563' title='bbox 843 4877 894 4923; x_wconf 89' lang='lat' dir='ltr'>ct</span> <span class='ocrx_word' id='word_1_564' title='bbox 921 4868 1067 4923; x_wconf 71' lang='lat' dir='ltr'>dixit</span> <span class='ocrx_word' id='word_1_565' title='bbox 1086 4886 1104 4922; x_wconf 90' lang='lat'><strong><em>:</em></strong></span> <span class='ocrx_word' id='word_1_566' title='bbox 1134 4869 1257 4922; x_wconf 82' lang='lat' dir='ltr'>Ecce</span> <span class='ocrx_word' id='word_1_567' title='bbox 1289 4869 1344 4921; x_wconf 86' lang='lat' dir='ltr'>in</span> <span class='ocrx_word' id='word_1_568' title='bbox 1377 4866 1727 4921; x_wconf 80' lang='lat' dir='ltr'>tabernaculo</span> <span class='ocrx_word' id='word_1_569' title='bbox 1754 4866 1937 4935; x_wconf 66' lang='lat' dir='ltr'>(Ibid,</span> <span class='ocrx_word' id='word_1_570' title='bbox 1966 4865 2049 4935; x_wconf 87' lang='lat'>9).</span> 
     </span>
    </p>
   </div>
   <div class='ocr_carea' id='block_1_85' title="bbox 401 4954 2047 5031">
    <p class='ocr_par' dir='ltr' id='par_1_85' title="bbox 401 4954 2047 5031">
     <span class='ocr_line' id='line_1_86' title="bbox 401 4954 2047 5031; baseline -0.004 -15"><span class='ocrx_word' id='word_1_571' title='bbox 401 4959 699 5031; x_wconf 80' lang='lat' dir='ltr'>Numquid</span> <span class='ocrx_word' id='word_1_572' title='bbox 746 4958 1051 5031; x_wconf 85' lang='lat' dir='ltr'>ignorabat</span> <span class='ocrx_word' id='word_1_573' title='bbox 1090 4957 1372 5012; x_wconf 91' lang='lat' dir='ltr'>Dominus</span> <span class='ocrx_word' id='word_1_574' title='bbox 1403 4955 1504 5027; x_wconf 90' lang='lat' dir='ltr'>qui</span> <span class='ocrx_word' id='word_1_575' title='bbox 1537 4956 1594 5008; x_wconf 92' lang='lat' dir='ltr'>in</span> <span class='ocrx_word' id='word_1_576' title='bbox 1627 4954 2047 5025; x_wconf 88' lang='lat' dir='ltr'>posterioribus</span> 
     </span>
    </p>
   </div>
   <div class='ocr_carea' id='block_1_86' title="bbox 401 5043 2047 5105">
    <p class='ocr_par' dir='ltr' id='par_1_86' title="bbox 401 5043 2047 5105">
     <span class='ocr_line' id='line_1_87' title="bbox 401 5043 2047 5105; baseline -0.004 0"><span class='ocrx_word' id='word_1_577' title='bbox 401 5051 787 5105; x_wconf 86' lang='lat' dir='ltr'>Sodomorum</span> <span class='ocrx_word' id='word_1_578' title='bbox 848 5049 1044 5101; x_wconf 81' lang='lat' dir='ltr'>futura</span> <span class='ocrx_word' id='word_1_579' title='bbox 1095 5046 1319 5101; x_wconf 86' lang='lat' dir='ltr'>excidia</span> <span class='ocrx_word' id='word_1_580' title='bbox 1366 5043 1692 5105; x_wconf 87' lang='lat' dir='ltr'>denuntiat,</span> <span class='ocrx_word' id='word_1_581' title='bbox 1760 5043 1858 5097; x_wconf 89' lang='lat' dir='ltr'>ubi</span> <span class='ocrx_word' id='word_1_582' title='bbox 1906 5049 2047 5098; x_wconf 80' lang='lat' dir='ltr'>Sara</span> 
     </span>
    </p>
   </div>
   <div class='ocr_carea' id='block_1_87' title="bbox 399 5132 2048 5209">
    <p class='ocr_par' dir='ltr' id='par_1_87' title="bbox 399 5132 2048 5209">
     <span class='ocr_line' id='line_1_88' title="bbox 399 5132 2048 5209; baseline -0.006 -13"><span class='ocrx_word' id='word_1_583' title='bbox 399 5139 598 5196; x_wconf 88' lang='lat' dir='ltr'>esset?</span> <span class='ocrx_word' id='word_1_584' title='bbox 626 5139 749 5193; x_wconf 79' lang='lat' dir='ltr'>Non</span> <span class='ocrx_word' id='word_1_585' title='bbox 774 5137 1108 5209; x_wconf 49' lang='lat' dir='ltr'>ignorabat:</span> <span class='ocrx_word' id='word_1_586' title='bbox 1142 5136 1241 5189; x_wconf 77' lang='lat' dir='ltr'>sed</span> <span class='ocrx_word' id='word_1_587' title='bbox 1277 5135 1481 5188; x_wconf 80' lang='lat' dir='ltr'>docere</span> <span class='ocrx_word' id='word_1_588' title='bbox 1514 5150 1617 5187; x_wconf 90' lang='lat' dir='ltr'>nos</span> <span class='ocrx_word' id='word_1_589' title='bbox 1651 5132 1847 5196; x_wconf 86' lang='lat' dir='ltr'>voluit,</span> <span class='ocrx_word' id='word_1_590' title='bbox 1869 5149 2048 5203; x_wconf 89' lang='lat' dir='ltr'>quan-</span> 
     </span>
    </p>
   </div>
   <div class='ocr_carea' id='block_1_88' title="bbox 400 5254 2046 5378">
    <p class='ocr_par' dir='ltr' id='par_1_88' title="bbox 400 5254 2046 5378">
     <span class='ocr_line' id='line_1_89' title="bbox 400 5254 2046 5378; baseline -0.005 -61"><span class='ocrx_word' id='word_1_591' title='bbox 400 5264 455 5316; x_wconf 92' lang='lat' dir='ltr'>in</span> <span class='ocrx_word' id='word_1_592' title='bbox 489 5267 785 5325; x_wconf 82' lang='lat' dir='ltr'>contextu,</span> <span class='ocrx_word' id='word_1_593' title='bbox 819 5259 1075 5330; x_wconf 77' lang='lat' dir='ltr'>exceptis</span> <span class='ocrx_word' id='word_1_594' title='bbox 1104 5258 1354 5324; x_wconf 85' lang='lat' dir='ltr'>duobus,</span> <span class='ocrx_word' id='word_1_595' title='bbox 1402 5256 1499 5310; x_wconf 87' lang='lat' dir='ltr'>ubi</span> <span class='ocrx_word' id='word_1_596' title='bbox 1540 5254 1701 5326; x_wconf 87' lang='lat' dir='ltr'>legas</span> <span class='ocrx_word' id='word_1_597' title='bbox 1729 5297 1740 5307; x_wconf 95' lang='lat'>.</span> <span class='ocrx_word' id='word_1_598' title='bbox 1771 5295 1783 5308; x_wconf 94' lang='lat'>.</span> <span class='ocrx_word' id='word_1_599' title='bbox 1824 5298 1836 5310; x_wconf 95' lang='lat'>.</span> <span class='ocrx_word' id='word_1_600' title='bbox 1877 5256 2046 5378; x_wconf 44' lang='lat' dir='ltr'>mage-</span> 
     </span>
     <span class='ocr_line' id='line_1_90' title="bbox 400 5328 2046 5378; baseline 0 0"><span class='ocrx_word' id='word_1_601' title='bbox 400 5337 549 5378; x_wconf 70' lang='lat' dir='ltr'>xrutis</span> <span class='ocrx_word' id='word_1_602' title='bbox 596 5335 886 5378; x_wconf 56' lang='lat' dir='ltr'>unitatem-</span> <span class='ocrx_word' id='word_1_603' title='bbox 917 5372 929 5378; x_wconf 86' lang='lat'>-</span> <span class='ocrx_word' id='word_1_604' title='bbox 957 5372 971 5378; x_wconf 90' lang='lat'>-</span> <span class='ocrx_word' id='word_1_605' title='bbox 998 5371 1011 5378; x_wconf 86' lang='lat'>.</span> <span class='ocrx_word' id='word_1_606' title='bbox 1062 5331 1449 5378; x_wconf 77' lang='lat' dir='ltr'>nronrietalem</span> <span class='ocrx_word' id='word_1_607' title='bbox 1506 5328 1870 5378; x_wconf 86' lang='lat' dir='ltr'>distinauens.</span> <span class='ocrx_word' id='word_1_608' title='bbox 1986 5343 2046 5378; x_wconf 87' lang='lat' dir='ltr'>ac</span> 
     </span>
    </p>
   </div>
   <div class='ocr_carea' id='block_1_89' title="bbox 396 5328 2048 5400">
    <p class='ocr_par' dir='ltr' id='par_1_89' title="bbox 396 5328 2048 5400">
     <span class='ocr_line' id='line_1_91' title="bbox 396 5328 2048 5400; baseline -0.004 -13"><span class='ocrx_word' id='word_1_609' title='bbox 396 5337 549 5387; x_wconf 79' lang='lat' dir='ltr'>statis</span> <span class='ocrx_word' id='word_1_610' title='bbox 596 5335 886 5386; x_wconf 84' lang='lat' dir='ltr'>unitatem.</span> <span class='ocrx_word' id='word_1_611' title='bbox 917 5372 929 5383; x_wconf 96' lang='lat'>.</span> <span class='ocrx_word' id='word_1_612' title='bbox 957 5328 977 5383; x_wconf 69' lang='grc' dir='ltr'><em>ξ</em></span> <span class='ocrx_word' id='word_1_613' title='bbox 998 5371 1012 5383; x_wconf 93' lang='grc'>.</span> <span class='ocrx_word' id='word_1_614' title='bbox 1059 5331 1449 5400; x_wconf 79' lang='lat' dir='ltr'>praprictatem</span> <span class='ocrx_word' id='word_1_615' title='bbox 1506 5328 1870 5400; x_wconf 83' lang='lat' dir='ltr'>distinguens,</span> <span class='ocrx_word' id='word_1_616' title='bbox 1915 5328 2048 5400; x_wconf 85' lang='lat' dir='ltr'>_hac</span> 
     </span>
    </p>
   </div>
   <div class='ocr_carea' id='block_1_90' title="bbox 397 5395 2044 5471">
    <p class='ocr_par' dir='ltr' id='par_1_90' title="bbox 397 5395 2044 5471">
     <span class='ocr_line' id='line_1_92' title="bbox 397 5395 2044 5471; baseline -0.002 -18"><span class='ocrx_word' id='word_1_617' title='bbox 397 5403 673 5456; x_wconf 72' lang='lat' dir='ltr'>devotione</span> <span class='ocrx_word' id='word_1_618' title='bbox 700 5403 828 5471; x_wconf 83' lang='lat' dir='ltr'>ﬁdei</span> <span class='ocrx_word' id='word_1_619' title='bbox 872 5395 1246 5465; x_wconf 68' lang='lat' dir='ltr'>assertionem,</span> <span class='ocrx_word' id='word_1_620' title='bbox 1300 5399 1464 5468; x_wconf 74' lang='lat' dir='ltr'>alter,</span> <span class='ocrx_word' id='word_1_621' title='bbox 1524 5395 1847 5469; x_wconf 81' lang='lat' dir='ltr'>conspergit,</span> <span class='ocrx_word' id='word_1_622' title='bbox 1879 5395 2044 5461; x_wconf 83' lang='lat' dir='ltr'>alter,</span> 
     </span>
    </p>
   </div>
   <div class='ocr_carea' id='block_1_91' title="bbox 396 5488 2042 5611">
    <p class='ocr_par' dir='ltr' id='par_1_91' title="bbox 396 5488 2042 5611">
     <span class='ocr_line' id='line_1_93' title="bbox 396 5488 702 5542; baseline 0.003 -18"><span class='ocrx_word' id='word_1_623' title='bbox 396 5488 702 5542; x_wconf 82' lang='lat' dir='ltr'>consperge.</span> 
     </span>
     <span class='ocr_line' id='line_1_94' title="bbox 471 5537 2042 5611; baseline -0.001 -16"><span class='ocrx_word' id='word_1_624' title='bbox 471 5543 582 5611; x_wconf 67' lang='lat'>(44)</span> <span class='ocrx_word' id='word_1_625' title='bbox 615 5543 754 5597; x_wconf 81' lang='lat' dir='ltr'>Mss.</span> <span class='ocrx_word' id='word_1_626' title='bbox 807 5542 976 5596; x_wconf 90' lang='lat' dir='ltr'>Corb.</span> <span class='ocrx_word' id='word_1_627' title='bbox 1025 5541 1186 5597; x_wconf 83' lang='lat' dir='ltr'>Colb.</span> <span class='ocrx_word' id='word_1_628' title='bbox 1234 5546 1293 5596; x_wconf 92' lang='lat' dir='ltr'>et</span> <span class='ocrx_word' id='word_1_629' title='bbox 1340 5541 1508 5605; x_wconf 82' lang='lat' dir='ltr'>Maz.,</span> <span class='ocrx_word' id='word_1_630' title='bbox 1553 5539 1621 5595; x_wconf 85' lang='lat' dir='ltr'>ab</span> <span class='ocrx_word' id='word_1_631' title='bbox 1651 5540 1840 5611; x_wconf 79' lang='lat' dir='ltr'>oribus</span> <span class='ocrx_word' id='word_1_632' title='bbox 1889 5537 2042 5594; x_wconf 73' lang='lat' dir='ltr'>aedis.</span> 
     </span>
    </p>
   </div>
   <div class='ocr_carea' id='block_1_92' title="bbox 468 5610 2044 5692">
    <p class='ocr_par' dir='ltr' id='par_1_92' title="bbox 468 5610 2044 5692">
     <span class='ocr_line' id='line_1_95' title="bbox 468 5610 2044 5692; baseline 0.001 -24"><span class='ocrx_word' id='word_1_633' title='bbox 468 5610 571 5692; x_wconf 37' lang='lat'>(45,</span> <span class='ocrx_word' id='word_1_634' title='bbox 613 5613 697 5670; x_wconf 90' lang='lat' dir='ltr'>Ita</span> <span class='ocrx_word' id='word_1_635' title='bbox 725 5612 865 5671; x_wconf 85' lang='lat' dir='ltr'>edit.</span> <span class='ocrx_word' id='word_1_636' title='bbox 898 5629 1122 5683; x_wconf 87' lang='lat' dir='ltr'>omnes,</span> <span class='ocrx_word' id='word_1_637' title='bbox 1156 5612 1257 5669; x_wconf 85' lang='lat' dir='ltr'>sed</span> <span class='ocrx_word' id='word_1_638' title='bbox 1302 5611 1614 5691; x_wconf 71' lang='lat' dir='ltr'>mendose.</span> <span class='ocrx_word' id='word_1_639' title='bbox 1665 5610 1882 5667; x_wconf 85' lang='lat' dir='ltr'>Mirum</span> <span class='ocrx_word' id='word_1_640' title='bbox 1913 5625 2044 5669; x_wconf 87' lang='lat' dir='ltr'>vero</span> 
     </span>
    </p>
   </div>
   <div class='ocr_carea' id='block_1_93' title="bbox 2084 4490 3754 4593">
    <p class='ocr_par' dir='ltr' id='par_1_93' title="bbox 2084 4490 3754 4593">
     <span class='ocr_line' id='line_1_96' title="bbox 2084 4490 3754 4593; baseline -0.01 -29"><span class='ocrx_word' id='word_1_641' title='bbox 2084 4530 2127 4593; x_wconf 73' lang='grc' dir='ltr'>υ</span> <span class='ocrx_word' id='word_1_642' title='bbox 2162 4511 2373 4582; x_wconf 91' lang='lat' dir='ltr'>inquit,</span> <span class='ocrx_word' id='word_1_643' title='bbox 2407 4511 2759 4565; x_wconf 86' lang='lat' dir='ltr'>Sodomorum</span> <span class='ocrx_word' id='word_1_644' title='bbox 2790 4490 2846 4565; x_wconf 79' lang='lat' dir='ltr'>et</span> <span class='ocrx_word' id='word_1_645' title='bbox 2873 4509 3185 4566; x_wconf 65' lang='lat' dir='ltr'>Gomorrlwe</span> <span class='ocrx_word' id='word_1_646' title='bbox 3224 4490 3480 4581; x_wconf 74' lang='lat' dir='ltr'>impletus</span> <span class='ocrx_word' id='word_1_647' title='bbox 3537 4507 3611 4559; x_wconf 85' lang='lat' dir='ltr'>est</span> <span class='ocrx_word' id='word_1_648' title='bbox 3638 4490 3754 4569; x_wconf 74' lang='lat' dir='ltr'>(Ibid.</span> 
     </span>
    </p>
   </div>
   <div class='ocr_carea' id='block_1_94' title="bbox 2174 3272 3793 3343">
    <p class='ocr_par' dir='ltr' id='par_1_94' title="bbox 2174 3272 3793 3343">
     <span class='ocr_line' id='line_1_97' title="bbox 2174 3272 3793 3343; baseline 0.003 -16"><span class='ocrx_word' id='word_1_649' title='bbox 2174 3274 2465 3343; x_wconf 85' lang='lat' dir='ltr'>angebant</span> <span class='ocrx_word' id='word_1_650' title='bbox 2498 3272 2733 3343; x_wconf 79' lang='lat' dir='ltr'>ﬂagitia.</span> <span class='ocrx_word' id='word_1_651' title='bbox 3648 3332 3659 3337; x_wconf 48' lang='lat'>-</span> <span class='ocrx_word' id='word_1_652' title='bbox 3772 3272 3793 3339; x_wconf 55' lang='grc' dir='ltr'>ξ</span> 
     </span>
    </p>
   </div>
   <div class='ocr_carea' id='block_1_95' title="bbox 2246 3356 3817 3431">
    <p class='ocr_par' dir='ltr' id='par_1_95' title="bbox 2246 3356 3817 3431">
     <span class='ocr_line' id='line_1_98' title="bbox 2246 3356 3817 3431; baseline -0.004 -16"><span class='ocrx_word' id='word_1_653' title='bbox 2246 3364 2332 3416; x_wconf 74' lang='grc'>45.</span> <span class='ocrx_word' id='word_1_654' title='bbox 2366 3363 2476 3417; x_wconf 76' lang='lat' dir='ltr'>Non</span> <span class='ocrx_word' id='word_1_655' title='bbox 2535 3362 2736 3426; x_wconf 74' lang='lat' dir='ltr'>celabo,</span> <span class='ocrx_word' id='word_1_656' title='bbox 2796 3360 3010 3431; x_wconf 87' lang='lat' dir='ltr'>inquit,</span> <span class='ocrx_word' id='word_1_657' title='bbox 3055 3361 3327 3415; x_wconf 75' lang='lat' dir='ltr'>Abraham</span> <span class='ocrx_word' id='word_1_658' title='bbox 3371 3373 3601 3431; x_wconf 85' lang='lat' dir='ltr'>puerum</span> <span class='ocrx_word' id='word_1_659' title='bbox 3628 3364 3761 3409; x_wconf 72' lang='lat' dir='ltr'>meum</span> <span class='ocrx_word' id='word_1_660' title='bbox 3814 3356 3817 3409; x_wconf 75' lang='lat' dir='ltr'>l</span> 
     </span>
    </p>
   </div>
   <div class='ocr_carea' id='block_1_96' title="bbox 2172 3438 3815 3521">
    <p class='ocr_par' dir='ltr' id='par_1_96' title="bbox 2172 3438 3815 3521">
     <span class='ocr_line' id='line_1_99' title="bbox 2172 3438 3815 3521; baseline -0.016 -1"><span class='ocrx_word' id='word_1_661' title='bbox 2172 3466 2295 3520; x_wconf 58' lang='grc' dir='ltr'><em>(μιαί</em></span> <span class='ocrx_word' id='word_1_662' title='bbox 2353 3466 2449 3518; x_wconf 70' lang='grc' dir='ltr'>(Ὧι)</span> <span class='ocrx_word' id='word_1_663' title='bbox 2506 3453 2709 3521; x_wconf 65' lang='lat' dir='ltr'>factum</span> <span class='ocrx_word' id='word_1_664' title='bbox 2766 3450 2927 3519; x_wconf 85' lang='lat' dir='ltr'>(Ibid.</span> <span class='ocrx_word' id='word_1_665' title='bbox 2977 3451 3084 3520; x_wconf 86' lang='grc'>17).</span> <span class='ocrx_word' id='word_1_666' title='bbox 3138 3448 3352 3505; x_wconf 88' lang='lat' dir='ltr'>Senilis</span> <span class='ocrx_word' id='word_1_667' title='bbox 3400 3447 3597 3518; x_wconf 90' lang='lat' dir='ltr'>utique</span> <span class='ocrx_word' id='word_1_668' title='bbox 3626 3438 3763 3498; x_wconf 65' lang='lat' dir='ltr'>atatis</span> <span class='ocrx_word' id='word_1_669' title='bbox 3814 3496 3815 3515; x_wconf 27' lang='grc' dir='ltr'><strong>η</strong></span> 
     </span>
    </p>
   </div>
   <div class='ocr_carea' id='block_1_97' title="bbox 2171 3526 3763 3610">
    <p class='ocr_par' dir='ltr' id='par_1_97' title="bbox 2171 3526 3763 3610">
     <span class='ocr_line' id='line_1_100' title="bbox 2171 3526 3763 3610; baseline -0.003 -18"><span class='ocrx_word' id='word_1_670' title='bbox 2171 3538 2468 3593; x_wconf 80' lang='lat' dir='ltr'>Abraham</span> <span class='ocrx_word' id='word_1_671' title='bbox 2501 3541 2558 3592; x_wconf 92' lang='lat' dir='ltr'>in</span> <span class='ocrx_word' id='word_1_672' title='bbox 2591 3538 2993 3610; x_wconf 90' lang='lat' dir='ltr'>superioribus</span> <span class='ocrx_word' id='word_1_673' title='bbox 3023 3538 3325 3610; x_wconf 90' lang='lat' dir='ltr'>Scriptura</span> <span class='ocrx_word' id='word_1_674' title='bbox 3373 3534 3635 3608; x_wconf 88' lang='lat' dir='ltr'>signavit,</span> <span class='ocrx_word' id='word_1_675' title='bbox 3665 3526 3763 3600; x_wconf 73' lang='lat' dir='ltr'>quia</span> 
     </span>
    </p>
   </div>
   <div class='ocr_carea' id='block_1_98' title="bbox 2171 3613 3763 3697">
    <p class='ocr_par' dir='ltr' id='par_1_98' title="bbox 2171 3613 3763 3697">
     <span class='ocr_line' id='line_1_101' title="bbox 2171 3613 3763 3697; baseline -0.006 -17"><span class='ocrx_word' id='word_1_676' title='bbox 2171 3627 2492 3696; x_wconf 84' lang='lat' dir='ltr'>nonaginta</span> <span class='ocrx_word' id='word_1_677' title='bbox 2517 3631 2573 3681; x_wconf 91' lang='lat' dir='ltr'>et</span> <span class='ocrx_word' id='word_1_678' title='bbox 2620 3643 2823 3680; x_wconf 89' lang='lat' dir='ltr'>novem</span> <span class='ocrx_word' id='word_1_679' title='bbox 2857 3625 3239 3697; x_wconf 84' lang='lat' dir='ltr'>processisset</span> <span class='ocrx_word' id='word_1_680' title='bbox 3264 3641 3449 3680; x_wconf 88' lang='lat' dir='ltr'>annos</span> <span class='ocrx_word' id='word_1_681' title='bbox 3478 3641 3490 3679; x_wconf 88' lang='lat'><strong>:</strong></span> <span class='ocrx_word' id='word_1_682' title='bbox 3525 3613 3763 3694; x_wconf 82' lang='lat' dir='ltr'>quomodo</span> 
     </span>
    </p>
   </div>
   <div class='ocr_carea' id='block_1_99' title="bbox 2170 3714 3762 3786">
    <p class='ocr_par' dir='ltr' id='par_1_99' title="bbox 2170 3714 3762 3786">
     <span class='ocr_line' id='line_1_102' title="bbox 2170 3714 3762 3786; baseline -0.008 -17"><span class='ocrx_word' id='word_1_683' title='bbox 2170 3716 2323 3769; x_wconf 88' lang='lat' dir='ltr'>hunc</span> <span class='ocrx_word' id='word_1_684' title='bbox 2357 3732 2601 3786; x_wconf 85' lang='lat' dir='ltr'>puerum</span> <span class='ocrx_word' id='word_1_685' title='bbox 2635 3714 2825 3769; x_wconf 87' lang='lat' dir='ltr'>dicit?</span> <span class='ocrx_word' id='word_1_686' title='bbox 2856 3715 2963 3769; x_wconf 89' lang='lat' dir='ltr'>Sed</span> <span class='ocrx_word' id='word_1_687' title='bbox 3008 3730 3141 3768; x_wconf 90' lang='lat' dir='ltr'>cum</span> <span class='ocrx_word' id='word_1_688' title='bbox 3197 3714 3599 3769; x_wconf 87' lang='lat' dir='ltr'>immemorem</span> <span class='ocrx_word' id='word_1_689' title='bbox 3639 3719 3762 3761; x_wconf 87' lang='lat' dir='ltr'>sene-</span> 
     </span>
    </p>
   </div>
   <div class='ocr_carea' id='block_1_100' title="bbox 2167 3799 3761 3874">
    <p class='ocr_par' dir='ltr' id='par_1_100' title="bbox 2167 3799 3761 3874">
     <span class='ocr_line' id='line_1_103' title="bbox 2167 3799 3761 3874; baseline -0.003 -17"><span class='ocrx_word' id='word_1_690' title='bbox 2167 3804 2365 3868; x_wconf 88' lang='lat' dir='ltr'>ctutis,</span> <span class='ocrx_word' id='word_1_691' title='bbox 2400 3803 2822 3874; x_wconf 78' lang='lat' dir='ltr'>exploratorem</span> <span class='ocrx_word' id='word_1_692' title='bbox 2856 3802 3236 3869; x_wconf 78' lang='lat' dir='ltr'>indefessum,</span> <span class='ocrx_word' id='word_1_693' title='bbox 3265 3820 3443 3857; x_wconf 87' lang='lat' dir='ltr'>cursu</span> <span class='ocrx_word' id='word_1_694' title='bbox 3476 3799 3761 3871; x_wconf 78' lang='lat' dir='ltr'>impigrum.</span> 
     </span>
    </p>
   </div>
   <div class='ocr_carea' id='block_1_101' title="bbox 2168 3886 3807 3962">
    <p class='ocr_par' dir='ltr' id='par_1_101' title="bbox 2168 3886 3807 3962">
     <span class='ocr_line' id='line_1_104' title="bbox 2168 3886 3807 3962; baseline -0.002 -17"><span class='ocrx_word' id='word_1_695' title='bbox 2168 3892 2357 3945; x_wconf 86' lang='lat' dir='ltr'>standi</span> <span class='ocrx_word' id='word_1_696' title='bbox 2394 3891 2913 3962; x_wconf 88' lang='lat' dir='ltr'>patientissimum,</span> <span class='ocrx_word' id='word_1_697' title='bbox 2956 3891 3277 3946; x_wconf 89' lang='lat' dir='ltr'>deducendi</span> <span class='ocrx_word' id='word_1_698' title='bbox 3311 3886 3760 3947; x_wconf 85' lang='lat' dir='ltr'>studiosissimum</span> <span class='ocrx_word' id='word_1_699' title='bbox 3806 3936 3807 3941; x_wconf 45' lang='grc' dir='ltr'><strong>η</strong></span> 
     </span>
    </p>
   </div>
   <div class='ocr_carea' id='block_1_102' title="bbox 2165 3971 3759 4051">
    <p class='ocr_par' dir='ltr' id='par_1_102' title="bbox 2165 3971 3759 4051">
     <span class='ocr_line' id='line_1_105' title="bbox 2165 3971 3759 4051; baseline -0.006 -17"><span class='ocrx_word' id='word_1_700' title='bbox 2165 3980 2533 4051; x_wconf 75' lang='lat' dir='ltr'>expresserit,</span> <span class='ocrx_word' id='word_1_701' title='bbox 2567 3996 2757 4034; x_wconf 89' lang='lat' dir='ltr'>nonne</span> <span class='ocrx_word' id='word_1_702' title='bbox 2787 3979 3091 4034; x_wconf 90' lang='lat' dir='ltr'>convenire</span> <span class='ocrx_word' id='word_1_703' title='bbox 3120 3996 3330 4035; x_wconf 89' lang='lat' dir='ltr'>nomen</span> <span class='ocrx_word' id='word_1_704' title='bbox 3387 3977 3546 4050; x_wconf 89' lang='lat' dir='ltr'>pueri</span> <span class='ocrx_word' id='word_1_705' title='bbox 3585 3971 3759 4029; x_wconf 80' lang='lat' dir='ltr'>videtur</span> 
     </span>
    </p>
   </div>
   <div class='ocr_carea' id='block_1_103' title="bbox 2165 4055 3760 4139">
    <p class='ocr_par' dir='ltr' id='par_1_103' title="bbox 2165 4055 3760 4139">
     <span class='ocr_line' id='line_1_106' title="bbox 2165 4055 3760 4139; baseline -0.01 -16"><span class='ocrx_word' id='word_1_706' title='bbox 2165 4068 2423 4123; x_wconf 78' lang='lat' dir='ltr'>officiis&quot;</span> <span class='ocrx_word' id='word_1_707' title='bbox 2473 4067 2674 4122; x_wconf 87' lang='lat' dir='ltr'>Merito</span> <span class='ocrx_word' id='word_1_708' title='bbox 2725 4085 2868 4139; x_wconf 87' lang='lat' dir='ltr'>puer</span> <span class='ocrx_word' id='word_1_709' title='bbox 2905 4066 3141 4135; x_wconf 91' lang='lat' dir='ltr'>dicitur,</span> <span class='ocrx_word' id='word_1_710' title='bbox 3174 4068 3273 4139; x_wconf 88' lang='lat' dir='ltr'>qui</span> <span class='ocrx_word' id='word_1_711' title='bbox 3307 4066 3490 4123; x_wconf 89' lang='lat' dir='ltr'>senile</span> <span class='ocrx_word' id='word_1_712' title='bbox 3519 4055 3760 4119; x_wconf 81' lang='lat' dir='ltr'>nesciebat</span> 
     </span>
    </p>
   </div>
   <div class='ocr_carea' id='block_1_104' title="bbox 2165 4141 3801 4228">
    <p class='ocr_par' dir='ltr' id='par_1_104' title="bbox 2165 4141 3801 4228">
     <span class='ocr_line' id='line_1_107' title="bbox 2165 4141 3801 4228; baseline -0.01 -17"><span class='ocrx_word' id='word_1_713' title='bbox 2165 4157 2488 4225; x_wconf 83' lang='lat' dir='ltr'>fastidium,</span> <span class='ocrx_word' id='word_1_714' title='bbox 2512 4157 2768 4228; x_wconf 69' lang='lat' dir='ltr'>pueritia:</span> <span class='ocrx_word' id='word_1_715' title='bbox 2790 4156 3180 4210; x_wconf 76' lang='lat' dir='ltr'>innocentiam</span> <span class='ocrx_word' id='word_1_716' title='bbox 3206 4154 3256 4209; x_wconf 89' lang='lat' dir='ltr'>ei</span> <span class='ocrx_word' id='word_1_717' title='bbox 3278 4152 3616 4225; x_wconf 88' lang='lat' dir='ltr'>obsequium</span> <span class='ocrx_word' id='word_1_718' title='bbox 3643 4141 3757 4201; x_wconf 81' lang='lat' dir='ltr'>dele-</span> <span class='ocrx_word' id='word_1_719' title='bbox 3800 4214 3801 4219; x_wconf 9' lang='grc' dir='ltr'>γ</span> 
     </span>
    </p>
   </div>
   <div class='ocr_carea' id='block_1_105' title="bbox 2164 4230 3758 4315">
    <p class='ocr_par' dir='ltr' id='par_1_105' title="bbox 2164 4230 3758 4315">
     <span class='ocr_line' id='line_1_108' title="bbox 2164 4230 3758 4315; baseline -0.008 -16"><span class='ocrx_word' id='word_1_720' title='bbox 2164 4247 2350 4299; x_wconf 88' lang='lat' dir='ltr'>rebat.</span> <span class='ocrx_word' id='word_1_721' title='bbox 2382 4245 2568 4300; x_wconf 91' lang='lat' dir='ltr'>Datur</span> <span class='ocrx_word' id='word_1_722' title='bbox 2614 4246 2809 4315; x_wconf 83' lang='lat' dir='ltr'>itaque</span> <span class='ocrx_word' id='word_1_723' title='bbox 2851 4245 3012 4315; x_wconf 88' lang='lat' dir='ltr'>justo</span> <span class='ocrx_word' id='word_1_724' title='bbox 3066 4241 3487 4299; x_wconf 87' lang='lat' dir='ltr'>benedictionis</span> <span class='ocrx_word' id='word_1_725' title='bbox 3515 4235 3695 4311; x_wconf 86' lang='lat' dir='ltr'>gratia,</span> <span class='ocrx_word' id='word_1_726' title='bbox 3720 4230 3758 4281; x_wconf 63' lang='lat' dir='ltr'>et</span> 
     </span>
    </p>
   </div>
   <div class='ocr_carea' id='block_1_106' title="bbox 2164 4333 2892 4406">
    <p class='ocr_par' dir='ltr' id='par_1_106' title="bbox 2164 4333 2892 4406">
     <span class='ocr_line' id='line_1_109' title="bbox 2164 4333 2892 4406; baseline -0.004 -18"><span class='ocrx_word' id='word_1_727' title='bbox 2164 4334 2524 4406; x_wconf 89' lang='lat' dir='ltr'>posteritatis</span> <span class='ocrx_word' id='word_1_728' title='bbox 2564 4333 2892 4388; x_wconf 72' lang='lat' dir='ltr'>him-editas.</span> 
     </span>
    </p>
   </div>
   <div class='ocr_carea' id='block_1_107' title="bbox 2233 4414 3755 4492">
    <p class='ocr_par' dir='ltr' id='par_1_107' title="bbox 2233 4414 3755 4492">
     <span class='ocr_line' id='line_1_110' title="bbox 2233 4414 3755 4492; baseline -0.008 -16"><span class='ocrx_word' id='word_1_729' title='bbox 2233 4424 2319 4477; x_wconf 74' lang='grc'>46.</span> <span class='ocrx_word' id='word_1_730' title='bbox 2355 4423 2588 4478; x_wconf 81' lang='lat' dir='ltr'>Oﬁ‘ensa</span> <span class='ocrx_word' id='word_1_731' title='bbox 2610 4427 2802 4477; x_wconf 88' lang='lat' dir='ltr'>autem</span> <span class='ocrx_word' id='word_1_732' title='bbox 2830 4426 3199 4492; x_wconf 89' lang='lat' dir='ltr'>peccatorum</span> <span class='ocrx_word' id='word_1_733' title='bbox 3222 4419 3550 4492; x_wconf 80' lang='lat' dir='ltr'>exponitur.</span> <span class='ocrx_word' id='word_1_734' title='bbox 3568 4414 3755 4492; x_wconf 64' lang='lat' dir='ltr'>Clamat.</span> 
     </span>
    </p>
   </div>
   <div class='ocr_carea' id='block_1_108' title="bbox 2155 4595 3754 4674">
    <p class='ocr_par' dir='ltr' id='par_1_108' title="bbox 2155 4595 3754 4674">
     <span class='ocr_line' id='line_1_111' title="bbox 2155 4595 3754 4674; baseline -0.006 -20"><span class='ocrx_word' id='word_1_735' title='bbox 2155 4602 2266 4671; x_wconf 81' lang='lat'>28).</span> <span class='ocrx_word' id='word_1_736' title='bbox 2302 4601 2511 4674; x_wconf 86' lang='lat' dir='ltr'>Magna</span> <span class='ocrx_word' id='word_1_737' title='bbox 2545 4599 2769 4654; x_wconf 89' lang='lat' dir='ltr'>Domini</span> <span class='ocrx_word' id='word_1_738' title='bbox 2793 4599 3091 4671; x_wconf 88' lang='lat' dir='ltr'>patientia,</span> <span class='ocrx_word' id='word_1_739' title='bbox 3126 4604 3190 4653; x_wconf 90' lang='lat' dir='ltr'>ut</span> <span class='ocrx_word' id='word_1_740' title='bbox 3220 4616 3340 4654; x_wconf 89' lang='lat' dir='ltr'>non</span> <span class='ocrx_word' id='word_1_741' title='bbox 3373 4595 3569 4653; x_wconf 85' lang='lat' dir='ltr'>statim</span> <span class='ocrx_word' id='word_1_742' title='bbox 3596 4599 3754 4674; x_wconf 64' lang='lat' dir='ltr'>pecca‘</span> 
     </span>
    </p>
   </div>
   <div class='ocr_carea' id='block_1_109' title="bbox 2156 4671 3791 4767">
    <p class='ocr_par' dir='ltr' id='par_1_109' title="bbox 2156 4671 3791 4767">
     <span class='ocr_line' id='line_1_112' title="bbox 2156 4671 3791 4767; baseline -0.012 -23"><span class='ocrx_word' id='word_1_743' title='bbox 2156 4693 2341 4744; x_wconf 88' lang='lat' dir='ltr'>torem</span> <span class='ocrx_word' id='word_1_744' title='bbox 2366 4671 2591 4761; x_wconf 79' lang='lat' dir='ltr'>puniat,</span> <span class='ocrx_word' id='word_1_745' title='bbox 2613 4688 2712 4743; x_wconf 86' lang='lat' dir='ltr'>sed</span> <span class='ocrx_word' id='word_1_746' title='bbox 2735 4688 2835 4743; x_wconf 91' lang='lat' dir='ltr'>diu</span> <span class='ocrx_word' id='word_1_747' title='bbox 2856 4687 3102 4755; x_wconf 82' lang='lat' dir='ltr'>diﬂ‘erat,</span> <span class='ocrx_word' id='word_1_748' title='bbox 3126 4693 3471 4759; x_wconf 79' lang='lat' dir='ltr'>exspectans</span> <span class='ocrx_word' id='word_1_749' title='bbox 3497 4671 3754 4767; x_wconf 45' lang='lat' dir='ltr'>correctio:</span> 
     </span>
    </p>
   </div>
   <div class='ocr_carea' id='block_1_110' title="bbox 2156 4770 3789 4833">
    <p class='ocr_par' dir='ltr' id='par_1_110' title="bbox 2156 4770 3789 4833">
     <span class='ocr_line' id='line_1_113' title="bbox 2156 4770 3789 4833; baseline -0.005 0"><span class='ocrx_word' id='word_1_750' title='bbox 2156 4793 2332 4833; x_wconf 89' lang='lat' dir='ltr'>nem:</span> <span class='ocrx_word' id='word_1_751' title='bbox 2391 4793 2497 4833; x_wconf 88' lang='lat' dir='ltr'>nec</span> <span class='ocrx_word' id='word_1_752' title='bbox 2563 4781 2996 4831; x_wconf 85' lang='lat' dir='ltr'>commoveatur</span> <span class='ocrx_word' id='word_1_753' title='bbox 3060 4775 3132 4831; x_wconf 85' lang='lat' dir='ltr'>ad</span> <span class='ocrx_word' id='word_1_754' title='bbox 3196 4772 3614 4833; x_wconf 85' lang='lat' dir='ltr'>ulciscendum,</span> <span class='ocrx_word' id='word_1_755' title='bbox 3671 4770 3789 4833; x_wconf 58' lang='lat' dir='ltr'>mli</span> 
     </span>
    </p>
   </div>
   <div class='ocr_carea' id='block_1_111' title="bbox 2157 4852 3751 4937">
    <p class='ocr_par' dir='ltr' id='par_1_111' title="bbox 2157 4852 3751 4937">
     <span class='ocr_line' id='line_1_114' title="bbox 2157 4852 3751 4937; baseline -0.013 -15"><span class='ocrx_word' id='word_1_756' title='bbox 2157 4870 2441 4937; x_wconf 16' lang='lat' dir='ltr'>peccator,</span> <span class='ocrx_word' id='word_1_757' title='bbox 2472 4881 2809 4920; x_wconf 90' lang='lat' dir='ltr'>mensuram</span> <span class='ocrx_word' id='word_1_758' title='bbox 2857 4865 3111 4919; x_wconf 84' lang='lat' dir='ltr'>excedat.</span> <span class='ocrx_word' id='word_1_759' title='bbox 3164 4864 3329 4919; x_wconf 86' lang='lat' dir='ltr'>Unde</span> <span class='ocrx_word' id='word_1_760' title='bbox 3397 4867 3455 4917; x_wconf 87' lang='lat' dir='ltr'>et</span> <span class='ocrx_word' id='word_1_761' title='bbox 3521 4852 3751 4913; x_wconf 75' lang='lat' dir='ltr'>Dominus</span> 
     </span>
    </p>
   </div>
   <div class='ocr_carea' id='block_1_112' title="bbox 2155 4936 3750 5026">
    <p class='ocr_par' dir='ltr' id='par_1_112' title="bbox 2155 4936 3750 5026">
     <span class='ocr_line' id='line_1_115' title="bbox 2155 4936 3750 5026; baseline -0.009 -15"><span class='ocrx_word' id='word_1_762' title='bbox 2155 4936 2327 5011; x_wconf 59' lang='lat' dir='ltr'>lesus</span> <span class='ocrx_word' id='word_1_763' title='bbox 2380 4936 2445 5009; x_wconf 74' lang='lat' dir='ltr'>iri</span> <span class='ocrx_word' id='word_1_764' title='bbox 2489 4952 2795 5026; x_wconf 83' lang='lat' dir='ltr'>Evangelia</span> <span class='ocrx_word' id='word_1_765' title='bbox 2826 4954 2899 5008; x_wconf 91' lang='lat' dir='ltr'>ad</span> <span class='ocrx_word' id='word_1_766' title='bbox 2952 4953 3186 5008; x_wconf 78' lang='lat' dir='ltr'>Judzeos</span> <span class='ocrx_word' id='word_1_767' title='bbox 3216 4952 3335 5007; x_wconf 89' lang='lat' dir='ltr'>ait:</span> <span class='ocrx_word' id='word_1_768' title='bbox 3380 4948 3596 5021; x_wconf 80' lang='lat' dir='ltr'>Implete</span> <span class='ocrx_word' id='word_1_769' title='bbox 3636 4951 3750 4994; x_wconf 64' lang='lat' dir='ltr'>mm“</span> 
     </span>
    </p>
   </div>
   <div class='ocr_carea' id='block_1_113' title="bbox 2155 5040 3497 5113">
    <p class='ocr_par' dir='ltr' id='par_1_113' title="bbox 2155 5040 3497 5113">
     <span class='ocr_line' id='line_1_116' title="bbox 2155 5040 3497 5113; baseline -0.004 -16"><span class='ocrx_word' id='word_1_770' title='bbox 2155 5059 2345 5098; x_wconf 90' lang='lat' dir='ltr'>suram</span> <span class='ocrx_word' id='word_1_771' title='bbox 2370 5047 2593 5113; x_wconf 85' lang='lat' dir='ltr'>patrum</span> <span class='ocrx_word' id='word_1_772' title='bbox 2621 5045 2921 5097; x_wconf 83' lang='lat' dir='ltr'>vestrorum</span> <span class='ocrx_word' id='word_1_773' title='bbox 2947 5041 3156 5110; x_wconf 71' lang='lat' dir='ltr'>(Matth.</span> <span class='ocrx_word' id='word_1_774' title='bbox 3189 5057 3358 5105; x_wconf 78' lang='lat' dir='ltr'>xxiii,</span> <span class='ocrx_word' id='word_1_775' title='bbox 3388 5040 3497 5107; x_wconf 87' lang='lat'>32).</span> 
     </span>
    </p>
   </div>
   <div class='ocr_carea' id='block_1_114' title="bbox 2243 5118 3751 5202">
    <p class='ocr_par' dir='ltr' id='par_1_114' title="bbox 2243 5118 3751 5202">
     <span class='ocr_line' id='line_1_117' title="bbox 2243 5118 3751 5202; baseline -0.003 -19"><span class='ocrx_word' id='word_1_776' title='bbox 2243 5133 2315 5184; x_wconf 80' lang='grc' dir='ltr'>ι7.</span> <span class='ocrx_word' id='word_1_777' title='bbox 2348 5130 2675 5185; x_wconf 84' lang='lat' dir='ltr'>Dcscendam</span> <span class='ocrx_word' id='word_1_778' title='bbox 2700 5131 2900 5202; x_wconf 78' lang='lat' dir='ltr'>itaque,</span> <span class='ocrx_word' id='word_1_779' title='bbox 2932 5138 2989 5185; x_wconf 89' lang='lat' dir='ltr'>ut</span> <span class='ocrx_word' id='word_1_780' title='bbox 3024 5130 3238 5185; x_wconf 84' lang='lat' dir='ltr'>videam</span> <span class='ocrx_word' id='word_1_781' title='bbox 3265 5126 3559 5184; x_wconf 80' lang='lat' dir='ltr'>secundum</span> <span class='ocrx_word' id='word_1_782' title='bbox 3593 5118 3751 5174; x_wconf 71' lang='lat' dir='ltr'>clatlw&#39;</span> 
     </span>
    </p>
   </div>
   <div class='ocr_carea' id='block_1_115' title="bbox 2154 5240 3739 5360">
    <p class='ocr_par' dir='ltr' id='par_1_115' title="bbox 2154 5240 3739 5360">
     <span class='ocr_line' id='line_1_118' title="bbox 2154 5240 3739 5360; baseline -0.004 -50"><span class='ocrx_word' id='word_1_783' title='bbox 2154 5256 2310 5327; x_wconf 92' lang='lat' dir='ltr'>quod</span> <span class='ocrx_word' id='word_1_784' title='bbox 2341 5254 2393 5309; x_wconf 92' lang='lat' dir='ltr'>ei</span> <span class='ocrx_word' id='word_1_785' title='bbox 2421 5254 2559 5310; x_wconf 88' lang='lat' dir='ltr'>vitio</span> <span class='ocrx_word' id='word_1_786' title='bbox 2609 5255 2809 5310; x_wconf 87' lang='lat' dir='ltr'>nullus</span> <span class='ocrx_word' id='word_1_787' title='bbox 2857 5253 3172 5327; x_wconf 90' lang='lat' dir='ltr'>opituletur</span> <span class='ocrx_word' id='word_1_788' title='bbox 3203 5270 3350 5309; x_wconf 88' lang='lat' dir='ltr'>mss.</span> <span class='ocrx_word' id='word_1_789' title='bbox 3409 5250 3519 5305; x_wconf 83' lang='lat' dir='ltr'><strong>Alii</strong></span> <span class='ocrx_word' id='word_1_790' title='bbox 3569 5240 3739 5360; x_wconf 52' lang='lat' dir='ltr'>quini,“</span> 
     </span>
     <span class='ocr_line' id='line_1_119' title="bbox 2157 5319 3739 5360; baseline 0 0"><span class='ocrx_word' id='word_1_791' title='bbox 2157 5327 2467 5360; x_wconf 56' lang='grc' dir='ltr'>..καπίθη-..ηδ</span> <span class='ocrx_word' id='word_1_792' title='bbox 2544 5326 2875 5360; x_wconf 51' lang='lat' dir='ltr'>summm“.</span> <span class='ocrx_word' id='word_1_793' title='bbox 2933 5327 3110 5360; x_wconf 61' lang='grc' dir='ltr'>Ληίτιδι.</span> <span class='ocrx_word' id='word_1_794' title='bbox 3159 5321 3531 5360; x_wconf 62' lang='grc' dir='ltr'>Μυηηρηίιηνί</span> <span class='ocrx_word' id='word_1_795' title='bbox 3558 5319 3681 5360; x_wconf 77' lang='lat' dir='ltr'>humi</span> <span class='ocrx_word' id='word_1_796' title='bbox 3726 5328 3739 5340; x_wconf 69' lang='grc' dir='ltr'><strong>ε</strong></span> 
     </span>
    </p>
   </div>
   <div class='ocr_carea' id='block_1_116' title="bbox 2157 5319 3746 5399">
    <p class='ocr_par' dir='ltr' id='par_1_116' title="bbox 2157 5319 3746 5399">
     <span class='ocr_line' id='line_1_120' title="bbox 2157 5319 3746 5399; baseline 0.001 -18"><span class='ocrx_word' id='word_1_797' title='bbox 2157 5319 2491 5399; x_wconf 67' lang='lat' dir='ltr'>praeferunt,</span> <span class='ocrx_word' id='word_1_798' title='bbox 2541 5326 2875 5399; x_wconf 69' lang='lat' dir='ltr'>humilitatis</span> <span class='ocrx_word' id='word_1_799' title='bbox 2895 5319 2912 5327; x_wconf 80' lang='grc'><em>’</em></span> <span class='ocrx_word' id='word_1_800' title='bbox 2931 5327 3110 5399; x_wconf 79' lang='lat' dir='ltr'>ofﬁcio</span> <span class='ocrx_word' id='word_1_801' title='bbox 3157 5321 3531 5399; x_wconf 72' lang='lat' dir='ltr'>commendari</span> <span class='ocrx_word' id='word_1_802' title='bbox 3556 5319 3746 5399; x_wconf 53' lang='lat' dir='ltr'>1}qu:</span> 
     </span>
    </p>
   </div>
   <div class='ocr_carea' id='block_1_117' title="bbox 2156 5385 3748 5466">
    <p class='ocr_par' dir='ltr' id='par_1_117' title="bbox 2156 5385 3748 5466">
     <span class='ocr_line' id='line_1_121' title="bbox 2156 5385 3748 5466; baseline -0.003 -15"><span class='ocrx_word' id='word_1_803' title='bbox 2156 5385 2319 5452; x_wconf 72' lang='lat' dir='ltr'>tatem</span> <span class='ocrx_word' id='word_1_804' title='bbox 2346 5416 2365 5452; x_wconf 91' lang='lat'><strong><em>:</em></strong></span> <span class='ocrx_word' id='word_1_805' title='bbox 2398 5385 2519 5458; x_wconf 85' lang='lat' dir='ltr'>alii.</span> <span class='ocrx_word' id='word_1_806' title='bbox 2551 5398 2883 5452; x_wconf 70' lang='lat' dir='ltr'>humilitatis</span> <span class='ocrx_word' id='word_1_807' title='bbox 2913 5385 3156 5466; x_wconf 63' lang='lat' dir='ltr'>ofﬁcium</span> <span class='ocrx_word' id='word_1_808' title='bbox 3206 5389 3577 5466; x_wconf 69' lang='lat' dir='ltr'>commendari</span> 
     </span>
    </p>
   </div>
   <div class='ocr_carea' id='block_1_118' title="bbox 2156 5456 3745 5540">
    <p class='ocr_par' dir='ltr' id='par_1_118' title="bbox 2156 5456 3745 5540">
     <span class='ocr_line' id='line_1_122' title="bbox 2156 5456 3745 5540; baseline -0.008 -18"><span class='ocrx_word' id='word_1_809' title='bbox 2156 5469 2307 5523; x_wconf 85' lang='lat' dir='ltr'>litate</span> <span class='ocrx_word' id='word_1_810' title='bbox 2328 5486 2346 5522; x_wconf 89' lang='lat'><strong><em>:</em></strong></span> <span class='ocrx_word' id='word_1_811' title='bbox 2381 5456 2552 5535; x_wconf 86' lang='lat' dir='ltr'>nulli,</span> <span class='ocrx_word' id='word_1_812' title='bbox 2574 5469 2728 5540; x_wconf 89' lang='lat' dir='ltr'>quod</span> <span class='ocrx_word' id='word_1_813' title='bbox 2756 5456 3066 5540; x_wconf 85' lang='lat' dir='ltr'>legendum</span> <span class='ocrx_word' id='word_1_814' title='bbox 3086 5483 3191 5540; x_wconf 86' lang='lat' dir='ltr'>res</span> <span class='ocrx_word' id='word_1_815' title='bbox 3222 5469 3351 5537; x_wconf 87' lang='lat' dir='ltr'>ipsa</span> <span class='ocrx_word' id='word_1_816' title='bbox 3373 5456 3745 5525; x_wconf 45' lang='lat' dir='ltr'>clamantia!”</span> 
     </span>
    </p>
   </div>
   <div class='ocr_carea' id='block_1_119' title="bbox 2153 5539 3408 5612">
    <p class='ocr_par' dir='ltr' id='par_1_119' title="bbox 2153 5539 3408 5612">
     <span class='ocr_line' id='line_1_123' title="bbox 2153 5539 3408 5612; baseline 0.001 -18"><span class='ocrx_word' id='word_1_817' title='bbox 2153 5541 2348 5596; x_wconf 76' lang='lat' dir='ltr'>uitatis</span> <span class='ocrx_word' id='word_1_818' title='bbox 2386 5539 2629 5612; x_wconf 80' lang='lat' dir='ltr'>ofﬁcium</span> <span class='ocrx_word' id='word_1_819' title='bbox 2666 5539 3037 5595; x_wconf 80' lang='lat' dir='ltr'>commendari</span> <span class='ocrx_word' id='word_1_820' title='bbox 3073 5539 3408 5595; x_wconf 82' lang='lat' dir='ltr'>humilitate.</span> 
     </span>
    </p>
   </div>
   <div class='ocr_carea' id='block_1_120' title="bbox 3785 4116 3806 5024">
    <p class='ocr_par' dir='ltr' id='par_1_120' title="bbox 3785 4812 3789 5003">
     <span class='ocr_line' id='line_1_124' title="bbox 3785 4812 3789 5003; baseline 0 0"><span class='ocrx_word' id='word_1_821' title='bbox 3786 4812 3789 4897; x_wconf 56' lang='grc' dir='ltr'>ι</span> 
     </span>
    </p>
   </div>
  </div>
