3878 6208
214 240 300 302 I61
1484 237 1587 297 DE
1628 238 1745 297 ΑΒ]

2064 237 2211 298 LIB.
2256 237 2302 297 Ι.
3470 237 3589 300 462

210 390 301 429 rem
322 372 550 429 illorum
585 373 892 429 venientem
921 372 990 428 ad
1019 353 1141 442 me;
1166 371 1219 427 si
1271 372 1832 426 consmnmabuntur:
1870 372 1915 435 Α
1954 387 2067 433 xm,
2099 372 2167 437 t).
2205 369 2306 425 Ubi
2341 369 2532 441 gratia
2559 369 2862 441 largienda
2910 374 3017 437 est,
3061 370 3326 427 Christus
3383 373 3584 428 adest:

205 466 276 519 sin
302 470 507 531 autem,
552 469 611 517 ut
640 464 813 517 sciam
838 460 990 533 (Gen.
1023 477 1183 527 xvm,
1217 458 1278 514 2|
1320 458 1358 529 ).
1391 457 1513 513 Non
1542 457 1845 530 ignorabat
1955 458 2051 512 ubi
2086 458 2403 513 exercenda
2433 458 2732 526 severitas,
2756 459 2861 516 soli
2896 461 3112 516 adsunt
3133 460 3405 529 ministri,
3429 461 3593 517 deest

206 550 467 608 Dominus
498 554 741 624 peccata
772 550 1184 615 Sodomorum,
1217 547 1324 604 sed
1365 551 1602 620 propter
1658 549 1711 601 te
1758 544 1844 600 in-
1949 545 2140 602 Jesus.

203 639 533 696 struendum
563 640 740 695 verba
769 637 1111 710 hujusmodi
1137 635 1504 708 loquebatur,
1540 638 1603 690 ut
1626 638 1688 690 tu
1720 651 1845 707 pro-
2020 635 2108 689 51.
2144 635 2379 691 Sedebat
2408 636 2502 692 Lot
2525 636 2594 692 ad
2613 641 2830 708 portam
2861 637 3027 708 (Ibid.
3059 638 3096 709 ).
3130 637 3597 695 Emandaverant

204 729 316 801 pius
341 728 631 784 scrutaris
660 743 864 783 eorum
892 725 1232 791 commissa,
1263 723 1323 780 in
1355 740 1503 796 quos
1538 723 1841 779 vindican-
1954 722 2058 777 Lot
2086 727 2354 779 sanctum
2388 724 2629 781 adversa
2666 725 3016 798 captivitatis
3084 730 3141 780 et
3196 724 3594 783 sollicitiorem

199 819 322 873 dum
352 816 682 872 arbitraris.
718 814 1064 882 Descendam,
1102 812 1311 885 inquit,
1348 815 1405 866 ut
1440 811 1672 883 videam,
1732 810 1842 867 hoc
1952 809 2236 865 fecerant.
2288 811 2487 883 Itaque
2519 828 2793 884 processu
2825 812 3009 868 aetatis
3041 813 3323 869 didicerat
3376 811 3595 869 imitari

201 911 295 975 est,
325 905 502 962 etiam
538 911 601 961 tu
644 904 993 961 descendere
1053 919 1215 967 cura,
1273 901 1560 956 descende
1620 899 1843 973 indagi-
1953 902 2271 970 parentem.
2304 899 2387 954 Ad
2418 904 2644 972 portam
2677 900 2874 973 itaque
2905 901 3162 969 sedebat,
3198 906 3263 957 ut
3307 901 3597 975 exciperet

200 995 280 1051 nis
323 994 561 1050 studio:
614 1009 686 1048 ne
731 992 871 1065 quid
925 992 1003 1047 sit
1042 991 1198 1063 quod
1248 988 1427 1059 fallat,
1482 992 1582 1045 aut
1665 987 1842 1043 lateat
1949 986 2345 1043 advenientes.
2378 986 2638 1059 Denique
2684 991 2996 1044 exsurrexit
3039 989 3253 1045 obvium
3281 990 3416 1045 illis.
3458 989 3593 1045 Per-

199 1084 523 1139 absentem:
561 1087 624 1137 ut
653 1080 839 1137 oculis
885 1080 1110 1135 facinus
1141 1079 1563 1151 deprehendas.
1598 1076 1840 1132 Eminus
1950 1073 2151 1130 tectior
2216 1074 2475 1129 cucurrit
2528 1075 2805 1131 obviam:
2856 1076 2968 1132 iste
3018 1079 3329 1133 exsurrexit
3395 1086 3446 1133 et
3490 1077 3591 1134 ad-

197 1172 355 1245 positi
412 1169 603 1226 multa
660 1168 884 1225 nescire
940 1172 1209 1240 possunt.
1268 1168 1451 1231 Quem
1521 1165 1838 1221 clamorem
1947 1164 2132 1218 oravit
2163 1163 2219 1218 in
2248 1164 2447 1235 faciem
2477 1179 2641 1234 super
2680 1168 2886 1220 terram
2941 1170 2993 1221 et
3049 1165 3239 1222 dixit:
3294 1167 3447 1234 Ecce,
3497 1166 3591 1223 do-

197 1265 377 1316 autem
411 1259 513 1327 ait,
569 1258 683 1313 nisi
709 1258 854 1313 forte
881 1256 1019 1329 quia
1065 1256 1117 1312 ei
1153 1271 1329 1328 quem
1359 1253 1683 1322 nihillatet,
1716 1252 1838 1309 cla-
1945 1251 2111 1317 mini,
2142 1251 2411 1307 derlinate
2441 1254 2496 1307 in
2527 1251 2746 1308 domum
2769 1255 2940 1324 pueri
2991 1256 3158 1310 vestri
3188 1254 3344 1326 (Ibid.
3382 1256 3406 1310 1
3438 1257 3488 1310 et
3514 1255 3590 1327 2).

197 1346 581 1413 mantomnia,
606 1345 857 1402 clamare
879 1344 1150 1401 videntur
1176 1341 1838 1416 singulorumcrimina?
1948 1338 2013 1393 Et
2039 1339 2226 1412 coegit
2255 1339 2385 1396 illos
2432 1339 2736 1410 divertere,
2782 1341 2881 1413 qui
2926 1342 3230 1399 dicebant:
3289 1344 3353 1399 In
3405 1344 3594 1416 platea

195 1436 442 1510 Denique
474 1435 545 1490 ad
594 1434 735 1490 Cain
792 1433 1047 1488 dicitur:
1103 1433 1337 1503 Sanguis
1389 1433 1580 1503 fratris
1635 1431 1721 1486 tui
1768 1430 1839 1485 ad
1945 1428 2287 1483 manebimus
2318 1428 2474 1500 (Ibid.
2507 1430 2582 1499 2).
2616 1428 3071 1486 Commendatur
3101 1430 3196 1486 hic
3254 1432 3402 1503 justi
3459 1450 3591 1489 san-

196 1544 267 1582 me
307 1526 510 1581 clamat
560 1522 711 1589 (Gen.
763 1540 839 1592 IV,
903 1522 1012 1593 10),
1071 1521 1182 1577 hoc
1234 1524 1324 1576 est
1374 1537 1488 1576 non
1542 1517 1700 1587 latet,
1735 1518 1836 1575 sed
1945 1517 2115 1573 ctitas
2146 1520 2202 1573 et
2233 1516 2573 1589 angelorum
2604 1517 2812 1591 gratia.
2853 1516 2943 1573 Illi
2975 1517 3251 1575 nolebant
3281 1520 3593 1576 adventum

196 1615 397 1671 clamat
426 1610 810 1686 parricidium
844 1615 1033 1665 tuum.
1084 1610 1285 1681 Itaque
1340 1607 1497 1663 velut
1552 1607 1838 1664 excitatur
1946 1622 2118 1661 suum
2163 1604 2376 1678 hospiti
2404 1606 2725 1679 graviorem
2759 1606 2978 1663 videri:
3021 1606 3118 1662 ille
3149 1608 3385 1680 quidem
3445 1610 3598 1666 inter

197 1705 338 1760 Deus
369 1700 729 1774 ﬂagitiorum
790 1703 1121 1755 nostrorum
1182 1698 1559 1762 clamoribus,
1619 1700 1673 1751 et
1729 1695 1834 1750 ali-
1872 1740 1917 1803 Β
1947 1711 2092 1766 quos
2124 1694 2435 1763 habitaret,
2469 1694 2720 1762 sciebat;
2756 1699 2950 1750 tamen
2983 1696 3095 1768 (47)
3128 1697 3371 1753 domum
3426 1714 3595 1754 suam

362 1791 378 1803 -
489 1788 501 1801 ο
567 1790 604 1803 μ
684 1793 694 1803 .
1044 1791 1053 1803 .
1152 1787 1162 1797 ο
1432 1785 1537 1803 nm
1956 1782 2525 1803 ,ημμμιμ-,ηιμ
2586 1782 2787 1803 ne.“
3120 1784 3217 1803 ιη
3436 1786 3472 1803 η
3545 1790 3557 1803 .

199 1791 420 1865 quando
452 1788 724 1852 vindicet,
748 1788 845 1859 qui
879 1787 1129 1843 libenter
1152 1786 1399 1859 ignoscit
1428 1785 1562 1856 ([16).
1873 1782 1917 1803 υ
1950 1782 2227 1838 offerebat
2256 1782 2553 1855 periculis,
2579 1782 2794 1855 quibus
2826 1783 3080 1839 auferret
3120 1784 3401 1857 hospites.
3433 1786 3598 1842 Certe

259 1881 344 1935 48.
378 1878 641 1950 Denique
680 1875 922 1931 Abrahae
956 1875 1172 1948 petenti
1223 1891 1293 1929 ne
1346 1872 1520 1929 simul
1582 1871 1843 1945 perderet
1951 1887 2064 1943 quo
2099 1870 2323 1925 tardius
2346 1870 2812 1942 acquiescebant,
2864 1871 3086 1927 diutius
3115 1874 3414 1940 tentando,
3473 1873 3596 1946 ple-

193 1971 375 2041 justos
403 1973 683 2038 tanquam
718 1964 975 2037 iniquos,
998 1968 1054 2019 et
1076 1962 1483 2035 interroganti.
1518 1961 1581 2016 Si
1630 1961 1843 2032 fuerint
1952 1959 2088 2014 nius
2119 1958 2598 2031 comprobabant.

203 2057 594 2129 quinquaginta
616 2056 759 2126 justi
790 2056 846 2108 in
878 2055 1117 2120 civitate,
1146 2051 1337 2124 perdes
1356 2051 1480 2106 illos
1507 2048 1656 2121 (Gen.
1680 2064 1839 2115 xvm,
2018 2050 2109 2102 22.
2151 2048 2265 2103 Viri
2277 2054 2463 2104 autem
2484 2048 2722 2103 civitatis
2742 2047 3096 2104 Sodomorum
3118 2049 3597 2107 circumdederunt

194 2146 299 2201 2i?
331 2145 488 2202 299
540 2143 841 2216 respondit
874 2158 885 2196 ε
920 2143 1035 2197 Non
1065 2141 1291 2211 perdam
1322 2141 1620 2205 civitatem,
1651 2139 1702 2192 si
1729 2138 1842 2208 fue-
1953 2136 2178 2192 domum
2207 2137 2274 2191 ab
2333 2138 2545 2207 infante
2586 2153 2754 2207 usque
2802 2136 2873 2192 ad
2912 2153 3115 2201 senem,
3171 2148 3314 2195 totus
3363 2140 3596 2213 populus

194 2238 300 2291 rint
330 2253 393 2289 ιη
443 2250 509 2289 ea
537 2232 939 2305 quinquaginta
963 2230 1123 2302 justi,
1175 2239 1225 2285 el
1257 2234 1431 2284 totum
1459 2229 1634 2282 locum
1660 2243 1843 2281 serva-
1948 2226 2162 2296 pariter
2187 2223 2377 2292 (Ibicl.,
2411 2225 2467 2293 4)
2502 2224 2870 2280 Ριθωείτυίίιιι·
2913 2226 3120 2296 judicii
3178 2228 3358 2301 divini
3416 2229 3596 2301 tequi-

194 2327 250 2380 bo
297 2322 461 2393 (Ibid.
512 2320 625 2392 26).
686 2320 759 2375 Et
810 2319 895 2374 sic
952 2335 1054 2391 per
1108 2319 1373 2373 ordinem
1434 2314 1844 2388 interrogatio-
1958 2317 2064 2381 tas,
2093 2328 2163 2368 ne
2197 2311 2341 2367 forte
2366 2313 2497 2385 quis
2518 2312 2771 2368 diceret:
2802 2314 2950 2382 Quid
2972 2321 3356 2387 peccaverunt
3408 2317 3595 2389 pueri,

194 2430 330 2469 num
352 2416 413 2468 et
442 2408 888 2483 responsionum
911 2408 1117 2478 vicem,
1146 2407 1321 2463 etiam
1346 2406 1395 2460 si
1428 2406 1624 2461 decem
1650 2405 1845 2475 justos
1956 2405 2023 2455 ut
2063 2416 2266 2455 omnes
2315 2400 2535 2456 excidio
2586 2400 3052 2458 involverentur?
3097 2408 3184 2460 Ita
3232 2405 3429 2462 nullus
3478 2405 3597 2461 illic

193 2501 478 2558 invenerit
507 2500 565 2555 in
598 2497 854 2563 civitate,
888 2501 1086 2552 tamen
1119 2502 1357 2568 propter
1400 2510 1717 2567 paucorum
1743 2493 1845 2563 ju-
1949 2491 2170 2559 justus,
2206 2487 2401 2544 nullus
2434 2489 2713 2546 innocens
2743 2491 2872 2546 fuit.
2905 2492 3051 2548 Audi
3110 2493 3470 2566 Scripturam
3518 2497 3600 2550 te-

194 2590 427 2646 stitiam
462 2587 875 2660 impunitatem
908 2585 1012 2640 toti
1054 2583 1268 2658 populo
1318 2581 1624 2656 promittit.
1686 2580 1848 2636 Unde
1957 2577 2305 2633 stiﬁcantem
2337 2577 2476 2648 quia
2498 2578 2973 2635 circumdederunt
2997 2580 3218 2637 domum
3273 2582 3341 2638 ab
3386 2585 3601 2655 infante

193 2678 481 2734 discimus
523 2680 778 2748 quantus
834 2690 1039 2729 murus
1096 2674 1176 2729 sit
1232 2671 1431 2744 patrise
1490 2670 1577 2724 vir
1624 2669 1846 2740 justus,
1958 2682 2130 2737 usque
2160 2667 2228 2723 ab
2260 2682 2468 2734 senem,
2525 2670 2664 2722 totus
2689 2668 2923 2739 populus
2958 2670 3188 2739 pariter.
3236 2669 3409 2727 Nulla
3465 2675 3604 2728 aetas

196 2756 1843 2839 quemadmodumnondebeamusinviderevirissanctis,
1959 2758 2082 2810 erat
2112 2753 2293 2826 culpa:
2338 2754 2642 2821 immunis,
2671 2755 2799 2811 ideo
2864 2756 3061 2813 nullus
3110 2759 3264 2815 δυο
3320 2759 3605 2816 immunis

196 2873 300 2912 nec
362 2860 582 2911 temere
638 2854 936 2925 derogare.
995 2850 1232 2907 Illorum
1274 2849 1487 2905 etenim
1545 2864 1651 2903 nos
1710 2846 1852 2901 ﬁdes
1960 2843 2117 2898 exitii
2152 2842 2279 2898 fuit.
2313 2844 2382 2898 Et
2433 2843 2531 2915 qui
2589 2843 3036 2916 possibilitatem
3095 2848 3437 2925 penetrandi
3494 2848 3605 2905 cri-

192 2948 407 3015 servat,
442 2943 674 2998 illorum
698 2922 933 3013 justitia
955 2941 1027 2995 ab
1050 2939 1275 2995 excidio
1298 2937 1575 2994 defendit.
1603 2936 1855 2990 Sodoma
1968 2931 2143 2987 minis
2174 2947 2287 2986 non
2320 2931 2547 2996 habuit,
2591 2931 2798 2987 habuit
2853 2934 3145 2989 alfectum.
3205 2922 3397 2993 Eti‘etas
3454 2937 3605 2994 vires

195 3049 432 3105 quoque
460 3031 506 3086 si
540 3030 843 3086 habuisset
873 3030 1028 3085 viros
1050 3027 1483 3098 decemjustos,
1519 3023 1705 3097 potuit
1738 3039 1851 3079 non
1963 3036 2192 3090 senum,
2227 3020 2325 3075 sed
2359 3037 2525 3075 mens
2546 3018 2718 3091 plena
2747 3020 3029 3078 libidinis.
3071 3023 3359 3080 Otl‘erebat
3386 3026 3496 3099 (32,
3542 3042 3599 3097 q.

186 3121 408 3193 perire.
1352 3168 1355 3169 ν
1877 3107 1917 3172 C
1956 3119 2008 3183 7,
2042 3134 2168 3190 cap.
2210 3116 2490 3188 offerebat)
2546 3122 2778 3171 sanctus
2836 3118 2939 3174 Lot
2995 3119 3248 3176 ﬁliarum
3296 3124 3600 3193 pudorem.

265 3207 359 3263 49.
387 3207 533 3273 Quid
567 3206 679 3263 sibi
711 3211 907 3261 autem
935 3204 1058 3259 vult
1089 3204 1241 3277 quod
1275 3202 1357 3258 illi
1391 3202 1490 3275 qui
1537 3201 1608 3257 ab
1665 3201 1846 3256 Abra-
1956 3205 2099 3261 Nam
2129 3206 2234 3261 etsi
2288 3198 2387 3260 illa
2444 3222 2674 3278 quoque
2731 3206 3017 3279 flagitiosa
3072 3204 3383 3281 impuritas
3438 3215 3601 3279 erat;

180 3297 334 3354 ham
368 3295 544 3352 simul
567 3313 699 3352 cum
732 3295 978 3351 Domino
1000 3297 1292 3356 venerant,
1326 3293 1641 3347 Sodomam
1674 3288 1849 3362 petie-
1957 3298 2152 3349 tamen
2183 3294 2381 3349 minus
2413 3298 2536 3350 erat
2564 3295 2885 3350 secundum
2920 3300 3190 3353 naturam
3215 3297 3388 3366 coire,
3422 3315 3602 3370 quam

192 3391 341 3441 runt
368 3384 497 3452 viri,
532 3384 641 3439 nisi
701 3386 765 3438 ut
821 3383 1192 3438 acerbarctur
1242 3381 1462 3436 crimen
1517 3395 1742 3444 eorum,
1803 3376 1851 3433 si
1961 3382 2272 3437 adversum
2305 3386 2572 3437 naturam
2605 3381 2956 3454 delinquere.
2993 3384 3339 3442 Prmferebat
3389 3387 3604 3445 domus

192 3492 349 3549 quos
391 3477 598 3546 justus
655 3472 1061 3535 honoraverat,
1115 3470 1208 3525 his
1269 3471 1492 3538 majore
1551 3467 1855 3535 sacrilegio
1919 3475 1922 3479 ’
1965 3488 2082 3526 suae
2112 3471 2471 3526 verecundia:
2503 3469 2850 3543 hospitalem
2900 3473 3173 3545 gratiam,
3230 3475 3404 3532 etiam
3455 3478 3611 3550 apud

194 3563 371 3638 impii
402 3562 519 3617 vim
566 3565 918 3616 conarentur
972 3558 1226 3613 inferre?
1285 3558 1427 3613 Nam
1489 3557 1639 3629 quod
1703 3555 1857 3610 viros
1965 3561 2243 3616 barbaras
2275 3564 2477 3633 gentes
2510 3558 2924 3617 inviolabilem.
2961 3563 3217 3635 Denique
3236 3563 3352 3621 illic
3382 3582 3614 3639 quoque

192 3653 365 3721 dixit,
400 3650 637 3708 evidens
667 3654 756 3705 est
784 3649 965 3704 ratio:
1002 3646 1143 3719 quia
1172 3647 1425 3719 speciem
1478 3645 1860 3718 praeferebant
1970 3649 2255 3705 inoffensa
2279 3647 2655 3721 hospitalitas
2677 3652 2783 3720 est,
2818 3651 2914 3706 ubi
2948 3668 3051 3707 nec
3081 3653 3436 3725 germanitas
3472 3656 3620 3712 satis

195 3742 491 3796 virorum.
1972 3744 2099 3794 tuta
2129 3741 2238 3794 est.
3259 3792 3267 3803 ,

263 3832 360 3884 50.
422 3828 740 3883 Sodomam
795 3829 1077 3882 Venerunt
1143 3840 1403 3895 vespere;
1491 3821 1733 3878 meridie
1790 3820 1861 3875 ad
2041 3828 2133 3882 53.
2168 3827 2588 3883 Percusserunt
2621 3830 2812 3882 autem
2841 3826 2971 3885 illos
3001 3830 3190 3903 angeli
3223 3832 3494 3901 caecitate,
3557 3837 3623 3889 ut

196 3917 509 3972 Abraham
533 3932 545 3970 :
578 3915 716 3986 quia
734 3915 897 3985 justo
923 3914 1169 3985 refulget
1188 3910 1524 3983 angelorum
1558 3908 1867 3982 praesentia
1973 3920 2029 3972 et
2061 3915 2277 3972 ostium
2311 3915 2521 3970 domus
2549 3916 2702 3986 quod
2725 3917 2948 3973 aderire
2968 3919 3301 3990 cupiebant,
3327 3938 3440 3977 non
3465 3938 3622 3994 rape.

204 4006 417 4080 impiis
453 4004 726 4060 tenebras
757 4002 943 4060 all‘ert.
985 4002 1205 4057 Tamen
1241 4004 1429 4073 potest
1460 3998 1660 4055 referri
1693 3997 1867 4054 etiam
1978 4005 2175 4076 rit-ent,
2209 4003 2311 4059 Hic
2339 4002 2626 4059 mirabilis
2657 4004 2894 4076 quidem
2924 4005 3265 4078 angelorum
3296 4008 3625 4065 declaratur

190 4097 266 4151 ad
308 4101 552 4166 tempus
575 4091 889 4148 Dominica:
921 4089 1240 4157 Passionis,
1275 4089 1427 4160 quod
1461 4088 1683 4161 vesperi
1707 4103 1871 4142 vene-
1980 4098 2272 4168 potestas;
2309 4097 2392 4157 ut,
2426 4092 2612 4147 offusa
2641 4092 2886 4164 impuris
2916 4094 3188 4163 caecitate,
3241 4112 3357 4152 non
3406 4098 3622 4170 reperi-

191 4190 335 4240 runt
351 4184 421 4239 ad
440 4181 705 4254 cum,qui
722 4175 1873 4248 aSodomilanis,contagionibusettotius
1983 4186 2182 4238 rentur
2198 4181 2408 4236 domus
2427 4180 2594 4236 ostia.
2616 4180 2726 4236 Sed
2751 4181 2925 4237 etiam
2950 4182 3091 4239 illud
3114 4186 3461 4254 ostenditur,
3487 4187 3627 4258 quia

190 4273 368 4328 urbis
401 4271 627 4328 excidio
650 4274 775 4326 erat
795 4268 1155 4325 liberandus.
1180 4268 1530 4340 Vespererat
1559 4271 1870 4338 antequam
1981 4287 2130 4326 caeca
2158 4274 2246 4326 est
2273 4268 2465 4325 omnis
2496 4267 2697 4334 libido,
2725 4274 2780 4325 et
2810 4275 2943 4326 ante
2972 4289 3034 4328 se
3066 4291 3179 4329 non
3231 4275 3404 4332 videt.
3463 4275 3628 4340 Quod

190 4362 479 4417 Christus
496 4359 734 4415 veniret:
763 4358 901 4430 quia
922 4362 1080 4414 totus
1101 4361 1224 4413 erat
1249 4354 1871 4413 mundusintenebris.
1981 4376 2115 4415 vero
2144 4357 2443 4430 hospitum
2478 4357 2749 4413 manibus
2775 4365 3077 4418 revocatus
3104 4368 3195 4419 est
3250 4370 3491 4423 sanctus
3522 4368 3631 4425 Lot

189 4451 428 4524 Vesper
458 4454 581 4505 erat
612 4448 889 4504 omnibus
920 4464 1068 4519 quos
1111 4446 1461 4502 immanium
1525 4444 1868 4500 delictorum
1904 4474 1949 4538 Β
1987 4450 2045 4505 in
2063 4446 3102 4514 domum,demonstraturimmemor
3122 4452 3383 4524 periculi,
3401 4472 3630 4514 memor

201 4538 459 4612 squalor
488 4537 836 4593 tenebrosus
865 4536 1128 4609 urgebat.
1162 4535 1334 4590 Venit
1363 4534 1646 4592 Dominus
1675 4534 1870 4601 Jesus,
1904 4534 1939 4538 ⁷
1983 4538 2138 4605 fidei,
2174 4554 2289 4592 non
2322 4535 2609 4606 eripuisse
2641 4552 2702 4592 se
2733 4538 3120 4610 periculo,sed
3144 4541 3449 4601 obtulisse.

198 4626 463 4683 redemit
480 4625 766 4698 sanguine
780 4640 888 4681 suo
903 4624 1215 4689 mundum,
1246 4622 1435 4678 lucem
1461 4623 1674 4681 attulit.
1704 4624 1872 4680 I’ene-
2052 4628 2140 4682 54.
2174 4625 2430 4680 Ponatur
2459 4624 2694 4697 pietatis
2724 4625 2887 4685 locus
2913 4628 3047 4700 (48),
3070 4632 3225 4702 quod
3258 4633 3633 4692 manifestata

199 4726 341 4772 runt
374 4722 563 4772 autem
581 4714 768 4784 angeli
797 4714 901 4769 duo
933 4714 993 4768 in
1023 4712 1307 4768 Sodomam
1323 4712 1395 4767 ad
1411 4728 1689 4784 vesperam
1719 4712 1870 4785 (Gen.
1984 4715 2095 4772 sibi
2131 4731 2232 4788 per
2260 4712 2496 4786 angelos
2524 4714 2705 4771 totius
2736 4716 2990 4790 regionis
3019 4719 3336 4788 eversione,
3373 4727 3429 4778 et
3458 4740 3633 4796 gene-

284 4913 406 4984 (46)
442 4910 547 4966 Hic
580 4908 745 4987 locus
773 4908 839 4987 in
864 4910 1002 4987 edit.
1036 4908 1212 4987 Rom_._
1235 4908 1316 4963 ita
1344 4907 1756 4987 luxatuserat,
1813 4914 1880 4967 ut
1989 4912 2271 4987 risnotaa.
2321 4910 2433 4987 A_li_i
2479 4927 2612 4987 vero
2661 4913 3008 4987 praeferunt:
3060 4916 3155 4987 ille
3193 4916 3289 4984 qui
3333 4916 3480 4987 inter
3504 4931 3637 4987 quos

213 4979 357 5054 post
385 4979 590 5066 vocem
625 4979 1255 5066 ignoscit,.inte'rp'osito
1287 4979 1880 5066 lsequentinGeneseos
1990 4983 2280 5066 habitaret
2288 4982 2509 5066 sciebat,
2533 4979 2794 5066 tata-men
2824 4983 3124 5066 (nonnulli
3168 4979 3366 5066 tutam)
3407 4979 3637 5066 domum

216 5051 435 5111 versu:
486 5055 552 5108 Et
578 5051 806 5126 profecti
852 5052 962 5106 viri
1018 5051 1179 5126 inde,_
1214 5052 1487 5126 petierunt
1553 5051 1875 5126 Sodomam:
1989 5051 2472 5126 suamoﬂ‘erebat,
2533 5052 2673 5108 Utra
2730 5051 2899 5110 lectio
2956 5054 3165 5126 potior,
3220 5051 3454 5110 lectOris
3512 5061 3636 5113 esto

218 5121 685 5197 continuare—tur;
719 5123 831 5178 hoc
885 5127 1101 5197 pacto:
1148 5121 1288 5197 Quid
1339 5126 1520 5177 autem
1576 5125 1688 5178 sibi
1742 5124 1880 5190 vult,
1984 5121 2298 5197 judicium.

218 5203 360 5259 etc.,
397 5212 588 5267 usque
619 5195 714 5261 ad,
742 5192 1410 5267 prceferebant_virorum:
1469 5198 1672 5265 postea
1720 5211 1880 5249 resu-
1986 5192 2006 5197 ’
2065 5194 2296 5267 (48)γ1ῐᾳ
2352 5209 2451 5247 sex
2486 5210 2653 5267 Amss.
2718 5192 2829 5267 Alii
2877 5212 3009 5267 vero
3067 5202 3124 5251 et
3171 5196 3335 5266 edit.,
3394 5198 3641 5255 Munitur

221 5263 532 5325 merentur
564 5266 710 5321 ista:
743 5263 1010 5338 'Denique
1058 5263 1312 5328 Abrahae,
1371 5263 1506 5338 e_tc.:,
1534 5270 1883 5338 usquead
1995 5263 2216 5338 pietatis
2265 5265 2427 5338 locus.
2473 5265 2605 5328 Quae
2671 5266 2845 5319 verba
2910 5266 3101 5338 Rom,
3134 5267 3272 5322 edit.
3321 5263 3641 5327 duodecim

221 5281 532 5325 merentur
564 5281 710 5321 ista:
768 5281 1010 5391 namque
1058 5281 1312 5328 aerariae,
1371 5281 1506 5328 etc.,
1563 5281 1752 5336 usque
1811 5281 1883 5322 aa
1995 5281 2215 5338 pietatis
2265 5281 2427 5318 locus.
2473 5281 2605 5328 uuas
2671 5281 2845 5319 verna
2910 5281 3076 5321 nom.
3134 5281 3272 5322 edlt.
3332 5281 3641 5327 quedecim

212 5342 402 5411 potuit
430 5355 545 5394 non
569 5338 776 5409 perire,
803 5336 900 5407 qui
951 5338 1226 5411 us__caput_
1249 5334 1734 5411 concludebatur.‘
1770 5337 1886 5411 Nos
1998 5341 2152 5411 retro
2184 5334 2352 5411 lineis
2384 5339 2720 5411 retraxerat,
2752 5340 2810 5390 et
2841 5337 3164 5411 Anonnullis
3196 5341 3441 5395 mutatis
3489 5340 3643 5399 hanc

218 5406 427 5467 omnia
455 5426 525 5465 ex
557 5406 704 5464 mss.
738 5412 795 5463 et
815 5406 935 5463 ant.
968 5406 1107 5462 edit.
1130 5406 1399 5478 pristinas
1420 5406 1737 5479 integritati
1765 5408 1889 5464 red-
2002 5407 2209 5483 seriem
2242 5406 2782 5483 ibiucontexuerat:
2832 5409 3072 5464 Munitus
3107 5412 3327 5483 pietatis
3375 5412 3542 5477 locus,
3584 5418 3647 5469 ut

222 5483 511 5555 uidimus.
1144 5476 1188 5555 Ἀ
1237 5547 1269 5555 __
1547 5476 1571 5479 ⁷
1700 5548 1713 5555 _
1784 5549 1816 5555 ν,
2002 5479 2266 5555 inoffensa
2323 5476 2459 5555 illic
2493 5476 2843 5555 hospitalitas
2891 5476 3122 5555 quoque'
3143 5480 3306 5555 foret,
3338 5487 3447 5539 etc.
3480 5476 3647 5541 Hunc

298 5555 413 5631 (47)
444 5553 544 5613 Sic
595 5565 806 5609 omnes
837 5550 974 5608 edit.
1009 5563 1142 5607 cum
1176 5547 1367 5606 tribus
1398 5564 1539 5607 mss.
1591 5548 1890 5625 probatio-
2002 5547 2136 5610 vero
2178 5549 2374 5611 locum
2423 5548 2502 5607 ita
2550 5547 3022 5613 consarcinaratf
3073 5547 3227 5630 Quod
3279 5547 3504 5631 generos
3548 5556 3650 5622 Lat
