3878 6208
290 311 406 369 463

1685 301 1749 360 S.
1800 292 2171 358 AMBROSII

3568 282 3677 344 464

292 460 387 497 ιυά
425 438 637 495 habere
669 437 775 494 Lot
802 441 1042 494 sanctus
1073 436 1403 502 inducitur,
1439 440 1495 491 et
1554 451 1785 489 monere
1830 450 1925 489 eos
1956 439 2010 500 Α
2045 443 2157 480 nun
2212 438 2549 495 pessumas.
2602 420 2748 477 Nam
2803 434 2927 490 quae
2978 414 3162 473 sobrii
3221 429 3517 484 cavemus,
3583 432 3679 487 pti-

292 535 356 583 ut
383 527 649 601 fugerent
679 546 693 584 :
727 526 906 583 simul
955 544 1025 582 ne
1055 525 1369 581 deserendo
1402 541 1520 592 eos,
1564 539 1667 578 nec
1728 523 1925 578 admo-

291 618 503 684 nendo,
528 616 725 672 minus
754 615 885 689 pius
904 616 1189 670 videretur
1206 614 1358 669 circa
1371 613 1624 668 ﬁliarum
1656 612 1925 667 maritos:

290 704 378 761 vel
410 705 623 761 erroris
663 721 863 760 earum
922 721 1097 760 causa
1150 703 1260 775 ipsi
1319 703 1738 773 assignaretur,
1800 718 1931 771 quae

290 793 580 850 destitutas
643 792 792 849 virili
858 792 1148 848 consortio
1201 790 1577 847 concubitum
1661 790 1931 845 inebriati

291 882 644 954 expetissent
673 882 874 953 patris.
909 881 1032 936 Non
1066 897 1200 952 erg.)
1228 880 1596 935 indefensum
1630 879 1933 950 Scriptura

290 970 477 1025 virum
507 974 775 1026 sanctum
808 968 1086 1041 relinquit
1118 988 1130 1025 :
1164 986 1296 1023 cum
1329 974 1386 1023 et
1414 967 1726 1023 tradidisse
1758 967 1932 1022 mari-

289 1059 367 1115 tis
393 1059 566 1124 ﬁlias,
598 1064 655 1113 et
701 1058 1000 1114 monuisse
1029 1075 1273 1130 generos
1313 1058 1630 1112 inducitur.
1690 1056 1799 1111 Sed
1854 1055 1933 1109 vi-

293 1164 427 1203 sum
458 1152 549 1203 est
574 1147 691 1203 illis
720 1146 877 1218 quod
907 1146 1196 1201 derideret
1223 1163 1344 1215 eos,
1380 1150 1436 1201 et
1493 1150 1685 1201 tamen
1745 1144 1935 1200 adhuc

296 1236 635 1291 morabatur
662 1235 785 1300 Lot,
820 1240 883 1289 ut
944 1234 1319 1305 persuaderet
1373 1234 1603 1305 generis
1650 1231 1817 1288 suis:
1880 1238 1936 1286 et

298 1341 442 1397 pene
475 1341 589 1379 non
622 1328 777 1379 esset
805 1324 1120 1394 profectus,
1157 1327 1218 1376 ut
1258 1323 1542 1387 evaderet,
1576 1321 1687 1375 nisi
1720 1338 1934 1393 urgen-

296 1414 455 1468 tibus
487 1412 708 1485 angelis
766 1416 822 1467 et
878 1410 1208 1465 tenentibus
1270 1428 1479 1465 manus
1536 1410 1685 1480 ejus,
1740 1408 1935 1481 egredi

296 1506 530 1556 coactus
560 1505 730 1556 esset.

364 1592 452 1645 55.
486 1590 607 1645 Non
658 1605 789 1661 ergo
848 1588 1161 1661 profectus,
1214 1590 1312 1644 sed
1372 1591 1617 1645 eductus
1691 1594 1818 1643 est:
1881 1592 1937 1643 et

295 1680 639 1735 mandatum
671 1678 889 1750 accepit
919 1694 991 1733 ne
1022 1678 1327 1749 reSpiceret
1362 1685 1533 1747 retro,
1569 1694 1672 1732 nec
1707 1677 1938 1733 resiste-

295 1768 467 1824 retin
497 1772 621 1823 tota
648 1768 885 1839 regione
916 1765 1035 1833 illa,
1070 1768 1169 1822 sed
1204 1767 1261 1821 in
1293 1773 1550 1822 mentem
1578 1766 1931 1821 ascenderet.

294 1856 413 1911 Hoc
444 1872 579 1911 cum
611 1855 694 1909 illi
726 1855 961 1918 dicitur,
995 1854 1269 1911 omnibus
1298 1857 1529 1911 dicitur.
1566 1855 1624 1910 Si
1656 1855 1741 1910 vis
1799 1872 1935 1929 ergo

294 1951 351 2000 et
382 1949 444 1999 tu
476 1944 733 2010 evadere,
787 1959 856 1998 ne
899 1943 1175 2015 respicias
1205 1950 1374 2010 retro,
1409 1946 1507 1999 sed
1541 1951 1692 1999 ante.
1728 1945 1937 2017 Aspice

297 2032 394 2088 ubi
419 2032 684 2089 Christus
715 2038 822 2097 est,
864 2032 962 2103 qui
1017 2031 1172 2087 dicat
1231 2034 1380 2087 tibi:
1436 2033 1574 2088 Vade
1631 2038 1770 2090 retro
1828 2051 1935 2098 me,

298 2122 450 2177 sicut
478 2122 644 2176 Petro
675 2119 851 2175 dicit:
891 2121 1035 2176 Vade
1064 2130 1208 2175 retro
1238 2138 1320 2176 me
1375 2121 1580 2192 (Matth.
1641 2139 1754 2190 xw,
1820 2126 1934 2193 23),

301 2216 365 2265 ut
390 2210 686 2265 Christum
719 2216 1083 2280 sequeretur,
1118 2209 1413 2265 Christum
1469 2209 1705 2265 videret.
1770 2211 1939 2265 Retro

298 2300 551 2354 Sodoma
588 2304 676 2354 est
733 2300 905 2370 plena
936 2298 1160 2369 ﬂagitii,
1217 2303 1367 2353 retro
1406 2299 1728 2354 Gomorrha
1784 2300 1939 2355 vitiis

301 2392 551 2452 scatens,
584 2388 895 2442 criminum
930 2387 1106 2458 regio.
1140 2387 1213 2440 Ne
1242 2388 1548 2457 tetigeritis,
1581 2387 1770 2460 inquit
1795 2393 1941 2461 Apo-

302 2477 509 2544 stolus,
540 2491 607 2530 ne
633 2476 1109 2542 attaminavcritis,
1140 2491 1206 2529 ne
1262 2477 1615 2544 gustaveritis
1671 2494 1788 2550 quae
1816 2486 1943 2532 sunt

300 2567 483 2622 omnia
516 2566 587 2620 ad
613 2566 982 2636 corruptelam
1038 2564 1253 2630 (L‘oloss.
1320 2582 1380 2630 ιι,
1425 2566 1535 2635 21).
1600 2566 1753 2637 Fuge
1808 2584 1943 2639 ergo

297 2656 632 2721 Sodomam,
667 2653 928 2723 relinque
957 2652 1118 2707 ocius
1144 2652 1547 2721 Gomorrham,
1582 2656 1780 2711 desere
1831 2656 1945 2713 ele—

300 2751 495 2800 menta
524 2742 636 2815 (49)
668 2742 846 2812 hujus
904 2742 1127 2807 mundi,
1185 2758 1253 2795 ne
1315 2746 1365 2795 te
1432 2743 1797 2800 imminentia
1853 2745 1947 2801 in-

299 2832 530 2888 volvant
570 2830 870 2902 pericula:
937 2846 1049 2883 non
1098 2829 1336 2885 resistas
1395 2831 1644 2903 fugiens,
1725 2852 1828 2889 nec
1887 2836 1943 2889 in

301 2926 423 2976 tota
452 2919 727 2974 vitiorum
760 2918 991 2989 regione
1024 2919 1352 2973 remoreris.
1386 2920 1490 2985 Qui
1527 2939 1639 2975 non
1676 2924 1943 2995 respexit,

303 3008 523 3065 evasit:
559 3024 685 3079 qua:
717 3006 983 3078 respexit,
1020 3023 1131 3060 non
1183 3008 1373 3078 potuit
1403 3009 1659 3065 evadere.

498 3096 860 3150 Excusanlur
885 3100 1079 3150 autem
1112 3094 1241 3149 ﬁlia:
1273 3097 1458 3152 sancti
1493 3098 1614 3164 Lot,
1665 3100 1803 3171 quia
1836 3119 1943 3173 pu-

2038 512 2379 567 ebrietatcm
2439 510 2772 580 ignorantes
2830 502 3277 562 committimus.
3324 502 3540 558 Parum
3596 506 3679 558 est

2034 602 2188 672 quod
2221 617 2288 654 ea
2321 599 2646 653 inflammat
2678 595 3002 656 libidinem.
3036 592 3298 649 accendit
3327 590 3672 663 cupiditates

2040 688 2320 760 corporis,
2355 687 2544 759 ipsam
2576 701 2806 757 quoque
2845 686 3099 738 mentem
3133 678 3384 748 subruit,
3442 682 3499 733 et
3558 678 3671 734 ani-

2041 794 2205 831 mum
2237 775 2414 849 capit,
2448 790 2687 829 sensum
2728 774 3047 842 extorquet.
3095 769 3372 825 Nesciunt
3421 766 3561 840 quid
3610 766 3686 821 lo-

2042 869 2301 936 quantur
2330 863 2427 935 qui
2463 861 2642 916 nimio
2699 861 2832 914 vino
2854 857 3181 929 indulgent,
3206 857 3409 927 jacent
3438 853 3682 928 sepulti.

2044 954 2292 1023 Ideoque
2325 952 2371 1006 si
2406 967 2522 1021 qua
2553 967 2656 1022 per
2702 948 2904 1003 vinum
2956 945 3329 1017 deliquerint,
3385 944 3539 1015 apud
3600 960 3683 999 sa-

2044 1041 2268 1113 pientes
2324 1040 2558 1110 judices
2620 1037 2787 1091 venia
2852 1035 3090 1107 quidem
3154 1033 3305 1087 facta
3374 1033 3683 1097 donantur,

2043 1130 2143 1184 sed
2174 1127 2426 1183 levitatis
2458 1130 2733 1181 notantur
2772 1129 3057 1179 auctores.
3120 1124 3347 1189 Quanta
3404 1121 3536 1193 ipsa
3592 1122 3679 1177 de-

2043 1217 2329 1279 formitas.
2359 1220 2423 1270 ut
2452 1214 2751 1270 solvantur
2779 1213 2956 1281 vires,
2991 1212 3259 1267 incessus
3283 1209 3509 1265 vacillet
3536 1212 3547 1265 l

2114 1308 2201 1363 58.
2240 1304 2409 1360 Mulli
2443 1322 2502 1359 sc
2536 1304 2713 1357 fortes
2745 1304 2977 1374 putant,
3011 1316 3152 1354 num
3190 1298 3457 1354 fortiores
3520 1314 3683 1370 quam

2047 1394 2193 1449 Lot?
2224 1411 2364 1449 num
2399 1390 2855 1448 continentiores
2887 1405 3063 1461 quam
3115 1387 3280 1443 Nec?
3311 1388 3435 1442 Non
3496 1387 3686 1458 utique

2044 1483 2182 1537 vitia
2214 1480 2675 1554 patriarcharum
2708 1478 3011 1549 Scriptura
3038 1476 3322 1549 exposuit,
3342 1491 3491 1547 quos
3514 1475 3686 1530 victos

2044 1572 2177 1625 vino
2210 1570 2459 1642 legimus
2493 1586 2505 1635 ;
2542 1568 2638 1623 sed
2674 1571 2738 1621 ut
2766 1571 2826 1621 tu
2861 1566 3114 1622 disceres
3144 1564 3285 1637 quid
3319 1580 3573 1621 caveres.
3598 1564 3689 1619 Ille

2046 1660 2239 1714 nudus
2263 1657 2468 1729 jacuit,
2518 1657 2630 1711 iste
2670 1655 2923 1709 filiarum
2967 1654 3146 1710 errori
3201 1653 3407 1725 patuit.
3466 1653 3535 1709 Et
3582 1653 3689 1709 Noe

2039 1748 2239 1819 justus
2270 1748 2547 1818 deceptus
2578 1750 2686 1811 est,
2724 1742 2864 1816 quia
2890 1742 3006 1797 vini
3039 1743 3125 1798 vis
3156 1743 3348 1797 adhuc
3385 1742 3687 1815 ignoraba-

1965 1801 2012 1865 B
2047 1843 2175 1891 tur:
2211 1836 2309 1890 sed
2340 1836 2396 1888 in
2429 1834 2528 1889 illo
2562 1833 2885 1888 instructus
2925 1848 3007 1901 es,
3042 1848 3112 1885 ne
3142 1835 3203 1886 tu
3236 1830 3555 1903 ignorares.
3590 1831 3688 1886 Lot

2047 1925 2280 1979 ﬁliabus
2309 1940 2368 1977 se
2401 1922 2666 1986 credidit,
2726 1927 2784 1976 et
2841 1936 2943 1992 per
2992 1923 3349 1975 senectutem
3401 1919 3689 1975 madidam

2044 2014 2176 2068 vino
2209 2012 2457 2073 solutus,
2488 2009 2782 2065 commisit
2814 2010 3102 2063 incestum
3162 2008 3479 2080 ignorans:
3516 2011 3578 2064 tu
3613 2010 3690 2062 sic

2046 2102 2199 2169 bibe,
2237 2118 2308 2156 ne
2340 2100 2611 2172 capiaris.
2648 2100 2948 2153 lnstruant
2977 2102 3031 2152 te
3062 2096 3402 2169 patriarchae
3437 2114 3556 2153 non
3603 2113 3689 2153 so-

2047 2191 2170 2245 lum
2204 2192 2497 2253 docentes,
2535 2189 2633 2243 sed
2654 2187 2826 2243 etiam
2860 2191 3143 2241 errantes.
3167 2186 3587 2241 ldeoiteratum
3614 2189 3693 2241 est

2050 2278 2381 2350 exemplum
2423 2276 2747 2343 ebrietatis,
2778 2279 2839 2329 ut
2870 2274 3247 2329 confirmetur
3295 2274 3693 2347 magisterium

2051 2368 2363 2423 cautionis.

2655 2452 2892 2506 CAPUT
2928 2451 3049 2507 VII.

2052 2528 2189 2582 litors
2219 2527 2519 2581 .-tbz‘melcch
2550 2524 2613 2580 ob
2645 2528 2905 2579 tentatam
2940 2524 3095 2579 Sara:
3119 2522 3449 2593 pudicitiam
3500 2539 3536 2577 a
3593 2523 3693 2577 Deo

2127 2602 2416 2653 intentata.
2448 2607 2715 2666 quantum
2769 2597 2840 2649 sit
2880 2595 3144 2649 adulterii
3173 2598 3383 2649 crimen
3409 2598 3694 2649 monstrat.

2126 2671 2304 2738 Quurr
2350 2670 2591 2738 eimfcin
2636 2668 2719 2722 rei
2777 2683 2941 2722 causa
2985 2667 3208 2721 Pharao
3251 2667 3477 2738 gravius
3537 2680 3697 2738 quam

2125 2740 2429 2795 Abz'mclcch
2488 2741 2784 2808 vastly.th
2810 2740 2833 2792 Ρ
2861 2737 2979 2805 Qua
3005 2738 3172 2791 etiam
3204 2744 3360 2809 pacto
3397 2737 3469 2791 ab
3540 2737 3698 2809 hujus

2126 2812 2280 2867 domo
2309 2811 2521 2865 sublata
2563 2809 2862 2864 Abrahami
2894 2809 3144 2879 precibus
3193 2808 3458 2863 sterilitas
3515 2808 3699 2863 datam

2124 2885 2376 2937 Ecclesiae
2410 2881 2797 2952 fecunditatem
2850 2882 3170 2952 signarent.
3229 2880 3486 2952 Nascitur
3543 2881 3700 2952 Isaac

2125 2965 2177 3009 et
2208 2950 2446 3032 unum:
2493 2953 2761 3032 luctatur.
2780 2950 2981 3032 tantae!
3010 2960 3193 3032 autem
3240 2951 3397 3032 sane
3427 2951 3697 3032 impulsu

2126 3036 2177 3080 et
2204 3025 2389 3079 diuino
2421 3038 2675 3094 responso
2709 3024 2966 3094 ejicitur:
3000 3025 3052 3076 et
3100 3036 3226 3092 quae
3275 3024 3333 3075 in
3374 3023 3462 3076 his
3517 3022 3694 3076 inclu-

2117 3097 2330 3151 dantur
2357 3112 2571 3150 morum
2592 3098 2877 3165 praecepta.

304 3188 574 3241 taverunt
633 3199 747 3237 non
811 3182 1010 3238 vicinae
1061 3184 1334 3256 regionis,
1388 3186 1486 3241 sed
1539 3165 1716 3243 totius
1786 3165 1944 3245 orbis
1976 3165 2017 3231 Ο
2124 3185 2213 3240 59.
2256 3184 2515 3254 Denique
2548 3182 2758 3237 iterum
2787 3185 3045 3236 tentatur
3074 3181 3224 3235 Saraa
3275 3179 3580 3251 pudicitia,
3639 3185 3705 3233 ut

304 3274 485 3330 fuisse
514 3270 661 3327 illud
690 3270 978 3327 excidium
1010 3272 1144 3342 (50),
1176 3278 1232 3327 et
1273 3289 1335 3328 se
1388 3273 1543 3329 solas
1600 3293 1734 3331 cum
1782 3282 1947 3349 patre

304 3361 648 3434 superstites
703 3376 771 3415 ex
826 3359 1103 3416 omnibus
1161 3360 1392 3433 populis
1446 3366 1820 3420 remansisse.
1879 3367 1947 3422 Et

304 3452 433 3506 ideo
464 3466 536 3505 ne
566 3465 752 3521 genus
781 3449 1051 3504 deﬁceret
1078 3448 1427 3517 humanum,
1480 3456 1787 3524 paternum
1845 3472 1943 3527 pe-

304 3539 471 3594 tiisse
510 3539 664 3593 ποι
725 3537 1122 3603 concubitum,
1181 3542 1242 3592 ut
1298 3554 1494 3593 semen
1554 3542 1945 3614 generationis

303 3627 575 3682 humana:
605 3626 677 3680 de
709 3631 869 3696 patre
898 3642 1004 3680 suo
1036 3625 1469 3682 resuscitarent.
1504 3628 1627 3683 Non
1681 3646 1817 3702 ergo
1873 3631 1945 3685 li-

304 3714 525 3770 bidinis
554 3712 759 3768 vitium
797 3713 923 3779 fuit,
985 3715 1086 3767 sed
1146 3716 1537 3785 generationis
1597 3720 1942 3785 remedium,

303 3803 457 3875 quod
491 3818 605 3857 non
639 3807 778 3873 puto
808 3801 1073 3857 criminis
1104 3802 1233 3855 duci
1262 3802 1405 3857 loco.
1440 3804 1584 3859 Nam
1620 3810 1676 3860 et
1706 3806 1818 3863 Eva
1874 3808 1944 3863 de

299 3892 423 3947 viro
454 3895 779 3962 assumpta,
812 3906 991 3963 supra
1041 3891 1211 3961 cujus
1242 3896 1463 3946 costam
1523 3893 1805 3949 mdiﬁcata
1855 3900 1944 3952 est

300 3979 529 4044 mulier.
564 3996 630 4035 os
661 3979 731 4034 de
762 3978 997 4035 ossibus
1023 3978 1172 4049 ejus,
1200 3983 1257 4034 et
1285 3997 1415 4035 caro
1446 3980 1517 4036 de
1565 3998 1735 4038 carne
1790 3985 1938 4056 ejus,

298 4074 492 4125 tamen
525 4072 760 4142 propter
789 4067 997 4122 seriem
1046 4068 1438 4124 successionis
1497 4070 1769 4127 humanae
1819 4075 1939 4129 viro

297 4159 476 4213 mista
504 4162 611 4214 est.
644 4156 1004 4213 Subducitur
1047 4161 1245 4212 tamen
1305 4158 1438 4213 huic
1495 4160 1751 4215 admisso
1808 4180 1938 4217 eon-

296 4245 540 4301 scientia
567 4244 672 4299 viri
694 4245 840 4316 justi
870 4262 882 4313 ;
915 4245 1238 4300 inebriatus
1267 4246 1422 4300 enim
1455 4248 1584 4302 vino
1638 4249 1777 4319 quid
1835 4267 1935 4323 ge-

297 4340 449 4390 reret
478 4333 793 4389 nesciebat.
830 4333 991 4390 Unde
1036 4352 1149 4389 non
1211 4335 1423 4389 mirum
1458 4335 1507 4391 si
1569 4337 1791 4407 puellas
1838 4341 1936 4395 de-

294 4424 448 4495 cepit
476 4422 692 4493 opinio,
726 4440 851 4494 qua;
912 4427 1185 4494 putarent
1240 4424 1417 4483 tutius
1475 4424 1719 4497 populos
1778 4428 1936 4483 orbis

2053 3274 2315 3345 exigatur
2345 3272 2629 3326 omnium.
2674 3272 2818 3324 Nam
2869 3275 2926 3324 et
2973 3268 3308 3324 Abimelecb
3350 3267 3408 3322 in
3461 3284 3705 3324 uxorem

2053 3362 2164 3416 sibi
2195 3377 2323 3416 eam
2357 3366 2706 3431 sumpserat,
2741 3364 2797 3413 et
2826 3358 2973 3412 dixit
2992 3358 3042 3411 ei
3068 3356 3126 3411 in
3149 3362 3314 3412 nocte
3337 3355 3491 3412 Deus
3519 3373 3533 3410 :
3569 3358 3703 3413 Ecce

2055 3456 2110 3505 tu
2143 3451 2395 3506 morieris
2418 3456 2643 3520 prnpter
2669 3447 2957 3501 mulierem
2988 3444 3142 3518 (Gen.
3175 3464 3270 3513 xx,
3300 3446 3376 3516 3).
3434 3444 3699 3502 Adverti-

2054 3555 2187 3594 mus
2218 3537 2572 3593 adulterium
2603 3536 2802 3593 divino
2824 3534 3049 3606 judicio
3081 3541 3264 3589 morte
3294 3534 3507 3605 puniri.
3546 3535 3700 3590 Ideo-

2054 3644 2167 3699 que
2216 3627 2477 3682 addidit:
2536 3626 2663 3681 Iltec
2718 3628 2908 3679 autem
2963 3627 3335 3679 commoratur
3378 3640 3506 3678 cum
3593 3628 3704 3679 viro

2053 3715 2234 3786 (Ibid).
2267 3715 2451 3771 Habet
2481 3714 2718 3784 quidem
2750 3712 2943 3767 omnis
2975 3712 3081 3765 viri
3125 3711 3510 3783 mulierisque
3572 3729 3699 3767 conc

2053 3804 2306 3870 cubitus,
2342 3803 2503 3858 nulla
2534 3801 2778 3874 legitimi
2797 3800 3154 3856 matrimonii
3174 3806 3329 3856 sorte
3350 3800 3698 3869 celebratus,

2053 3910 2219 3948 suain
2252 3890 2507 3964 culpam.
2542 3889 2756 3945 Discite
2787 3888 2944 3945 enim
2992 3890 3091 3959 qui
3120 3888 3191 3943 ad
3221 3888 3470 3962 gratiam
3512 3888 3699 3961 bapti-

2051 3982 2258 4037 smatis
2281 3979 2541 4046 tenditis,
2572 3978 2728 4034 velut
2760 3977 2998 4049 quidam
3032 3977 3166 4033 ﬁdei
3205 3976 3527 4043 candidati,
3561 3993 3692 4033 eon-

2048 4068 2307 4125 tinentiaa
2337 4066 2713 4139 disciplinam
2737 4066 3015 4122 sobriam.
3043 4065 3197 4121 Nulli
3224 4064 3359 4121 licet
3381 4066 3541 4123 'sciie
3571 4083 3694 4121 mu-

2048 4158 2269 4225 lierem,
2288 4162 2494 4228 praeter
2516 4172 2773 4212 uxorem.
2806 4155 3054 4226 Ideoque
3078 4154 3333 4227 conjugii
3357 4154 3461 4210 tibi
3491 4157 3694 4212 (latum

2049 4258 2138 4303 est
2159 4248 2281 4318 jus,
2318 4262 2387 4301 ne
2418 4245 2475 4299 in
2518 4243 2793 4315 laqueum
2823 4244 3069 4309 incidas,
3102 4245 3247 4300 301
3275 4248 3332 4298 et
3352 4260 3484 4298 cum
3508 4243 3697 4300 aliena

2049 4334 2291 4391 muliere
2317 4332 2648 4405 delinquas.
2686 4334 2928 4388 Vinctus
2959 4349 3021 4387 es
3046 4333 3229 4399 uxori,
3263 4331 3381 4388 noli
3438 4349 3695 4404 querere

2047 4424 2434 4480 solutionem:
2470 4421 2607 4493 quia
2667 4439 2779 4476 non
2829 4420 2966 4476 licet
3023 4420 3149 4489 tibi,
3210 4437 3386 4476 uxore
3444 4422 3689 4486 vivente,

292 4509 558 4583 periisse.
591 4509 716 4564 Non
747 4510 949 4565 eadem
1008 4515 1162 4565 esset
1217 4511 1321 4564 Lot
1373 4512 1558 4565 sancti
1617 4514 1929 4582 excusatio,
1968 4529 2011 4593 Ι)
2042 4528 2278 4569 uxorem
2325 4511 2557 4565 ducere.
2591 4510 2734 4565 Nam
2770 4514 2827 4564 et
2852 4508 3026 4564 aliam
3060 4526 3336 4581 quaerere,
3391 4526 3528 4566 cum
3592 4509 3695 4565 ha-

293 4598 394 4669 qui
427 4596 689 4652 audierat
718 4598 789 4651 ab
841 4598 1064 4671 angelis
1107 4598 1298 4653 locum
1346 4599 1534 4666 illum,
1570 4618 1684 4655 non
1747 4607 1931 4658 totum

291 4686 580 4742 mundum
619 4702 747 4741 esse
778 4687 1125 4757 periturum.

359 4776 449 4832 57.
481 4776 632 4831 Sane
673 4775 957 4830 discimus
1002 4776 1297 4831 vitandam
1357 4777 1692 4833 ebrietatem
1728 4783 1839 4851 (15,
1872 4798 1928 4851 q.

290 4867 340 4922 1.
395 4882 444 4921 c.
496 4863 639 4920 Sane
682 4864 982 4936 discimus),
1044 4881 1147 4937 per
1203 4881 1379 4936 quam
1432 4867 1678 4923 crimina
1734 4886 1933 4926 cavere

286 4980 486 5035 habere
503 4984 721 5035 sanctus
747 4980 1029 5036 inducitur
1056 4989 1107 5036 et
1133 4983 1483 5051 manifestata
1519 4984 1573 5037 ei
1622 4987 1784 5039 totius
1841 5003 1929 5041 re-

325 5055 464 5107 ionis
510 5055 804 5118 eversione,
861 5054 984 5108 illos
1029 5070 1249 5108 monere
1278 5057 1338 5107 ut
1380 5056 1628 5123 fugerent
1684 5056 1926 5112 docetur.

285 5072 395 5179 god
419 5128 537 5179 toto
565 5124 673 5178 hoc
704 5124 890 5179 capite
924 5124 1106 5178 multa
1137 5126 1401 5179 mutavit.
1439 5126 1617 5179 multa
1662 5128 1926 5179 deuexit.

327 5123 395 5178 ed
419 5128 537 5179 toto
565 5124 673 5178 hoc
704 5124 890 5195 capite
924 5124 1106 5178 multa
1137 5126 1401 5189 mutavit,
1439 5126 1617 5179 multa
1662 5128 1927 5195 deussit,

288 5195 457 5277 plura
473 5196 647 5277 etiam
672 5195 922 5276 addidit,
952 5196 1186 5249 insertis
1207 5212 1237 5249 e
1259 5211 1385 5277 cap.
1416 5198 1928 5277 x1§.Gen.‘septem

288 5271 391 5320 aut
420 5270 546 5321 octo
577 5266 741 5347 locis,
788 5282 935 5338 quos
976 5283 1269 5339 nusquam
1328 5266 1388 5321 in
1442 5266 1575 5322 aliis
1633 5266 1790 5325 edit'
1830 5276 1931 5325 aut

289 5351 431 5390 mss.
465 5352 739 5406 reperias.

359 5407 479 5479 (ω).
500 5407 648 5461 Edit.
683 5423 906 5472 omnes,
936 5409 1183 5479 relinque
1228 5410 1397 5477 ocius,
1432 5409 1616 5465 desere
1644 5412 1928 5477 elementa,

287 5480 395 5555 etc.
429 5476 572 5530 Mss.
612 5493 731 5555 sex,
766 5479 1014 5555 relinque
1038 5476 1226 5555 socios,
1254 5476 1436 5555 desere
1478 5481 1759 5555 elementa.
1821 5476 1930 5555 Ap?

284 5546 583 5679 gqsnvaq
612 5546 792 5622 Long.
835 5553 893 5606 et
918 5546 1163 5618 Theod.,
1224 5552 1469 5623 relinque
1522 5554 1670 5610 ocius
1718 5546 1934 5614 Gomo'r-

354 5633 464 5690 am,
495 5632 605 5676 etc.

2043 4603 2183 4658 beas
2212 4603 2396 4667 tuam,
2417 4599 2634 4654 crimen
2667 4604 2760 4654 est
2788 4598 3079 4665 adulterii,
3112 4599 3220 4655 hoc
3250 4599 3508 4671 gravius,
3544 4597 3695 4671 quod

2042 4697 2214 4764 putas
2246 4694 2479 4761 peccato
2510 4693 2609 4743 tuo
2676 4687 3081 4744 auctoritatem
3138 4686 3264 4761 lege
3294 4690 3689 4760 quaerendam.

2041 4777 2422 4836 Tolerabilior
2468 4776 2636 4832 estsi
2693 4775 2873 4832 lateat
2931 4776 3122 4849 culpa,
3172 4794 3350 4849 quam
3410 4776 3459 4832 si
3507 4775 3689 4848 culpae

2041 4872 2357 4939 usurpetur
2377 4866 2712 4921 auctoritas.
2734 4866 2848 4920 Nec
2869 4865 2977 4921 hoc
2992 4864 3184 4922 solum
3207 4869 3297 4921 est
3312 4865 3687 4934 adulterium,

2111 4983 2225 5063 (50)
2257 4982 2366 5037 Sex
2397 4997 2577 5063 mss-1,.
2621 4983 2799 5063 fuisse
2858 4981 3001 5036 illud
3047 4981 3382 5063 incendium,
3440 4980 3575 5063 Alii,
3634 4984 3690 5063 et

2039 5052 2213 5123 edit.,
2239 5095 2252 5108 .
2286 5095 2298 5107 .
2338 5095 2349 5106 .
2396 5052 2693 5107 excidium.
2754 5052 2951 5123 Neque
2980 5069 3113 5108 vero
3144 5054 3375 5107 mireris
3417 5053 3467 5107 si
3527 5056 3685 5106 tanto

2038 5128 2232 5181 studio
2265 5124 2609 5178 ambrosius
2640 5124 2793 5179 tilias
2827 5124 2931 5179 Lot
2961 5126 3032 5179 ab
3073 5124 3319 5189 incestu,
3346 5193 3349 5194 ν
3379 5130 3437 5178 et
3492 5123 3681 5194 ipsum

2038 5199 2141 5253 Lot
2170 5195 2533 5268 quieasdem
2568 5195 2731 5266 prius
2773 5195 3219 5268 Sodomitarum_
3254 5193 3481 5268 libidini
3511 5193 3683 5268 obtuo

2040 5263 2208 5335 lerat,
2240 5266 2462 5321 nitatur
2491 5263 2785 5321 excusare.
2821 5267 2880 5321 Id
2913 5266 3069 5322 enim
3098 5282 3165 5321 eo
3197 5266 3444 5321 faciebat
3472 5268 3536 5320 ut
3572 5263 3684 5335 Ma-

2040 5332 2294 5395 nichieos
2326 5336 2656 5409 castigaret,
2692 5338 2791 5408 qui
2824 5338 2931 5392 hac
2963 5337 3264 5394 occasione
3298 5332 3684 5409 maxima_cri-

2041 5412 2204 5465 mina
2234 5409 2291 5463 in
2325 5406 2628 5479 Scriptura
2682 5406 2991 5480 approbari
3052 5409 3507 5464 deblaterabant.
3568 5406 3683 5480 Hos

2039 5480 2293 5608 egregie.
2324 5485 2586 5561 contutat
2643 5479 2792 5561 Aeg.
2853 5481 2951 5535 lib.
3011 5498 3147 5563 arx",
3190 5482 3331 5561 cunt.
3381 5484 3564 5561 Faust.
3626 5479 3680 5530 et

2039 5570 2071 5608 a
2099 5554 2197 5608 ibi.
2234 5551 2374 5608 Vide
2402 5557 2577 5608 etiam
2609 5551 2880 5608 Halmon.
2904 5552 3152 5608 Estium.
3176 5557 3232 5608 et
3259 5550 3406 5608 alios
3435 5566 3493 5608 in
3522 5548 3677 5606 hunc

2039 5548 2374 5683 alicbiinVide
2402 5551 2577 5610 etiam
2609 5548 2880 5611 Haimon.
2904 5552 3152 5622 Estium,
3176 5557 3232 5612 et
3259 5550 3406 5609 alios
3435 5550 3493 5608 in
3522 5548 3677 5606 hunc

2067 5641 2098 5682 ο
2140 5641 2175 5680 u
2248 5665 2261 5681 .

2067 5639 2261 5682 ccum.
