3878 6208
209 404 303 470 466

1440 403 1541 468 DE
1582 402 1973 473 ABRAHAM
2012 400 2164 472 LIB.
2208 402 2260 473 Ῑ.

3418 406 3543 475 466

205 554 310 596 cum
337 534 508 594 aliena
539 549 775 610 peccare
804 536 1071 611 conjuge,
1116 538 1214 593 sed
1270 553 1440 593 omne
1490 540 1641 612 quod
1675 555 1788 593 non
1820 541 1872 605 Α
1903 538 2116 596 lectum
2148 544 2255 610 est,
2288 541 2515 610 Laetare,
2546 539 2768 612 sterilis,
2796 554 2918 617 quae
2945 556 3051 599 non
3083 557 3277 616 parts:
3319 556 3543 615 erumpe

204 628 342 683 habet
362 630 691 700 potestatem
723 626 1010 698 conjugii:
1044 632 1238 682 tamen
1284 627 1445 683 locus
1482 631 1593 683 iste
1623 629 1790 684 docet

198 715 392 789 gravius
431 715 641 770 crimen
691 730 840 781 esse,
892 714 991 769 ubi
1043 714 1316 770 celebrati
1369 716 1623 787 coniugii
1649 718 1789 787 jura

196 807 525 869 temerantur,
548 806 604 857 et
625 802 862 859 uxorius
885 803 1074 875 pudor
1090 802 1349 858 solvitur.
1377 805 1626 876 Ideoque
1652 822 1786 860 cum

195 891 525 963 pratenderet
552 890 882 947 Ahimelech
915 891 1069 963 quod
1101 908 1334 947 uxorem
1369 892 1618 947 alienam
1659 910 1785 949 esse

192 981 518 1053 ignoraverit,
551 996 728 1050 quam
762 996 1019 1035 sororem
1050 996 1178 1036 esse
1206 981 1293 1034 vir
1323 980 1448 1052 ipse
1490 997 1658 1036 suam
1692 982 1785 1036 di-

189 1070 322 1134 xerit,
353 1068 639 1140 respondit
684 1069 736 1123 ei
787 1069 1103 1124 Dominus:
1154 1070 1216 1123 Et
1264 1085 1360 1136 ego
1398 1071 1620 1140 cegnovi
1653 1086 1784 1141 quo-

187 1160 315 1211 niam
333 1173 463 1228 puro
490 1157 643 1212 corde
670 1158 851 1227 fecisti
891 1156 1005 1221 hoc,
1045 1161 1096 1212 et
1141 1158 1358 1228 peperci
1402 1158 1528 1219 tibi,
1581 1162 1641 1212 ut
1673 1174 1785 1211 non

181 1260 394 1315 peccares
420 1247 475 1298 in
504 1261 623 1298 me:
650 1253 875 1316 propter
904 1245 1002 1300 hoc
1028 1261 1139 1300 non
1178 1262 1300 1299 sum
1338 1262 1532 1317 passus
1579 1254 1628 1300 te
1660 1250 1782 1300 tan-

182 1348 283 1401 gere
308 1334 451 1388 illam
480 1333 637 1399 (Ibid.
687 1334 764 1399 6).
813 1332 1231 1405 Cognoscimus
1278 1332 1433 1388 velut
1474 1333 1781 1405 praesulem

186 1423 564 1492 custodemque
594 1421 851 1494 conjugii
882 1438 1009 1477 esse
1041 1422 1245 1485 Deum,
1279 1423 1375 1494 qui
1397 1439 1509 1477 non
1530 1424 1784 1494 patiatur

182 1508 403 1564 alienum
432 1513 669 1565 thorum
700 1510 880 1581 pollui
907 1528 919 1564 :
980 1516 1039 1565 et
1064 1510 1112 1566 si
1146 1511 1244 1581 qui
1279 1510 1495 1571 fecerit,
1545 1526 1782 1581 peccare

180 1613 287 1651 eum
312 1597 367 1651 in
396 1598 600 1657 Deum.
625 1601 794 1667 cujus
827 1598 1013 1669 legem
1044 1598 1236 1663 violet,
1290 1598 1539 1667 gratiam
1573 1600 1777 1653 solvat.

178 1684 233 1738 Et
256 1685 370 1741 ideo
399 1686 533 1757 quia
564 1687 620 1741 in
655 1687 837 1742 Deum
873 1691 1092 1758 peccat,
1126 1686 1475 1741 sacramenti
1529 1686 1782 1742 cm’lestis

182 1773 366 1827 amittit
393 1773 774 1829 consortium.

229 1862 308 1915 60.
341 1863 605 1918 Fortasse
632 1866 690 1917 te
722 1867 948 1917 moveat
977 1879 1094 1934 qua
1123 1864 1345 1918 ratione
1374 1862 1594 1917 Pharao
1627 1878 1780 1934 qum-

177 1949 428 2006 stionibus
455 1951 569 2019 (51)
624 1953 696 2006 ab
745 1951 1141 2023 omnipotente
1190 1952 1305 2007 Deo
1358 1952 1608 2019 graviter
1636 1950 1781 2005 afﬂi-

176 2043 280 2092 ctus
307 2039 394 2105 sit,
427 2045 491 2094 ut
519 2056 701 2110 supra
731 2038 1003 2109 legimus,
1037 2055 1171 2094 cum
1202 2044 1259 2094 et
1290 2040 1414 2112 ipse
1434 2039 1787 2109 ignoraverit

175 2142 375 2182 uxorem
408 2144 535 2182 esse
564 2127 808 2182 Abrahae
842 2128 1067 2193 Saram,
1100 2145 1275 2198 quam
1300 2144 1560 2183 sororem
1590 2127 1787 2183 audie-

183 2214 413 2285 rat(Gen.
446 2234 546 2281 xu,
578 2217 668 2286 l7)
693 2233 705 2270 :
729 2214 1062 2271 Abimelech
1084 2222 1279 2272 autem
1304 2216 1522 2271 nullam
1554 2234 1782 2289 poenam

175 2306 456 2375 exceperit.
496 2305 718 2359 Verum
765 2304 991 2376 [Egypti
1041 2322 1234 2377 regem
1298 2305 1527 2360 noveris
1576 2306 1782 2361 ducem

171 2391 323 2447 fuisse
349 2393 650 2458 vitiorum,
683 2393 781 2464 qui
815 2410 929 2463 quo
960 2392 1094 2465 plus
1127 2393 1397 2449 habuerit
1420 2392 1686 2458 licentiae,
1717 2411 1783 2449 eo

170 2478 276 2550 plus
317 2482 514 2553 ﬂagitii
570 2481 973 2537 commiserit:
1022 2481 1356 2536 Abimelech
1412 2486 1609 2536 autem
1640 2482 1784 2537 adeo

169 2566 325 2625 ﬁdelis
350 2571 675 2625 mstimatus
708 2569 786 2625 sit
827 2569 962 2637 Deo,
1014 2573 1078 2623 ut
1122 2569 1398 2623 meruerit
1446 2569 1683 2624 audire:
1722 2573 1785 2624 Et

170 2672 244 2725 ego
268 2661 490 2726 cognovi
519 2659 787 2730 quoniam
812 2673 953 2729 puro
982 2658 1139 2713 corde
1167 2659 1349 2727 fecisti
1379 2657 1496 2726 hoc,
1530 2675 1628 2712 rex
1668 2676 1783 2714 non

170 2744 493 2814 aiﬂictionis,
525 2753 593 2802 ut
626 2746 939 2819 lEgyptius,
982 2746 1080 2801 sed
1117 2746 1480 2806 munitionis,
1507 2746 1660 2817 quod
1684 2746 1786 2801 Ge-

172 2848 339 2888 rarum
388 2836 501 2905 (52)
556 2834 771 2905 quibus
823 2840 1086 2905 prmerat,
1137 2834 1305 2889 docet
1363 2834 1779 2905 interpretatio.

168 2918 267 2975 Non
292 2937 426 2994 ergo
455 2927 553 2978 est
595 2922 840 2977 dubium
892 2921 1116 2978 caeteris
1159 2921 1432 2993 Operibus
1474 2923 1602 2992 ejus
1632 2922 1782 2976 indi-

171 3010 477 3079 gnationem
509 3010 745 3067 Domini
777 3027 905 3065 esse
935 3014 1283 3076 revocatam,
1316 3010 1416 3081 qui
1469 3027 1598 3066 vere
1637 3011 1783 3065 inte-

164 3099 313 3154 rioris
345 3100 565 3155 arbiter
593 3105 680 3154 est
709 3098 1092 3164 conscientiae,
1127 3102 1185 3153 et
1236 3098 1416 3153 animi
1467 3115 1532 3154 ac
1572 3100 1784 3153 mentis

161 3180 446 3257 interpres.
480 3188 745 3258 Denique
778 3203 891 3250 non
924 3191 988 3241 ut
1020 3185 1239 3241 Pharao
1270 3185 1367 3241 ille
1396 3191 1712 3241 conventus
1753 3203 1787 3241 a

158 3267 357 3344 Moyse,
390 3273 682 3330 recusavit
728 3280 784 3329 et
825 3273 1041 3345 sprevit
1089 3274 1433 3329 mandatum
1496 3275 1608 3346 (53)
1660 3275 1778 3341 Dei,

164 3375 250 3415 nec
311 3362 664 3434 obsequium
730 3361 1000 3416 distulit:
1090 3362 1188 3417 sed
1271 3361 1466 3417 statim
1559 3363 1781 3417 vocavit

158 3448 448 3519 Abraham,
482 3467 725 3506 uxorem
757 3466 926 3505 suam
957 3450 1007 3505 ei
1042 3449 1314 3518 reddidit,
1350 3453 1531 3522 pretio
1563 3468 1626 3507 se
1657 3452 1781 3523 ipse

161 3538 440 3595 mulctavit
482 3539 644 3612 quod
691 3538 934 3594 vidisset
980 3537 1251 3604 alienam,
1307 3539 1499 3593 dotem
1539 3539 1780 3610 pudoris

157 3626 393 3683 exsolvit.

214 3715 294 3771 6t.
335 3717 476 3771 Hinc
506 3731 744 3788 quoque
774 3713 963 3786 colligi
1000 3717 1190 3786 potest
1220 3713 1552 3770 Abimelech
1585 3732 1779 3788 regem

155 3801 509 3861 clementiora
538 3806 846 3871 meruisse,
880 3803 1035 3875 quod
1085 3802 1381 3858 Abraham
1436 3821 1538 3874 pro
1587 3821 1652 3858 eo
1684 3822 1780 3858 ro-

156 3891 293 3961 gavit
319 3898 374 3948 et
404 3891 759 3966 impetravit.
793 3890 1024 3962 Peperit
1053 3891 1207 3946 enim
1250 3895 1307 3947 et
1356 3908 1500 3947 uxor
1548 3893 1696 3962 ejus,
1727 3896 1783 3947 et

156 3978 341 4037 ancilla
368 3983 522 4052 ejus,
579 3997 726 4052 quas
770 3986 902 4035 ante
945 3978 1312 4034 concluserat
1358 3981 1505 4035 Deus
1547 3985 1783 4053 pr0pter

155 4065 333 4124 Seram
377 4086 625 4125 uxorem
674 4067 955 4123 Abrahte:
1002 4068 1155 4139 quod
1209 4084 1369 4139 teque
1434 4068 1504 4122 ad
1554 4084 1779 4123 mcono-

156 4155 312 4213 miam
342 4160 455 4230 (54(
489 4158 766 4230 pertinet,
819 4161 882 4211 ut
927 4156 1078 4211 Sarte
1128 4161 1351 4227 partus,
1403 4155 1502 4211 Dei
1533 4156 1784 4212 donatus

157 4246 547 4310 promissione,
582 4244 757 4300 etiam
778 4243 886 4299 hoc
910 4242 1216 4298 fulciretur
1243 4243 1576 4299 testimonio
1601 4262 1613 4299 :
1647 4261 1780 4299 cum

155 4331 398 4390 advertas
431 4335 537 4390 Dei
565 4330 884 4388 otiensione
910 4336 966 4387 et
993 4331 1273 4386 fecundas
1305 4330 1686 4397 sterilescere,
1730 4338 1785 4387 et

156 4435 369 4478 rursum
407 4421 643 4479 Domini
666 4419 963 4475 voluntate
993 4418 1219 4474 steriles
1255 4418 1571 4484 fecundari,
1616 4421 1787 4490 juxta

158 4508 291 4577 quod
322 4510 618 4581 scriptum
675 4511 782 4573 est,
842 4509 1029 4563 Nonne
1084 4507 1326 4562 sterilem
1381 4515 1430 4561 et
1481 4510 1786 4578 parientem

1897 635 1949 685 et
1990 632 2260 695 exclama,
2304 646 2426 704 quae
2480 647 2590 687 non
2627 632 2913 703 parturis:
2959 632 3219 703 quoniam
3261 631 3443 703 plures
3472 631 3540 701 ﬁ-

1897 717 1965 772 lii
1993 718 2217 775 desertae
2243 721 2421 789 magis
2451 734 2613 792 quam
2644 721 2759 791 ejus
2811 734 2935 791 qua:
2976 719 3134 775 habet
3184 721 3366 775 virum
3395 718 3529 792 (Isa.

1897 822 2009 870 LIV,
2042 807 2117 876 1).

1968 895 2118 950 808
2149 895 2238 949 62.
2288 894 2505 951 Genitus
2551 901 2629 951 est
2670 906 2853 953 autem
2901 898 3136 955 Abrahae
3180 896 3330 966 ﬁlius
3360 900 3535 963 Isaac,

1893 998 2017 1037 cum
2044 986 2178 1039 esset
2206 1000 2479 1039 annorum
2506 995 2720 1040 centum
2777 985 2929 1056 (Gen.
2978 1002 3095 1052 xm,
3143 985 3221 1056 5).
3276 989 3344 1040 Et
3392 989 3453 1039 tu
3487 985 3537 1041 si

1894 1076 2186 1142 perlectus
2218 1072 2419 1139 fueris,
2469 1071 2712 1128 habebis
2757 1073 3154 1145 posteritatem
3204 1073 3437 1139 laetitiae,
3481 1076 3539 1127 et

1893 1161 2297 1215 exsultationis
2346 1160 2762 1216 hiereditatem.
2813 1163 2966 1216 Dicit
3010 1164 3063 1217 et
3112 1160 3287 1215 Sara:
3348 1161 3538 1216 Risum

1891 1247 2032 1301 mihi
2053 1251 2182 1318 fecit
2221 1249 2515 1302 Dominus:
2564 1252 2875 1321 quicunque
2919 1250 3068 1304 enim
3116 1248 3376 1312 audierit,
3408 1264 3535 1303 con-

1890 1337 2262 1403 gratulabitur
2287 1337 2431 1391 mihi
2460 1338 2623 1405 (Ibid.
2670 1338 2880 1405 6).Non
2933 1338 3139 1408 utique
3176 1337 3286 1391 hoc
3333 1336 3406 1391 de
3436 1352 3536 1408 ge-

1895 1424 2191 1479 neratione
2222 1424 2329 1479 hac
2377 1425 2721 1495 intelligitur
2768 1442 2893 1495 quae
2944 1424 3177 1479 casibus
3242 1424 3537 1495 plerisque

1891 1512 2140 1567 obnoxia
2182 1517 2290 1579 est,
2341 1516 2406 1567 ut
2459 1512 2755 1567 interdum
2804 1528 2919 1567 non
2966 1527 3276 1583 generasse
3324 1511 3536 1566 melius

1892 1598 2102 1654 fuerit:
2137 1600 2238 1654 sed
2272 1601 2342 1655 de
2372 1600 2743 1672 generatione
2764 1617 2879 1672 qua
2898 1599 3309 1671 unusquisque
3341 1614 3536 1669 pecca-

1888 1691 1981 1741 tor
2004 1703 2183 1759 agens
2204 1687 2624 1759 pcenitentiam.
2644 1703 2778 1742 cum
2802 1687 3110 1743 redimitur
3145 1702 3179 1741 a
3204 1692 3410 1750 morte,
3432 1701 3528 1741 an-

1890 1774 2037 1845 gelis
2067 1774 2216 1830 solet
2244 1775 2513 1831 exhibere
2544 1776 2824 1831 laetitiam.

1958 1864 2054 1917 63.
2088 1865 2153 1918 Et
2175 1864 2318 1919 dixit
2348 1864 2516 1919 Sara:
2556 1865 2687 1932 Quis
2734 1864 3091 1918 annuntiabit
3134 1863 3372 1921 Abrahae
3402 1878 3533 1934 quo-

1892 1953 2048 2006 niam
2078 1953 2236 2007 lactet
2264 1953 2533 2023 infantem
2566 1951 2706 2006 Sara
2735 1954 2889 2023 (Ibid.
2934 1955 2989 2022 7)
3010 1953 3037 2006 ‘t
3084 1951 3320 2007 Moralis
3346 1950 3531 2007 locus.

1894 2039 2286 2095 Provocantur
2314 2040 2546 2096 feminae
2588 2039 2927 2096 meminisse
2975 2039 3278 2112 dignitatis
3326 2056 3445 2094 sum
3477 2044 3535 2094 et

1894 2126 2109 2183 lactare
2139 2129 2289 2183 ﬁlios
2322 2144 2480 2183 suos.
2513 2132 2644 2182 Haec
2683 2128 2841 2182 enim
2892 2131 3146 2182 matrum
3198 2127 3403 2199 gratia,
3438 2126 3532 2182 hic

1894 2215 2099 2284 honos,
2133 2233 2248 2288 quo
2277 2215 2427 2271 ﬁlios
2473 2216 2723 2287 prepriis
2772 2215 3184 2271 commendent
3225 2214 3365 2269 viris
3396 2214 3527 2285 (55).

1894 2304 2152 2374 Denique
2181 2322 2280 2359 eos
2330 2304 2461 2376 plus
2516 2320 2712 2359 amare
2764 2302 2917 2358 filios
2966 2303 3177 2370 solent,
3228 2319 3377 2375 quos
3406 2302 3532 2374 ipse

1895 2398 2110 2447 matres
2140 2391 2478 2446 lactaverint
2502 2391 2786 2447 uberibus
2816 2391 2962 2446 suis.

1963 2482 2050 2535 64.
2105 2482 2245 2535 Fecit
2290 2487 2473 2534 autem
2516 2480 2793 2533 Abraham
2835 2495 3043 2533 caenam
3096 2494 3377 2548 magnam,
3425 2494 3534 2548 qua

1891 2569 1982 2623 die
2029 2570 2330 2623 obluctatus
2377 2571 2453 2622 est
2502 2569 2652 2622 Isaac
2697 2568 2849 2637 ﬁlius
2892 2568 3010 2637 ejus
3058 2565 3246 2637 (Ibid.,
3297 2566 3369 2636 8).
3404 2565 3530 2620 Non

1894 2657 2182 2711 mediocre
2212 2656 2366 2711 istud
2402 2672 2505 2711 nec
2536 2654 2836 2710 usitatum.
2869 2658 2996 2709 Non
3018 2654 3174 2709 enim
3198 2651 3337 2725 quia
3366 2669 3399 2707 a
3429 2669 3533 2707 nu-

1892 2745 2051 2799 tricis
2085 2745 2232 2800 laete
2262 2745 2586 2799 subductus
2608 2748 2695 2798 est
2716 2759 2877 2814 puer,
2902 2758 3183 2814 magnum
3205 2738 3530 2796 convivium

1892 2834 2153 2888 exhibuit
2190 2834 2502 2897 Abraham,
2556 2832 2655 2887 sed
2703 2832 2844 2902 quia
2888 2830 3134 2885 idoneus
3178 2828 3414 2884 habitus
3445 2832 3535 2883 est

1892 2927 2054 2977 Isaae
2102 2920 2354 2976 fortioris
2405 2921 2602 2992 gratim
2653 2916 2781 2973 cibo
2831 2922 2888 2973 et
2950 2917 3182 2972 virtutis
3231 2916 3529 2979 alimento,

1894 3027 2007 3064 non
2057 3010 2268 3076 adhuc,
2322 3013 2386 3063 ut
2432 3006 2790 3074 Corinthius,
2848 3006 2998 3061 lacte
3065 3004 3382 3076 potandus,
3430 3002 3529 3057 sed

1893 3097 2081 3171 epulis
2108 3096 2482 3153 solidioribus
2512 3095 2924 3150 mandatorum
2948 3091 3268 3150 cmicstium
3318 3090 3530 3146 mentis

1895 3204 2012 3241 sum
2047 3186 2290 3241 lacertos
2323 3184 2586 3238 firmans.

1809 3254 1855 3326 α
1960 3275 2049 3328 65.
2080 3272 2525 3345 Prosperitatem
2556 3273 2668 3326 cito
2697 3268 2965 3340 sequitur
3013 3265 3245 3321 invidia.
3282 3265 3523 3338 Peperc-

1892 3366 1979 3416 rat
2007 3362 2167 3427 Sara,
2204 3360 2591 3416 ablactaverat
2632 3355 2857 3411 tilium:
2915 3353 3057 3409 Vidit
3100 3353 3318 3408 ancilla
3347 3353 3526 3423 ﬁlium

1890 3450 2165 3504 ludentem
2211 3465 2333 3503 cum
2362 3448 2478 3517 ﬁlio
2507 3462 2603 3500 suo
2651 3447 2822 3510 Isaac,
2856 3451 2906 3498 et
2933 3442 3075 3497 dixit
3116 3440 3187 3496 ad
3216 3439 3490 3496 Abraham
3510 3456 3529 3493 :

1888 3539 2039 3611 Ejice
2065 3537 2327 3591 ancillam
2356 3538 2408 3589 et
2451 3534 2628 3604 ﬁlium
2672 3534 2825 3603 ejus;
2877 3547 2986 3586 non
3032 3530 3182 3585 enim
3212 3530 3386 3585 haeres
3422 3528 3528 3583 erit

1890 3627 2039 3696 ﬁlius
2086 3625 2311 3680 ancillae
2366 3640 2489 3677 cum
2537 3622 2651 3691 ﬁlio
2682 3637 2797 3675 meo
2855 3622 3006 3675 Isaac
3032 3617 3193 3690 (Ibid.
3259 3616 3295 3670 9
3324 3624 3375 3672 et
3412 3615 3524 3689 40).

1888 3715 2114 3770 Durum
2145 3713 2254 3768 hoc
2282 3712 2474 3766 visum
2502 3709 2744 3765 Abrahaa
2775 3713 2918 3771 erat,
2953 3710 3017 3763 ut
3070 3706 3307 3776 ejiceret
3343 3703 3527 3759 ﬁlium

1889 3820 2086 3868 suum,
2117 3801 2253 3856 licet
2279 3816 2413 3855 eum
2444 3814 2619 3870 quem
2652 3800 2990 3868 susceperat
3007 3811 3075 3850 ex
3097 3791 3426 3849 vernacula.
3461 3792 3531 3847 Et

1889 3894 1950 3944 tu
1984 3888 2099 3944 noli
2126 3892 2181 3944 te
2214 3887 2455 3941 miscere
2487 3883 2728 3953 ancillae,
2782 3901 2853 3939 ne
2899 3880 3190 3952 suscipias
3236 3896 3305 3936 ex
3333 3878 3434 3934 illa
3460 3878 3530 3933 ﬁ-

1890 3978 2059 4041 lium,
2090 3981 2146 4030 et
2177 3991 2318 4029 uxor
2345 3979 2447 4027 tua
2497 3990 2611 4029 non
2662 3973 2919 4043 patiatur
2959 3968 3318 4025 cohaeredem
3359 3964 3528 4020 illum

1892 4065 2012 4120 tilio
2044 4080 2151 4118 suo
2182 4062 2327 4116 fieri.
2360 4061 2535 4116 Vides
2565 4060 2720 4115 enim
2751 4058 2887 4113 hinc
2931 4054 3073 4111 solvi
3117 4053 3366 4126 gratiam
3399 4068 3528 4107 ma-

1890 4150 2170 4208 trimonii.
2197 4149 2362 4203 Certe
2393 4149 2442 4201 si
2483 4147 2760 4210 incidisti,
2811 4150 2868 4199 et
2916 4143 3095 4199 habes
3146 4140 3355 4206 filium,
3387 4139 3530 4209 ejice

1893 4240 2164 4295 ancillam
2198 4241 2255 4291 et
2279 4236 2463 4290 tilium
2497 4238 2644 4306 ejus.
2680 4232 2889 4288 Melius
2918 4236 3007 4287 est
3028 4228 3184 4286 enim
3216 4232 3281 4283 ut
3317 4225 3532 4282 ancilla

1893 4344 2070 4402 quam
2105 4342 2245 4381 uxor
2258 4323 2504 4388 recedat,
2534 4326 2590 4377 et
2612 4319 2767 4376 filius
2791 4318 3010 4374 ancillas
3033 4332 3209 4388 quam
3230 4313 3532 4388 legitimus

1894 4416 2177 4489 ejiciatur.
2212 4411 2372 4477 Quod
2408 4411 2456 4467 si
2489 4409 2866 4471 dubitaveris,
2894 4407 2942 4463 si
2964 4402 3383 4475 contempseris
3401 4417 3535 4458 uxo-

1895 4506 1976 4561 ris
2019 4508 2131 4559 tuze
2179 4499 2525 4557 sententiam
2581 4504 2637 4553 et
2684 4497 2898 4552 durum
2944 4493 3049 4549 tibi
3096 4492 3285 4547 visum
3337 4489 3530 4553 fuerit,

156 4574 236 4663 9:90
283 4599 409 4667 fect,
442 4574 602 4653 dicit
657 4597 916 4652 Dominus
969 4595 1101 4666 (lsu,
1144 4612 1289 4661 LXVI,
1349 4593 1452 4664 9)?
1481 4574 1788 4659 —Quamvis
1815 4598 1867 4669 D
1895 4592 2036 4649 dicit
2084 4589 2186 4646 tibi
2235 4589 2387 4644 Deus
2432 4587 2585 4657 quod
2637 4583 2783 4640 dixit
2827 4587 2883 4638 et
2913 4578 3215 4669 Abrahae,
3257 4577 3412 4669 quod
3452 4574 3534 4669 illi

157 4681 217 4735 ad
246 4664 566 4759 synagoga:
600 4684 834 4740 illudyet
861 4664 1127 4738 Ecclesiae
1183 4683 1527 4755 mysterium
1569 4684 1788 4740 dictum
1815 4664 1855 4669 —
1897 4682 2053 4738 enim
2085 4679 2248 4745 dixit,
2278 4676 2384 4732 tibi
2428 4675 2591 4741 dicit,
2655 4678 2712 4729 et
2769 4670 3045 4759 omnibus
3106 4666 3433 4759 dicitnNon
3463 4664 3536 4717 sit

155 4773 460 4845 accipiatur
485 4793 501 4842 ;
537 4774 677 4845 quia
698 4777 753 4828 et
772 4772 1080 4845 Synagoga
1102 4776 1301 4842 partus
1323 4770 1535 4826 habere
1559 4771 1787 4841 desivit,

156 4876 267 4928 qua:
297 4860 698 4918 successionis
730 4861 1001 4915 fraudata
1031 4864 1119 4914 est
1168 4860 1517 4930 posteritate,
1567 4864 1623 4914 et
1655 4878 1789 4916 con-

154 4951 397 5020 gregatio
458 4951 769 5005 nationum
827 4965 955 5018 quee
1014 4946 1232 5001 sterilis
1281 4950 1404 5001 erat
1452 4962 1583 5001 cum
1608 4947 1792 5003 Deum

157 5035 455 5105 ignoraret,
512 5043 718 5109 partus
771 5036 985 5091 habere
1030 5034 1265 5106 cmperit
1316 5040 1580 5089 aeternos.
1633 5035 1795 5091 Unde

222 5180 328 5251 (51)
385 5180 508 5235 Hoc
559 5175 1078 5251 estperuciatibus‘
1109 5192 1210 5251 seu
1275 5176 1615 5251 tormentis;
1648 5192 1793 5251 qua;

164 5246 280 5303 ideo
310 5246 645 5322 quaestiones
676 5246 1121 5322 dicuntur,quia
1141 5247 1199 5302 in
1229 5247 1421 5302 causis
1452 5246 1797 5318 capitalibus

159 5318 345 5398 ρετ-φ
374 5323 596 5398 veritas
628 5321 835 5398 quaerit
865 5318 1053 5398 solet._
1097 5386 1108 5398 ⁸

222 5392 330 5463 (52)
375 5393 554 5447 Rom.
624 5388 762 5447 edit.
841 5406 975 5463 cum
1039 5388 1229 5442 tribus
1295 5403 1464 5463 mss,

160 5458 415 5534 nis,quod
443 5464 735 5529 Geramm,
771 5468 879 5517 etc.
912 5460 1055 5534 Vet._
1088 5475 1222 5534 cum
1271 5458 1421 5522 aliis,
1476 5460 1567 5513 sed
1606 5462 1796 5534 muni—

159 5530 328 5599 tionis,
363 5540 478 5589 etc.
516 5534 764 5600 Melius;
799 5548 913 5586 non
967 5530 1122 5585 enim
1172 5530 1484 5583 obscurum
1530 5536 1619 5583 est.
1658 5531 1798 5599 quin

158 5601 209 5654 8.
242 5606 326 5657 vir
373 5608 627 5660 Gerares
676 5605 813 5659 velit
859 5602 1095 5657 eosdem
1144 5617 1293 5661 esse,
1345 5617 1411 5653 ac
1451 5600 1798 5667 Gerasenos,

160 5689 298 5745 quos
329 5684 538 5750 septas
566 5676 651 5732 vel
678 5678 941 5733 muratos
966 5672 1442 5743 interpretantur.

1536 5389 1762 5443 monitio
1774 5419 1795 5430 -

1898 4771 2099 4826 durum
2127 4769 2251 4822 ante
2276 4773 2325 4820 te
2354 4765 2427 4819 de
2456 4778 2625 4831 puero
2676 4765 2725 4816 et
2770 4760 2835 4815 de
2876 4757 3104 4813 ancilla.
3152 4753 3348 4811 Omnia
3385 4766 3531 4821 quae-

1899 4871 2110 4927 cunque
2137 4854 2342 4909 dixerit
2370 4852 2474 4905 tibi
2504 4850 2661 4915 Sara,
2700 4847 2834 4901 audi
2871 4861 3049 4900 vocem
3095 4842 3211 4913 ejus
3230 4838 3541 4927 {quoniam

1902 4949 1959 5002 in
1992 4925 2143 5001 Isaac
2188 4939 2465 4996 vocabitur
2508 4937 2609 4991 tibi
2653 4950 2837 4990 semen
2878 4930 3038 5003 (Ibid.
3092 4930 3201 4994 12).
3234 4925 3537 4992 Nusquam

1902 5030 2039 5089 alibi
2071 5028 2251 5085 dixit:
2285 5025 2432 5080 Audi
2486 5039 2683 5077 vocem
2735 5019 2930 5076 uxoris
2981 5022 3114 5081 tute,
3163 5010 3278 5067 nisi
3328 5007 3442 5073 hic,
3481 5007 3542 5061 id

1978 5172 2087 5240 (33)
2131 5170 2260 5221 Vat.
2294 5163 2421 5219 cod.
2470 5161 2762 5225 recusavit,
2809 5166 2868 5212 ut
2928 5154 3177 5226 impleret
3218 5146 3543 5204 mandatum

1910 5246 2444 5393 00(64).0Economia
2474 5301 2568 5357 hic
2598 5301 2751 5355 idem
2800 5301 2909 5362 est,
2962 5298 3136 5365 atque
3181 5286 3362 5345 divini
3406 5300 3544 5341 con-

1910 5383 2023 5438 silii
2056 5383 2145 5434 dis
2190 5383 2381 5431 ositio.
3493 5425 3526 5438 η

1983 5452 2091 5518 (55)
2152 5397 2282 5502 Edit
2329 5458 2536 5518 omnes
2553 5457 2570 5518 ξ
2630 5437 2952 5518 nic__hon_os
3000 5447 3121 5518 "quo
3191 5440 3552 5518 seglpcoprtts

1906 5496 2280 5581 cmizwn’iend-ent
2321 5496 2473 5570 uiris.
2520 5511 2658 5565 Mss.
2712 5496 3173 5581 Thema-Turn.
3241 5496 3549 5581 et'.Valc.,

1914 5575 2027 5653 iiii;
2076 5575 2274 5646 bonum
2319 5601 2421 5658 quo
2472 5599 2547 5655 se,
2596 5586 2705 5638 etc.
2746 5579 2857 5635 Alii
2893 5575 3171 5650 quinque,
3214 5575 3282 5625 ut
3325 5575 3386 5623 in
3414 5581 3553 5622 con-

1919 5673 2100 5725 textu.
