3878 6208
348 470 467 534 467

1802 463 1866 527 S.
1914 456 2290 525 AMBROSII

3612 447 3717 513 468

354 611 444 666 est
472 602 656 664 fecisti
688 601 963 678 injuriam
1000 602 1158 661 uxori
1191 604 1303 658 tuae
1334 604 1390 658 et
1418 618 1532 657 non
1568 597 1870 671 mittigasti
1907 594 1989 651 af-
2022 597 2076 662 Α
2106 594 2192 665 git
2224 590 2451 665 pietatis
2492 588 2708 646 aculeis
2753 593 2810 645 et
2857 585 2961 643 ﬁlii
3006 600 3217 643 nomen
3268 582 3491 640 addidit
3525 582 3595 640 ad
3624 600 3712 639 no-

356 696 571 752 t‘ectum
603 696 752 766 ejus,
801 692 1110 765 suscepisti
1157 709 1225 748 ex
1273 690 1484 747 ancilla
1532 687 1740 755 tilium,
1794 690 1991 741 etnon

357 784 656 841 honorasti
690 783 885 840 uxoris
916 782 1122 837 ﬁlium.
1148 779 1445 851 Numquid
1484 783 1671 850 potest
1692 776 1751 830 in
1775 772 1996 830 ancillas

358 872 477 931 ﬁlio
499 889 697 928 semen
728 876 895 927 tuum
927 870 1161 927 vocari?
1193 869 1317 925 Non
1352 868 1593 938 utique;
1632 866 1689 919 in
1736 861 1997 935 legitimo

360 962 519 1018 enim
566 961 683 1017 ﬁlio
730 977 865 1017 vera
911 960 1205 1017 successio
1252 962 1359 1014 est.
1408 956 1516 1011 Sed
1566 953 1802 1018 vereris,
1859 950 2000 1022 quia

360 1050 517 1105 ﬁlius
543 1054 681 1105 tuus
714 1053 821 1117 est,
855 1065 926 1104 ne
956 1050 1099 1104 torte
1128 1047 1348 1118 ejectus
1396 1045 1642 1100 intereat
1691 1045 1864 1111 atque
1898 1055 1996 1093 oc-

360 1138 535 1194 cidat.
567 1138 693 1194 Non
725 1137 777 1193 ei
809 1136 993 1192 deerit
1022 1152 1151 1191 mea
1198 1134 1404 1208 gratia.
1456 1132 1671 1188 Omnes
1715 1127 1818 1184 alit
1844 1128 1999 1183 Deus

365 1231 582 1294 noster,
611 1225 871 1282 suﬁ’ulcit
917 1225 1239 1286 universos,
1289 1228 1345 1277 et
1391 1222 1588 1293 justus
1636 1222 1692 1273 et
1721 1218 1996 1288 injustos.

365 1315 624 1387 Denique
669 1318 725 1369 et
771 1313 921 1386 pluit
966 1330 1143 1385 super
1181 1312 1374 1382 justos
1418 1317 1475 1364 et
1521 1308 1790 1379 injustos.
1841 1305 2003 1360 Sicut

367 1403 501 1459 fecit
528 1400 819 1457 Abraham
852 1400 1021 1456 facito
1052 1406 1109 1455 et
1135 1404 1218 1454 tu.
1269 1397 1422 1469 Ejice
1470 1394 1769 1455 ancillam,
1820 1396 1886 1447 ut
1912 1407 2001 1446 se-

369 1508 509 1547 cura
536 1506 681 1545 uxor
709 1493 765 1545 et
794 1489 1075 1544 inoffensa
1105 1491 1339 1542 maneat
1374 1483 1551 1539 domi.
1608 1480 1762 1552 Ejice
1811 1484 1869 1535 et
1896 1496 2002 1533 an-

369 1578 513 1636 cilla
539 1579 748 1644 ﬁlium,
780 1582 844 1633 ut
875 1594 989 1633 non
1018 1576 1230 1632 habeat
1248 1571 1601 1630 hereditatis
1619 1568 2005 1631 consortium,

370 1668 472 1741 qui
503 1685 615 1724 non
649 1666 824 1722 habet
852 1665 1093 1738 originis
1119 1662 1508 1736 privilegium.

892 1772 1046 1827 304
1067 1769 1302 1825 CAPUT
1327 1766 1477 1822 VllI.

371 1862 743 1918 Abrahamum
789 1862 930 1916 Deus
986 1860 1139 1913 varie
1191 1860 1382 1922 tental,
1440 1852 1531 1909 sed
1584 1852 1829 1907 maxime
1887 1849 2012 1922 dato

2106 700 2238 738 men
2272 680 2719 736 necessitudinis
2750 682 2806 733 et
2846 676 2961 733 vim
2993 674 3229 731 amoris.
3281 673 3404 729 Non
3456 673 3593 728 satis
3621 689 3713 745 pu-

2105 772 2247 827 tavit
2276 771 2490 826 dixisse
2531 768 2737 836 ﬁlium,
2780 766 3069 839 adjungit,
3114 764 3553 821 amantissimum
3580 778 3719 833 quem

2106 860 2357 917 dilexisti
2404 862 2549 914 Isaac
2582 857 2740 929 (Ibid.
2790 862 2863 925 2).
2925 855 3074 920 Quid
3122 857 3210 909 est
3258 856 3409 924 quod
3438 851 3551 906 ait:
3582 868 3718 922 quem

2105 950 2475 1005 dilexisti:et
2526 963 2637 1002 non
2689 945 2854 1013 dixit,
2906 960 3083 1015 quem
3133 941 3373 1013 diligis?
3423 939 3720 995 Possumus

2107 1038 2349 1110 quidem
2383 1036 2462 1091 uti
2494 1035 2567 1090 ad
2599 1033 2997 1090 defensionem
3029 1030 3344 1102 Scriptura;
3374 1027 3719 1085 consuetudi-

2109 1143 2181 1183 ne
2210 1126 2437 1193 divinzs,
2472 1124 2608 1196 quia
2650 1121 3004 1195 praeteritum
3052 1119 3397 1192 plerumque
3444 1116 3601 1190 ponit
3636 1133 3722 1189 pro

2108 1215 2372 1271 venturis
2400 1212 2488 1269 vel
2522 1211 2925 1285 praesentibus,
2961 1213 3026 1264 ut
3069 1208 3126 1262 in
3176 1205 3481 1279 Evangelio
3528 1205 3719 1261 habes:

2111 1306 2219 1360 Hic
2247 1307 2325 1359 est
2354 1303 2527 1358 Filius
2553 1317 2701 1356 meus
2729 1299 3139 1365 dilectissimus,
3174 1297 3238 1352 in
3287 1311 3393 1367 quo
3449 1294 3725 1366 complaint

2112 1392 2318 1465 (Matth.
2352 1408 2435 1458 ιιι,
2474 1391 2580 1460 17),
2613 1405 2747 1445 cum
2778 1387 2982 1458 utique
3006 1401 3236 1457 semper
3262 1382 3319 1437 in
3354 1382 3495 1439 Filio
3526 1381 3725 1455 placeat

2114 1483 2300 1537 Pater.
2335 1481 2401 1535 Et
2422 1479 2479 1533 in
2516 1476 2746 1534 Psalmo
2779 1477 2957 1531 habes
2988 1493 3000 1530 :
3063 1475 3215 1529 Dixit
3272 1474 3535 1528 Dominus
3564 1473 3719 1527 Domi-

2114 1586 2186 1625 no
2229 1584 2367 1638 meo,
2416 1567 2547 1623 Sede
2600 1584 2634 1620 a
2687 1565 2894 1620 dextris
2943 1565 3078 1618 meis
3126 1562 3296 1634 (Psal.
3338 1578 3456 1628 cxx,
3508 1562 3575 1629 1).
3615 1575 3728 1615 cum

2120 1674 2351 1728 semper
2381 1656 2599 1711 sedeat.
2655 1654 2974 1709 Possumus
3004 1657 3198 1706 tamen
3231 1656 3289 1706 et
3321 1650 3731 1705 amantissimum

2120 1746 2194 1801 ad
2238 1760 2489 1817 praesens
2536 1742 2817 1814 accipere,
2869 1745 2928 1796 et
2974 1755 3129 1811 quem
3169 1739 3427 1795 dilexisti
3472 1738 3539 1793 ad
3583 1737 3653 1802 id,
3684 1742 3734 1792 ut

2123 1850 2239 1890 non
2279 1832 2491 1888 recenti
2542 1830 2798 1905 quodam
2848 1828 3104 1901 impulsu
3154 1827 3377 1884 amoris
3420 1827 3519 1883 sed
3558 1824 3734 1880 inclito

790 1913 919 2001 lilii
948 1932 1240 2015 praecepto.
1294 1913 2008 2015 ‘ﬁjusdefmermce‘ptifE
2042 1950 2088 2015 Β
2125 1923 2224 1978 diu
2251 1926 2309 1978 et
2337 1921 2579 1993 probato
2610 1936 2803 1975 amere
2851 1917 3210 1991 signiﬁcaret
3256 1915 3555 1973 dilectum.
3597 1913 3735 1978 Quod

441 1991 802 2083 gymnw’fb“:
830 1991 1241 2083 επρὲηάιιηέαηι,
1277 1991 1345 2052 σε*
1377 1991 2008 2083 ρενΐεσὲᾁμρξιτῖξιξζ
2042 1991 2088 2015 υ
2120 2011 2276 2066 enim
2326 1991 2397 2065 ad
2447 2015 2682 2080 tempus
2729 2012 2994 2079 augetur,
3048 2006 3119 2061 ad
3167 2012 3407 2077 tempus
3452 2003 3735 2061 resolvitur

444 2061 745 2130 bbedientia
775 2074 835 2127 in
863 2061 979 2141 eius
1015 2061 1343 2141 profectione
1377 2061 1483 2120 ἀρ’
1527 2061 1737 2134 reliquo
1796 2061 2007 2141 sacriﬁ-

442 2148 520 2200 cii
547 2148 815 2215 apparatu
847 2135 1178 2215 declaratur.
1238 2145 1531 2215 Postremo
1553 2144 1666 2215 post
1701 2135 2013 2215 expositum

444 2206 770 2287 mysterium
797 2216 863 2287 in.
904 2215 1075 2287 ariete
1103 2211 1290 2287 Isaaci
1310 2211 1436 2287 _vic_e
1480 2207 1660 2287 oblato
1687 2206 2009 2287 ﬁguratum,

448 2275 608 2342 tertia
630 2286 959 2357 proponitur
987 2282 1227 2354 ejusdem
1256 2278 1558 2335 Abrahami
1587 2275 1905 2332 benedictio.

446 2375 536 2429 66.
579 2374 646 2429 Et
689 2376 896 2445 factum
938 2375 1015 2427 est
1057 2378 1174 2441 post
1222 2368 1340 2425 haec
1388 2366 1569 2431 verba,
1622 2366 1760 2419 Deus
1790 2362 2015 2418 tentavit

377 2462 652 2518 Abraham
681 2461 833 2533 (Gen.
862 2475 1000 2525 χχιι,
1034 2459 1086 2530 1)
1116 2498 1131 2513 .
1189 2456 1375 2511 Aliter
1403 2455 1557 2510 Deus
1612 2455 1815 2517 tentat,
1850 2449 2016 2505 aliter

377 2549 667 2607 diabolus.
698 2549 974 2605 Diabolus
1003 2550 1189 2603 tentat
1219 2549 1282 2599 ut
1310 2543 1575 2609 subruat,
1610 2540 1763 2596 Deus
1830 2542 2019 2594 tentet

378 2643 445 2695 ut
472 2643 726 2696 coronet.
760 2638 1020 2709 Denique
1070 2635 1341 2708 probatos
1372 2631 1482 2687 sibi
1509 2634 1715 2685 tentat.
1762 2628 1926 2683 Unde
1963 2630 2021 2681 et

379 2728 557 2785 David
589 2727 764 2784 dicit:
816 2726 991 2782 Proba
1039 2740 1145 2790 me,
1201 2723 1363 2786 Deus,
1422 2723 1473 2774 et
1530 2722 1678 2773 tenta
1728 2732 1813 2771 me
1848 2716 2017 2786 (Psal.

380 2833 649 2886 cxxxvm,
677 2816 791 2885 23).
826 2816 894 2868 Et
924 2816 1196 2868 sanctum
1224 2806 1523 2863 Abraham
1556 2803 1820 2877 probavit
1863 2806 2017 2869 ante,

381 2906 439 2959 et
468 2903 551 2959 sic
579 2901 857 2958 tentavit:
891 2916 963 2955 ne
993 2899 1042 2954 si
1093 2902 1227 2952 ante
1272 2899 1523 2950 tentaret
1567 2909 1743 2964 quam
1774 2892 2021 2963 probas-

382 2993 491 3057 set,
519 2992 818 3062 gravaret:
855 2986 1119 3059 probavit
1147 3001 1281 3040 eum
1314 2998 1447 3038 cum
1496 2982 1652 3037 exire
1702 2981 1774 3036 de
1805 2979 2024 3035 Cbarra

378 3077 582 3151 jussit,
604 3082 663 3134 et
691 3076 1057 3133 obedientem
1111 3071 1324 3145 reperit
1376 3070 1528 3139 (Gen.
1580 3087 1681 3130 xu.
1736 3068 1849 3137 11).
1883 3072 2022 3121 Pro-

385 3166 542 3223 bavit
591 3181 726 3222 cum
774 3164 907 3219 ﬁdei
960 3161 1131 3218 titulo
1182 3164 1366 3216 fretus
1414 3157 1681 3214 liberavit
1727 3160 2018 3227 nepotem,

386 3270 519 3311 cum
566 3254 638 3310 de
677 3252 873 3325 prada
910 3250 1057 3306 nihil
1104 3249 1295 3321 attigit
1343 3247 1501 3318 (Ibid.
1552 3263 1666 3311 xiv,
1731 3245 1843 3316 16),
1889 3259 2021 3298 cum

2119 2100 2273 2171 quod
2307 2104 2502 2153 autem
2532 2097 2629 2151 diu
2677 2102 2778 2152 aut
2816 2112 3048 2166 semper
3094 2093 3332 2166 placuit,
3393 2093 3505 2150 cito
3535 2090 3731 2148 aboleri

2123 2205 2238 2243 non
2267 2190 2476 2259 potest.
2512 2185 2706 2241 Potest
2734 2188 2792 2239 et
2839 2183 2985 2239 illud
3039 2199 3153 2239 non
3203 2183 3531 2238 absurdum
3560 2180 3735 2243 videri,

2124 2272 2263 2346 quia
2293 2272 2607 2328 morituros
2630 2271 2762 2343 plus
2790 2268 3112 2343 diligimus.
3146 2269 3264 2325 Hoc
3294 2274 3408 2338 est,
3442 2285 3607 2341 quem
3632 2273 3741 2322 ante

2124 2360 2377 2417 dilexisti
2404 2378 2416 2415 :
2463 2360 2633 2431 quasi
2659 2361 2782 2429 jam
2815 2358 3022 2430 diligat
3048 2356 3482 2414 immolandum
3505 2357 3628 2427 (56).
3650 2356 3742 2411 Nec

2128 2450 2309 2505 otiose
2339 2448 2568 2504 addidit
2597 2447 2749 2504 805
2801 2463 3013 2503 nomen
3064 2447 3250 2502 sancti
3303 2446 3490 2514 Isaac,
3524 2445 3625 2501 hoc
3654 2448 3741 2509 est,

2128 2555 2263 2594 eum
2312 2553 2486 2609 quem
2536 2535 2851 2607 suscepisti
2896 2534 2967 2590 de
3017 2546 3193 2591 uxore
3225 2533 3489 2601 unicum,
3521 2529 3746 2602 suscepi-

2131 2627 2205 2682 sti
2237 2626 2296 2681 in
2328 2630 2643 2692 senectute,
2678 2623 2988 2696 suscepisti
3020 2628 3300 2695 tanquam
3331 2622 3470 2678 ﬁdei
3498 2628 3603 2677 tute
3631 2636 3749 2693 prie-

2133 2715 2341 2779 mium,
2392 2713 2922 2769 remunerationem
2974 2728 3216 2784 operum
3268 2716 3530 2778 tuorum,
3574 2724 3746 2765 susce-

2133 2801 2270 2875 pisti
2300 2818 2368 2857 ex
2380 2800 3016 2874 promissioneDei,non
3036 2798 3304 2870 conjugis
3319 2797 3749 2862 fecunditate,ex

2133 2908 2247 2963 qua
2276 2890 2457 2946 alium
2490 2906 2722 2961 sperare
2752 2889 2945 2962 possis
2971 2891 3103 2961 (57).
3135 2888 3341 2961 Oﬂ'eres
3366 2890 3511 2944 mihi
3529 2887 3750 2943 holocau-

2131 2987 2312 3035 stum:
2347 2980 2448 3035 sed
2479 2978 2643 3051 prius
2690 2978 2835 3034 vade
2880 2978 2937 3033 in
2982 2985 3197 3034 terram
3242 2976 3551 3033 excelsam.
3584 2975 3750 3030 Inter-

2133 3066 2371 3138 ponitur
2417 3067 2695 3139 spatium,
2748 3083 2820 3122 ne
2869 3066 3212 3139 praecipitari
3265 3064 3460 3121 subito
3508 3063 3755 3119 videatur

2134 3156 2392 3213 aﬁ‘ectus.
2432 3160 2498 3211 ut
2544 3154 2643 3211 illa
2698 3155 2975 3211 dilatione
3017 3155 3257 3227 obrepat
3299 3152 3535 3226 pietatis
3562 3149 3753 3225 gratia,

2133 3244 2491 3299 desiderium
2525 3243 2723 3315 patris.
2756 3243 3013 3313 Adjecit:
3050 3240 3111 3299 In
3140 3258 3249 3298 uno
3278 3245 3567 3309 montium,
3610 3256 3756 3312 quem

386 3342 660 3415 promisit
677 3307 813 3398 lseni
844 3340 1056 3404 ﬁlium,
1088 3345 1146 3393 et
1192 3307 1527 3392 dum‘esset
1574 3307 2021 3389 centumanno-
2055 3307 2098 3375 θ
2133 3331 2239 3386 tibi
2276 3331 2486 3387 dixero.
2525 3307 2607 3386 .Et
2658 3330 2752 3386 hic
2800 3307 3088 3398 similiter,
3144 3336 3208 3385 ut
3264 3331 3405 3385 dum
3435 3307 3746 3385 ascenderet
3830 3344 3835 3415 1‘

388 3446 542 3496 rum,
574 3428 842 3502 quamvis
884 3429 1038 3484 Sara
1087 3424 1363 3498 genitalia
1410 3422 1805 3479 consideraret
1834 3436 2022 3476 emor-

386 3519 493 3572 tua
518 3517 674 3587 (Ibid.
698 3533 835 3582 xvn,
883 3515 993 3585 19),
1041 3520 1237 3570 tamen
1286 3511 1548 3579 credidit,
1605 3527 1708 3566 nec
1762 3509 1875 3565 ﬁde
1906 3508 2021 3563 hae-

390 3603 603 3669 sitavit,
630 3603 732 3674 qui
761 3607 958 3675 posset
987 3601 1253 3657 haesitare
1298 3601 1520 3656 ratione
1568 3597 1892 3655 sterilitatis
1923 3600 2028 3652 aut

390 3690 745 3749 senectutis:
780 3689 1043 3762 probavit
1069 3705 1203 3744 eum
1248 3687 1483 3758 hospitii
1531 3685 1837 3742 sedulitate
1868 3686 2020 3756 (Gen.

388 3795 550 3845 xvm,
585 3779 610 3834 1
643 3780 693 3835 et
733 3778 867 3848 seq).
918 3776 1229 3832 Probatum
1279 3775 1477 3847 igitur,
1525 3774 1692 3848 quasi
1728 3773 2021 3829 fertiorem

382 3866 730 3924 tentandum
759 3847 985 3937 putavit
1013 3862 1355 3935 majoribus,
1388 3869 1445 3918 et
1464 3847 1819 3934 quibusdam
1842 3860 2021 3933 impe-

382 3955 487 4012 riis
512 3954 864 4011 durioribus.
897 3954 966 4009 Et
995 3953 1102 4008 hoc
1133 3951 1373 4024 quidem
1413 3948 1676 4023 exemplo
1718 3949 2014 4016 docemur,

381 4043 520 4117 quia
548 4042 700 4100 veris
733 4042 1011 4114 probatur
1034 4040 1203 4113 quis:
1240 4043 1500 4096 tentatur
1545 4042 1739 4094 autem
1781 4054 2021 4109 compo-

378 4131 509 4189 sitis
537 4135 591 4187 et
615 4130 786 4187 ﬁctis.
819 4131 946 4186 Non
974 4129 1131 4186 enim
1162 4130 1283 4200 (22,
1317 4145 1373 4199 q.
1405 4130 1459 4192 2,
1493 4143 1620 4199 cap.
1651 4126 1711 4182 Si
1738 4126 2015 4198 quaelibet,

378 4219 411 4293 §
436 4221 554 4276 Non
581 4219 748 4290 enim)
780 4217 1006 4274 volebat
1038 4217 1191 4273 Deus
1224 4214 1517 4271 immolari
1549 4232 1584 4271 a
1611 4219 1776 4288 patre
1806 4213 2016 4281 ﬁlium,

379 4323 487 4363 nec
533 4305 761 4377 impleri
809 4304 919 4360 hoc
960 4319 1177 4359 munus
1235 4302 1481 4367 volebat,
1539 4302 1639 4374 qui
1692 4318 1854 4358 ovem
1913 4318 2017 4373 pro

380 4391 502 4448 ﬁlio
529 4391 948 4453 immolandam
996 4390 1245 4448 obtulit:
1296 4392 1396 4446 sed
1457 4392 1715 4445 tontabat
1744 4390 2015 4446 aﬁ‘ectum

380 4479 589 4552 patris,
620 4479 670 4535 si
696 4478 796 4534 Dei
827 4485 1111 4550 praecepta
1141 4478 1432 4550 praeferret
1479 4478 1619 4544 ﬁlio,
1672 4494 1776 4533 nec
1826 4483 2017 4549 pater-

382 4584 471 4622 na:
535 4565 765 4638 pietatis
831 4566 1317 4637 contemplatione
1368 4566 1483 4621 vim
1528 4566 1850 4622 devotionis
1920 4566 2014 4620 in—
2048 4612 2069 4633 ,

382 4653 654 4710 ﬂecteret.

450 4742 631 4798 67.Et
658 4739 805 4796 dixit
833 4740 903 4795 ad
957 4756 1112 4795 eum:
1173 4741 1476 4809 Abraham,
1529 4743 1804 4798 Abraham
1862 4743 2013 4813 (Gen.

377 4846 519 4902 nn,
553 4827 645 4901 1)!
680 4827 1042 4901 Repetitione
1087 4829 1342 4884 nominis
1388 4836 1641 4885 mentem
1690 4832 1921 4901 excitat,
1957 4837 2018 4887 ut

378 4922 527 4974 esset
558 4916 835 4990 paratior.
885 4916 1144 4988 Denique
1204 4917 1502 4989 respondit
1533 4917 1665 4973 ille:
1724 4922 1856 4976 Ecce
1900 4936 2011 4991 ego.

376 5004 443 5060 Et
471 5004 643 5061 dixit:
685 5004 877 5077 Arcipe
903 5004 1085 5073 ﬁlium
1138 5012 1294 5059 tuum
1340 5006 1801 5074 amantissimum,
1859 5024 2017 5078 quem

374 5091 624 5150 dilexisti
651 5093 825 5161 Isaac,
861 5096 913 5147 et
942 5091 1073 5148 vade
1101 5093 1159 5147 in
1189 5096 1396 5148 terram
1448 5093 1736 5162 excelsam,
1792 5099 1844 5150 et
1880 5097 2015 5168 οπε-

376 5197 461 5238 res
487 5182 637 5237 mihi
663 5181 825 5236 illum
867 5182 1240 5237 holocaustum
1289 5181 1348 5235 in
1396 5197 1503 5236 uno
1525 5184 1813 5250 montium,
1859 5202 2017 5255 quem

375 5268 479 5323 tibi
524 5268 715 5324 dixero
746 5268 914 5339 (Ibid.
969 5269 1020 5337 1,
1067 5269 1145 5339 2).
1194 5266 1317 5323 Non
1382 5267 1522 5324 sinit
1569 5270 1823 5325 otiosum
1886 5289 2015 5328 esse

380 5355 651 5412 allectum
681 5356 884 5427 patris.
920 5361 965 5409 A
995 5355 1279 5428 principio
1311 5372 1444 5413 cum
1476 5358 1741 5413 stimulat
1769 5364 1826 5415 et
1863 5378 2012 5432 pun-

426 5510 791 5593 Plures
823 5529 964 5593 mss.
988 5517 1045 5567 et
1064 5519 1290 5593 cuncta:
1332 5515 1474 5593 edit.
1493 5559 1506 5584 ,
1561 5520 1879 5593 qugsijam
1903 5538 2015 5593 non

374 5579 574 5656 diligat
604 5583 1016 5656 immolandum.
1047 5586 1121 5637 At
1141 5584 1368 5656 meliori
1415 5579 1591 5643 sensu
1622 5579 1815 5656 Corb.,
1848 5591 2008 5647 Colb.

375 5653 434 5730 et
461 5649 606 5734 Maz.
639 5653 1006 5734 negationem
1039 5653 1351 5734 omittunt;
1385 5661 1447 5734 ut
1498 5663 1688 5734 pat_et_
1722 5649 1812 5715 ex'
1838 5679 2009 5734 supe-

375 5721 630 5777 rioribus
663 5721 873 5787 verbis,
897 5724 1027 5792 quia
1054 5725 1349 5779 morituros
1372 5721 1829 5797 plus'diligimus.

2134 3509 2405 3565 deﬁceret
2433 3510 2715 3565 intentio:
2751 3508 2893 3564 dum
2920 3514 3204 3580 quareret
3235 3515 3494 3564 montem
3525 3508 3742 3569 discere,

2134 3598 2458 3654 dedisceret
2486 3602 2852 3669 apparatum.
3225 3664 3231 3670 ,

2205 3688 2294 3739 68.
2338 3686 2667 3758 Exsurgens
2716 3691 2912 3741 autem
2951 3702 3065 3741 non
3116 3684 3307 3742 solum
3357 3685 3623 3759 sequenti
3648 3684 3741 3739 die.
3834 3674 3835 3685 “

2133 3774 2234 3829 sed
2264 3775 2438 3829 etiam
2470 3772 2748 3839 diluculo,
2781 3778 2845 3829 ut
2874 3773 3144 3830 attulisse
3191 3791 3304 3829 nox
3352 3791 3547 3831 moras
3576 3771 3743 3829 studio

2132 3862 2461 3918 festinantis
2489 3861 2672 3933 patris
2702 3861 3031 3917 videretur:
3079 3862 3281 3918 Stravit
3337 3865 3554 3918 asinam
3588 3876 3739 3920 suam,

2129 3956 2179 4007 et
2210 3952 2442 4021 sumpsit
2468 3966 2650 4005 secum
2678 3950 2810 4006 duos
2830 3966 3027 4021 pueros
3062 3959 3114 4007 et
3171 3952 3325 4006 Isaac
3379 3952 3559 4021 [ilium
3583 3964 3739 4012 suum,
3834 3934 3835 3937 “

2128 4047 2177 4095 et
2204 4038 2437 4095 concidit
2467 4039 2619 4109 ligna
2648 4038 2716 4093 ad
2753 4038 3127 4094 holocaustum
3173 4038 3328 4106 (Gen.
3371 4057 3513 4104 χχιι,
3552 4039 3625 4109 5).
3651 4036 3736 4093 Do-

2128 4144 2329 4183 cemur
2358 4132 2562 4199 parata
2582 4127 2781 4182 omnia
2809 4127 2879 4181 ad
2913 4126 3267 4183 sacriﬁcium
3296 4128 3521 4183 deferre
3548 4146 3560 4194 ;
3593 4124 3742 4181 disci-

2131 4233 2263 4271 mus
2294 4215 2465 4270 etiam
2497 4221 2843 4287 apparatum
2875 4214 3143 4271 sacriﬁcii
3191 4220 3250 4272 et
3297 4215 3605 4273 ministerii
3634 4230 3739 4269 mu-

2134 3436 2333 3486 senex,
2394 3419 2809 3492 infringeretur
2877 3419 3153 3491 impetus,
3219 3418 3466 3475 lassaret
3516 3418 3743 3478 dextera,
3834 3382 3835 3447 ἶ

2134 3509 2405 3565 deﬁceret
2433 3510 2715 3565 intentio:
2751 3508 2893 3564 dum
2920 3514 3204 3573 quareret
3235 3515 3494 3564 montem
3525 3508 3742 3569 discere.

2128 4321 2240 4359 nus
2271 4304 2376 4375 ipsi
2410 4303 2575 4359 nobis
2605 4302 2916 4372 vindicare,
2950 4320 3065 4359 non
3097 4302 3368 4376 delegare
3399 4304 3548 4361 aliis.
3583 4303 3739 4358 Senex

2123 4391 2438 4460 Abraham,
2472 4397 2528 4446 et
2555 4390 2713 4446 dives
2744 4391 3053 4462 pecoribus
3085 4397 3260 4463 atque
3289 4392 3599 4448 abundans
3639 4404 3738 4444 ser-

2126 4480 2422 4548 vitiorum,
2471 4497 2584 4535 non
2634 4479 2899 4551 quesivit
2948 4480 3263 4535 comitatus
3331 4482 3425 4536 sui
3488 4479 3735 4553 agmina:

2086 4616 2089 4619 .
2124 4569 2250 4640 ipse
2278 4583 2510 4639 quoque
2541 4567 2699 4639 ligna
2727 4566 3002 4634 concidit,
3037 4573 3093 4624 et
3126 4569 3408 4640 obsequia
3438 4569 3651 4639 majora
3678 4561 3742 4616 vi-

2045 4663 2093 4729 Π
2124 4657 2288 4712 ribus
2319 4656 2445 4712 suis
2476 4672 2588 4711 non
2623 4655 2955 4711 intermisit.

2193 4746 2281 4800 69.
2321 4744 2469 4800 Venit
2516 4752 2698 4799 autem
2741 4743 2811 4799 ad
2863 4745 3041 4801 locum
3091 4761 3251 4815 quem
3301 4744 3447 4800 dicit
3485 4745 3639 4807 Deus,
3665 4738 3740 4793 di!

2126 4834 2284 4887 tertio
2304 4831 2466 4903 (Ibid.
2500 4831 2578 4901 4).
2614 4831 2683 4886 Et
2728 4846 2863 4886 cum
2914 4831 3145 4888 duobus
3189 4831 3313 4904 ipse
3353 4835 3559 4888 tertius
3589 4828 3736 4903 proﬁ-

2124 4921 2381 4988 ciscitur,
2415 4920 2670 4976 hostiam
2703 4937 2870 4976 suam
2902 4937 3101 4976 secum
3135 4921 3376 4989 ducens,
3429 4926 3487 4977 et
3526 4920 3614 4975 die
3643 4920 3736 4971 ter-

2123 5009 2202 5064 tio
2234 5009 2304 5064 ad
2330 5008 2523 5065 locum
2571 5008 2842 5064 sacriﬁcii
2883 5010 3057 5065 venit.
3099 5009 3383 5065 Salutaris
3431 5008 3527 5065 hic
3557 5020 3735 5063 nume-

2127 5114 2225 5153 rus
2270 5102 2327 5152 et
2385 5097 2733 5153 conveniens
2796 5096 3230 5153 sacriﬁcaturis.
3289 5097 3547 5170 Denique
3596 5090 3734 5148 etin

2124 5186 2543 5257 posterioribus
2596 5187 2822 5258 Moyses
2869 5186 3011 5241 dicit
3040 5187 3108 5241 ad
3159 5186 3518 5242 Pharaonem
3567 5194 3733 5254 regem

2122 5274 2388 5346 Egypti:
2430 5275 2580 5329 Viam
2610 5276 2779 5329 trium
2810 5274 3027 5330 dierum
3080 5274 3303 5341 ibimus,
3364 5283 3416 5329 et
3453 5267 3734 5329 immolabi-

2121 5379 2243 5417 mus
2272 5363 2498 5418 Domino
2532 5363 2633 5417 Deo
2662 5367 2866 5427 nostro,
2896 5364 3037 5419 sicut
3055 5362 3199 5419 dixit
3227 5363 3382 5420 nobis
3411 5359 3601 5430 (Exod.

2365 5520 2448 5575 Ita
2481 5538 2622 5576 mss.
2658 5521 2851 5591 Corb.,
2885 5521 3135 5604 Qolb_.net
3164 5521 3307 5604 Ma_z.
3337 5519 3452 5575 Alii
3474 5534 3599 5574 vero
3619 5526 3729 5604 qua]

2121 5585 2314 5664 editis,
2353 5608 2577 5664 sperare
2622 5608 2729 5647 non
2776 5585 2968 5664 possis.
3020 5593 3215 5649 Minus
3264 5592 3429 5655 bene,
3477 5585 3732 5664 cumbam

2122 5659 2412 5736 pendeant
2442 5678 2473 5717 e
2495 5659 2789 5734 prioribus
2810 5663 2961 5730 istis,
2988 5680 3097 5719 non
3116 5665 3364 5734 conjugis
3401 5659 3728 5734 fecunditate.
