3878 6208
167 397 273 463 469

1425 396 1527 461 DE
1569 394 1956 460 ABRAHAM
2000 396 2150 460 LIB.
2198 396 2247 460 1.

3428 398 3547 463 470

166 554 266 605 vm,
297 536 401 608 27).
432 535 502 592 Et
553 537 702 592 recte
750 532 922 591 tertio
970 530 1061 590 die
1107 530 1435 589 celebratur
1478 528 1779 585 Trinitatis
1811 530 1861 595 Α
1892 529 2074 585 Pater.
2111 530 2215 599 Qui
2262 533 2405 588 dixit
2436 551 2453 588 :
2486 530 2628 602 Quid
2674 533 2773 599 vis,
2802 530 2899 603 ﬁli
2923 530 3075 605 (Gen.
3111 547 3248 600 χχιι,
3280 528 3379 604 7)?
3408 530 3546 587 Pul-
3612 556 3615 557 ν

171 627 517 684 sacriﬁcium.

220 717 299 770 70.
329 717 389 771 Et
439 715 731 786 respiciens
778 712 1059 767 Abraham
1111 711 1281 767 oculis
1338 710 1480 765 vidit
1538 710 1714 765 locum
1759 723 1793 761 a

162 807 295 873 longe
324 804 472 873 (Gen.
508 820 647 868 xvii,
678 801 752 873 4).
788 799 1044 857 Sollicita
1092 798 1351 871 explorat
1382 797 1481 869 qui
1523 812 1797 883 properat

161 892 397 965 implere.
427 891 705 957 Quamvis
730 888 974 945 senilem
1004 888 1199 945 studio
1221 886 1499 942 celeraret
1519 887 1788 969 gradum,

159 988 329 1037 tamen
358 981 466 1036 hoc
496 995 693 1035 serum
727 982 940 1052 putans
972 978 1333 1049 praecedebat
1365 975 1549 1031 oculis
1584 994 1596 1031 :
1634 975 1789 1043 vige-

162 1071 284 1126 bant
326 1067 691 1142 singulorum
726 1067 917 1123 ofﬁcia
964 1066 1387 1135 membrorum,
1417 1064 1554 1119 licet
1585 1063 1793 1119 senilia

161 1158 402 1215 membra
450 1174 566 1212 non
616 1159 857 1228 possent
885 1155 1099 1227 vigere.
1134 1153 1290 1209 Solet
1341 1153 1598 1209 hebetari
1630 1152 1790 1207 visus

156 1263 361 1313 unum,
393 1250 455 1300 ut
486 1246 665 1301 etiam
698 1244 1024 1317 propinqua
1056 1261 1169 1299 non
1205 1243 1370 1299 facile
1405 1241 1787 1315 conspiciant.

154 1336 241 1392 Hic
272 1352 379 1391 non
410 1333 606 1389 solum
629 1333 769 1389 vidit
792 1332 1008 1399 locum,
1035 1332 1136 1387 sed
1163 1332 1337 1387 etiam
1366 1330 1537 1404 longe
1564 1330 1789 1403 positus

163 1424 381 1494 aspexit.

210 1514 292 1566 71.
324 1512 438 1567 Nec
480 1510 771 1566 dubitavit
798 1508 1036 1576 vidisse,
1079 1509 1178 1564 sed
1231 1509 1311 1564 ait
1361 1508 1557 1581 pueris
1615 1507 1738 1563 suis
1773 1526 1784 1562 ε

163 1600 326 1657 Sedete
354 1600 443 1655 hic
471 1616 599 1655 cum
644 1601 799 1655 asina
831 1617 849 1654 :
879 1615 972 1671 ego
1001 1606 1183 1654 autem
1212 1606 1266 1653 et
1306 1614 1447 1669 puer
1490 1597 1790 1669 pertransi-

153 1690 318 1745 bimus
348 1705 525 1760 usque
555 1689 718 1749 illuc;
750 1697 800 1743 et
830 1705 947 1743 cum
993 1688 1425 1757 adoraverimus,
1460 1694 1794 1741 revertemur

162 1779 220 1834 ad
245 1795 328 1834 vos
356 1777 521 1845 (Ibid.
561 1778 636 1849 5).
664 1777 866 1833 Merito
906 1780 1081 1849 typus
1110 1775 1169 1831 in
1202 1776 1387 1841 asina,
1419 1775 1558 1847 quia
1603 1779 1660 1830 et
1704 1790 1792 1831 vc-

150 1868 271 1924 ritas
300 1867 357 1922 in
399 1866 569 1938 pullo
616 1866 813 1922 asinae.
848 1867 911 1920 In
944 1866 1051 1921 hoc
1100 1866 1258 1921 enim
1307 1865 1600 1920 animante
1628 1864 1786 1936 ﬁgu-

158 1961 303 2011 ratur
316 1953 578 2028 populus
601 1954 928 2021 gentilium,
955 1956 1086 2008 ante
1108 1953 1266 2009 oneri
1290 1954 1610 2024 subjectus,
1636 1968 1790 2005 nunc

157 2044 362 2100 Christo
388 2043 690 2099 subditus.
720 2043 878 2098 Isaac
912 2059 1045 2115 ergo
1078 2041 1289 2098 Christi
1322 2041 1552 2113 passuri
1585 2044 1673 2096 est
1704 2044 1788 2112 ty-

149 2121 260 2205 pus.
296 2132 469 2188 Venit
523 2132 582 2185 in
629 2131 810 2197 asina,
839 2135 900 2186 ut
929 2131 1258 2186 crediturus
1308 2128 1560 2202 populus
1608 2129 1791 2185 natio-

150 2238 272 2277 num
319 2220 777 2292 signiﬁcaretur.
809 2220 1058 2290 Ideoque
1090 2225 1147 2274 et
1195 2219 1479 2275 Dominus
1528 2235 1660 2273 cum
1713 2219 1782 2272 ad

154 2310 497 2365 subeundam
541 2325 643 2381 pro
690 2307 857 2363 nobis
906 2307 1237 2380 passionem
1283 2306 1522 2370 veniret,
1558 2305 1784 2379 pullum

156 2398 308 2454 asinis
339 2398 534 2463 solvit,
561 2413 732 2468 quem
782 2396 905 2468 ipse
936 2396 1197 2452 consedit
1244 2395 1419 2451 etiam
1465 2395 1666 2450 mitem
1699 2400 1783 2450 at-

158 2503 251 2558 que
290 2489 676 2542 mansuetum
710 2485 844 2556 (58),
871 2486 995 2556 jam
1040 2483 1267 2540 Christo
1301 2502 1409 2539 sua
1438 2489 1601 2555 terga
1629 2484 1784 2539 306

154 2574 488 2629 credentem.
524 2574 687 2637 Quod
719 2579 913 2628 autem
946 2574 1025 2628 ait
1058 2591 1071 2628 :
1104 2575 1214 2641 Ego
1242 2577 1291 2628 et
1328 2589 1466 2644 puer
1506 2581 1781 2643 pertrans-

150 2662 330 2718 ibimus
388 2664 562 2725 viam,
595 2662 958 2716 demonstrat
1009 2662 1163 2732 quod
1223 2678 1337 2716 non
1395 2662 1663 2715 deﬁceret
1720 2661 1778 2715 in

148 2753 289 2806 tanto
318 2753 610 2822 apparatu
642 2753 829 2821 pater,
862 2765 976 2803 non
1020 2750 1245 2805 cederet
1273 2749 1429 2804 ﬁlius
1464 2768 1476 2804 :
1512 2754 1611 2804 aut
1642 2749 1781 2820 quia

150 2838 554 2909 pertransirent
582 2837 816 2910 pietatis
842 2838 1097 2893 remedio
1119 2838 1266 2894 tanti
1296 2838 1567 2894 facinoris
1594 2842 1781 2894 auste-

150 2926 380 2983 ritatem.
425 2926 713 2982 Addidit:
750 2926 825 2982 Ad
870 2943 964 2982 vos
1015 2934 1361 2982 revertemur.
1409 2926 1780 2998 Prophetavit

148 3015 279 3084 quod
311 3014 626 3086 ignorabat
654 3015 765 3086 (22,
796 3031 851 3086 q.
875 3016 928 3080 2,
954 3031 1078 3086 cap.
1104 3016 1167 3071 Si
1194 3016 1452 3087 quaelibet
1480 3014 1510 3087 §
1543 3017 1776 3087 Pr0phe-

143 3104 303 3169 tavit).
329 3104 456 3174 Ipse
490 3101 653 3158 solus
685 3103 1031 3174 disponebat
1060 3103 1268 3167 redire,
1289 3103 1590 3159 immolato
1622 3103 1773 3159 ﬁlio:

147 3190 231 3244 sed
260 3190 546 3246 Dominus
577 3208 752 3262 super
795 3208 859 3246 os
888 3192 1016 3261 ejus
1060 3191 1290 3246 locutus
1320 3197 1411 3247 est
1439 3193 1593 3263 quod
1628 3209 1773 3263 pras-

120 3279 384 3348 -parabat.
416 3250 689 3351 Captiose
721 3281 831 3349 (59)
862 3250 1058 3335 alitem
1106 3250 1773 3351 loquebatur‘cum‘ser-
1805 3250 1847 3317 ρ

145 3365 299 3433 vulis,
339 3384 433 3434 ne,
464 3368 700 3439 cognito
751 3368 1003 3440 negotio,
1052 3368 1362 3439 impediret
1410 3368 1643 3439 aliquis,
1678 3374 1777 3424 aut

148 3455 344 3524 gemitu
376 3456 763 3527 obstreperet,
794 3461 897 3511 aut
927 3456 1085 3512 fletu.

204 3545 286 3598 72.
319 3545 532 3615 Accepit
586 3551 767 3599 autem
826 3545 981 3613 ligna
1035 3546 1357 3616 holocausti,
1411 3551 1462 3601 et
1516 3548 1780 3618 imposuit

146 3631 279 3686 Isaac
322 3634 437 3701 ﬁlio
497 3648 596 3688 suo
625 3649 643 3685 :
677 3635 878 3703 accepit
907 3642 959 3688 et
1007 3636 1189 3704 ignem
1246 3636 1359 3705 ipse
1415 3636 1475 3689 in
1529 3651 1699 3689 manu
1728 3638 1777 3688 et

145 3719 457 3778 machaeram
506 3720 662 3790 (Gen.
714 3738 854 3788 XXII,
884 3722 960 3792 6).
1009 3722 1395 3778 Consecratur
1440 3722 1623 3778 sacris
1667 3722 1776 3777 ho-

146 3807 244 3863 stia
272 3808 639 3875 ministeriis,
678 3814 735 3864 et
764 3811 1208 3866 commendatur
1250 3810 1446 3866 futura
1476 3812 1607 3881 (60).
1642 3811 1776 3874 Quae

147 3895 359 3965 pietatis
414 3898 614 3952 hostia
670 3898 749 3969 pii
810 3904 943 3954 ante
1011 3899 1321 3955 ministerii
1380 3904 1612 3953 vectura
1666 3903 1773 3953 est.

147 3980 306 4055 Ligna
360 3987 525 4041 Isaac
586 3984 694 4040 sibi
745 3987 917 4052 vexit,
950 3987 1217 4043 Christus
1277 3987 1389 4043 sibi
1446 3986 1775 4058 patibulum

145 4073 314 4129 crucis
344 4073 618 4146 portavit.
651 4074 943 4129 Abraham
990 4075 1379 4131 comitabatur
1424 4075 1635 4140 ﬁlium,
1670 4076 1777 4129 Pa-

150 4161 223 4214 ter
246 4161 563 4217 Christum.
587 4162 701 4216 Nec
731 4163 889 4218 Isaac
922 4162 1105 4229 solus,
1136 4180 1241 4219 nec
1271 4164 1445 4218 Jesus
1474 4162 1650 4219 solus.
1679 4164 1779 4218 De-

148 4246 303 4317 nique
335 4250 416 4304 ait
453 4266 468 4303 :
504 4249 691 4303 Solum
722 4267 806 4306 me
851 4251 1195 4321 relinquetis,
1227 4255 1277 4306 et
1305 4268 1413 4307 non
1445 4268 1566 4306 sum
1612 4253 1777 4317 solus,

149 4336 261 4404 quia
291 4339 453 4391 Pater
480 4353 693 4392 merum
722 4342 799 4394 est
830 4340 1007 4409 (Joan.
1040 4356 1154 4403 xw,
1186 4339 1295 4410 3'2).

202 4425 284 4478 73.
318 4426 476 4480 Dixit
506 4429 689 4481 autem
736 4429 887 4481 Isaac
914 4426 984 4481 ad
1013 4428 1286 4482 Abraham
1332 4436 1545 4499 patrem
1571 4444 1734 4482 suum
1763 4461 1780 4495 _-

203 4544 305 4615 (58)
335 4546 553 4602 Omnes
612 4549 776 4610 edit.,
822 4566 981 4620 quem
1040 4552 1152 4620 ipse
1206 4554 1536 4607 conscientia
1592 4552 1780 4606 mitem

146 4608 677 4690 atoue'qmansuetum
717 4608 845 4690 jam
873 4608 1082 4676 Christo
1129 4638 1228 4675 sua
1278 4630 1427 4690 terga
1472 4621 1777 4678 credentem
1808 4608 1857 4674 D

144 4687 454 4763 ascenderat.
508 4689 609 4763 His
659 4687 943 4746 accedunt
989 4693 1209 4747 Theod.
1248 4698 1304 4747 et
1355 4687 1507 4749 Vale.
1543 4700 1776 4763 excepto

146 4757 280 4823 quod
302 4761 763 4836 p_ro__credeutem
812 4763 1150 4836 ascenderat,
1184 4763 1277 4836 hic
1311 4764 1470 4836 legit,
1503 4757 1778 4820 cedent-em

144 4830 378 4904 fomerlit,
414 4830 530 4904 ille,
579 4834 910 4904 praebentem
938 4836 1081 4904 fecit.
1120 4834 1179 4888 In
1233 4835 1341 4889 hoc
1369 4830 1439 4889 'ei
1491 4837 1778 4890 consentit

147 4892 306 5021 ἔσθε.
331 4892 432 5024 lqqi
464 4892 669 4958 cetera
700 4921 829 4959 cum
864 4892 994 4959 aliis
1021 4911 1275 4977 quatuor
1306 4905 1536 4960 lectioni
1566 4911 1775 4960 nostrze

178 4983 203 5021 s
230 4985 321 5024 ιοιι
351 4988 383 5024 a
416 4989 501 5024 ur.

149 4980 501 5039 astipulatur.

207 5040 309 5109 (59)
354 5042 622 5118 captiose,
675 5044 732 5099 id
789 5051 895 5118 est,
948 5051 1015 5100 ut
1064 5051 1227 5101 notat
1284 5046 1480 5118 glossa
1537 5048 1775 5111 decreti,

148 5118 298 5171 caute,
344 5114 627 5168 nimirum
688 5131 758 5169 ne
815 5117 1082 5171 videatur
1110 5114 1459 5172 Ambrosius
1512 5119 1779 5174 docuisse

146 5178 416 5261 Abraham
452 5185 728 5261 simulate
760 5193 859 5261 aut
900 5189 1257 5261 mendaciter
1286 5189 1567 5261 locutum.
1601 5190 1778 5243 Fcere

150 5253 549 5331 ﬁtquideurqui
586 5257 727 5331 nihil
761 5259 919 5311 aliud
968 5258 1058 5331 his
1091 5260 1347 5331 Doctoris
1376 5260 1552 5331 nostri
1588 5262 1778 5315 verbis

150 5324 446 5402 signiﬁcari
472 5324 916 5402 contenderent,
950 5329 1061 5383 nisi
1095 5329 1154 5385 S.
1190 5330 1580 5402 patriarcham
1617 5347 1777 5385 men-

152 5391 642 5473 titum‘es‘se,quod
680 5404 881 5473 contra
904 5391 1169 5456 mentem
1190 5391 1615 5456 dissimulandi
1651 5420 1784 5457 cau-

382 5466 614 5551 Ilocu'tus
649 5485 661 5522 :
698 5470 1092 5551 prophaatasse
1119 5475 1536 5551 ‘autemkquod
1578 5490 1780 5551 verum

150 5531 336 5607 dixerit
381 5537 511 5594 licet
564 5531 847 5597 nesciens.
881 5541 983 5598 His
1026 5541 1302 5599 Melchior
1349 5531 1567 5607 Canus,
1601 5544 1704 5599 lib.
1742 5563 1779 5599 ιι

151 5601 212 5686 Pp
256 5606 360 5686 loe._
392 5610 575 5686 theol.,
628 5630 674 5686 ᾳ.
729 5613 785 5686 4,
832 5614 1166 5686 subscribit.
1203 5615 1316 5669 Nec
1366 5601 1565 5669 tamen
1612 5621 1782 5686 putes

150 5669 269 5730 hinc
298 5669 573 5743 Abrahae,
590 5669 791 5753 pietati
823 5685 1140 5757 quicquam
1190 5686 1454 5753 detrahi;
1503 5669 1636 5740 cuni
1685 5669 1780 5742 ve;

1901 622 2065 674 satur
2097 620 2326 692 pietatis
2345 622 2642 678 vocabulis
2664 623 2888 695 patrius
2910 622 3170 688 allectus,
3194 626 3250 677 et
3273 620 3547 677 fluctibus

1901 708 2256 778 quibusdam
2287 710 2422 767 hinc
2453 716 2627 783 atque
2668 713 2803 767 inde
2850 712 3136 766 tunditur.
3174 709 3353 765 Filius
3381 713 3549 764 vocat

1902 800 2124 867 patrem
2160 815 2173 852 :
2207 802 2371 870 pater
2417 799 2577 866 dicit,
2610 802 2738 865 Fili,
2773 804 2837 856 ut
2878 800 3004 872 ipso
3046 799 3356 855 verborum
3408 814 3549 853 sono

1902 901 1965 940 se
1996 891 2372 959 recognoscat
2404 894 2566 960 pater
2597 908 2609 944 :
2643 906 2818 961 quam
2866 888 3228 961 impossibile
3259 891 3345 943 est
3376 891 3440 942 ut
3470 886 3548 941 fe-

1901 974 2014 1029 rire
2045 976 2247 1047 possit,
2274 979 2443 1049 cujus
2476 994 2537 1033 se
2565 978 2788 1033 vulneri
2822 978 3111 1049 subjicere
3141 979 3383 1049 Optaret.
3419 976 3549 1030 Haec

1900 1064 2138 1119 nomina
2168 1065 2293 1120 vitae
2325 1065 2514 1121 solent
2560 1067 2785 1139 operari
2817 1068 3089 1138 gratiam,
3122 1083 3234 1121 non
3283 1065 3547 1120 ministe-

1901 1151 2051 1207 rium
2099 1155 2304 1209 necis:
2339 1154 2459 1209 haec
2508 1155 2792 1210 vocabula
2835 1154 3077 1210 incitare
3125 1154 3196 1209 ad
3246 1153 3544 1225 pietatem,

1900 1256 2014 1295 non
2047 1241 2119 1295 ad
2151 1246 2398 1298 mortem
2431 1242 2636 1299 solent.

1969 1330 2058 1383 74.
2093 1331 2329 1385 Addidit
2361 1333 2522 1387 Isaac
2568 1332 2767 1387 dicens
2802 1350 2813 1387 ε
2848 1334 2978 1388 Ecce
3007 1333 3178 1403 ligna,
3210 1330 3306 1386 ubi
3332 1337 3407 1385 est
3435 1332 3547 1384 ovis

1900 1418 1960 1471 in
1990 1416 2361 1473 holocaustum
2391 1420 2572 1490 (Ibid)
2594 1425 2620 1474 .9
2659 1422 2728 1475 Et
2773 1420 2868 1475 hic
2915 1421 3225 1492 prophetat
3253 1434 3543 1484 sermone,

1900 1522 2014 1560 non
2073 1507 2334 1561 scientia.
2396 1508 2529 1563 Ovis
2586 1509 2742 1563 enim
2802 1527 2835 1563 a
2892 1509 3136 1565 Domino
3192 1508 3263 1563 ad
3322 1506 3546 1562 sacriﬁ-

1901 1596 2056 1650 cium
2114 1596 2450 1668 parabatur.
2495 1590 2830 1669 Respondit
2881 1596 3135 1668 denique
3192 1595 3463 1651 similiter
3493 1599 3547 1649 et

1898 1683 2191 1738 Abraham
2243 1702 2255 1739 :
2296 1686 2437 1739 Deus
2482 1686 2780 1756 providebit
2825 1685 2935 1740 sibi
2980 1702 3131 1741 ovem
3179 1684 3250 1739 ad
3293 1685 3545 1739 holocau-

1899 1776 2060 1840 stum,
2120 1773 2205 1841 ﬁli
2242 1773 2426 1845 (Ibid.)
2485 1774 2823 1829 Inﬁexibilis
2881 1792 2915 1829 a
2972 1774 3166 1828 studio
3223 1772 3547 1828 devotionis

1903 1862 2173 1917 minister
2208 1878 2408 1918 vocare
2454 1862 2638 1918 ﬁlium
2693 1863 3026 1934 frequenter
3074 1880 3186 1917 non
3235 1862 3433 1928 timet;
3466 1862 3548 1917 ita.

1901 1954 2025 2005 erat
2055 1950 2394 2006 intentionis
2426 1951 2716 2007 soliditate
2749 1952 3029 2007 fundatus
3064 1970 3075 2006 :
3110 1956 3167 2005 et
3197 1951 3307 2006 hoc
3338 1967 3401 2006 se
3432 1966 3547 2005 mc-

1900 2037 2102 2095 liorem
2134 2044 2357 2111 patrem
2408 2040 2670 2112 putabat,
2703 2041 2810 2094 hoc
2841 2040 2950 2096 sibi
2984 2040 3041 2094 in
3084 2056 3334 2112 perenne
3378 2055 3543 2093 man-

1899 2143 2103 2183 surum
2148 2128 2455 2199 judicabat
2502 2128 2712 2194 ﬁlium,
2746 2129 2792 2183 si
2841 2146 2974 2184 eum
3028 2127 3358 2183 immolaret
3405 2128 3541 2182 Deo.

1899 2219 2020 2271 Non
2059 2216 2247 2272 solum
2281 2221 2472 2272 autem
2505 2218 2613 2272 hoc
2645 2217 3024 2289 prophetavit,
3053 2218 3205 2288 quod
3238 2215 3432 2271 statim
3457 2232 3543 2269 ac-

1898 2304 2057 2371 cidit,
2091 2306 2227 2377 quia
2258 2306 2410 2361 Deus
2442 2306 2693 2377 providit
2723 2306 2835 2361 sibi
2867 2324 2967 2378 pro
2998 2306 3157 2361 Isaac
3188 2305 3462 2369 hostium,
3489 2309 3545 2358 et

1896 2393 2150 2447 reddidit
2197 2395 2345 2465 patri
2396 2394 2581 2450 tilium
2635 2412 2648 2448 :
2699 2411 2901 2450 verum
2949 2394 3093 2450 illud
3144 2394 3354 2467 magis,
3388 2393 3543 2465 quod

1895 2498 2008 2536 non
2041 2481 2159 2535 haec
2193 2481 2384 2536 hostia
2412 2483 2620 2537 divina:
2667 2488 2821 2538 esset
2851 2483 3273 2555 dispositionis,
3300 2482 3399 2538 sed
3433 2480 3546 2535 alia

1892 2571 2048 2622 esset
2079 2567 2271 2623 hostia
2301 2585 2477 2640 quam
2511 2570 2664 2625 Deus
2708 2569 2819 2624 sibi
2852 2576 3103 2642 pararet,
3140 2575 3205 2624 ut
3236 2569 3545 2625 mundaret

1892 2656 2090 2711 orbem
2150 2661 2486 2713 terrarum:
2539 2658 2639 2713 illa
2691 2665 2846 2715 esset
2899 2660 3175 2715 omnibus
3232 2657 3541 2729 acceptior,

1891 2750 2126 2817 propter
2156 2763 2332 2817 quam
2367 2746 2531 2802 multi
2577 2751 2768 2818 patres
2816 2748 3088 2802 otl‘errent
3136 2747 3287 2801 ﬁlios
3318 2763 3457 2801 suos
3486 2761 3545 2813 et

1890 2835 2146 2907 separari
2178 2834 2235 2889 in
2271 2836 2380 2890 hoc
2423 2835 2631 2890 szeculo
2662 2853 2696 2889 a
2728 2834 2863 2891 ﬁliis
2911 2853 3023 2890 non
3060 2837 3355 2891 timerent.
3390 2836 3539 2900 Quo-

1890 2924 2034 2979 tidie
2082 2924 2334 2980 offerunt
2380 2928 2574 2996 patres
2604 2923 2755 2980 ﬁlios
2794 2942 2953 2991 suos,
2990 2929 3055 2980 ut
3107 2925 3436 2981 moriantur
3482 2926 3539 2979 in

1889 3012 2138 3081 Christo,
2172 3017 2228 3067 et
2274 3012 2742 3084 consepeliantur
2772 3013 2828 3067 in
2879 3014 3146 3068 Domino.
3180 3013 3390 3081 Quanti
3440 3032 3537 3086 pa-

1889 3105 2029 3166 tres,
2058 3100 2265 3156 occisis
2316 3101 2590 3173 martyrio
2624 3101 2781 3168 ﬁliis,
2812 3101 3059 3157 lzetiores
3106 3102 3177 3156 ab
3207 3118 3406 3157 eorum
3442 3107 3534 3157 tu-

1889 3189 2048 3245 mulo
2080 3194 2437 3244 reverterunt
2456 3191 2468 3244 Ξ

1958 3280 2046 3333 75.
2079 3278 2251 3333 Venit
2279 3278 2573 3333 Abraham
2606 3279 2675 3333 ad
2710 3278 2900 3334 locum
2932 3278 3215 3333 sacriﬁcio
3242 3279 3537 3349 predesti-

1885 3371 2120 3433 natum;
2171 3369 2231 3421 Et
2279 3368 2577 3437 :edi/icavit
2624 3368 2703 3421 ibi
2747 3384 2924 3432 aram,
2974 3376 3024 3422 et
3077 3368 3335 3438 imposuit
3385 3368 3535 3437 ligna

1886 3456 2045 3525 (Ibid.
2076 3456 2404 3524 9}.Quanta
2450 3455 2753 3510 molimina
2790 3454 3169 3521 immolaturi,
3213 3471 3285 3510 ne
3333 3460 3535 3527 raptus

1886 3545 2031 3600 807
2073 3544 2266 3599 subito
2298 3544 2369 3599 ad
2401 3543 2828 3599 immolandum
2869 3544 3296 3599 testimaretur?
3326 3546 3400 3599 Et
3424 3545 3532 3599 col-

1886 3632 2071 3702 ligatis
2118 3633 2373 3686 manibus
2401 3648 2465 3687 ac
2503 3632 2728 3703 pedibus
2776 3634 2926 3688 Isaac
2976 3633 3087 3702 ﬁlii
3130 3635 3236 3696 sui,
3276 3634 3537 3705 imposuit

1886 3736 2011 3775 eum
2036 3722 2097 3775 in
2126 3737 2279 3775 arum
2329 3737 2497 3792 super
2548 3722 2697 3792 ligna
2731 3722 2931 3792 (Ibid).
2962 3719 3150 3776 Nectit
3181 3720 3298 3775 ﬁlio
3349 3720 3532 3775 mani-

1887 3809 1998 3863 bus
2030 3809 2155 3863 suis
2201 3808 2435 3863 vincula
2474 3814 2663 3881 pater;
2701 3826 2771 3863 ne
2818 3809 3160 3881 refugiendo
3211 3808 3367 3864 ﬁlius
3396 3814 3452 3863 et
3480 3808 3533 3861 vi

1888 3897 2042 3969 ignis
2072 3897 2294 3952 excitus
2325 3903 2627 3968 peccatum
2660 3898 2998 3953 incurreret.

1957 3987 2045 4039 76.
2082 3988 2141 4039 Et
2184 3986 2331 4041 dixit
2377 3988 2605 4056 angelus
2636 4006 2653 4040 :
2703 3987 2997 4051 Abraham,
3049 3986 3322 4041 Abraham
3372 3985 3526 4054 (Ibid.

1890 4073 1997 4142 11).
2031 4072 2243 4126 Tenuit
2272 4073 2702 4142 quodammodo
2736 4089 2974 4126 manum
3019 4073 3147 4139 ejus
3180 4071 3376 4125 divina
3407 4088 3530 4137 vox,

1889 4164 1945 4215 et
1974 4160 2180 4214 ictum
2226 4160 2512 4215 vihrantis
2555 4162 2859 4231 occupavit
2912 4161 3176 4215 dexterae.
3211 4159 3322 4214 Nec
3355 4158 3534 4215 semel

1887 4248 2139 4313 vocavit;
2176 4265 2246 4303 ne
2293 4253 2396 4303 aut
2430 4247 2597 4319 plane
2646 4265 2758 4302 non
2809 4247 3057 4312 audiret,
3092 4254 3194 4303 aut
3236 4247 3533 4303 fortuitam

1890 4352 2087 4392 vocem
2121 4341 2368 4406 putaret.
2409 4337 2502 4390 Sic
2551 4337 2852 4404 revocavit,
2877 4337 3371 4408 quemadmodum
3421 4335 3535 4390 im—

1895 4424 2132 4495 peravit.
2156 4424 2442 4496 Repetivit
2473 4441 2688 4491 vocem,
2715 4428 2995 4495 tanquam
3033 4425 3254 4480 veritus
3287 4441 3357 4479 ne
3389 4442 3535 4497 prte-

1891 4553 2080 4606 tcrum
2113 4549 2348 4604 Patrum
2381 4566 2567 4620 usque
2612 4550 2680 4604 ad
2724 4550 3033 4617 Augustini
3084 4556 3348 4621 tempora
3377 4567 3540 4605 com—

1888 4621 2086 4676 munis
2120 4621 2299 4675 ferme
2330 4621 2524 4693 opiuio
2572 4621 2765 4685 fuerit,
2800 4622 2929 4676 boni
2965 4622 3215 4693 alicujus
3244 4621 3328 4678 vel
3364 4622 3537 4677 otlicii

1886 4709 2025 4764 ergo
2058 4693 2290 4764 mentiri
2342 4699 2643 4763 peccatum
2697 4710 2809 4747 non
2860 4710 3006 4748 esse.
3040 4694 3255 4749 Verum
3306 4700 3539 4750 senten-

1888 4763 2029 4817 tiam
2063 4763 2211 4818 hanc
2237 4763 2508 4836 (funditus
2540 4764 2744 4820 evertit
2783 4764 3167 4836 Augustinus,
3204 4764 3293 4819 cui
3336 4782 3541 4819 omnes

1890 4839 2090 4906 postea
2133 4834 2434 4908 suffragati
2459 4841 2624 4908 sunt.
2661 4834 3298 4908 'lfameniAuibrosium
3322 4835 3387 4908 in
3422 4836 3537 4906 pri-

1889 4922 1986 4960 ma
2016 4923 2127 4960 non
2164 4906 2343 4961 fuisse
2375 4907 2647 4976 opinione
2696 4906 2849 4961 haud
2886 4906 3175 4961 illibenter
3204 4906 3534 4970 credimus;

1888 4982 2014 5049 tum
2047 4977 2185 5047 quia
2216 4976 2272 5029 id
2301 4978 2444 5049 satis
2476 4977 2695 5031 indicat
2719 4977 3089 5049 Augustinus
3106 4976 3536 5049 epi_st._82,_tum

1890 5046 2324 5119 quia’Sanctus
2383 5048 2507 5118 ipse
2566 5055 2769 5119 noster;
2814 5046 3443 5119 omnesimulutionis
3474 5063 3539 5100 ac

1890 5117 2174 5189 mendacii
2210 5117 2736 5189 genus’proscribit
2758 5117 2857 5171 lib.
2885 5135 2982 5183 vn,
3009 5117 3218 5189 incap.
3243 5134 3319 5189 im
3350 5119 3536 5189 Lucae,

1888 5195 1946 5243 et
1994 5188 2095 5241 lib.
2130 5205 2190 5242 ιιι
2222 5188 2441 5254 Oilic,
2471 5207 2596 5259 cap.
2631 5189 2682 5242 9.
2716 5195 2889 5259 atque
2946 5188 3104 5242 alibi.
3142 5188 3303 5243 Unde
3362 5188 3540 5243 etiam

1890 5260 1951 5314 B.
1986 5259 2094 5313 Th.
2129 5260 2246 5323 2-2,
2280 5276 2335 5329 q.
2375 5260 2493 5323 llt,
2528 5258 2635 5313 art.
2684 5260 2731 5322 1,
2775 5258 2942 5312 docet
2984 5258 3357 5313 Ambrosium
3408 5259 3539 5313 istic

1890 5330 2233 5401 mysterium
2268 5336 2321 5382 et
2366 5330 2728 5401 prophetiam
2764 5345 3099 5400 agnoscere,
3133 5346 3246 5385 non
3297 5331 3537 5386 menda-

1891 5402 2069 5466 cium,
2105 5408 2206 5454 aut
2241 5400 2697 5455 simulationem.

1961 5472 2073 5541 ((30)
2108 5471 2246 5527 Mss.
2279 5471 2496 5526 Theod.
2546 5477 2613 5544 et
2639 5472 2822 5539 \‘alc.,
2852 5473 3151 5544 mysteriis,
3184 5477 3233 5526 et
3262 5488 3535 5528 commen-

1889 5542 2055 5597 datur
2090 5546 2284 5614 fulm'a
2325 5544 2547 5615 ricta/is
2597 5543 2767 5597 hostia
2816 5542 3074 5615 piiiante
3124 5546 3422 5600 ministerii
3450 5561 3535 5599 vc-

1890 5619 2040 5670 clura
2052 5658 2060 5668 .
