3878 6208
171 370 274 435 H8

1406 368 1510 432 DE
1551 366 1943 434 ABRABAM
1987 368 2139 434 LIB.
2182 369 2233 434 Ῑ.

3403 371 3522 433 474

175 506 264 573 tur,
291 502 407 576 ipse
433 501 537 559 hoc
562 502 804 576 reperit:
827 502 945 560 sive
978 503 1049 560 de
1078 501 1295 560 nostris
1342 503 1464 576 ipse
1495 508 1751 561 transtu-
1786 505 1841 572 Α
1940 505 2027 560 85.
2062 505 2132 561 Et
2155 508 2215 562 tu
2246 503 2569 579 proximam
2602 517 2813 579 quaere.
2846 503 2987 571 Quis
3028 508 3116 561 est
3174 502 3523 577 proximus?

173 592 231 653 lit
250 608 261 648 :
282 592 396 648 sive
417 590 758 649 translatum
793 591 1017 648 invenit
1045 610 1057 648 :

256 742 435 792 Pascite
460 745 516 793 ut
541 746 662 792 ante
689 744 869 805 boves,
904 744 1074 807 pueri,
1107 743 1399 793 submittite
1429 745 1632 807 tauros.

1157 806 1326 870 (Virg.
1360 804 1465 856 Ecl.
1499 810 1556 868 ι.)

225 945 347 1001 Inde
372 950 426 1002 et
450 963 660 1019 pueros
690 947 962 1015 dicimus,
995 948 1228 1020 quando
1280 947 1540 1004 servulos
1583 948 1770 1022 signi—

166 1034 398 1100 ﬁcamus,
431 1052 539 1091 non
593 1040 817 1092 aetatem
874 1037 1284 1109 exprimentes,
1338 1036 1438 1093 sed
1496 1036 1771 1093 conditio-

165 1138 298 1178 nem.

223 1209 301 1265 83.
329 1210 560 1267 Adverte
599 1229 753 1268 nunc
810 1213 1052 1269 virtutes
1111 1212 1247 1268 boni
1307 1212 1800 1285 patrisfamilias,’

163 1300 212 1355 et
234 1300 516 1356 considera
545 1300 822 1373 primum,
846 1302 1004 1375 quod
1027 1318 1264 1368 munus,
1300 1307 1356 1357 et
1384 1302 1475 1358 cui
1511 1303 1765 1359 mandet:

165 1390 219 1441 ut
241 1392 291 1442 et
308 1391 367 1443 tu
394 1388 473 1443 ita
502 1389 776 1444 instituas
803 1389 1084 1457 servulos,
1115 1394 1179 1445 ut
1235 1389 1432 1446 liberis
1490 1391 1609 1446 tuis
1666 1409 1769 1463 pa-

162 1478 364 1532 ternum
394 1477 666 1534 aﬂectum
699 1479 983 1549 deferant,
1016 1484 1073 1534 et
1110 1478 1302 1535 ofﬁcia
1358 1484 1768 1553 exsequantur.

162 1564 587 1622 8091nventus
617 1567 795 1622 estde
837 1567 1107 1635 servulis,
1168 1567 1361 1624 senior
1415 1572 1611 1624 tamen
1668 1569 1767 1639 qui

161 1652 220 1707 ad
244 1669 461 1711 uxorem
504 1655 920 1727 providendum
973 1656 1211 1711 domino
1253 1657 1474 1727 juniori
1530 1656 1769 1729 eligere-

158 1744 255 1807 tur,
282 1745 335 1796 et
361 1742 714 1800 constrictus
744 1748 807 1799 ut
819 1745 1066 1814 juraret,
1093 1744 1347 1800 mitteret
1388 1762 1626 1800 manum
1658 1746 1769 1801 sub

158 1828 323 1886 femur
338 1830 558 1886 domini
593 1830 705 1886 sui.
740 1832 844 1887 Per
876 1832 1065 1887 femur
1119 1833 1552 1904 generationem
1606 1834 1770 1891 intel-
1803 1871 1850 1937 Β

158 1915 351 1937 I!-!__,,,
392 1936 395 1937 ,
445 1936 449 1937 ν
657 1919 691 1937 ι·
873 1924 882 1937 ι
1060 1921 1108 1937 ,ι
1203 1922 1215 1937 ι
1348 1921 1401 1937 nl
1464 1922 1475 1933 ι
1520 1926 1529 1937 ι
1733 1927 1741 1937 ι

158 1915 400 1988 ligimus:
434 1919 731 1993 generatio
789 1924 984 1976 autem
1045 1921 1288 1976 Abrahae
1345 1921 1610 1978 Christus
1662 1927 1769 1980 est.

159 2003 295 2061 Unde
322 2008 636 2079 Apostolus
666 2008 775 2063 ait:
810 2009 1036 2063 Abrahae
1077 2011 1247 2065 dictae
1273 2014 1399 2064 sunt
1453 2013 1773 2081 promis.~io-

157 2109 236 2147 ne:
260 2099 307 2149 et
352 2097 550 2150 semini
574 2096 709 2166 ejus.
765 2098 879 2152 Non
937 2096 1088 2163 dicit,
1146 2106 1199 2152 et
1239 2099 1562 2163 seminibus,
1617 2102 1777 2172 quasi

160 2190 207 2244 in
240 2192 417 2246 multis
439 2210 458 2247 :
483 2192 578 2249 sed
606 2195 747 2248 sicut
776 2195 835 2247 in
865 2210 992 2259 uno,
1024 2200 1075 2249 et
1107 2197 1308 2250 semini
1334 2200 1448 2261 tuo,
1503 2197 1646 2266 quod
1700 2202 1778 2251 est

160 2276 379 2335 Christus
407 2279 608 2351 (Galat.
642 2298 726 2350 III,
759 2282 882 2352 16);
918 2283 1231 2338 ostendens
1261 2282 1580 2355 peripsum
1606 2286 1775 2340 nobis

159 2371 397 2423 sanctum
428 2373 888 2434 sacramentum,
922 2384 1024 2441 per
1047 2371 1239 2443 ipsum
1268 2375 1461 2427 tutum
1492 2371 1772 2431 auxilium

169 2453 286 2511 fore.

215 2544 294 2600 8i.
323 2544 684 2601 Constrinxit
713 2552 907 2603 autem
941 2564 1074 2603 eum
1094 2564 1165 2603 ne
1197 2549 1268 2603 de
1299 2548 1522 2604 semine
1551 2549 1774 2604 Chanao

158 2647 389 2689 nieorum
422 2651 663 2690 uxorem
706 2637 1014 2692 arcessiret
1043 2636 1280 2693 domino
1335 2654 1461 2705 suo,
1525 2654 1775 2708 quorum

155 2722 357 2789 generis
384 2728 593 2778 auctor
631 2727 851 2794 patrem
904 2741 1019 2779 non
1080 2724 1487 2790 honoraverat,
1535 2730 1592 2781 et
1647 2726 1775 2781 ideo

153 2807 557 2866 maledictionis
589 2811 986 2867 bareditatem
1018 2813 1351 2868 transmisit
1391 2813 1449 2868 in
1499 2830 1676 2869 suos:
1714 2818 1778 2868 ut

152 2911 549 2969 cognoscamus
584 2899 778 2964 ﬁdem,
807 2904 865 2956 et
895 2902 1212 2972 quamdam
1252 2901 1651 2957 hereditatem
1705 2902 1775 2958 de

150 2986 376 3043 auctoris
405 2988 683 3060 prosapia
738 2988 796 3043 in
827 2989 901 3044 iis
931 2989 1364 3061 requirendam,
1426 3007 1575 3060 quos
1606 2990 1775 3046 nobis

152 3072 397 3131 volumus
426 3077 765 3149 adiungere.
802 3078 946 3133 Cum
971 3082 1174 3132 sancto
1196 3078 1351 3133 enim
1374 3081 1613 3133 sanctus
1633 3078 1772 3145 eris,

150 3161 342 3217 etcum
374 3180 644 3235 perverso
677 3164 1040 3236 perverteris.
1064 3164 1122 3220 Si
1153 3164 1263 3220 hoc
1294 3165 1354 3219 in
1379 3165 1531 3233 aliis,
1555 3170 1771 3237 quanto

1889 592 1995 661 Qui
2019 596 2167 665 fecit,
2199 594 2410 667 inquit,
2466 594 2905 651 misericordiam
2960 594 3106 665 (Luc.
3166 611 3222 660 x,
3282 594 3396 665 37).
3460 593 3518 647 In

1887 682 2191 754 Evangelio
2222 683 2329 739 hoc
2361 684 2504 739 dixit
2532 683 2814 738 Dominus
2864 683 3054 739 Jesus.
3112 683 3180 738 Et
3208 686 3271 736 tu
3328 679 3517 753 proxi-

1885 788 2040 827 mam
2117 772 2360 828 seminis
2411 772 2652 827 Abrahae
2711 770 2960 843 require,
3019 775 3076 826 et
3131 769 3518 843 propinquam

1884 860 2128 931 proximi
2160 862 2264 916 tui.
2298 866 2503 916 Semen
2537 860 2779 915 Abrahm
2811 859 3079 916 Christus
3112 863 3217 926 est,
3250 859 3374 930 ipse
3433 863 3522 912 est

1882 950 2181 1022 proximus
2211 949 2497 1017 omnium,
2531 948 2628 1020 qui
2663 965 2839 1020 super
2875 965 3078 1004 omnes
3112 948 3245 1003 fecit
3292 947 3519 1002 miseri-

1880 1039 2161 1105 cordiam,
2221 1037 2431 1093 tollens
2489 1041 2790 1110 peccatum
2851 1037 3075 1092 mundi.
3116 1037 3279 1092 Disce
3314 1035 3522 1091 deinde

1880 1127 2019 1197 quiol
2054 1128 2107 1181 in
2144 1144 2316 1182 uxore
2349 1130 2676 1197 quaeratur:
2713 1143 2827 1181 non
2860 1142 3090 1191 aurum,
3137 1142 3253 1180 non
3312 1136 3521 1196 argen:

1877 1220 2004 1270 tum
2036 1216 2300 1288 quaesivit
2326 1214 2642 1280 Abraham,
2672 1231 2786 1269 non
2818 1214 3239 1286 possessiones,
3264 1213 3362 1269 sed
3388 1229 3523 1285 gra-

1876 1305 2019 1359 tiam
2053 1306 2214 1360 bonze
2253 1304 2488 1360 indolis.

1947 1395 2035 1447 86.
2071 1392 2285 1448 Deinde
2314 1392 2706 1463 interrogatus
2736 1391 2783 1449 si
2817 1391 2995 1447 nollet
3038 1393 3231 1447 venire
3291 1390 3522 1458 mulier,

1878 1486 2220 1537 utrumnam
2250 1498 2315 1536 eo
2348 1481 2536 1536 filium
2581 1480 2803 1536 domini
2844 1481 2935 1536 sui
2989 1482 3261 1536 duceret:
3304 1481 3525 1536 Attende

1876 1571 1997 1635 tibi,
2032 1571 2242 1641 inquit,
2276 1587 2343 1625 ne
2375 1585 2583 1625 revoces
2640 1570 2821 1639 ﬁlium
2867 1587 3049 1625 meum
3089 1570 3205 1624 illo.
3262 1570 3524 1624 Dominus

1876 1659 2016 1714 Deus
2045 1660 2166 1713 caeli
2196 1662 2246 1713 et
2275 1659 2414 1713 Deus
2445 1661 2606 1713 terra;
2635 1660 2839 1729 accepit
2898 1674 2983 1713 me
3027 1658 3091 1711 de
3138 1657 3296 1714 domo
3342 1660 3521 1728 patris

1876 1747 2005 1813 mei,
2038 1754 2088 1801 et
2115 1746 2180 1801 de
2210 1750 2358 1801 terra
2389 1747 2447 1800 in
2486 1762 2593 1816 qua
2643 1753 2817 1813 natus,
2867 1762 3008 1815 sum,
3058 1748 3157 1817 qui
3198 1746 3405 1801 locutus
3449 1748 3527 1801 est

1877 1836 2019 1890 mihi
2045 1844 2096 1890 et
2116 1836 2350 1907 juravit,
2399 1835 2613 1889 dicens:
2681 1835 2799 1890 Tibi
2852 1835 2988 1890 dabo
3032 1837 3237 1889 terram
3292 1834 3433 1890 hanc
3478 1842 3526 1889 et

1881 1924 2080 1979 semini
2108 1932 2240 1987 tuo;
2270 1925 2382 1995 ipse
2435 1926 2611 1978 mittet
2640 1924 2897 1994 angelum
2952 1941 3115 1978 suum
3170 1931 3296 1978 ante
3350 1927 3420 1989 te,
3475 1931 3527 1977 et

1882 2016 2112 2084 accipies
2140 2015 2293 2069 Ilo
2322 2015 2439 2083 ﬁlio
2471 2029 2587 2069 meo
2646 2029 2872 2069 uxorem
2925 2014 3069 2069 inde.
3131 2014 3277 2082 Quod
3330 2015 3383 2069 si
3428 2028 3526 2068 no-

1885 2105 2056 2158 tuerit
2085 2106 2256 2158 tecum
2301 2104 2488 2157 venire
2538 2103 2742 2157 mulier
2796 2106 2857 2157 in
2902 2106 3107 2157 terram
3158 2103 3317 2163 hanc,
3356 2117 3529 2173 purus

1883 2193 1991 2247 eris
2023 2192 2388 2260 ajuramento
2419 2197 2514 2245 hoc
2546 2189 2697 2253 (Gen.
2732 2208 2882 2253 xxxv,
2925 2191 3065 2259 6-8).
3098 2191 3220 2253 Quo
3265 2190 3530 2262 proficiat

1884 2280 1993 2335 hoc
2025 2280 2332 2335 considera
2360 2278 2720 2345 diligentius.
2756 2279 2877 2332 Non
2927 2279 3060 2333 licet
3104 2279 3209 2333 tibi
3270 2279 3529 2350 accipere

1885 2368 2295 2439 alienigenam.
2339 2369 2489 2424 Sane
2519 2369 2565 2423 si
2617 2367 3005 2423 Christianam
3055 2384 3118 2421 se
3167 2366 3358 2436 faciat,
3412 2366 3531 2421 lau-

1885 2457 2016 2510 dem
2052 2456 2293 2511 habebis
2320 2473 2389 2511 ex
2418 2474 2485 2512 ea
2518 2500 2530 2511 .
2564 2457 2644 2511 Ne
2677 2461 2731 2511 te
2781 2472 3014 2528 quoque
3072 2456 3120 2510 Si
3181 2450 3531 2512 recusaverit

1885 2545 2214 2601 Christiana
2236 2544 2378 2607 ﬁeri,
2402 2546 2662 2600 studium
2691 2544 3028 2616 nuptiarum
3048 2561 3080 2598 a
3105 2544 3215 2598 fide
3240 2543 3527 2608 deflectat,

1887 2632 2125 2688 instruit
2172 2631 2359 2687 lectio.
2431 2632 2723 2687 Abraham
2773 2635 3115 2703 sequentem
3171 2630 3378 2686 deduci
3428 2630 3528 2685 ad-

1888 2721 2131 2787 monuit,
2208 2720 2554 2776 residentem
2624 2737 2737 2776 non
2797 2719 3004 2792 expeti,
3057 2736 3160 2775 nec
3217 2736 3281 2775 eo
3342 2717 3529 2773 tilium

1887 2828 2060 2866 suum
2096 2826 2353 2882 pergere.
2385 2802 2535 2864 sane
2558 2808 2787 2864 Domini
2819 2809 2907 2863 sui
2941 2808 3042 2879 qui
3066 2825 3127 2863 se
3159 2809 3230 2863 ab
3275 2807 3529 2862 incolatu

1884 2903 2047 2953 terra»
2079 2899 2136 2952 in
2169 2915 2284 2970 qua
2315 2897 2637 2963 habitabat,
2670 2896 3008 2959 abduxerat,
3042 2912 3157 2950 non
3195 2896 3528 2950 defuturam

1887 2986 2368 3053 misericordiam,
2442 2990 2507 3042 ut
2579 2985 2808 3057 praeiret
2875 2984 3069 3039 studio
3124 2984 3407 3056 petitoris,
3475 2986 3534 3039 et

1885 3074 2088 3147 puellae
2120 3074 2424 3130 inclinaret
2444 3074 2728 3129 animum.
2750 3072 2925 3140 Quasi
2960 3072 3239 3146 propheta
3259 3072 3368 3127 hoc
3388 3072 3533 3128 dixit

1884 3165 1943 3217 in
1976 3181 2153 3219 causa
2183 3162 2307 3226 lilii,
2329 3168 2385 3218 et
2406 3162 2568 3234 quasi
2594 3162 2831 3218 moralis
2868 3162 3067 3216 doctor
3088 3161 3531 3232 docuitsperare

145 3249 321 3320 magis
347 3251 403 3305 in
435 3252 732 3324 conjugio,
757 3252 858 3307 ubi
890 3267 1009 3307 una
1036 3269 1167 3307 caro
1207 3257 1264 3307 et
1319 3270 1471 3307 unus
1529 3252 1772 3324 spiritus
1804 3227 1848 3295 (δ
1885 3253 1955 3307 de
1985 3252 2253 3317 Domino;
2286 3252 2439 3325 quod
2463 3252 2672 3321 juvare
2700 3250 2974 3322 dignetur
2999 3248 3359 3304 incrementa
3396 3248 3529 3303 fidei

136 3336 259 3390 'estl
286 3339 584 3402 Quomodo
610 3344 805 3395 autem
837 3343 1026 3411 potest
1046 3355 1367 3412 congruere
1396 3339 1671 3407 charitas,
1722 3341 1772 3397 si

150 3422 412 3499 discrepet
442 3428 723 3483 ﬁdes?Et
770 3428 899 3484 ideo
942 3444 1098 3496 cave,
1157 3428 1506 3498 Christiane,
1567 3430 1768 3501 gentili

150 3512 434 3571 autJudaeo
466 3516 653 3570 tiliam
675 3520 835 3571 tuam
854 3517 1083 3573 tradere
1104 3517 1240 3587 (28),
1271 3534 1325 3589 q.
1349 3519 1399 3583 1,
1432 3534 1556 3590 cap.
1582 3518 1768 3591 Cave),

146 3596 289 3668 Cave,
318 3600 589 3675 inquam,
622 3603 897 3677 gentilam
927 3612 1026 3660 aut
1055 3605 1315 3660 Judaeam
1350 3610 1523 3678 atque
1569 3606 1772 3662 alieni-

145 3700 352 3760 genam,
381 3692 489 3748 hoc
529 3696 636 3760 est,
669 3692 1001 3749 hiereticam
1042 3697 1098 3748 et
1153 3710 1387 3749 omnem
1446 3693 1694 3750 alienam
1739 3712 1773 3750 a

145 3771 241 3831 ﬁde
269 3782 362 3834 tua
391 3797 638 3838 uxorem
672 3797 935 3838 arcessas
959 3781 1085 3836 tibi.
1112 3782 1308 3838 Prima
1335 3783 1593 3855 conjugii
1625 3783 1772 3839 ﬁdes

145 3866 404 3924 castitatis
430 3869 630 3942 gratia
658 3874 764 3925 est.
797 3869 856 3925 Si
888 3869 1043 3925 idola
1075 3869 1224 3925 colat
1261 3887 1514 3941 quorum
1565 3872 1770 3942 praedi-

145 3956 330 4009 cantur
358 3957 670 4017 adulteria,
704 3957 753 4011 si
784 3957 1086 4014 Christum
1119 3962 1291 4030 neget
1319 3958 1419 4027 qui
1455 3962 1774 4030 praeceptor

146 4042 193 4092 et
210 4050 604 4101 remunerator
649 4049 737 4099 est
769 4044 1079 4116 pudicitiae,
1113 4045 1403 4116 quomodo
1432 4050 1621 4116 potest
1646 4045 1775 4101 dili-

145 4140 262 4198 gere
289 4132 637 4202 pudicitiam
662 4132 690 4187 ‘I
728 4133 785 4188 Si
820 4133 1150 4188 Christiana
1179 4134 1277 4201 sit,
1324 4150 1439 4188 non
1471 4137 1559 4189 est
1605 4134 1770 4201 satis,

146 4215 242 4270 nisi
270 4220 435 4275 ambo
487 4219 707 4276 initiati
759 4219 893 4275 sitis
950 4225 1318 4276 sacramento
1376 4220 1768 4292 baptismatis.

146 4299 311 4360 Simul
345 4309 416 4363 ad
465 4308 794 4364 orationem
837 4312 1005 4364 nocte
1053 4307 1214 4364 vobis
1254 4308 1613 4380 surgendum
1662 4313 1769 4377 est,

143 4395 189 4443 et
213 4396 541 4466 conjunctis
572 4397 840 4467 precibus
869 4397 1267 4471 obsecramlus
1310 4396 1484 4451 Deus.
1538 4397 1774 4454 Accedit

1882 3344 2262 3412 quaerentem.

1951 3431 2041 3483 87.
2076 3432 2139 3484 Et
2166 3445 2393 3501 surgens
2417 3444 2557 3496 puer
2573 3429 2845 3498 profectus
2874 3435 2951 3483 est
2980 3429 3040 3481 in
3082 3427 3532 3497 Mesopotamiam

1880 3517 2040 3584 (Ibid.
2078 3517 2165 3589 10)
2196 3535 2209 3572 :
2241 3522 2300 3572 et
2322 3518 2493 3587 juxta
2519 3517 2632 3571 voti
2666 3515 2875 3571 seriem
2943 3514 3097 3587 quod
3157 3514 3532 3585 proﬁciscens

1879 3605 2147 3662 servulus
2176 3610 2424 3672 voverat,
2457 3606 2693 3661 occurrit
2721 3606 2773 3660 ei
2795 3604 3037 3670 Rebecca,
3055 3604 3254 3660 habens
3278 3601 3533 3675 hydriam

1878 3712 2041 3767 super
2066 3694 2375 3762 humerum,
2404 3695 2557 3761 virgo
2585 3695 2824 3765 speciosa
2855 3694 3027 3759 valde,
3060 3709 3221 3763 quam
3282 3694 3366 3746 vir
3422 3707 3532 3745 non

1878 3787 2215 3855 cognoverat.
2250 3782 2533 3839 Descendit
2562 3790 2743 3837 autem
2800 3782 2870 3837 ad
2915 3786 3143 3853 fontem,
3189 3788 3239 3834 et
3287 3779 3533 3850 implevit

1882 3870 2161 3942 hydriam,
2188 3870 2343 3925 dedit
2368 3886 2542 3941 puero
2576 3869 2776 3939 bibere,
2807 3870 3111 3941 aduquavit
3140 3884 3321 3923 omnes
3351 3883 3529 3922 came-

1881 3960 1959 4013 los
1987 3962 2108 4021 eius
2138 3958 2296 4030 (Ibid.
2353 3959 2440 4025 i5,
2476 3958 2586 4027 l6).
2617 3957 2778 4013 Unde
2828 3974 2973 4028 puer
3010 3956 3258 4011 Abrahae
3313 3954 3533 4026 accepit

1881 4047 2116 4101 inaures
2170 4062 2373 4100 aureas
2405 4045 2767 4117 singularum
2802 4044 3237 4111 drachmarun‘,
3298 4044 3531 4097 et’duas

1881 4134 2054 4189 virias
2111 4133 2271 4187 dedit
2330 4134 2389 4187 in
2450 4150 2661 4188 manus
2719 4134 2869 4203 ejus,
2933 4134 3129 4187 decem
3217 4146 3528 4185 aureorum

1882 4222 2112 4294 pondus
2143 4237 2367 4287 earum,
2420 4226 2478 4275 et
2505 4221 2773 4291 quaesivit
2814 4222 2885 4276 ab
2939 4237 3006 4276 ea
3062 4220 3108 4274 si
3164 4217 3327 4274 locus
3374 4224 3531 4275 esset

1881 4310 2155 4381 hospitio,
2187 4314 2244 4364 et
2283 4310 2456 4379 cujus
2485 4315 2641 4364 esset
2678 4309 2817 4364 tilia.
2875 4308 3232 4379 Simplicius
3291 4307 3527 4379 quidem

1883 4397 2119 4453 moralis
2149 4395 2512 4468 exprimitur,
2545 4397 2696 4468 quod
2734 4396 2933 4451 nullus
2965 4398 3137 4450 fuerit
3165 4395 3250 4451 vel
3298 4396 3356 4450 in
3391 4412 3527 4450 con-

142 4475 278 4535 aliud
301 4482 534 4557 insigne
564 4484 942 4549 castimoniae,
977 4484 1026 4538 si
1057 4484 1260 4539 credas
1309 4502 1342 4538 a
1372 4484 1487 4539 Deo
1538 4488 1636 4541 tuo
1668 4486 1770 4541 tibi
1874 4485 2025 4558 jugii
2083 4485 2361 4557 petitione
2448 4484 2751 4540 ambitioni
2831 4484 3012 4549 locus,
3073 4485 3172 4540 sed
3244 4483 3528 4540 Dominus

140 4569 273 4635 quod
304 4574 552 4628 sortitus
571 4588 652 4638 es,
684 4570 1024 4644 conjugium
1057 4572 1283 4627 datum.
1318 4571 1481 4627 Unde
1512 4577 1570 4628 et
1618 4574 1775 4630 Salo-
1804 4589 1848 4654 Β
1884 4574 2093 4647 praesul
2158 4574 2412 4645 conjugii
2475 4574 2811 4644 petitionem
2884 4572 3226 4645 impleverit.
3306 4574 3525 4628 Tamen

140 4668 257 4709 mon
299 4660 416 4714 ait:
456 4663 490 4716 ,4
538 4661 665 4727 Deo,
724 4660 939 4731 inquit,
991 4660 1411 4731 praeparabitur
1454 4662 1571 4715 viro
1630 4679 1773 4717 uxor

136 4738 298 4804 (Prov.
355 4763 470 4814 xxx,
552 4748 655 4813 Μ).
698 4748 823 4802 Non
872 4752 1121 4819 possunt
1166 4746 1275 4803 hoc
1333 4748 1597 4820 dispares
1656 4750 1770 4806 fide

138 4830 370 4901 credere,
405 4840 473 4890 ut
502 4836 579 4889 ab
611 4851 679 4891 eo
708 4852 883 4907 quem
917 4852 1032 4891 non
1065 4834 1221 4903 colit,
1255 4841 1418 4907 putet
1461 4836 1573 4891 sibi
1632 4853 1767 4893 con~

138 4918 280 4973 nubii
314 4923 676 4995 impartitam
701 4923 969 4995 gratiam.
991 4922 1158 4978 Ratio
1181 4924 1368 4992 docet,
1389 4925 1489 4979 sed
1515 4925 1769 4997 amplius

135 5008 380 5079 exempla
410 5016 808 5066 commonent.
842 5011 1003 5083 Saepe
1033 5010 1305 5065 illecebra
1335 5011 1638 5067 muliebris
1670 5014 1766 5071 de-

136 5092 270 5165 cepit
295 5097 472 5153 etiam
506 5099 771 5155 fortiores
818 5099 1081 5165 maritos,
1115 5104 1173 5154 et
1219 5114 1252 5152 a
1302 5098 1579 5172 religione
1634 5102 1770 5156 fecit

136 5178 413 5242 discedam
444 5187 547 5256 (II!
574 5190 694 5259 Reg.
753 5206 831 5255 χι,
893 5189 968 5260 4).
1038 5188 1107 5243 Et
1156 5187 1284 5243 ideo
1315 5192 1377 5242 tu
1438 5187 1521 5243 vel
1582 5192 1767 5246 amori

135 5271 376 5338 consule,
410 5275 501 5330 vel
530 5293 784 5332 errorem
814 5293 970 5332 cave.
1007 5275 1268 5331 Primum
1318 5291 1455 5348 ergo
1511 5276 1567 5331 in
1629 5294 1766 5334 con-

1882 4669 2142 4734 spectare
2206 4662 2339 4718 licet
2392 4662 2657 4717 Ecclesiae
2707 4663 3003 4731 mysteria.
3058 4661 3162 4717 Ubi
3236 4659 3529 4716 invenitur

1879 4750 2157 4815 Ecclesia,
2223 4751 2333 4805 nisi
2404 4752 2461 4805 in
2523 4749 2988 4821 Mesopotamia?
3067 4750 3146 4804 lbi
3223 4750 3524 4820 quaeritur;

1878 4840 2012 4895 inde
2044 4838 2380 4904 arcessitur,
2421 4838 2501 4893 ibi
2558 4840 2789 4895 duobus
2849 4838 3101 4910 stipatur
3158 4837 3525 4898 ﬂuminibus,

1876 4927 2105 4983 lavacro
2144 4928 2342 4989 gratiae
2394 4932 2451 4981 et
2493 4929 2629 4981 tletu
2703 4926 3072 4998 pmnitentiae.
3124 4926 3352 4979 Etenim
3412 4924 3523 4979 nisi

1880 5022 2114 5087 peccata
2144 5016 2379 5086 propria
2437 5014 2762 5080 deﬂeveris,
2820 5012 2934 5068 nisi
2993 5012 3243 5084 gratiam
3306 5011 3523 5081 baptis-

1880 5105 2053 5158 matis
2086 5102 2401 5173 acceperis,
2428 5118 2541 5156 non
2575 5102 2680 5156 tibi
2711 5099 3032 5172 acquiritur
3061 5098 3327 5153 Ecclesiae
3354 5098 3520 5165 ﬁdes,

1878 5198 1933 5245 et
1963 5189 2229 5262 quaedam
2262 5189 2586 5260 conjugalis
2618 5189 2825 5260 copula
2882 5190 3014 5261 (66).
3073 5186 3346 5242 Muniunt
3392 5202 3521 5241 eam

1876 5278 2087 5350 Tigris,
2120 5275 2227 5332 hoc
2258 5279 2347 5331 est
2380 5276 2708 5346 prudentia,
2755 5281 2812 5333 et
2870 5276 3211 5349 Euphrates,
3267 5273 3375 5330 hoc
3435 5278 3526 5329 est

126 5355 275 5426 jugin
295 5362 501 5436 religio
550 5366 850 5436 quaeritur.
913 5366 1043 5420 Ideo
1091 5363 1390 5419 Abraham
1442 5366 1765 5437 proximam
1866 5365 2120 5437 justitia,
2155 5371 2212 5418 et
2243 5363 2594 5417 illuminatio
2621 5365 2939 5433 fructuosa,
2972 5384 3007 5420 a
3036 5363 3298 5420 barbaris
3355 5378 3521 5435 sepa-

134 5448 380 5513 quaesivit
411 5451 551 5507 dare
582 5453 701 5508 filio
737 5470 862 5509 suo.

1877 5470 2014 5510 rans
2044 5452 2334 5525 gentibus.

190 5573 297 5652 (εἶθ)
328 5573 471 5652 Mss.
516 5583 784 5647 quatuor.
833 5576 1134 5645 Quamdum
1172 5575 1452 5647 conjugali
1489 5580 1685 5650 copula
1724 5580 1978 5633 muniunt
2024 5593 2166 5643 eam,
2201 5577 2309 5631 etc.
2354 5574 2433 5629 Ex
2491 5575 2707 5646 quibus
2754 5577 2947 5630 tamen
2998 5576 3157 5632 Vale.
3197 5577 3517 5648 praefert...-

131 5648 273 5710 ϐορέα
299 5648 580 5715 muniunt,
613 5655 722 5704 etc.
