3878 6208
378 336 497 402 475

1836 349 1899 412 Β.
1944 349 2317 416 AMBROSII

3629 366 3725 434 476

461 480 549 534 88.
588 481 751 551 l’irgo
784 489 961 541 autem
1000 482 1240 553 speciosa
1278 478 1443 537 valde
1499 479 1655 554 (Ibid.
1712 481 1819 552 16),
1856 483 1983 553 cuju

2136 483 2511 542 manducavit
2563 504 2707 561 puer
2752 488 2993 549 Abrahae
3037 494 3369 569 appositum
3398 494 3715 570 sibipanem,

379 578 644 636 decorem
679 574 840 632 nulla
867 572 1125 643 corrupit
1154 576 1312 626 aetas.
1340 571 1613 642 Speciosa
1663 570 1845 635 valde,
1879 571 2018 643 quia
2128 589 2306 644 quam
2339 576 2683 634 mandatum
2717 580 2941 637 Domini
2972 588 3401 656 exsequeretur.
3435 587 3547 651 Quo
3576 587 3718 658 impe-

378 670 679 741 speciosus
735 671 792 721 et
846 663 938 718 ille
983 681 1096 735 pra:
1159 660 1294 715 ﬁliis
1345 660 1671 725 hominum,
1732 659 1829 731 qui
1887 677 2014 715 eam

379 756 689 829 acquisivit
728 754 860 808 sibi.
915 754 1087 820 Quam
1141 752 1221 804 vir
1266 765 1371 803 non
1422 752 1739 818 cognoverat
1790 748 2011 817 (Ibid):

375 845 521 902 nulli
553 845 708 900 enim
741 843 862 896 viro
923 845 1046 895 erat
1103 838 1313 909 copula
1368 838 1495 906 ejus
1554 838 1685 907 (67),
1746 838 1845 891 sed
1903 836 2008 891 soli

374 924 600 990 Christo
653 932 865 988 debita.
927 928 1193 1001 Hydriam
1260 927 1461 981 habens
1509 942 1672 997 super
1726 926 2013 980 humerum

372 1023 556 1093 (Ibid)
591 1065 605 1087 ,
638 1038 754 1091 qua
782 1019 937 1075 lavat
966 1022 1128 1072 actus
1161 1006 1487 1071 hominum.
1523 1016 1589 1069 Et
1616 1014 1752 1086 quia
1781 1030 1848 1068 ex
1878 1030 2009 1068 con-

373 1113 709 1185 gregatione
740 1108 1045 1181 gentilium
1079 1108 1324 1163 constat.
1360 1121 1474 1173 qua
1507 1120 1643 1158 suos
1666 1103 1821 1167 lavit,
1884 1103 2011 1157 ideo

372 1200 518 1271 legis
551 1199 687 1271 quia
714 1198 985 1253 descendit
1014 1195 1083 1249 ad
1110 1197 1333 1265 fontem,
1367 1197 1417 1248 et
1456 1194 1695 1263 implevit
1756 1191 2011 1262 Iiydriam

371 1295 423 1347 et
477 1289 718 1345 ascendit
763 1286 942 1359 (Ibid,
1002 1286 1107 1353 16).
1160 1283 1527 1338 Samaritana
1576 1280 1673 1334 illa
1729 1279 1905 1334 venit~
1935 1279 2006 1333 ad

370 1381 609 1442 fontem,
643 1376 795 1433 sicut
849 1376 902 1428 in
935 1371 1244 1444 Evangelia
1274 1370 1558 1442 scriptum
1604 1373 1691 1423 est
1719 1371 1895 1436 (Joan.
1931 1385 2007 1434 iv,

366 1470 444 1539 7),
477 1468 577 1523 sed
628 1484 742 1520 non
791 1461 1125 1517 descendit:
1180 1464 1389 1531 puteus
1436 1458 1488 1512 ei
1532 1458 1855 1521 videbatur,
1906 1473 2008 1511 nec

368 1555 629 1628 implevit
648 1552 935 1624 hydriam.
960 1548 1215 1621 Denique
1238 1548 1355 1603 ait:
1379 1547 1649 1618 Hydriam
1671 1564 1784 1600 non
1798 1546 2003 1600 habeo.

364 1647 491 1702 Non
523 1643 778 1699 habebat
806 1641 961 1695 unde
1019 1643 1186 1693 actus
1241 1653 1381 1692 suos
1438 1636 1816 1702 lavaret(63).
1880 1634 2007 1689 Haec

366 1734 492 1791 sola
521 1729 837 1794 descendit,
890 1728 1008 1782 haec
1039 1726 1163 1781 sola
1194 1724 1462 1796 cognovit
1512 1725 1727 1777 fontem
1783 1740 2000 1785 verum,

2126 666 2298 729 trato,
2320 681 2457 720 vasa
2479 682 2655 723 aurea
2674 672 2725 723 et
2752 675 3026 742 argentea
3045 675 3101 727 et
3124 677 3341 729 vestem
3365 675 3515 729 dedit
3541 674 3719 730 Rebec-

2124 765 2221 805 cae.
2256 750 2361 806 Ubi
2394 761 2670 825 sponsata
2700 762 2789 813 est
2818 758 3092 827 Ecclesia,
3138 763 3356 833 accepit
3405 780 3536 818 vasa
3577 779 3720 819 aurea

2122 842 2178 892 et
2207 845 2480 910 argentea
2511 843 2589 911 ,in
2616 844 2830 916 quibus
2862 852 3013 903 esset
3069 848 3380 904 thesaurus
3410 849 3568 915 ﬁdei;
3599 856 3713 906 sunt

2120 926 2334 982 etenim
2366 946 2505 986 vasa
2528 932 2587 986 in
2620 932 2921 1003 honorem,
2953 941 3091 992 sunt
3120 942 3176 993 et
3207 938 3265 992 in
3320 938 3714 993 contumeliam.

2121 1013 2254 1077 Quae
2308 1017 2428 1074 sint
2475 1036 2541 1074 ea
2574 1037 2710 1077 vasa
2757 1023 2933 1079 audi:
2987 1025 3253 1080 Habemus
3316 1031 3612 1082 thesaurum
3674 1030 3718 1081 in

2118 1105 2260 1159 vasis
2295 1106 2556 1174 ﬁctilibus
2586 1110 2661 1180 (II
2690 1110 2810 1167 Cor.
2862 1129 2941 1180 Iv,
2985 1113 3063 1185 7).
3092 1114 3245 1169 Vasa
3292 1114 3486 1170 ﬁctilia
3516 1131 3722 1187 corpora

2116 1195 2317 1248 nostra
2343 1202 2481 1251 sunt
2513 1215 2525 1252 ε
2562 1199 2702 1255 ﬁdes
2736 1205 2933 1257 nostra
2951 1201 3264 1259 thesaurus
3284 1208 3390 1258 est.
3415 1204 3480 1259 Et
3509 1203 3721 1258 fortasse

2108 1280 2235 1350 jam
2303 1284 2477 1340 etiam
2544 1287 2671 1359 ipsa
2706 1305 2943 1361 corpora
2996 1296 3194 1346 nostra
3240 1308 3368 1363 qua:
3417 1290 3724 1346 thesaurum

2116 1367 2295 1425 istum
2328 1372 2565 1441 habent,
2600 1393 2777 1431 aurea
2805 1382 2944 1432 sunt
2972 1377 3110 1451 quia
3139 1383 3277 1434 sunt
3309 1378 3479 1450 plena
3506 1379 3725 1451 pruden-

2115 1460 2208 1515 tiae
2243 1478 2255 1515 :
2291 1466 2349 1516 et
2381 1468 2653 1535 argentea
2684 1482 2820 1521 vasa
2852 1471 3012 1533 sunt,
3046 1483 3173 1538 quae
3222 1461 3491 1522 videntur
3517 1466 3727 1521 manda-

2115 1550 2159 1604 ti
2190 1550 2441 1606 cmlestis
2471 1552 2746 1625 alloquiis
2776 1554 3083 1627 relulgere.
3110 1555 3482 1610 Honorantur
3496 1559 3669 1609 autem
3686 1559 3730 1608 et

2116 1644 2386 1710 parentes
2416 1642 2758 1697 muneribus
2789 1643 2901 1712 (32,
2934 1660 2990 1714 q.
3025 1646 3079 1709 2,
3113 1660 3164 1698 c.
3193 1643 3576 1711 Honoranlur).

2185 1728 2274 1781 9t.
2309 1728 2645 1784 Consulitur
2678 1730 2872 1802 puella
2905 1748 3019 1786 non
3052 1731 3122 1787 de
3151 1730 3562 1804 sponsalibus;
3617 1747 3731 1786 nam

364 1823 473 1879 hoc
504 1826 613 1886 est,
644 1836 758 1874 non
791 1835 951 1889 aquae
977 1816 1212 1881 fontem,
1247 1815 1345 1869 sed
1377 1813 1501 1867 vitae
1548 1816 1792 1880 cateruis,
1855 1811 2008 1866 sicut
2038 1848 2085 1912 Β
2114 1814 2527 1886 illajudicium
2572 1823 2862 1890 exspectat
2912 1823 3242 1890 parentum,
3296 1837 3417 1875 non
3463 1825 3549 1875 est
3598 1818 3729 1875 enim

367 1912 514 1968 dixit
544 1908 759 1965 David:
800 1907 1066 1974 Quoniam
1096 1903 1242 1972 apud
1273 1913 1323 1958 te
1354 1906 1429 1957 est
1457 1904 1580 1972 fons
1638 1903 1788 1967 vita},
1845 1908 1898 1955 et
1951 1903 2005 1953 in

360 2001 570 2055 lumine
597 2001 688 2052 tuo
723 1996 1024 2051 videbimus
1057 1994 1243 2047 lumen
1270 1992 1439 2059 (Psal.
1476 2007 1638 2053 xxxv,
1678 1990 1786 2049 10).
1842 1990 2005 2043 ideo-

362 2105 475 2161 que
504 2087 711 2143 habuit
738 2084 889 2157 quod
923 2084 1085 2138 daret
1128 2079 1484 2142 sitientibus,
1544 2078 1683 2148 quia
1739 2078 2005 2139 credidit,

359 2175 505 2232 Nam
538 2192 665 2245 qua:
695 2190 807 2227 non
841 2171 1130 2234 credebat,
1164 2169 1246 2223 ait
1277 2168 1418 2221 tonti
1449 2166 1585 2221 huic
1628 2165 1836 2221 volenti
1895 2166 2002 2220 sibi

364 2268 568 2336 potum
626 2263 764 2317 dare
810 2261 957 2329 (69):
1023 2258 1170 2315 Unde
1208 2258 1348 2311 mihi
1395 2257 1563 2311 habes
1627 2257 1759 2311 dare
1804 2273 2003 2327 aquam

360 2354 545 2408 vivam
575 2351 751 2422 (Joan.
785 2367 859 2414 IV,
898 2348 1022 2415 ll)?
1053 2346 1181 2401 Hmc
1213 2350 1407 2400 autem
1441 2345 1643 2399 habuit
1675 2346 1828 2400 unde
1888 2362 1999 2400 non

360 2439 552 2497 solum
584 2455 851 2512 puerum,
876 2438 977 2492 sed
1010 2436 1184 2491 etiam
1208 2433 1460 2490 camelos
1476 2434 1813 2504 adaquaret,
1848 2435 1992 2490 8H

357 2546 484 2601 qua:
509 2546 623 2583 non
654 2527 844 2583 solum
867 2527 1063 2597 justos
1094 2524 1281 2596 rigare
1313 2523 1633 2590 consuevit,
1679 2524 1777 2577 sed
1823 2523 1997 2578 etiam

354 2618 608 2689 injustas
637 2615 898 2688 implere.
952 2615 1084 2669 Ideo
1132 2611 1355 2683 accepit
1402 2612 1635 2666 inaures
1683 2627 1890 2666 aureas
1945 2616 2002 2666 et

351 2706 530 2762 virias
560 2706 672 2773 (70)
704 2721 852 2775 quas
890 2702 1055 2757 misit
1110 2699 1423 2761 Abraham,
1484 2703 1764 2770 tanquam
1824 2698 1996 2754 meri-

352 2798 549 2850 torum
579 2809 819 2849 suorum
850 2789 1109 2862 praemia.

424 2882 512 2937 89.
548 2882 815 2936 Fortasse
844 2879 1148 2933 audientes
1180 2876 1319 2942 hazc,
1355 2874 1505 2941 ﬁliae,
1559 2893 1684 2948 quis
1735 2876 1804 2931 ad
1864 2892 1993 2948 gra-

352 2970 495 3025 tiam
527 2968 759 3026 Domini
789 2965 1048 3034 tenditis,
1080 2969 1135 3021 et
1165 2981 1266 3019 vos
1298 2965 1685 3035 provocemini
1706 2968 1763 3019 ut
1790 2965 1995 3019 habea-

350 3059 429 3115 tis
458 3058 693 3114 inaures
723 3061 781 3112 et
811 3056 1005 3123 virias,
1035 3060 1093 3109 et
1121 3053 1325 3109 dicatis
1352 3071 1363 3106 :
1398 3054 1697 3119 Quomodo
1720 3053 1992 3124 prohibes

2118 1905 2419 1978 virginalis
2485 1906 2725 1978 pudoris
2810 1907 3022 1980 eligere
3079 1908 3410 1963 maritum:
3480 1909 3576 1963 sed
3633 1907 3736 1977 jam

2116 1994 2465 2065 desponsata
2500 1994 2617 2050 viro
2648 1996 2720 2050 de
2751 1996 3121 2068 profectionis
3152 1996 3485 2052 consulitur
3506 1996 3611 2051 die.
3641 1996 3736 2050 Nec

2115 2079 2409 2136 immerito
2488 2082 2829 2137 dilationem
2906 2100 3023 2138 non
3070 2082 3306 2150 attulit;
3366 2085 3501 2155 jure
3549 2082 3738 2139 etenim

2115 2185 2424 2241 prOperare
2452 2170 2654 2225 debuit
2682 2170 2752 2225 ad
2786 2170 3081 2226 maritum.
3116 2171 3279 2227 Unde
3317 2172 3471 2227 illud
3529 2171 3734 2243 Euripi-

2112 2257 2285 2312 deum
2320 2258 2474 2330 quod
2501 2259 2791 2314 mirantur
2820 2258 3103 2331 plerique,
3138 2261 3293 2317 unde
3318 2260 3663 2316 translatum
3677 2259 3739 2314 sit

2114 2346 2489 2401 manifestum
2519 2351 2626 2402 est.
2664 2347 2754 2402 Ait
2783 2347 2936 2403 enim
2970 2348 3027 2402 in
3063 2364 3313 2420 persona
3341 2348 3737 2420 mulierisque

2108 2439 2304 2490 tamen
2334 2434 2610 2490 maritum
2639 2434 2865 2492 volebat
2894 2435 3241 2509 relinquere,
3273 2442 3331 2493 et
3365 2439 3438 2494 ad
3486 2436 3626 2493 alias
3652 2453 3737 2509 pe-

2110 2523 2343 2578 tebatur
2373 2524 2639 2595 nuptias:

2387 2631 2756 2696 Νιξμφιυμάιςων
2787 2634 2875 2696 μὲν
2902 2631 3000 2696 τῶν
3030 2630 3159 2695 ἐμῶν
3186 2636 3351 2696 πατὴρ
3384 2633 3498 2696 ἐμὸς

2386 2692 2634 2756 Πέριμναν
2663 2694 2771 2753 ἕξοι,
2789 2692 2848 2741 λη’
2875 2694 2968 2743 οὐκ
2997 2692 3126 2756 ἃμῦν
3154 2692 3336 2757 κρίνειύ
3364 2692 3504 2744 τάδε.

2696 2773 3015 2837 (Eurupides
3044 2775 3098 2823 in
3129 2774 3544 2835 Andromacha.)

2104 2878 2259 2934 812
2290 2877 2405 2934 Hoc
2435 2881 2544 2944 est,
2576 2878 2949 2951 Sponsalium
2988 2880 3225 2951 quidem
3272 2898 3545 2937 meorum
3598 2884 3751 2951 pater

2104 2980 2271 3021 meus
2303 2982 2505 3021 curam
2534 2966 2790 3022 subibit:
2837 2967 2946 3023 hoc
3003 2968 3160 3023 enim
3218 2986 3334 3024 non
3396 2974 3489 3024 est
3537 2983 3749 3023 meum.

2103 3053 2249 3125 Ergo
2280 3055 2431 3126 quod
2463 3060 2519 3110 et
2548 3054 2657 3126 ipsi
2682 3054 3013 3128 philosophi
3073 3056 3270 3112 mirati
3315 3063 3464 3113 sunt
3513 3061 3755 3119 servate,

348 3146 480 3216 hoc,
513 3147 801 3219 episcope,
834 3149 901 3198 ut
948 3143 1094 3198 habe
1112 3159 1269 3197 imus
1299 3141 1451 3212 quod
1488 3142 1746 3196 Rebecca
1773 3141 1992 3212 accepit
2029 3210 2063 3219 _
2100 3141 2375 3215 virgines.
2407 3143 2515 3198 Sed
2548 3142 2747 3209 etiam,
2781 3143 3077 3213 mulieres,
3111 3145 3158 3200 si
3192 3162 3308 3217 qua
3348 3147 3489 3217 (72),
3543 3144 3757 3200 amisso

346 3253 450 3309 pro
467 3210 743 3301 munere,
776 3210 832 3289 et
852 3232 1104 3287 hortaris
1137 3234 1201 3285 ut
1230 3210 1453 3286 similes
1484 3229 1671 3285 simus
1694 3210 1992 3285 Rebecca?
2021 3210 2063 3276 (ἶ
2102 3210 2222 3286 citd
2263 3230 2491 3299 marito,
2556 3231 2987 3288 adolescentula
3049 3210 3328 3305 laqueum
3358 3210 3366 3214 ⁷
3394 3210 3757 3289 infirmitatis

345 3325 456 3381 Sed
491 3341 601 3379 non
632 3323 739 3379 has
778 3322 1014 3377 inaures
1070 3320 1329 3375 Rebecca
1371 3318 1623 3373 habebat
1678 3323 1735 3374 et
1788 3318 1984 3387 virias,

346 3431 474 3486 qua:
508 3413 639 3468 lites
672 3412 725 3465 in
760 3409 1015 3466 Ecclesia
1046 3425 1236 3464 serere
1268 3406 1475 3473 solent,
1519 3424 1645 3477 quae
1706 3406 1988 3462 labuntur

348 3502 721 3571 frequenter:
759 3498 905 3553 alias
962 3498 1196 3552 inaures
1235 3496 1505 3560 habebat,
1556 3512 1703 3567 quas
1762 3495 1985 3551 utinam

343 3606 447 3645 vos
478 3586 783 3642 habeatis!
822 3585 981 3640 Alias
1009 3583 1456 3639 virias.lnaures
1488 3583 1755 3638 Rebecca:
1788 3584 1866 3655 pii
1890 3600 1987 3638 au-

343 3674 798 3746 ditusinsignia,
837 3678 894 3727 et
922 3673 1077 3726 viciae
1111 3672 1373 3727 Rebeccae
1412 3676 1756 3725 ornamenta
1806 3671 1984 3726 facto-

342 3781 476 3820 rum
508 3768 665 3819 sunt.
700 3763 815 3818 Has
838 3763 1072 3816 inaures
1093 3760 1363 3825 habebat,
1388 3777 1514 3831 quae
1537 3777 1651 3814 non
1678 3764 1986 3831 gravarent

342 3870 565 3919 aurem,
599 3852 698 3908 sed
725 3842 1149 3906 demulcerent:
1187 3848 1291 3903 has
1321 3848 1517 3915 virias,
1568 3865 1694 3919 quae
1744 3865 1981 3903 manum

247 3930 251 3935 ’
344 3959 459 3997 non
519 3939 805 3996 materiali
840 3955 979 3993 auro
1020 3942 1344 4005 onerarent,
1402 3937 1500 3991 sed
1554 3936 1799 4009 spiritali
1852 3941 1981 3992 actu

338 4030 615 4086 levarent.
652 4029 782 4084 ldeo
813 4035 867 4083 et
898 4026 1057 4081 fratri
1089 4031 1143 4081 et
1176 4026 1515 4097 parentibus
1546 4025 1604 4080 in
1635 4025 1744 4081 hoc
1767 4025 1985 4097 placuit

339 4123 570 4175 ornatu.
600 4119 670 4172 Et
698 4123 760 4172 tu
794 4134 961 4172 sume
992 4116 1228 4170 inaures
1256 4132 1402 4185 quas
1434 4113 1538 4169 tibi
1569 4114 1859 4191 Abraham
1895 4132 1981 4170 re-

337 4207 548 4279 liquit:
583 4222 751 4261 sume
800 4221 946 4277 quas
992 4204 1319 4258 transmisit
1360 4192 1759 4257 viriast/Audi
1809 4203 1984 4257 verba

339 4296 572 4353 Domini
638 4295 735 4350 Dei
780 4294 885 4361 tui,
927 4293 1078 4349 sicut
1126 4294 1251 4364 ipse
1300 4292 1609 4348 audiebat:
1669 4308 1982 4362 exsequere

330 4385 524 4455 jussu,
559 4383 709 4437 sicut
734 4383 856 4453 ipse
890 4381 1217 4452 properavit
1246 4379 1486 4451 implere
1516 4380 1649 4451 (71).

408 4472 498 4525 90.
548 4470 981 4525 Pulcherrimus
1030 4475 1223 4523 autem
1274 4467 1436 4522 locus
1485 4468 1555 4521 ad
1606 4467 1980 4523 instruendos

2097 3336 2213 3375 sua:
2244 3319 2411 3375 timet
2442 3319 2715 3387 incidere,
2740 3324 2804 3376 ut
2833 3321 2883 3377 si
2923 3320 3046 3376 vult
3092 3322 3331 3386 nubere,
3392 3323 3587 3378 nubat
3640 3327 3745 3377 tan-
3780 3309 3809 3315 ’
3838 3338 3839 3359 ι

2095 3408 2313 3464 tumin
2338 3408 2606 3476 Domino,
2650 3413 2715 3462 ut
2777 3409 3118 3466 electionem
3171 3411 3369 3466 mariti
3409 3411 3745 3483 parentibus

2094 3496 2357 3553 deferat!
2394 3514 2466 3553 ne
2510 3497 2851 3569 appetentias
2900 3499 3248 3570 procacioris
3304 3501 3662 3570 aestimetur,
3706 3498 3745 3552 si

2095 3585 2223 3657 ipsa
2251 3586 2323 3641 de
2355 3584 2575 3657 nuptiis
2604 3586 2731 3641 suis
2767 3585 3107 3643 electionem
3153 3588 3265 3643 sibi
3305 3589 3601 3646 vindicet.
3659 3588 3742 3645 Ex.

2094 3674 2275 3746 petita
2299 3673 2487 3746 magis
2517 3673 2686 3728 debet
2714 3674 2895 3729 videri
2926 3691 2960 3729 a
2987 3675 3129 3741 viro,
3164 3692 3344 3746 quam
3383 3678 3523 3749 ipsa
3565 3677 3739 3731 virum

2092 3762 2395 3833 expetisse.
2429 3761 2855 3818 Verecundiam
2886 3762 3221 3834 praamittat,
3265 3769 3604 3837 antequam
3656 3780 3745 3819 nu-

2092 3851 2210 3919 bat,
2247 3850 2401 3922 quod
2434 3851 2627 3922 ipsum
2658 3851 2998 3924 conjugium
3030 3851 3162 3924 plus
3193 3856 3583 3911 commendet
3611 3869 3747 3909 vere-

2093 3938 2325 3994 cundia.
2369 3938 2480 3994 Sed
2536 3938 2619 3993 illi
2679 3941 2852 3995 verba
2908 3939 3233 4008 imitantur,
3289 3958 3483 4014 opera
3542 3938 3745 3997 imitari

2093 4030 2412 4098 nequeunt.

2161 4115 2250 4169 92.
2311 4114 2507 4170 Inesse
2564 4128 2796 4187 quoque
2855 4115 2915 4171 in
2969 4132 3035 4172 eo
3091 4117 3449 4189 praeciarum
3498 4116 3751 4175 Ecclesiae

2093 4202 2434 4274 mysterium
2464 4201 2669 4275 liquet,
2696 4219 2763 4259 eo
2800 4205 2957 4275 quod
3007 4221 3175 4261 nemo
3235 4223 3434 4263 ausus
3501 4209 3580 4264 sit
3637 4221 3750 4262 eam

2091 4296 2226 4347 ante
2255 4291 2552 4347 Christum
2582 4306 2818 4347 vocare:
2852 4291 2961 4347 soli
2992 4292 3145 4348 enim
3179 4293 3424 4351 Christo
3460 4296 3588 4351 haac
3645 4296 3751 4350 erat

2089 4380 2480 4434 vocandarum
2505 4379 2809 4435 nationum
2829 4380 3080 4451 reposita
3102 4384 3525 4455 praerogativa.
3552 4388 3754 4441 Vocata

2091 4472 2285 4523 autem
2317 4485 2432 4523 non
2459 4468 2596 4523 fecit
2626 4484 2871 4533 moram,
2904 4473 2961 4524 et
2988 4468 3118 4525 ideo
3149 4474 3460 4543 acceptior
3493 4473 3749 4529 Domino;

337 4575 436 4616 eos
485 4558 699 4631 quibus
743 4557 959 4630 aliquid
1022 4557 1371 4627 injungitur,
1438 4555 1592 4626 quod
1651 4572 1762 4610 non
1815 4556 1979 4627 prius
2012 4574 2055 4638 D
2087 4556 2226 4629 quia
2256 4555 2506 4628 populus
2533 4556 2869 4612 Judaaorum
2904 4558 3005 4628 qui
3036 4561 3160 4613 erat
3190 4560 3261 4613 ad
3298 4576 3548 4618 ccenam
3600 4578 3752 4616 voca-

409 4748 519 4817 (67)
579 4745 809 4800 Cuncta;
866 4746 1029 4809 edit.,
1083 4744 1295 4817 copula:
1525 4743 1726 4817 Cuncti
1788 4760 1983 4817 Amss.,

335 4813 533 4891 copula
586 4819 723 4887 ejus.
795 4819 1063 4871 Attamen
1111 4813 1191 4891 ita
1240 4813 1518 4891 scribitur
1565 4815 1622 4868 in
1676 4814 1843 4869 Corb.
1925 4822 1988 4871 ut

337 4885 653 4959 utrumque
683 4904 828 4959 pene
857 4904 926 4941 ex
956 4902 1120 4959 aequo
1147 4886 1266 4959 legi
1292 4885 1495 4956 possit.

407 4907 532 4945 rum
584 4907 653 4944 ue
683 4907 828 4959 pene
857 4907 926 4941 ex
956 4907 999 4940 ω
1050 4907 1120 4940 uo
1147 4907 1259 4955 legi
1293 4907 1495 4956 possm.

407 4907 717 5087 S68){itom.
767 4960 907 5013 edit.
954 4907 1097 5021 sotia,
1163 4957 1386 5027 reliquit
1436 4954 1602 5025 hydri
1617 4972 1696 5009 im
1762 4957 1979 5013 mulier.

407 5034 598 5087 ‘iauit'.
677 5031 822 5085 unde
896 5046 1008 5084 non
1064 5029 1277 5087 habuit,
1312 5042 1415 5087 quo
1478 5029 1629 5080 actus
1679 5043 1822 5087 suos.
1872 5036 1979 5083 etc.

335 5029 598 5103 Reliquit,
677 5031 822 5085 unde
896 5046 1008 5103 non
1064 5029 1277 5103 habuit,
1312 5042 1415 5097 quo
1478 5029 1629 5080 actus
1679 5036 1981 5103 suos,_etc.

330 5098 765 5160 Vepdmtamem
791 5102 1026 5155 evidens
1056 5105 1144 5152 est
1172 5099 1358 5152 virum
1392 5103 1659 5150 sanctum
1692 5115 1805 5152 non
1839 5098 1983 5153 indi-

332 5192 464 5254 care
488 5174 911 5254 illab‘cripturae
930 5172 1122 5254 verba,
1149 5172 1386 5240 Reliquit
1406 5184 1528 5249 ergo
1543 5167 1821 5254 hydria-7n,
1846 5177 1978 5252 etc.,

335 5247 433 5301 sed
484 5244 678 5316 potius
735 5241 870 5299 ista.
944 5244 1187 5316 Domine,
1232 5256 1406 5316 neque
1456 5241 1544 5316 in_
1565 5255 1667 5316 quo
1731 5243 1978 5309 haurias,

335 5310 521 5379 habes,
554 5315 763 5385 legisse
803 5323 993 5368 autem
1029 5314 1288 5383 ipsorum
1316 5310 1750 5385 iloco,_Do_mine,
1806 5329 1984 5385 neque

336 5388 397 5439 in
424 5402 528 5455 quo
558 5381 832 5449 bifariam,
867 5381 1236 5448 habeoJQnod
1270 5390 1465 5437 tamen
1496 5382 1552 5434 in
1577 5381 1778 5438 Bibliis
1803 5381 1981 5439 nullis

340 5471 591 5510 ῙὌΒΘΓΙΓΘ
633 5474 709 5507 (“at
727 5497 737 5507 .

429 5520 519 5591 69)
555 5526 692 5577 Mss.
742 5527 937 5582 Coit...
992 5524 1197 5585 ιλυημ..
1248 5522 1431 5593 Colb.,
1491 5522 1635 5577 Maz.
1687 5529 1743 5578 et
1791 5526 1980 5593 prima

338 5612 513 5649 manu
547 5596 745 5657 Torn.,
782 5595 980 5648 volenti
1009 5595 1121 5647 sibi
1147 5598 1339 5663 potum
1362 5592 1501 5663 dare
1529 5609 1728 5661 aquam
1778 5592 1975 5649 vivam.

342 5668 464 5724 Haec
493 5674 692 5731 autem,
728 5668 838 5719 etc.
892 5664 1059 5718 Forte
1090 5661 1205 5717 non
1265 5661 1436 5729 male,
1500 5662 1545 5716 si
1581 5669 1715 5733 post
1777 5680 1977 5735 aquam

2094 4746 2294 4808 vivam,
2326 4741 3113 4823 mentesuppleamusquod
3136 4762 3324 4823 supra
3386 4750 3759 4823 exprimitur.

2094 4830 2336 4893 nempe,
2382 4814 3044 4893 hydriam’nonhhabeo,
3102 4814 3257 4888 quod
3338 4814 3496 4878 sane
3575 4819 3755 4893 aptius

2093 4884 2345 4957 quadrat
2383 4884 2533 4957 cum
2552 4884 2959 4957 sequentibus.

2164 4958 2274 5027 (70)
2309 4958 2475 5030 Viris:
2519 4955 2674 5030 idem
2705 4956 3039 5030 signiﬁcant
3090 4962 3266 5030 atque
3300 4963 3549 5029 annuli,
3586 4967 3650 5019 ut
3702 4976 3761 5015 ex

2092 5027 2476 5101 sequentibus
2506 5027 2786 5101 colligere
2806 5033 2912 5101 est.

2161 5098 2274 5169 (71)
2317 5098 2449 5171 Post
2486 5098 2726 5171 ivoce'm
2780 5099 3029 5171 implere,
3078 5099 3242 5155 Rom.
3311 5103 3467 5159 edit.
3534 5100 3764 5161 intrusit

2090 5170 2437 5241 sequentia:
2476 5170 2661 5253 Inquit
2685 5170 2865 5253 enim,
2889 5174 2941 5226 et
2977 5172 3230 5241 apposuit
3293 5175 3425 5230 illis
3462 5192 3643 5247 panes
3701 5172 3760 5227 ad

2086 5239 2498 5304 comedendum,
2528 5258 2622 5313 qui
2651 5241 2793 5296 duit
2812 5258 2831 5295 :
2862 5243 2981 5297 Non
3007 5242 3289 5298 comedam
3333 5245 3523 5302 donec
3576 5249 3761 5313 loquar

2484 5283 2498 5304 ,
2528 5258 2622 5313 qui
2651 5258 2793 5296 αωηε
2812 5258 2831 5295 .’
2862 5258 2981 5297 ινοη
3007 5258 3289 5298 comedam
3333 5258 3523 5302 αοηεο
3576 5258 3731 5317 (aqua

2087 5329 2189 5369 eao
2218 5314 2384 5367 verba
2412 5328 2554 5367 mea.

2116 5330 2189 5385 go
2218 5330 2384 5367 veroa
2412 5330 2554 5367 nica.

2116 5383 2275 5459 ’(72)
2309 5382 3026 5459 Ita_mss._Edit_._autem,
3066 5385 3271 5459 mulier
3299 5389 3514 5458 etiam,

2088 5452 2173 5509 Et
2192 5459 2320 5531 post
2351 5453 2463 5508 tria
2491 5453 2683 5531 verba_
2697 5452 2798 5531 ubi
2809 5454 3040 5531 eaedem
3071 5455 3210 5531 edit.
3237 5470 3392 5531 cum
3458 5452 3758 5531 praecipuis

2088 5524 2544 5598 mss.,_taqueum
2584 5524 2929 5598 inﬁrmitatis
2955 5541 3077 5583 suae
3103 5528 3257 5581 timet
3306 5524 3601 5598 incidere,
3641 5524 3760 5585 'trcs

2090 5610 2233 5652 mss.
2264 5594 2486 5669 legunt,
2516 5595 2834 5665 inﬁrmitati
2860 5613 2978 5655 suae
3005 5599 3160 5654 timet
3204 5599 3477 5669 injicere.
