3878 6208
126 449 231 512 m
1369 440 1473 504 DE
1515 422 1899 503 unum
1942 440 2088 504 LIB.
2137 441 2211 504 u.
2664 493 2685 504 -
3374 436 3491 498 ne

126 588 230 650 tus,
259 580 465 655 dignus
498 595 611 636 non
650 578 757 635 fuit
813 576 1040 635 venire:
1104 578 1472 650 congregatio
1530 580 1728 632 autem
1761 581 1815 644 Α
1845 580 1978 631 ante
2009 579 2334 640 extraneos,
2367 589 2502 630 cum
2537 572 2798 630 Rebecca
2820 571 2946 644 jam
2988 570 3343 643 desponsata
3392 570 3488 626 de-

126 671 360 747 gentium
393 670 565 726 simul
600 673 665 724 ut
692 667 957 724 arcessiri
990 684 1052 723 se
1084 666 1248 733 vidit,
1283 664 1551 721 occurrit.
1848 665 2142 737 signatum
2187 664 2461 720 maritum
2522 667 2720 735 aperto
2782 662 2968 734 capite
3028 678 3142 715 non
3203 659 3491 732 putaverit

183 761 264 816 93.
297 757 548 830 Denique
580 762 643 812 ut
674 757 825 812 scias
856 772 971 811 non
997 756 1123 811 sine
1148 757 1420 828 mysterio
1443 770 1733 817 esse.cum
1846 754 2186 809 videndum.

122 848 400 904 veheretur
430 845 669 912 camelo,
699 844 968 901 veniebat
996 844 1066 899 ad
1102 860 1427 915 sponsum;
1467 858 1533 898 eo
1578 843 1731 915 quod
1917 842 2005 896 95.
2040 842 2180 908 Quis
2207 839 2303 896 ille
2332 845 2421 896 est
2461 840 2727 897 servulus
2776 840 2875 912 qui
2926 839 3178 912 providit
3225 839 3332 894 has
3386 856 3493 894 nu-

121 934 349 1010 populus
381 935 681 990 nationum
712 933 970 989 belluina
1000 933 1252 1005 quadam
1295 932 1568 987 horridus
1618 948 1737 986 me-
1848 930 2047 1003 ptias?
2078 929 2240 985 Unus
2274 929 2470 1001 utique
2514 930 2584 984 de
2635 928 2934 1002 apostolis,
2986 933 3042 984 et
3100 927 3195 983 ille
3244 927 3496 983 maxime

122 1026 343 1080 riturum
372 1022 759 1092 deformitate,
792 1020 891 1093 qui
923 1022 1119 1076 formae
1152 1038 1269 1076 sua:
1301 1019 1528 1075 nullum
1560 1019 1737 1075 habe-
1848 1021 1947 1093 qui
1982 1020 2089 1074 ait:
2127 1020 2242 1073 l’iri
2266 1021 2488 1090 fratres,
2524 1035 2611 1073 vos
2636 1020 2784 1074 scitis
2805 1020 2939 1089 quia
2970 1035 3003 1073 a
3030 1017 3217 1073 diebus
3246 1018 3496 1087 antiquis

122 1116 196 1169 ret
220 1112 502 1177 decorem,
534 1110 709 1165 ﬁdem
740 1126 868 1165 esse
917 1113 1091 1181 atque
1139 1125 1493 1164 consensum
1543 1107 1740 1162 Eccle-
1850 1112 1906 1164 in
1940 1110 2092 1164 nobis
2126 1110 2260 1163 Deus
2286 1109 2445 1176 elegit
2478 1124 2545 1162 ea:
2588 1123 2679 1162 ore
2708 1123 2823 1162 meo
2880 1107 3074 1162 audire
3101 1108 3349 1161 nationes
3380 1122 3488 1160 ver-

125 1201 209 1258 βίω
237 1205 597 1272 recepturus.
631 1199 743 1254 Nec
776 1197 918 1253 illud
953 1200 1204 1253 otiosum
1249 1199 1361 1269 (30,
1395 1213 1454 1269 q.
1505 1198 1557 1263 5,
1613 1213 1738 1266 cap.
1853 1199 1978 1252 hum
2011 1197 2290 1267 Evangelii
2321 1197 2455 1268 (Art.
2490 1213 2580 1259 xv,
2611 1196 2689 1263 7).
2722 1194 2821 1250 Vel
2862 1194 2958 1251 ille
3006 1196 3104 1265 qui
3146 1194 3345 1250 doctor
3395 1210 3497 1264 ap-

124 1291 217 1346 Nec
244 1287 423 1360 illud),
456 1288 611 1361 quod
663 1304 794 1341 cum
828 1286 1049 1342 veniret
1077 1286 1355 1351 Rebecca,
1393 1284 1536 1340 vidit
1587 1285 1743 1339 Isaac

125 1376 574 1434 deambulantem
602 1395 614 1444 ;
647 1380 867 1431 etcum
918 1375 1334 1447 interrogasset
1378 1375 1512 1446 quis
1565 1376 1738 1439 esset,

1852 1284 2101 1357 pellatus
2132 1289 2219 1340 est
2248 1285 2510 1358 gentium
2545 1285 2591 1355 (I
2619 1286 2749 1338 Tim.
2786 1301 2847 1350 II,
2878 1285 2956 1351 7).
2996 1282 3110 1355 ipsi
3156 1282 3310 1338 enim
3364 1298 3496 1336 cum

1852 1374 2146 1444 leguntur,
2177 1378 2279 1428 aut
2309 1373 2565 1429 Joannes
2597 1371 2973 1445 evangelista,
3010 1371 3320 1442 acquirunt
3343 1369 3502 1425 Chri-

124 1465 329 1540 cognito
386 1466 542 1538 quod
604 1466 727 1539 ipse
800 1469 954 1519 esset
1027 1465 1118 1519 cui
1194 1464 1504 1519 duceretur
1581 1479 1743 1525 uxor,

125 1554 423 1622 descendit,
452 1544 516 1609 et
546 1558 720 1625 caput
750 1570 923 1610 suum
958 1552 1256 1608 obnubere
1288 1551 1481 1623 ccepit,
1531 1551 1747 1605 docens

123 1642 508 1699 verecundiam
544 1641 765 1714 nuptiis
796 1640 998 1713 przeire
1030 1640 1270 1697 debere:
1306 1640 1440 1694 inde
1483 1639 1639 1694 enim
1693 1643 1748 1693 et

126 1732 339 1805 nuptias,
373 1731 565 1801 dictae,
598 1731 751 1802 quod
785 1730 1025 1801 pudoris
1055 1730 1243 1803 gratia
1286 1728 1489 1801 puella:
1534 1746 1596 1783 se
1646 1728 1746 1783 oli-

127 1821 407 1877 nuberent.
441 1818 658 1874 Discite
700 1834 857 1891 ergo,
911 1818 1185 1890 virgines,
1248 1816 1747 1889 quemadmodum

127 1908 341 1966 servetis
371 1906 809 1973 verecundiam,
844 1923 945 1963 nec
977 1907 1189 1962 intecto
1220 1906 1405 1979 capite
1454 1904 1749 1977 prodeatis

187 2051 287 2121 (72)
314 2048 439 2104 Vet.
470 2049 637 2115 edit.,
668 2065 793 2121 cum
843 2048 1123 2117 leguntur,
1171 2051 1251 2103 ait
1296 2053 1538 2121 Joannes
1588 2063 1747 2121 evan-

129 2122 313 2191 gelista,
339 2122 643 2191 acquirunt
674 2119 886 2174 Christo
914 2122 1182 2176 animum.
1205 2122 1274 2173 At
1308 2136 1440 2174 cum
1467 2119 1744 2191 advertisj

131 2189 240 2246 sent
268 2189 430 2247 Rom;
464 2192 719 2245 editores
753 2192 1127 2245 commodum
1159 2207 1395 2244 sensum
1431 2190 1567 2245 hinc
1616 2189 1745 2244 elici

130 2279 227 2318 non
256 2279 441 2334 posse,
476 2261 672 2318 locum
705 2262 1161 2317 emendaverunt
1190 2262 1247 2315 in
1282 2261 1429 2315 hanc
1463 2262 1741 2316 formam:

1854 1468 1944 1519 sto
1976 1463 2231 1519 animam
2267 1464 2401 1533 (72).
2434 1465 2498 1516 ut
2518 1463 2716 1517 credat
2747 1479 2875 1533 quae
2906 1469 3037 1516 ante
3073 1478 3182 1515 non
3219 1459 3499 1514 credidit:

1855 1556 1911 1607 et
1945 1551 2317 1623 cupientibus
2376 1549 2642 1604 Chistum
2698 1549 2909 1615 videre,
2971 1548 3344 1603 sermonibus
3404 1546 3500 1600 de-

1858 1644 2189 1696 monstrant
2232 1638 2375 1694 suis.
2435 1641 2631 1710 ’taque
2673 1637 2989 1704 Abraham,
3041 1635 3347 1691 celebratis
3399 1633 3502 1688 ﬁlii

1859 1729 2100 1800 nuptiis,
2134 1728 2392 1799 longawa
2421 1731 2586 1783 aetate
2613 1730 2668 1782 et
2707 1728 2859 1782 bona
2900 1730 3196 1782 senectute
3244 1722 3504 1796 comple-

1856 1818 1938 1873 vit
1968 1818 2089 1873 dics
2122 1819 2273 1887 (Cen.
2307 1834 2437 1884 xxv,
2469 1817 2545 1885 8).

1859 2046 1991 2101 Cum
2046 2047 2366 2111 audiuntur,
2392 2048 2681 2117 acquirunt
2733 2045 2947 2100 Christo
2977 2046 3289 2099 animum...
3322 2048 3373 2117 et
3394 2116 3398 2117 ί
3418 2059 3505 2097 eu-

1852 2119 2129 2188 pientibus
2160 2118 2440 2172 Christum
2461 2116 2663 2185 uidere,
2695 2122 2753 2171 ut
2786 2119 2869 2171 ait
2884 2118 3119 2188 Joannes
3142 2116 3502 2185 Erangelista.

1853 2187 2212 2252 sermonibus,
2253 2193 2353 2243 etc.
2403 2188 2672 2242 Nostram
2732 2204 2864 2243 vero
2922 2187 3228 2242 lectionem
3294 2202 3501 2257 magno

1857 2278 2142 2316 consensu
2179 2260 2489 2331 prmferunt
2519 2276 2659 2314 mss.

1295 2557 1632 2642 LIBER
1693 2556 1978 2643 SECU
2003 2557 2056 2638 Ν
2078 2555 2329 2642 DUS.

566 2874 571 2881 ’
652 2866 883 2923 CAPUT
922 2866 1232 2924 PRIMUM.

136 2954 246 3008 Post
273 2957 582 3027 expositum
614 2955 882 3010 moralem
935 2971 1172 3023 sensum,
1232 2955 1302 3027 ad
1348 2955 1763 3027 profundiorem

198 3040 287 3079 seu
314 3026 675 3097 altegorieum
704 3029 937 3081 transit:
969 3034 1020 3081 et
1059 3026 1511 3096 quemadmOdum
1557 3028 1765 3082 animae

81 3115 95 3127 ί
200 3098 565 3168 praecipiatur
596 3101 654 3152 ut
676 3105 830 3152 exeat
857 3097 921 3152 de
949 3107 1094 3152 terra
1124 3114 1227 3153 sua
1269 3103 1322 3152 et
1368 3098 1433 3152 de
1479 3099 1763 3165 cognatio-

204 3182 267 3222 ne
289 3184 426 3235 sua;
458 3184 565 3223 nec
591 3184 701 3240 non
729 3184 762 3221 α
792 3169 986 3240 quibus
1031 3168 1101 3222 ad
1144 3171 1435 3239 perfectam
1477 3170 1762 3239 purgatio-

203 3254 317 3311 nem
343 3239 705 3311 recedendum
733 3241 824 3303 sit,
858 3240 1115 3310 explicat.
1152 3241 1393 3311 Denique
1432 3242 1761 3311 promissam

124 3358 135 3361 _
204 3309 425 3367 Abrahae
449 3312 825 3382 posteritatem
854 3309 1038 3381 refert.

208 3396 251 3465 l1.
285 3397 562 3454 Moralem
594 3399 830 3470 quidem
865 3398 1055 3454 locum
1087 3398 1380 3471 prosecuti
1407 3415 1770 3470 sumus,qua

149 3485 418 3553 potuimus
449 3485 787 3541 intellectus
822 3486 1234 3558 simplicitate;
1289 3490 1352 3542 ut
1396 3488 1493 3559 qui
1545 3486 1770 3560 legunt,

148 3585 351 3628 morum
383 3572 621 3646 possint
650 3574 759 3630 sibi
783 3574 1017 3630 haurire
1048 3575 1421 3647 magisteria:
1478 3577 1575 3630 sed
1633 3576 1770 3647 quia

148 3675 204 3713 ex
225 3666 459 3735 utraque
493 3668 663 3735 parte
695 3668 865 3717 acuta
893 3667 982 3719 est
1010 3664 1163 3719 acies
1193 3664 1390 3735 gladii,
1424 3681 1491 3718 ex
1522 3669 1770 3736 utraque

148 3753 289 3817 parte
302 3749 1068 3818 prieliaris;similiterverbu
1080 3751 1424 3823 mDei,quod
1439 3756 1527 3807 est
1540 3752 1771 3808 acutius

150 3837 288 3891 omni
311 3838 505 3910 gladio
530 3839 894 3905 acutissimo,
914 3845 1225 3911 penetrans
1239 3856 1424 3911 usque
1443 3841 1511 3895 ad
1528 3840 1770 3896 divisio-

153 3938 267 3979 nem
297 3928 526 3994 animaa,
553 3943 900 3999 quocunque
930 3928 1303 3994 converteris,
1327 3933 1595 4000 paratum
1617 3929 1769 3983 inve-

150 4009 255 4068 nies
274 4019 326 4069 et
344 4019 767 4088 opportunum,
784 4022 848 4071 ut
867 4016 1122 4071 animam
1143 4015 1388 4089 legentis
1410 4024 1771 4089 pertranseat

151 4099 211 4153 ad
240 4102 606 4159 revolandum
630 4103 1100 4175 pr0pheticarum
1124 4105 1555 4177 Scripturarum
1594 4108 1769 4178 aenig-

151 4193 305 4245 mata.
338 4191 498 4248 Unde
544 4208 657 4246 non
698 4193 1022 4247 absurdum
1056 4209 1184 4247 reor
1214 4193 1424 4248 referre
1459 4194 1529 4248 ad
1563 4194 1771 4251 altiora

150 4289 385 4349 sensum,
413 4285 471 4337 et
505 4297 612 4353 per
636 4280 938 4336 historiam
971 4282 1329 4337 diversarum
1365 4299 1768 4354 personarum,

152 4361 357 4423 virtutis
403 4370 608 4426 formae
656 4369 968 4445 quemdam
1038 4386 1376 4441 processum
1444 4371 1767 4442 explicare;

152 4455 375 4511 maxime
398 4457 674 4527 cumjam
704 4458 762 4512 in
788 4459 971 4513 Adam
1005 4457 1335 4514 intellectus
1376 4460 1772 4530 profundioris

151 4543 362 4598 exordia
381 4545 999 4618 degustaverimus(De
1014 4548 1304 4617 paradiso,
1342 4563 1467 4619 cap.
1510 4549 1566 4617 2)
1587 4549 1768 4604 Adam

1878 2882 2109 2922 cessum
2144 2865 2355 2922 mentis
2382 2870 2437 2921 et
2486 2866 2801 2938 quemdam
2854 2864 3210 2935 superiorem
3260 2865 3514 2920 reditum

1877 2955 2252 3026 significaret,
2315 2961 2378 3009 ut
2458 2954 2954 3028 quemadmodum
3030 2953 3278 3009 infracta
3348 2971 3515 3008 mens

1872 3045 2186 3099 reformare
2227 3061 2287 3099 se
2346 3044 2548 3116 possit,
2609 3060 3113 3116 cognosceremus.
3165 3042 3518 3115 Purgaverat

1873 3133 2029 3188 enim
2075 3136 2290 3188 terram
2336 3132 2622 3188 Dominus
2683 3132 2882 3187 diluvii
2931 3132 3245 3199 inlusione,
3296 3130 3515 3186 laverat

1872 3220 2141 3276 humanae
2206 3219 2586 3276 colluvionem
2644 3219 3009 3292 fragilitatis:
3061 3220 3160 3274 sed
3211 3236 3323 3273 non
3374 3220 3518 3273 satis

1790 3292 1832 3358 C
1873 3316 1998 3365 erat
2036 3310 2102 3365 ad
2155 3310 2386 3364 virtutis
2438 3310 2783 3381 profectum,
2846 3308 2958 3363 nisi
3017 3313 3080 3363 ut
3136 3308 3520 3362 instrueretur

1879 3397 2054 3453 homo
2096 3398 2595 3470 quemadmodum
2654 3414 2715 3452 se
2761 3400 2991 3468 regeret
3042 3403 3093 3451 et
3145 3396 3518 3467 gubernaret,

1878 3486 2169 3541 Abraham
2225 3487 2434 3541 mentis
2473 3484 2598 3541 loco
2649 3485 2967 3540 inducitur.
3023 3485 3281 3556 Denique
3339 3484 3516 3539 Abra-

1880 3576 2017 3631 ham
2066 3575 2351 3630 transitus
2398 3575 2610 3629 dicitur
2644 3576 2776 3644 (75).
2811 3574 2958 3645 Ergo
3008 3580 3072 3627 ut
3103 3590 3268 3629 mens
3300 3590 3425 3644 quae
3458 3573 3514 3627 in

1879 3665 2063 3719 Adam
2099 3670 2275 3718 totam
2308 3681 2367 3719 se
2399 3662 2765 3718 delectationi
2798 3668 2855 3718 et
2879 3661 3167 3718 illecebris
3211 3662 3519 3734 corporali-

1879 3754 1990 3809 bus
2011 3752 2322 3819 desiderat,
2347 3752 2405 3806 in
2430 3752 2675 3807 formam
2694 3751 2923 3806 virtutis
2946 3752 3316 3823 speciemque
3339 3757 3522 3807 trans-

1879 3843 2008 3907 iret,
2042 3842 2127 3897 vir
2169 3841 2403 3913 sapiens
2458 3842 2624 3897 nobis
2671 3842 2742 3896 ad
2794 3841 3143 3896 imitandum
3191 3840 3523 3912 propositus

1880 3930 2255 4002 est.Denique
2276 3929 2567 3985 Abraham
2591 3931 2917 3985 secundum
2970 3930 3257 3997 Hebrmos,
3314 3946 3518 3983 secun-

1880 4020 2020 4074 dum
2055 4018 2289 4073 Latinos
2320 4022 2481 4089 pater
2511 4017 2700 4073 dictus
2726 4025 2833 4081 est,
2866 4035 2931 4073 eo
2954 4018 3105 4088 quod
3135 4034 3298 4071 mens
3331 4022 3520 4088 pater-

1880 4125 1956 4163 na
1984 4107 2236 4178 quadam
2269 4107 2634 4173 auctoritate,
2658 4106 2931 4161 censione
2976 4105 3090 4175 (76)
3139 4111 3195 4159 et
3238 4104 3519 4161 sollicitu-

1878 4196 2015 4251 dine
2045 4198 2229 4249 totum
2257 4194 2538 4267 gubernet
2570 4193 2882 4249 hominem.
3116 4206 3119 4211 '

1950 4286 2004 4338 2.
2039 4283 2170 4338 Hzec
2229 4300 2365 4353 ergo
2429 4298 2595 4337 mens
2640 4287 2764 4337 erat
2816 4282 2873 4336 in
2931 4281 3173 4347 Charra,
3224 4281 3278 4335 id
3340 4285 3429 4336 est
3461 4281 3519 4336 in

1882 4372 2162 4441 cavernis,
2186 4371 2431 4427 obnoxia
2459 4370 2632 4426 variis
2659 4370 3055 4442 passionibus.
3084 4370 3333 4441 Ideoque
3364 4371 3521 4426 814

1881 4462 2093 4516 dicitur
2121 4461 2170 4516 ei
2199 4478 2210 4516 :
2241 4462 2348 4515 Exi
2376 4461 2443 4515 (te
2473 4463 2624 4515 terra
2678 4465 2773 4515 tua
2806 4458 2955 4531 (Cen.
3016 4476 3117 4524 x11,
3178 4462 3248 4524 1),
3312 4459 3367 4513 id
3411 4464 3519 4524 est,

1880 4552 1953 4605 de
1982 4567 2221 4620 corpore
2245 4555 2361 4605 tuo.
2392 4548 2574 4604 Exivit
2595 4550 2664 4604 de
2682 4548 2790 4603 hac
2816 4555 2970 4603 terra
3011 4547 3127 4601 ille.
3162 4548 3332 4616 cujus
3380 4565 3522 4603 con-

150 4632 338 4721 etenim
371 4640 631 4690 mentem
657 4634 935 4701 diximus,
958 4635 1135 4690 Evam
1168 4651 1409 4690 sensum
1440 4652 1569 4691 esse
1595 4636 1772 4709 signi-
1803 4657 1849 4721 Ι)
1881 4639 2129 4693 versatio
2162 4637 2217 4691 in
2253 4636 2413 4692 ecelis
2444 4642 2549 4693 est.
2590 4642 2654 4694 Et
2682 4638 2746 4692 de
2772 4638 3114 4706 cognatione,
3162 4636 3383 4708 inquit,
3428 4646 3523 4692 tua

152 4714 451 4787 licavimus,
484 4722 778 4793 serpentis
808 4722 999 4795 specie
1042 4723 1484 4779 delectationem
1536 4742 1772 4797 expres-

151 4802 356 4873 simus;
387 4811 490 4866 sed
525 4811 605 4865 ibi
638 4811 708 4867 de
737 4827 972 4867 summa
1002 4811 1381 4877 beatitudine,
1414 4817 1469 4868 et
1516 4815 1769 4885 quadam

153 4896 379 4959 naturali
410 4899 693 4955 virtutum
752 4900 1088 4955 amoenitate
1135 4917 1237 4971 per
1274 4901 1766 4973 circumscriptio-

152 4994 265 5036 nem
284 4988 639 5058 sensus(73),
663 4993 719 5042 et
734 4988 1133 5043 delectationis
1157 4987 1772 5057 illecebram,retluxus

154 5068 213 5121 ad
239 5071 464 5144 culpam
497 5077 611 5147 (74)
641 5082 769 5132 est:
806 5076 900 5131 hic
938 5063 1134 5132 autem
1186 5078 1507 5149 profectum
1558 5078 1773 5134 mentis

156 5160 418 5226 speculari
448 5163 641 5219 datur.
674 5165 791 5221 Hoc
821 5164 976 5221 enim
1010 5164 1309 5237 legislator
1356 5167 1589 5236 provide
1632 5168 1771 5240 egit,

156 5248 210 5297 ut
242 5252 730 5317 quemadmodum
786 5254 1017 5325 lapsum
1064 5254 1278 5309 mentis
1327 5255 1774 5325 demonstravit,

155 5334 209 5386 ut
234 5332 356 5393 illas
375 5342 588 5397 erroris
618 5358 956 5398 caveremus
986 5342 1250 5407 semitas,
1285 5343 1363 5397 ita
1414 5344 1591 5399 etiam
1641 5361 1772 5416 pro-

348 5454 495 5534 ﬁdit.
532 5457 720 5534 Rom,
751 5475 849 5534 per
876 5460 1394 5534 circunwentionem
1422 5475 1629 5516 sensus.

348 5523 645 5607 hiseaduo,
686 5522 1024 5607 deﬂenisait
1050 5530 1271 5607 culpam
1299 5538 1395 5607 est_.
1520 5601 1533 5607 _
1594 5601 1607 5607 _
1663 5573 1675 5582 .

214 5592 316 5662 (75)
342 5598 583 5654 Abrahae
615 5592 826 5655 nomen
860 5601 1088 5655 videtur
1115 5592 1463 5656 Ambrosius
1502 5600 1773 5657 deduxis-

156 5671 267 5744 gela
293 5680 421 5721 voce
468 5670 683 5744 Abran,
734 5689 850 5744 qua
896 5672 1175 5726 transitus
1225 5672 1628 5744 significatur:
1677 5678 1777 5728 aut

158 5690 267 5740 owe
296 5690 421 5721 voce
468 5690 683 5737 soran,
778 5690 850 5727 ua
896 5690 1175 5726 u'ansnus
1225 5690 1628 5744 sigmncatur:
1677 5690 1773 5728 aut

158 5734 332 5796 potius
364 5742 679 5811 respexisse
702 5690 770 5797 aii
806 5759 933 5815 cap.
970 5744 1057 5808 14,
1094 5760 1150 5798 n.
1182 5743 1270 5814 13,
1304 5742 1402 5799 ubi
1447 5744 1773 5799 secundum

1880 4727 2065 4799 (Ibid.)
2089 4726 2710 4797 Cognatisuntanimze
2738 4733 2946 4782 nostra:
2980 4725 3237 4798 corporis
3290 4743 3519 4781 sensus.

1882 4815 2344 4870 Dividiturenim
2366 4815 2426 4870 in
2458 4816 2573 4871 duo
2605 4816 2803 4870 anima
2852 4820 3081 4871 nostra:
3142 4815 3201 4869 in
3260 4813 3319 4869 id
3368 4815 3520 4884 quod

1880 4909 1971 4960 est
2000 4903 2364 4969 rationabile,
2403 4908 2457 4959 et
2513 4905 2571 4958 in
2632 4904 2688 4957 id
2743 4904 2899 4974 quod
2959 4907 3048 4958 est
3105 4901 3520 4957 irrationabile.

1880 4992 1944 5047 In
2002 5008 2064 5047 se
2150 4998 2344 5046 autem
2431 4992 2585 5063 quod
2671 4995 2757 5045 est
2838 4990 3254 5049 irrationabile.
3315 5006 3525 5045 sensus

1883 5085 2056 5135 sunt:
2096 5097 2232 5150 ergo
2272 5080 2500 5151 cognati
2557 5085 2696 5134 sunt
2742 5079 2923 5151 partis
2983 5076 3362 5144 rationabilis,
3416 5076 3524 5132 hoc

1882 5174 1972 5224 est
2003 5168 2235 5221 mentis.
2272 5169 2337 5221 Et
2364 5168 2428 5222 de
2456 5168 2610 5223 domo
2643 5178 2757 5232 tua,
2790 5167 3002 5238 inquit,
3033 5168 3126 5220 caci
3155 5164 3361 5236 (Ibid).
3414 5165 3525 5219 Do-

1895 5255 2090 5310 minus
2122 5254 2335 5308 meutis
2386 5256 2733 5324 prolativum
2776 5261 2863 5311 est
2914 5255 3151 5309 verbum
3199 5253 3332 5323 (77).
3367 5253 3528 5308 Sicut

1885 5344 2039 5398 enim
2075 5341 2495 5414 paterfamilias
2525 5343 2750 5399 habitat
2778 5345 2835 5399 in
2872 5345 3042 5399 domo
3075 5359 3200 5408 sua,
3234 5345 3289 5396 et
3337 5341 3394 5395 in
3425 5358 3526 5412 po-

1889 5457 2027 5513 I.XX
2059 5454 2351 5510 Abraham
2385 5457 2665 5512 transitur
2692 5459 2925 5514 dicitur.
2959 5458 3102 5513 Vide
3133 5456 3427 5513 Nobilium
3467 5456 3526 5510 in

1888 5528 2157 5585 eumdem
2192 5526 2406 5581 locum.

1958 5600 2067 5672 (76)
2100 5598 2473 5672 Censione,_i_il
2506 5604 2611 5663 est,
2647 5616 2894 5656 censura
2923 5616 2988 5654 ac
3021 5599 3434 5672 moderatione.

1957 5668 2067 5739 (77)
2099 5669 2315 5742 Omnes
2346 5668 2509 5735 edit.,
2540 5672 2819 5742 prolatum
2847 5680 2927 5726 est
2958 5671 3196 5724 verbum.
3236 5670 3375 5725 Mss.
3405 5685 3527 5725 om-

1888 5760 1990 5798 nes
2017 5740 2316 5810 Gallicani,
2345 5740 2679 5813 pralativum
2711 5750 2787 5798 est
2836 5743 3073 5799 verbum.
3123 5741 3280 5797 Idem
3334 5744 3526 5795 autem
