3878 6208
121 429 257 494 mala,
324 426 480 497 eligat
544 425 774 488 bonum;
842 429 1102 498 quoniam
1168 431 1494 500 priusquee
1567 431 1698 482 sris:
1733 438 1781 495 Α
1816 428 1988 481 iui-un
2047 429 2295 499 Sy...’mn.,
2339 429 2408 482 ad
2467 445 2727 500 quercum
2779 430 2953 486 altam
3010 431 3164 503 (δι’).
3227 449 3326 498 xu,
3383 438 3458 501 (λ.

117 531 230 586 puer
270 516 456 570 bonum
507 523 604 570 aut
653 515 881 582 malum,
939 507 1049 571 non
1103 515 1281 572 credet
1335 515 1596 582 malitiae,
1647 520 1706 570 ut
1815 515 2015 570 Nonne
2046 515 2314 570 vidrntur
2353 518 2639 588 seperflua
2683 535 2830 585 esse,
2889 519 2998 573 nisi
3046 521 3324 576 rationem
3379 541 3464 577 re-

115 607 250 676 eligat
273 602 401 674 quod
445 603 640 658 bonum
690 607 772 660 est
817 605 942 676 (Isa.
978 621 1076 674 vn,
1117 606 1198 673 14,
1236 605 1341 676 15).
1377 605 1493 661 Hoc
1523 604 1705 660 Abra-

114 694 223 748 ham
263 691 434 747 facere
479 709 587 747 non
638 697 882 764 poterat,
934 696 1000 750 ut
1047 694 1210 766 prius
1259 693 1408 749 bona
1447 691 1704 766 eligeret,

113 796 258 854 quam
287 779 431 836 mala
460 781 651 836 sciret.
683 781 794 836 Sed
827 782 1130 856 preceptis
1183 781 1500 838 inhaerebat
1537 781 1706 838 ccele-

114 869 286 938 stibus,
315 884 382 924 ne
418 867 732 926 declinaret
774 887 808 926 a
855 887 1008 927 vero.
1061 871 1193 927 ldeo
1243 870 1418 927 etiam
1472 874 1705 944 septua-

113 957 243 1030 ginta
266 959 318 1011 et
345 957 598 1029 quinque
647 975 934 1014 annorum
983 959 1338 1014 describitur
1393 959 1578 1015 exisse
1637 960 1708 1015 de

113 1031 290 1100 Charm
319 1044 462 1115 (Gen.
511 1061 612 1113 xu,
645 1047 734 1118 4),
770 1048 925 1118 quod
975 1047 1407 1120 septuagesimo
1456 1048 1707 1120 perfecto

112 1131 426 1188 remissionis
458 1150 700 1190 numero
731 1151 943 1191 sensus
975 1135 1024 1191 is
1072 1137 1149 1192 sit
1195 1136 1296 1210 qui
1327 1137 1512 1209 possit
1541 1137 1707 1192 infle—

111 1221 167 1276 cti
191 1220 308 1293 (84).
337 1222 487 1278 816
535 1222 956 1280 Delectationes
986 1224 1144 1281 enim
1173 1224 1383 1281 borum
1423 1241 1706 1282 sensuum

109 1308 309 1376 faciunt,
343 1313 559 1366 utnon
606 1328 838 1384 semper
891 1316 1083 1370 erecta
1136 1313 1216 1370 sit
1271 1330 1438 1370 mens
1485 1319 1706 1382 nostra,

109 1398 184 1452 sed
207 1397 500 1470 aliquando
531 1417 593 1454 se
624 1399 910 1466 inﬂectat;
966 1405 1030 1456 ut
1078 1418 1194 1457 non
1237 1403 1390 1458 intra
1432 1419 1710 1460 cavernas

108 1486 340 1557 corporis,
371 1487 470 1541 sed
521 1504 584 1544 se
626 1491 781 1544 intra
824 1488 1069 1546 latibula
1115 1490 1428 1564 voluptatis
1459 1493 1708 1556 abscon-

106 1575 198 1627 dat.

156 1663 201 1716 7.
243 1663 445 1720 ’l‘rmen
508 1665 681 1720 etiam
743 1665 802 1720 in
855 1665 948 1721 his
999 1667 1288 1722 cuniculis
1345 1668 1572 1739 positus
1629 1669 1710 1724 ita

104 1751 265 1820 evasit,
294 1756 356 1807 ut
384 1758 644 1808 sumeret
691 1770 926 1810 uxorem
984 1771 1176 1820 suam,
1226 1761 1282 1812 et
1330 1763 1618 1829 nepotem,
1653 1763 1710 1812 et

104 1854 293 1896 omnem
323 1841 583 1900 animam
631 1858 1014 1915 quascunque
1058 1845 1400 1916 possederat
1439 1846 1495 1900 in
1527 1846 1706 1901 Char-

103 1943 216 1984 ram.
235 1927 548 1985 Prudentes
579 1931 736 1985 enim
769 1935 825 1986 et
851 1931 1220 1988 continentes
1269 1933 1503 1990 virtutis
1534 1939 1709 2006 atque

103 2017 270 2094 animai
299 2033 670 2090 possessores
703 2019 1136 2086 sunt,decorem
1168 2036 1398 2076 morum
1431 2038 1706 2077 mansue-

101 2107 252 2161 torum
305 2106 610 2179 eligentes.
671 2107 776 2173 Qui
837 2113 1032 2164 autem
1091 2114 1384 2165 amatores
1448 2111 1708 2182 corporis

102 2197 226 2258 sunt,
260 2194 744 2252 delectationibus
793 2197 920 2268 ejus
967 2197 1330 2260 irretiuntur.
1382 2200 1521 2270 quia
1563 2200 1705 2255 irra-

103 2280 423 2356 tionabiliump
473 2285 536 2339 in
589 2286 850 2356 corporis
899 2285 1240 2342 habitudine
1285 2289 1478 2344 omnis
1525 2289 1710 2346 virtus

102 2374 182 2436 est,
210 2371 638 2429 rationabilium
685 2379 880 2429 autem
931 2375 988 2429 in
1032 2375 1351 2430 virtutibus
1397 2377 1602 2431 animas
1643 2395 1709 2432 ac

102 2456 399 2531 disciplinis.
434 2461 749 2534 Propterea
777 2462 1062 2534 scriptum
1095 2467 1185 2517 est
1235 2463 1394 2534 (Ibid.
1447 2466 1523 2536 5),
1571 2466 1708 2537 quia

101 2549 386 2616 possidebat
424 2551 690 2605 animam
741 2551 853 2622 (ὃὸ)
900 2567 1092 2617 suam,
1142 2556 1421 2624 tanquam
1464 2552 1706 2610 liberam

101 2649 284 2707 regens,
347 2643 404 2692 et
469 2637 620 2693 nulli
669 2639 939 2694 servituti
997 2640 1328 2695 obnoxiam.
1394 2643 1507 2698 Hoc
1572 2659 1709 2715 ergo

103 2720 236 2778 habet
281 2726 526 2782 intentio
579 2727 851 2793 doctoris,
903 2744 971 2783 eo
1029 2729 1184 2800 quod
1239 2729 1416 2784 etiam
1477 2730 1534 2785 in
1595 2731 1710 2788 iilis

105 2810 416 2870 diverticulis
463 2819 530 2870 et.
579 2815 938 2871 anfractibus
986 2816 1366 2884 constitutus,
1394 2817 1481 2873 vel
1519 2820 1711 2874 adhuc

103 2902 170 2954 svi
198 2903 642 2969 recentioris,vel
678 2905 938 2959 nondum
973 2903 1342 2974 perfectionis
1366 2906 1706 2978 disciplinis,

29 3049 36 3057 _
95 2987 284 3046 velloci
314 2990 570 3062 patentis
617 2993 688 3047 ad
739 2992 878 3047 vitia
921 2993 1204 3048 habitavit
1250 3011 1363 3050 non
1407 2996 1486 3050 ita
1538 2995 1708 3054 inﬂe-

31 3088 178 3146 ..ιω
200 3079 306 3150 (86)
334 3081 398 3135 ad
432 3079 695 3152 culpam,
730 3085 793 3136 ut
823 3081 1148 3154 demigrare
1191 3099 1307 3137 non
1354 3090 1568 3155 posset.
1599 3085 1706 3142 De-

1815 604 2034 675 quiras,
2068 621 2200 658 cum
2256 610 2312 660 et
2365 605 2732 662 altitudinem
2795 623 3045 680 quercus
3089 625 3204 664 non
3237 616 3468 680 prseter-

1817 692 2082 746 miserit?
2139 693 2248 748 Sed
2315 694 2409 749 ubi
2479 695 2625 750 ratio
2686 700 2793 756 est.
2863 695 3008 750 nihil
3073 699 3460 769 superﬂuum.

1817 779 2061 852 Sychem
2093 781 2248 835 enim
2288 781 2374 835 vel
2408 781 2710 846 humerus,
2739 783 2825 838 vel
2859 786 3043 838 cervix
3077 786 3462 858 signiﬁcatur,

1817 869 1971 941 quod
2011 874 2098 924 est
2145 869 2362 924 laboris
2411 877 2468 926 et
2513 873 3270 930 exercitationisindicium.
3305 875 3466 932 Unde

1817 961 1871 1010 et
1899 957 2097 1012 Jacobi
2133 957 2218 1011 vir
2247 959 2591 1014 exercitatus
2619 960 2736 1014 ﬁlio
2778 979 2882 1014 suo
2913 963 3126 1036 Josrph
3163 980 3288 1019 eam
3325 981 3465 1037 prie-

1816 1045 2046 1116 cipuam
2078 1046 2259 1100 dedit.
2294 1047 2440 1120 Ergo
2473 1049 2610 1120 quia
2653 1066 2721 1103 ne
2749 1067 2838 1120 iur
2885 1051 3010 1106 s'ne
3065 1053 3196 1106 dote
3244 1059 3466 1108 natura;

1817 1133 2149 1188 exercitatio
2201 1135 2328 1208 ipsa
2376 1154 2478 1208 per
2525 1154 2584 1192 se
2638 1139 3042 1208 pert'rrtionem
3080 1141 3342 1198 conferre
3374 1159 3468 1214 po-

1815 1225 1948 1286 test,
1978 1227 2032 1278 et
2064 1229 2285 1278 naturis
2317 1226 2502 1295 gratia
2536 1225 2891 1293 desti‘u‘trr,
2929 1227 2972 1280 si
3010 1227 3158 1281 desit
3190 1231 3466 1284 exercita-

1815 1308 1895 1363 tio
1979 1310 2156 1380 (cnim
2240 1311 2524 1382 ingeniosi
2615 1313 3037 1369 ulnuin‘ru'nm
3121 1315 3467 1390 diligentia),

1816 1397 2116 1452 inducitur
2143 1399 2193 1452 is
2221 1399 2307 1452 vir
2337 1401 2406 1454 ad
2441 1402 2610 1470 cujus
2646 1401 3030 1458 irritationem
3073 1404 3362 1472 formaris,
3397 1407 3466 1460 ad

1817 1490 2036 1540 naturae
2069 1487 2315 1560 gratiam
2350 1489 2626 1560 adjuncta
2677 1490 3104 1559 exercitatione,
3139 1492 3218 1548 ita
3267 1494 3470 1549 funda-

1817 1574 1930 1628 tior
1960 1580 2017 1629 et
2047 1575 2327 1631 excelsior
2357 1577 2631 1644 fartus,ul
2659 1595 2842 1650 usque
2874 1581 2941 1632 ad
2978 1595 3256 1652 quercum
3289 1581 3468 1638 altam

1817 1663 2218 1734 pertransiret.
2253 1665 2388 1729 Qua:
2419 1665 2592 1720 arbor
2625 1671 2681 1720 ut
2716 1667 2850 1726 alta.
2884 1667 2962 1721 ita
2993 1669 3168 1724 etiam
3208 1671 3467 1737 robusta,

1817 1747 2032 1804 indicio
2089 1754 2177 1804 est
2234 1767 2346 1804 non
2414 1751 2578 1806 facile
2651 1753 2905 1807 animam
2979 1755 3167 1810 sancti
3213 1757 3470 1814 'Abraha‘.

1817 1837 2013 1892 smeuli
2073 1837 2251 1910 hujus
2311 1840 2580 1912 procellis
2639 1859 2767 1897 esse
2815 1849 3134 1911 curvatam,
3169 1847 3265 1902 sed
3305 1863 3469 1902 man-

1817 1925 1966 1981 sisse
2023 1927 2371 1996 sublimem;
2428 1935 2492 1984 ut
2542 1946 2603 1984 se
2661 1948 2693 1986 a
2753 1931 3001 1988 terrenis
3053 1934 3164 2006 (87)
3221 1935 3469 2009 inquisi-

1815 2013 2078 2069 tionibus
2129 2016 2198 2070 ad
2249 2015 2616 2072 altitudinem
2653 2019 2860 2074 divinae
2892 2022 3240 2094 cognitionis
3284 2025 3468 2081 eleva-

1819 2107 1904 2156 ri‘t
1913 2145 1924 2156 .
2163 2162 2177 2171 _

1887 2190 1940 2247 9.
1976 2191 2239 2264 Denique
2297 2193 2574 2249 continuo
2637 2195 2908 2267 apparuit
2962 2196 3048 2253 illi
3108 2198 3260 2256 Deus
3311 2203 3466 2271 (Gen.

1817 2295 1914 2345 xu,
1949 2280 2024 2351 7).
2059 2280 2358 2352 Nusquam
2391 2285 2661 2354 superius
2694 2283 2874 2338 habes
2923 2286 3078 2357 quod
3128 2287 3286 2344 visus
3317 2295 3473 2345 esset

1819 2367 1900 2422 illi
1934 2368 2106 2424 Deus.
2147 2371 2301 2426 Unde
2335 2369 2514 2440 liquet
2544 2389 2609 2426 eo
2645 2374 3032 2442 referendum,
3083 2377 3223 2448 quia
3267 2395 3470 2450 quam-

1818 2456 1916 2510 diu
1946 2457 2252 2512 Chaldzeus
2281 2459 2410 2524 fuit,
2445 2459 2553 2514 hoc
2591 2465 2703 2524 est,
2737 2479 2849 2516 non
2901 2464 3090 2517 solum
3123 2465 3179 2518 in
3215 2465 3467 2538 regione,

1819 2545 1916 2598 sed
1973 2545 2146 2599 etiam
2193 2546 2254 2600 in
2310 2546 2582 2618 opinione
2631 2549 3056 2614 Chaldzeorum,
3093 2570 3204 2606 non
3249 2562 3472 2625 poterat

1818 2631 2000 2687 Deum
2037 2633 2226 2688 videre
2258 2650 2430 2705 quem
2466 2635 2620 2690 intra
2654 2639 2940 2692 mundum
2976 2641 3468 2710 qumrebat.Chal-

1819 2720 1924 2774 dmi
1956 2722 2110 2776 enim
2144 2723 2431 2778 mundum
2459 2725 2816 2795 superiorem
2853 2725 3037 2781 Deum
3064 2727 3285 2795 dicunt,
3313 2731 3463 2788 311

1817 2813 1874 2863 et
1903 2809 2075 2865 etiam
2110 2810 2392 2866 sticarum
2425 2813 2617 2876 domo,
2668 2819 2724 2867 et
2769 2814 3074 2870 stellarum
3107 2832 3281 2873 cursu
3333 2820 3467 2876 ferri

1818 2904 2090 2953 asserunt
2140 2915 2208 2952 ea
2263 2917 2388 2970 quas
2445 2908 2675 2955 terrena
2732 2908 2871 2956 sunt
2921 2905 3050 2974 (88),
3095 2911 3151 2960 et
3207 2909 3466 2978 quodam

1816 2986 2046 3041 vinculo
2097 2988 2364 3042 coerceri.
2414 2989 2577 3043 Unde
2619 2997 2676 3044 et
2725 2992 2863 3046 deos
2908 2993 3108 3049 stellas
3151 2995 3468 3066 appellave-

1818 3079 1974 3143 runt,
2016 3093 2082 3130 co
2131 3077 2281 3148 quod
2331 3093 2428 3131 eas
2477 3078 2846 3134 dominatum
2895 3083 3208 3152 quemdam
3255 3084 3468 3142 habere

87 3163 239 3237 nique
265 3174 516 3224 mentem
553 3186 720 3225 suam
747 3171 820 3225 ab
845 3169 946 3225 illa
975 3168 1200 3226 lubrica
1223 3173 1588 3242 possessione
1613 3175 1707 3232 de-
1737 3157 1780 3224 Ο
1819 3179 2138 3234 supernum
2172 3165 2574 3236 οπθάαηῒντιυίε
2607 3167 2871 3238 dumdum
2906 3169 3090 3223 8:0“53
3121 3171 3191 3224 ad
3236 3177 3467 3228 terrena

31 3303 40 3337 τ
88 3251 244 3308 fendit
269 3261 322 3310 et
350 3253 676 3312 transtulit.

699 3389 937 3446 CAPUT
977 3391 1072 3446 III.

95 3491 404 3569 Perambulat
458 3495 742 3552 Abraham
791 3511 960 3568 usque
1009 3496 1078 3569 ad
1126 3497 1374 3569 Sychem,
1422 3514 1548 3569 qua?
1605 3515 1710 3555 v0.1:

146 3568 575 3639 {scrutationem
601 3569 843 3622 denotat.
868 3567 957 3622 lbi
1003 3567 1180 3623 Deum
1222 3585 1382 3639 quem
1405 3567 1536 3625 dum
1573 3576 1707 3626 esset

147 3634 408 3710 (Insidens
456 3637 652 3694 videre
695 3655 807 3710 non
849 3642 1118 3710 potuerat,
1161 3634 1336 3695 cernit
1366 3659 1385 3695 :
1415 3646 1506 3696 cui
1549 3660 1708 3698 arum

148 3707 341 3782 quidem
368 3711 630 3776 exstruit,
660 3709 751 3763 se!
781 3707 886 3764 non
919 3710 1228 3779 sacriﬁcat;
1257 3715 1307 3765 el
1336 3729 1443 3782 qua
1473 3712 1538 3766 dc
1575 3730 1703 3771 cau-

146 3791 212 3830 sa.
242 3779 432 3834 Iterum
455 3785 646 3836 tamen
681 3782 917 3836 excitata
941 3797 1060 3846 ara,
1082 3797 1281 3836 nomen
1313 3779 1532 3839 Domini
1561 3785 1708 3840 invo-

145 3857 233 3904 cat.

147 3962 190 4016 8.
243 3966 300 4020 Et
340 3967 772 4038 perambulavit,
826 3965 1037 4038 inquit,
1092 3967 1366 4024 Abraham
1417 3984 1582 4042 usque
1635 3969 1706 4026 ad

146 4113 238 4185 (8i)
269 4119 449 4191 Locus
509 4119 802 4191 obscurus
859 4118 1118 4191 etgforte
1175 4125 1486 4191 corruptus
1535 4138 1552 4174 :
1609 4123 1703 4176 cui

91 4183 251 4261 eum
306 4189 494 4246 lucem
553 4190 814 4261 aliquam
871 4189 1076 4261 aﬂ'erre
1130 4195 1322 4261 potest
1351 4183 1542 4246 'Pbilo
1597 4191 1701 4248 lib.

88 4253 139 4306 de
190 4262 344 4330 Migr.
400 4253 669 4327 Abrahae,
721 4260 1058 4332 ubi_tradit
1115 4253 1384 4332 quinario
1433 4279 1699 4330 numero,

87 4337 179 4391 quo
239 4329 438 4388 sensus
489 4331 755 4402 corporei
805 4329 1232 4458 signiﬁcant-ur,
1281 4329 1700 4405 perfectionem

87 4408 189 4458 quae
211 4403 640 4458 septuagesimo
681 4403 858 4457 adum
905 4408 1085 4458 ratur.
1120 4402 1334 4458 inﬂecti
1382 4419 1450 4458 ac
1497 4405 1700 4458 debili-

87 4408 189 4477 guzp
211 4403 640 4477 septuagesimo
681 4402 1085 4472 adumbratur,
1120 4402 1334 4459 inflecti
1382 4419 1450 4460 ac
1497 4405 1700 4460 debili-

87 4469 192 4520 tari.

139 4538 234 4626 (85)
277 4543 416 4626 Cum
453 4545 586 4626 .hoc
637 4543 696 4626 in
745 4543 1393 4626 S‘cripturahnusquam
1435 4547 1698 4626 .reperia:

85 4607 176 4684 tur,
219 4607 528 4675 verisimile
588 4621 678 4670 est
729 4607 1002 4670 allusisse
1059 4615 1116 4671 S.
1177 4607 1556 4672 Ambrosium
1623 4618 1697 4684 ad

85 4675 196 4735 Gen.
243 4701 353 4761 _xn,
418 4689 476 4754 5,
553 4685 654 4761 ubi
711 4702 780 4740 ex
845 4685 1248 4761 superioribus
1314 4679 1697 4761 intelligimus

243 4752 469 4830 legisse,
544 4760 595 4813 et
661 4771 877 4812 omnem
919 4752 1172 4812 'animam
1236 4773 1401 4828 quam
1456 4752 1697 4830 ρόδδὶἀε-

135 4893 235 4962 (86)
257 4896 432 4963 Edit.,
464 4900 648 4954 locum
677 4901 946 4966 patentem
973 4898 1044 4953 ad
1073 4900 1230 4965 vitia,
1256 4914 1368 4954 non
1395 4903 1472 4955 est
1499 4901 1583 4956 ita
1615 4903 1700 4956 in-

79 4960 242 5041 fit-£19,
267 4974 382 5041 _e_tc.
417 4960 632 5026 Melius
664 4960 837 5036 mss"
866 4969 950 5024 vel
982 4971 1111 5026 locis
1135 4960 1392 5041 patentis,
1427 4977 1536 5026 etc.

119 5033 230 5113 ,(87)
258 5039 348 5096 Sic
381 5059 530 5098 mss.
583 5057 701 5096 sex.
753 5033 832 5096 At
875 5045 1096 5096 cunctae
1135 5033 1310 5110 'edit.,
1341 5033 1402 5096 ut
1449 5058 1504 5098 se
1541 5050 1698 5098 aster-

79 5115 166 5157 MS.

131 5174 227 5247 (88)
257 5179 446 5248 Rom.,
479 5181 621 5236 edit.
656 5181 798 5248 sola,
829 5188 882 5236 et
911 5181 1280 5236 erraticarum
1320 5185 1470 5237 motu
1509 5183 1693 5238 stella-

74 5257 194 5325 ζιηζε,
219 5253 266 5304 et
291 5253 542 5325 parum
569 5269 735 5308 cursu
757 5251 1085 5325 regi.Quam
1117 5253 1356 5325 quidem
1385 5252 1693 5310 lectionem

74 5311 213 5382 facile
261 5311 685 5380 crediderimus
743 5311 1152 5379 cobcinnatam
1211 5323 1394 5380 fuisse
1447 5341 1517 5380 ex
1564 5325 1694 5382 istis

73 5379 210 5460 libris
263 5391 531 5451 Philonis
577 5394 643 5450 de
669 5379 1004 5451 lAbrahamo
1049 5392 1241 5450 verbis
1299 5379 1692 5460 incana;

71 5452 187 5525 ἣλιον
247 5465 329 5511 ml
407 5464 624 5525 σελήνης
702 5466 786 5512 καὶ
857 5461 955 5512 τῶν
1029 5463 1198 5512 ἄλλων
1274 5462 1542 5525 πλανητῶν
1613 5452 1695 5519 καὶ

70 5523 270 5578 ἀπλιιῶν
321 5523 647 5600 miriﬁcum.
684 5571 696 5583 .
735 5569 747 5584 .
785 5571 796 5584 .
839 5573 849 5584 .
883 5536 968 5582 τὸν
1023 5549 1212 5598 noan
1258 5523 1691 5596 .aurevvﬁnihﬁov

69 5603 166 5657 lim
189 5609 309 5676 θιρν.
342 5606 565 5665 Verum
593 5605 728 5664 licet
745 5605 1122 5672 Ambrosium
1153 5606 1228 5670 ad
1265 5605 1451 5676 iam!!!
1493 5605 1690 5674 Ιοουιῐι

69 5673 359 5750 respexisse
406 5694 533 5739 non
559 5693 764 5740 eamus
791 5677 1040 5752 inﬁcias,
1071 5693 1188 5738 non
1229 5673 1552 5758 possumus
1601 5683 1685 5741 ta-

1815 3253 2146 3323 compassio
2177 3259 2285 3307 est.
2320 3253 2589 3325 Oportuit
2619 3261 2813 3309 autem
2847 3273 2944 3310 eos
2984 3256 3290 3326 aestimare,
3327 3261 3468 3332 quia

1815 3341 1967 3412 quod
2007 3341 2380 3413 compatitur,
2417 3359 2526 3398 non
2579 3343 3018 3415 imperatorium
3063 3346 3162 3414 jus
3212 3363 3316 3402 nec
3368 3350 3466 3405 do-

1817 3429 2128 3496 minatum,
2163 3431 2329 3501 quasi
2363 3430 2727 3503 Deus,possit
2759 3431 2972 3487 habere
3003 3433 3062 3488 in
3095 3433 3178 3489 eis
3209 3451 3458 3506 quorum

1815 3519 2077 3590 aegrescit
2126 3519 2560 3590 compassione;
2594 3537 2728 3574 cum
2761 3521 2837 3575 sit
2866 3525 2922 3576 et
2951 3521 3075 3593 ipse
3105 3525 3365 3580 mortalis
3405 3531 3463 3581 et

1815 3606 2232 3678 corruptibilis.
2298 3607 2551 3662 Mundus
2607 3624 2838 3680 quoque
2895 3625 3027 3665 cum
3104 3611 3180 3666 sit
3252 3613 3459 3679 factus,

1815 3695 2020 3766 utique
2050 3695 2174 3767 ipse
2207 3695 2358 3750 Deus
2392 3713 2506 3749 non
2540 3700 2646 3761 est,
2683 3697 2780 3752 sed
2815 3703 3084 3769 operator
3113 3705 3170 3755 et
3203 3703 3468 3757 conditor

1813 3783 1960 3853 ejus.
2013 3785 2160 3856 Ergo
2211 3801 2376 3840 mens
2435 3785 2718 3857 quamdiu
2780 3785 3110 3842 Chaldaicis
3167 3792 3464 3847 erroribus

1814 3871 2148 3938 inflectitur,
2181 3889 2296 3927 non
2344 3873 2500 3928 videt
2545 3873 2752 3942 Deum,
2787 3891 2957 3946 quem
3013 3876 3066 3931 in
3115 3876 3205 3932 his
3255 3879 3464 3948 quierit

1813 3975 1940 4030 quze
1969 3959 2258 4029 videntur,
2291 3977 2404 4016 non
2438 3961 2496 4015 in
2529 3961 2623 4016 his
2667 3979 2792 4034 qua:
2842 3980 2957 4019 non
2991 3963 3260 4020 videntur
3299 3967 3410 4037 (89)
3444 3985 3456 4034 ;

1813 4125 1946 4166 men
1995 4112 2066 4165 ab
2116 4111 2392 4183 omnibus
2441 4113 2676 4183 scriptis
2727 4120 2903 4183 atque
2951 4114 3124 4169 editis
3161 4115 3458 4172 codicibus

1813 4183 2130 4256 discedere.
2162 4181 2381 4256 Horum
2412 4182 2567 4256 cuitu
2601 4181 2853 4256 quatitur
2882 4185 3123 4256 optimae
3158 4195 3310 4241 nota:
3337 4187 3458 4243 haec

1813 4252 2144 4326 praeferunt,
2178 4260 2236 4306 ut
2263 4253 2429 4307 etiam
2457 4252 2722 4326 sticarum
2751 4252 2964 4310 domuis.
3021 4255 3127 4310 Alii
3177 4273 3311 4311 cum
3362 4275 3458 4313 an-

1807 4323 2152 4395 tiquisedit.
2200 4365 2212 4376 .
2261 4366 2270 4376 .
2318 4365 2328 4376 .
2371 4325 2634 4395 sticarum
2663 4324 2839 4380 domo.
2869 4327 2936 4380 Et
2967 4326 3058 4380 his
3091 4327 3148 4380 in
3182 4327 3304 4382 loco
3335 4331 3456 4384 tam

1809 4393 2030 4450 dil‘licili
2083 4395 2417 4450 visumoest
2475 4394 2891 4452 adbzerendum
2956 4415 2968 4452 :
3025 4400 3277 4453 maxime
3320 4415 3455 4456 cum

1811 4467 1954 4522 satis
1985 4467 2298 4522 verisimile
2353 4473 2430 4520 sit
2459 4483 2572 4520 non
2606 4466 2908 4522 insolitum
2933 4469 3306 4526 librariorum
3329 4487 3457 4528 esse

1730 4525 1776 4589 Ι)
1807 4547 2110 4611 peccatum
2147 4556 2159 4592 :
2195 4541 2253 4593 ὃ.
2300 4555 2430 4594 vero
2461 4541 2754 4594 doctorem
2785 4541 3040 4611 primum
3069 4525 3457 4600 Gi-aauisﬁcba;

1807 4610 2128 4666 racteribus
2180 4626 2470 4676 exarasse,
2537 4610 2994 4686 στοιχείῳνίόρόμῳ,
3055 4613 3111 4686 id
3187 4618 3278 4670 est
3316 4613 3458 4686 pla-

1807 4685 2075 4757 netarum
2125 4697 2336 4757 cursu;
2372 4690 2613 4757 στοιχεῖον
2642 4682 2975 4757 'enim'pro
3030 4683 3150 4738 sole
3205 4701 3271 4740 ac
3316 4682 3458 4757 luna

1807 4752 1960 4806 sumi
2011 4753 2450 4808 eruditissimus
2478 4752 2753 4823 'Cangius
2797 4752 3098 4810 in'Gloss.
3142 4757 3294 4811 med.
3328 4755 3452 4824 lat.,

1806 4824 1878 4878 ad
1919 4829 2163 4878 verbum
2205 4825 2551 4891 elementum,
2585 4827 2770 4880 docet.
2814 4826 2928 4880 Nec
2959 4831 3104 4881 forte
3134 4829 3455 4883 absurdum

1807 4894 1983 4950 fuerit
2031 4897 2300 4951 eamdem
2330 4912 2524 4951 vocem
2577 4913 2677 4967 pro
2727 4895 2967 4969 reliquis
2997 4899 3173 4952 etiam
3205 4897 3456 4969 planetis

1806 4982 2118 5040 usurpare;
2157 4970 2218 5040 ut
2265 4983 2428 5040 usque
2484 4975 2677 5040 pateat
2707 4983 2776 5040 ac
2800 4968 3148 5040 elementum,
3184 4968 3298 5038 quo
3328 4985 3452 5040 qvo-

1807 5023 2013 5091 cabulo
2045 5023 2278 5091 eosdem
2311 5023 2575 5108 planetas
2629 5037 2946 5109 signiﬁcari
2994 5023 3268 5109 laudalus
3315 5039 3455 5094 Can-

1803 5109 1938 5177 gius
1968 5114 2174 5162 auctor
2201 5107 2518 5178 est,’quem
2551 5107 2808 5162 consule.
2843 5107 2950 5161 Sed
3006 5109 3054 5162 si
3103 5108 3302 5163 lubeat
3332 5110 3450 5162 dic-

1803 5180 2020 5233 tionem
2053 5178 2261 5242 domus,
2296 5179 2382 5233 vel
2413 5179 2588 5244 domo,
2623 5179 2892 5243 retinere,
2926 5179 2983 5232 id
3031 5179 3204 5233 etiam
3256 5179 3454 5236 licebit

1803 5265 1982 5306 sensu
2013 5249 2158 5303 nihil
2191 5254 2435 5316 mutato,
2469 5267 2602 5304 cum
2630 5251 2979 5316 planetarum
3007 5250 3198 5304 domus
3248 5252 3325 5306 sit
3363 5271 3452 5308 as-

1803 5319 2046 5380 trologis
2105 5317 2319 5372 usitata
2357 5318 2588 5375 locutio.
2621 5317 2831 5374 Confer
2875 5321 3029 5376 hunc
3077 5319 3268 5376 locum
3316 5339 3450 5380 cum

1801 5391 1904 5446 lib.
1935 5391 2232 5456 Hexaem.,
2265 5405 2390 5461 cap.
2427 5392 2477 5444 4.

1874 5462 1984 5544 (89)
2016 5461 2098 5516 lta
2127 5459 2378 5544 quatuor
2410 5479 2551 5517 mss.
2584 5459 2840 5544 melioris
2873 5467 3040 5544 noue.
3077 5463 3187 5544 alii
3221 5480 3354 5520 vero
3394 5469 3452 5520 et

1801 5531 1974 5612 edit;
1995 5531 2156 5605 quem
2183 5533 2241 5588 in
2270 5531 2356 5588 his
2387 5547 2512 5607 quae
2541 5533 2806 5602 videmur,
2839 5549 2950 5590 non
2979 5535 3036 5590 in
3077 5535 3162 5594 his
3192 5552 3311 5612 quae
3338 5554 3450 5596 nun

1796 5605 2072 5676 videntur,
2097 5619 2210 5664 esse
2231 5605 2451 5680 putant.
3197 5605 3215 5612 '
3263 5647 3268 5654 -
