3878 6208
401 229 521 288 483

1864 224 1926 283 S.
1975 220 2348 284 AMBROSII

3675 219 3788 286 484

400 380 524 431 qius
576 365 770 414 autem
814 358 1103 426 videntur,
1139 357 1480 430 temporalia
1523 362 1685 422 sunt;
1724 373 1854 410 nam
1917 373 2041 426 qua)
2078 359 2132 422 Α
2164 358 2291 423 ejus
2364 356 2787 411 iliuminatione
2843 356 3276 427 jucunditatem
3337 355 3602 429 acquirat
3662 356 3786 412 sibi.

400 467 512 503 non
543 450 816 503 videntur
843 454 1075 503 aeterna.
1128 448 1238 502 Sed
1299 464 1412 502 non
1468 445 1807 517 temporalis
1860 445 2042 511 Deus;

400 555 513 594 non
541 538 723 610 igitur
753 537 999 591 videtur.
1033 536 1156 591 Non
1187 552 1320 608 ergo
1354 551 1518 590 mens
1548 551 1615 590 ea
1645 533 1797 588 vidct
1837 533 2042 598 Deum,

398 644 524 699 quae
558 625 929 698 disciplinam
963 624 1361 679 Chaldaeorum
1411 623 1694 694 sequitur.
1729 622 1890 677 Unde
1939 639 2045 677 nec

398 714 690 771 Abraham
723 714 975 786 primum
1028 712 1275 768 videbat.
1306 712 1604 779 Quomodo
1637 716 1830 766 autem
1887 715 2042 782 pote-

398 809 487 860 rat
516 804 707 858 videre
737 819 892 866 eum,
926 818 1105 873 supra
1134 817 1307 871 quem
1340 800 1585 855 alterum
1620 816 1749 854 esse
1795 799 2043 854 arbitra-

398 892 609 949 batur?
651 891 755 946 Ubi
802 907 935 945 vero
967 890 1037 945 ad
1073 889 1247 944 aliam
1299 888 1645 961 demigravit
1692 905 1805 943 non
1854 888 2043 960 regio—

397 998 553 1050 nem,
604 980 704 1036 sed
752 995 946 1034 veram
1000 977 1340 1049 religionem
1392 983 1652 1049 paratam
1703 976 2045 1041 humilitati,

395 1069 503 1125 hoc
541 1069 699 1125 enim
740 1067 1036 1138 signiﬁcat
1083 1066 1400 1133 Chanaam,
1433 1070 1571 1120 tunc
1620 1064 1800 1120 Deum
1853 1064 2045 1120 videre

393 1155 586 1227 coepit,
622 1159 679 1209 et
708 1171 842 1208 eum
874 1168 1223 1224 cognoscere
1249 1169 1375 1208 esse
1406 1152 1587 1207 Deum
1628 1153 1796 1223 cujus
1844 1151 2042 1207 invisi-

394 1246 497 1302 bili
527 1244 758 1299 virtute.
790 1241 1035 1296 advertit
1082 1241 1278 1297 omnia
1326 1241 1443 1313 regi
1475 1246 1529 1295 et
1558 1240 1890 1312 gubernari.
1925 1240 2043 1297 Hoc

394 1351 530 1408 ergo
562 1331 864 1404 Scriptura
907 1330 1091 1395 docet,
1124 1330 1263 1402 quia
1312 1329 1604 1383 Abraham
1655 1346 1688 1384 a
1738 1328 2040 1384 stellarum

393 1420 791 1479 observatione
821 1418 1157 1490 dcmigrans
1192 1420 1372 1473 Deum
1404 1418 1563 1472 vidit.

466 1513 549 1566 10.
584 1507 958 1565 Confirmatio
1007 1507 1324 1562 testimonii
1381 1507 1723 1579 adjungitur
1754 1509 1905 1575 (Gen.
1939 1524 2039 1574 xn,

389 1604 480 1668 7);
524 1600 661 1671 quia
702 1599 758 1651 in
803 1596 926 1652 loco
985 1613 1144 1649 aram
1206 1595 1452 1650 Domino
1494 1596 1796 1651 mdiﬁcavit
1847 1596 1897 1651 ei
1940 1598 2036 1667 qui

2156 450 2313 499 Sicut
2359 445 2515 498 enim
2563 444 2715 499 oculi
2769 449 3089 515 pascuntur
3135 445 3322 518 primo
3372 444 3486 501 diei
3534 443 3787 500 lumine:

2158 533 2236 587 ita
2266 534 2439 587 etiam
2476 551 2639 588 mens
2671 538 2870 588 nostra
2900 533 3077 589 alitur
3105 534 3358 590 inventis
3388 532 3710 606 sapientiae,
3742 538 3791 587 et

2155 622 2509 692 quibusdam
2542 622 2670 691 ejus
2704 622 2883 678 radiis
2921 623 3150 679 videtur
3196 622 3618 695 splendescere.
3649 620 3789 675 Visi-

2156 709 2293 765 bilis
2323 710 2477 765 enim
2512 710 2652 765 solis
2684 710 2861 767 radiis
2908 714 3071 767 terra:
3119 714 3506 783 vaporautur;
3551 709 3792 766 invisibi-

2153 799 2238 854 les
2271 805 2463 855 autem
2497 799 2644 854 radii
2675 800 2867 855 cordis
2917 800 3100 855 nostri
3146 803 3455 872 penetrant
3500 798 3791 855 interiores

2155 904 2441 944 I‘BCCSSUS.

2234 978 2313 1032 t2.
2350 978 2564 1033 lterum
2615 977 2922 1032 aediﬁcavit
2971 995 3155 1045 aram,
3190 982 3247 1033 et
3296 976 3586 1033 invocavit
3616 977 3675 1032 in
3704 993 3791 1032 no-

2156 1068 2311 1122 mine
2344 1065 2574 1121 Domini
2608 1065 2760 1137 (Gen.
2794 1084 2893 1133 xu,
2930 1068 3003 1137 8).
3061 1068 3367 1122 Processus
3412 1066 3544 1121 ﬁdei
3593 1066 3652 1120 in
3699 1067 3790 1121 Do-

2156 1155 2296 1210 mini
2327 1154 2692 1211 invocatione
2726 1153 3093 1226 signiﬁcavit.
3128 1155 3247 1209 Hoc
3278 1154 3491 1224 adjecit
3542 1153 3787 1227 superio-

2152 1244 2337 1298 ribus.

2794 1331 3028 1388 CAPUT
3069 1331 3159 1386 IV.

2152 1422 2428 1476 Abraham
2461 1421 2555 1475 ubi
2582 1430 2941 1475 commoratus
2988 1424 3123 1475 esset
3153 1423 3209 1474 in
3239 1420 3441 1475 desm'to
3470 1436 3575 1490 quo
3608 1421 3791 1475 menti:

2225 1493 2583 1563 Iranquilitas
2614 1491 2991 1550 adumbratur.
3021 1495 3076 1545 in
3104 1494 3393 1559 ﬂignptum
3425 1507 3544 1563 qua
3573 1491 3791 1545 teniatio

2222 1573 2315 1628 est,
2348 1562 2618 1618 descendit
2640 1566 2789 1632 fame
2816 1564 3143 1634 compulsus.
3180 1562 3289 1617 Cur
3316 1564 3399 1617 ibi
3426 1562 3789 1634 Saramsoro-

2223 1652 2335 1690 rem
2367 1635 2742 1705 appellaverit,
2774 1651 2883 1689 non
2926 1632 3173 1690 uxorem.
3208 1636 3363 1689 Hanc
3411 1634 3544 1688 dum
3586 1632 3790 1688 Pharao

389 1690 499 1745 sibi
534 1686 823 1761 apparuit.
869 1685 1197 1757 lmpressus
1227 1689 1314 1739 cst
1343 1684 1495 1739 enim
1533 1689 1706 1756 typus
1738 1686 1846 1739 iste
1894 1684 2028 1740 vali-

2221 1724 2343 1784 cnm
2373 1684 2745 1784 objurgatione
2775 1708 2974 1784 marito
3006 1705 3197 1770 reddit,
3239 1714 3468 1760 mentem
3516 1706 3787 1760 continen-

390 1782 502 1834 dus
534 1779 593 1832 in
626 1776 817 1830 anima
868 1775 1016 1844 cjus,
1068 1779 1123 1828 et
1173 1774 1481 1828 manifesta
1533 1775 1674 1828 ﬁdes
1727 1774 2035 1830 veritatis:

391 1866 648 1939 suppetit
678 1864 833 1920 enim
868 1867 1029 1935 grato
1062 1863 1184 1917 viro
1233 1862 1534 1931 memoria,
1568 1864 1794 1935 ingrato
1839 1862 2041 1935 irrepit

390 1955 621 2012 oblivio.
657 1952 741 2008 Illi
776 1953 995 2007 hazreut
1024 1969 1057 2005 a
1086 1952 1303 2023 quibus
1332 1952 1661 2023 adjuvetur,
1694 1952 1793 2007 isti
1826 1951 2034 2007 labun~

395 2051 491 2100 tur
520 2042 713 2099 omnia
742 2058 868 2113 quae
921 2040 1319 2095 conferuntur.
1349 2040 1568 2095 Statuit
1612 2046 1809 2097 autem
1852 2057 2036 2107 aram,

389 2134 489 2189 sed
525 2149 636 2186 non
670 2128 1032 2184 sacriﬁcavit.
1066 2128 1261 2183 Posset
1295 2143 1543 2194 movere,
1579 2129 1691 2182 nisi
1736 2128 2038 2184 meminis-

388 2239 483 2277 ses
557 2235 867 2292 processus
937 2216 1150 2271 mentis
1222 2216 1423 2287 hujus,
1497 2216 1808 2289 Scriptura:
1890 2216 2039 2272 serie

388 2309 624 2366 servari.
662 2308 727 2362 Et
786 2307 912 2360 ideo
971 2304 1268 2376 spectabat
1322 2322 1355 2359 a
1411 2305 1524 2359 Di-o
1582 2322 1768 2377 genus
1815 2305 2035 2361 discere

390 2395 776 2454 sacriﬁcandi.
824 2393 1173 2448 Advertebat
1216 2393 1368 2448 enim
1436 2394 1851 2449 irrationabilis
1908 2394 2031 2449 ani-

388 2486 601 2542 mantis
621 2489 677 2538 et
702 2486 916 2536 muttire
934 2480 1170 2552 pecudis
1194 2498 1257 2535 ac
1281 2481 1431 2536 sacri
1450 2482 1647 2536 ﬁcium
1676 2483 1920 2554 dignum
1953 2483 2033 2537 di-

382 2576 516 2630 vino
547 2572 708 2628 cultu
765 2569 1015 2625 hostiam
1070 2587 1181 2624 non
1230 2570 1431 2624 videri.
1483 2570 1750 2626 Nondum
1780 2571 1835 2626 in
1873 2572 2031 2628 Isaae

384 2669 584 2737 typum
655 2662 999 2733 cognoverat
1077 2659 1367 2731 passionis
1445 2659 1678 2726 flllUl‘iB,
1768 2661 2027 2715 nondum

384 2750 801 2809 Melchisedech
835 2749 1073 2803 dederat
1102 2748 1149 2801 ei
1198 2746 1618 2803 benedictionis
1665 2750 1933 2821 gratiam,
1967 2754 2031 2805 ut

384 2843 468 2897 ita
500 2841 893 2912 cognosceret.

458 2931 541 2984 11.
572 2928 821 2991 Recessit,
853 2924 1063 2996 inquit,
1094 2923 1220 2978 inde
1248 2925 1304 2978 in
1338 2933 1591 2992 montem,
1615 2935 1804 2981 contra
1836 2928 2024 2983 Orien-

385 3028 492 3074 tem
523 3016 706 3071 Bethel
736 3014 892 3079 (Ibid.
928 3016 1002 3081 Η).
1037 3012 1460 3067 Incrementum
1503 3014 1824 3069 devotionis
1856 3032 2026 3070 nion-

2223 1780 2313 1831 τίετ’
2347 1779 2601 1831 renuntia
2610 1783 2750 1831 ntem
2780 1779 2899 1845 sign
2907 1779 2957 1830 at
2968 1818 2979 1829 .

2220 1867 2307 1921 43.
2369 1867 2433 1920 Et
2486 1866 2622 1919 abiit
2671 1864 2964 1930 Abraham,
3010 1869 3059 1919 et
3109 1864 3413 1919 demoratus
3458 1870 3538 1918 est
3593 1864 3651 1918 in
3697 1862 3788 1917 de-

2146 1954 2494 2025 serto,(ibid.
2550 1956 2624 2023 9).
2680 1954 2839 2008 Tunc
2888 1953 3168 2025 probatur
3215 1969 3400 2018 mens,
3436 1950 3673 2023 quando
3729 1951 3784 2005 in

2149 2043 2397 2117 quodam
2431 2044 2659 2097 deserto
2691 2046 2799 2106 est,
2834 2042 2931 2096 ubi
2984 2040 3146 2095 nulla
3188 2039 3570 2112 cupiditatum
3622 2038 3785 2095 lasci-

2147 2133 2259 2197 via,
2321 2130 2483 2186 nulla
2532 2130 2895 2185 abundantia
2942 2129 3220 2200 pecunias,
3272 2127 3471 2183 nullus
3522 2132 3788 2201 sumptus

2146 2220 2410 2275 luxuriae.
2446 2219 2673 2273 Utinam
2727 2218 2784 2271 in
2836 2216 2945 2272 hoc
2996 2218 3221 2271 deserto
3260 2232 3385 2271 esse
3418 2216 3663 2287 possim,
3690 2215 3787 2270 de—

2146 2310 2393 2366 stitutus
2425 2307 2497 2362 ab
2530 2305 2689 2363 omni
2722 2306 3009 2361 incentivo
3043 2304 3452 2377 cupiditatum,
3482 2303 3790 2359 derelictus

2145 2399 2215 2454 ab
2248 2398 2408 2453 omni
2462 2394 2837 2466 delinquendi
2872 2393 3085 2458 studio,
3119 2392 3473 2465 exspoliatus
3507 2392 3790 2462 jactantia

2143 2494 2197 2543 et
2224 2487 2485 2541 tumore!
2525 2484 2636 2539 Sed
2687 2483 2825 2556 quia
2866 2481 2952 2538 vel
2984 2482 3138 2537 Deus
3172 2498 3273 2537 nos
3306 2480 3514 2535 tentari
3550 2480 3786 2551 patitur,

2142 2576 2228 2631 vel
2258 2579 2511 2631 tentator
2539 2574 2818 2638 incursat,
2855 2588 2986 2627 cum
3040 2570 3151 2627 sibi
3202 2569 3428 2625 videtur
3455 2568 3516 2624 in
3560 2570 3785 2624 deserto

2142 2682 2308 2720 mens
2334 2679 2461 2718 esse
2491 2661 2687 2734 quieta
2718 2662 2789 2716 ab
2821 2660 2979 2716 omni
3011 2664 3370 2716 terrenarum
3419 2656 3781 2729 voluptatum

2140 2752 2494 2826 appetentis,
2528 2750 2586 2803 in
2618 2751 2925 2822 Egyptum
2953 2747 3295 2820 impellitur,
3326 2746 3422 2801 ubi
3465 2744 3782 2817 compungi

2142 2841 2342 2915 possit.
2378 2837 2668 2895 Stimulos
2699 2836 2853 2893 enim
2886 2836 3102 2892 mentis
3150 2851 3280 2891 caro
3329 2838 3530 2890 nostra
3584 2837 3698 2898 est,
3730 2840 3785 2887 et

2137 2930 2442 3004 passiones
2481 2928 2609 2999 ejus
2657 2925 3133 2998 compunctiones
3191 2928 3330 2979 sunt
3386 2927 3617 2978 nostra.
3649 2920 3791 2995 Ipsa

2137 3024 2226 3075 est
2283 3019 2561 3090 Egyptus
2619 3020 2837 3081 nostra,
2888 3014 2997 3070 hoc
3044 3018 3131 3070 est
3191 3029 3322 3067 caro
3383 3016 3602 3078 nostra,
3656 3010 3721 3083 ip

384 3108 462 3163 tis
510 3105 800 3177 signiﬁcat
848 3101 1182 3167 eminentia,
1216 3104 1382 3172 cujus
1432 3103 1695 3157 ascensio
1742 3103 2023 3159 indicium
2057 3080 2100 3147 (ἶ
2138 3114 2227 3165 est
2291 3105 2547 3163 afﬂictio.
2616 3104 2677 3158 ln
2746 3105 2893 3158 hanc
2960 3101 3262 3157 descendit
3327 3117 3493 3155 mens
3559 3103 3776 3155 nostra

385 3204 468 3252 est
534 3192 815 3249 uberioris
876 3207 1202 3263 processus.
1252 3192 1464 3246 Contra
1526 3191 1817 3246 Orientem
1872 3194 2021 3262 ideo,

384 3285 522 3358 quia
549 3281 933 3355 prophetabat
986 3285 1293 3333 venturum
1326 3279 1571 3349 justitize
1606 3279 1832 3347 Solem;
1868 3282 2023 3353 quod

381 3374 501 3429 illic
549 3370 846 3444 Sapientia
896 3373 1127 3441 pararet
1179 3367 1295 3433 sibi
1340 3368 1603 3433 domum,
1640 3372 1695 3422 et
1742 3368 1875 3425 inde
1923 3386 2026 3442 per

381 3460 664 3531 virginem
725 3472 897 3512 suum
945 3454 1383 3526 prcedestinaret
1438 3461 1723 3510 exortum.
1783 3455 2027 3513 Volebat

384 3565 519 3620 ergo
551 3544 1045 3617 cogoseendorum
1073 3543 1198 3612 jam
1235 3543 1641 3614 mysteriorum
1691 3543 1886 3599 lumen
1930 3562 2023 3599 ac-

383 3638 592 3707 cipere.
627 3634 788 3687 Sicut
832 3630 983 3685 enim
1022 3630 1140 3685 sole
1174 3631 1451 3694 mundus,
1484 3632 1563 3685 ita
1594 3633 1902 3703 splendore
1931 3651 2022 3688 sa-

384 3723 611 3797 pientiae
641 3727 761 3775 tota
791 3736 955 3775 mens
986 3719 1431 3774 illu'minabitur.
1467 3720 1788 3791 Meritoque
1830 3723 2026 3794 posuit

384 3816 587 3867 contra
642 3809 934 3865 Orientem
992 3806 1326 3862 Bethlebem
1403 3808 1532 3878 (90).
1593 3808 1812 3865 Domus
1871 3812 2024 3868 818

381 3900 536 3956 enim
604 3897 705 3953 Dei
768 3895 981 3952 dicitur
1042 3894 1400 3963 Bethlehem,
1434 3897 1488 3950 in
1551 3913 1667 3968 qua
1721 3904 1893 3954 natus
1937 3905 2026 3956 est

381 3990 669 4045 Christus.
721 3986 880 4042 Unde
922 3985 1004 4039 ait
1051 4000 1153 4056 per
1202 3984 1538 4055 prophetam
1593 3986 1788 4042 Deus:
1833 3990 1897 4043 Et
1942 3994 2021 4057 tu,

382 4078 709 4145 Bethlehem,
741 4092 847 4130 non
879 4090 932 4130 es
959 4075 1192 4128 minima
1226 4075 1369 4128 inter
1409 4075 1685 4146 principes
1729 4077 1907 4144 Julia;
1957 4095 2027 4134 ea:

380 4177 429 4222 te
473 4168 621 4223 enim
669 4166 813 4221 exiet
856 4165 1132 4235 princeps,
1184 4164 1279 4232 qui
1336 4173 1485 4233 regat
1534 4165 1798 4235 populum
1842 4182 2025 4221 meum

379 4255 559 4315 (Mica.
591 4272 645 4321 v,
674 4254 749 4323 2).
780 4252 902 4306 Non
935 4252 1083 4306 dixit
1112 4256 1311 4306 contra
1339 4250 1676 4307 Bethlebem
1709 4254 1809 4308 sed
1841 4255 2025 4309 taber-

378 4344 655 4401 naculum
720 4343 912 4413 ipsum
984 4338 1320 4396 Bethlehem
1378 4340 1705 4412 appellavit.
1768 4342 2024 4398 Ecclesia

2134 3197 2367 3269 quando
2417 3193 2631 3266 cogitat
2682 3210 2806 3264 qua:
2852 3190 3108 3246 carnalia
3154 3194 3310 3245 sunt.
3364 3189 3528 3244 Tunc
3582 3192 3730 3244 aute

2133 3284 2417 3349 ascendit,
2469 3282 2703 3354 quando
2770 3280 3085 3335 invisibilia
3147 3279 3453 3334 desiderat.
3522 3276 3662 3332 Ideo
3737 3294 3768 3332 e

2134 3374 2428 3429 Abraham
2495 3371 2709 3425 dicitur
2774 3370 3146 3425 descendisse
3210 3368 3266 3422 in
3336 3366 3673 3438 Egyptum.
3720 3368 3775 3420 ut

2134 3462 2507 3533 afﬂigeretur.
2555 3458 2777 3513 Patitur
2841 3458 2949 3513 hoc
3019 3473 3185 3512 mens
3226 3461 3442 3524 nostra,
3483 3454 3775 3509 interdum

2134 3553 2365 3621 separat
2388 3565 2450 3603 se
2482 3565 2515 3602 a
2545 3563 2803 3619 corpore,
2840 3533 3090 3601 secernit
3126 3550 3187 3600 ut
3218 3542 3591 3616 singulariter
3620 3546 3771 3615 agat,

2134 3636 2597 3710 incorporalibus
2664 3636 2965 3690 intendere
3029 3640 3203 3705 atque
3263 3633 3417 3689 3I9
3486 3630 3773 3686 adhaerere

2133 3727 2396 3800 cupiens.
2444 3725 2761 3789 Interdum,
2809 3728 3043 3796 propter
3084 3721 3511 3794 colligationem
3570 3720 3773 3774 animis
3870 3722 3871 3789 ξ

2135 3822 2191 3873 et
2221 3815 2498 3888 corporis,
2530 3813 2845 3868 inclinatur
2874 3812 2945 3866 ad
2978 3811 3241 3865 carnales
3288 3809 3613 3881 voluptates
3656 3806 3772 3879 qui-

2133 3907 2243 3960 bus
2273 3905 2507 3959 inﬁrma
2536 3901 2867 3973 subjicitur,
2911 3898 3112 3955 fOI‘LlOI‘
3164 3915 3276 3953 non
3329 3901 3575 3951 tenetur.
3609 3893 3770 3950 Affli-

2133 3994 2418 4049 ctationes
2464 3991 2642 4064 igitur
2690 3990 2824 4045 forti
2870 3988 2989 4043 viro
3045 4004 3266 4043 coronae
3316 3990 3476 4052 sunt,
3522 3982 3769 4039 invalido

2131 4080 2504 4137 inﬁrmitates
2528 4082 2684 4135 sunt.
2720 4078 2883 4134 Unde
2910 4081 2966 4132 et
2994 4075 3090 4131 ille
3119 4092 3234 4131 non
3265 4074 3511 4129 timebat
3540 4073 3773 4128 afﬂicta-

2132 4170 2320 4225 tiones
2350 4168 2565 4240 quibus
2616 4166 2960 4239 probaretur
3007 4165 3237 4229 merito,
3267 4162 3366 4234 qui
3427 4161 3610 4216 dicit:
3644 4160 3771 4216 Nam

2131 4268 2180 4314 et
2241 4274 2363 4313 cum
2426 4259 2762 4312 venissemus
2829 4256 2886 4310 in
2963 4253 3347 4320 Macedoniam,
3414 4251 3631 4305 nullam
3690 4262 3771 4302 re-

2130 4349 2314 4419 quiem
2368 4345 2556 4401 habuit
2615 4360 2740 4399 caro
2796 4343 2983 4398 nostra
3037 4342 3128 4397 scd
3186 4343 3246 4395 in
3297 4340 3548 4395 omnibus
3594 4353 3772 4392 sumus

377 4435 534 4491 enim
570 4433 870 4502 justorum
920 4433 1010 4483 est
1066 4429 1528 4483 tabernaculum.
1564 4430 1693 4485 Jam
1742 4430 1842 4485 illa
1891 4432 2385 4510 quisDa/‘ﬂictati
2449 4452 2467 4488 :
2527 4435 2661 4502 foris
2715 4446 2938 4503 pugnw,
3010 4432 3153 4485 intus
3210 4431 3436 4484 timores
3504 4428 3586 4498 (ll
3647 4426 3768 4481 Cor.

379 4539 492 4576 non
527 4518 769 4574 miretur
799 4516 1093 4589 mysteria,
1128 4518 1282 4588 quod
1316 4517 1649 4573 Bethlehem
1689 4520 1859 4589 juxta
1906 4537 2025 4577 ma-

378 4625 440 4663 re
498 4605 745 4662 Galilazie
810 4611 899 4661 est
960 4606 1031 4660 ab
1090 4605 1340 4660 Oriente.
1402 4606 1628 4661 Etenim
1685 4608 1770 4663 vel
1830 4610 2027 4665 anima

379 4713 503 4768 quae
536 4699 792 4750 meretur
831 4693 1115 4765 templum
1166 4693 1268 4748 Dei
1315 4693 1616 4766 appellari,
1651 4696 1737 4752 vel
1771 4698 2026 4754 Ecclesia

377 4784 651 4841 tunditur
681 4781 1046 4837 saecularium
1105 4798 1378 4837 curarum
1429 4782 1724 4847 ﬂuctibus,
1757 4786 1855 4841 sed
1907 4803 2022 4842 non

377 4872 684 4931 subruitur
717 4889 729 4927 :
763 4871 1019 4937 caeditur,
1055 4871 1153 4927 sed
1190 4887 1302 4926 non
1335 4870 1735 4941 labefactatur,
1765 4891 2021 4931 commo-

375 4962 564 5018 tiones
595 4960 878 5016 ﬂuctuum
930 4965 986 5014 et
1032 4960 1486 5016 iusurrectiones
1533 4962 1873 5034 passionum
1905 4980 2027 5019 cor-

376 5051 666 5124 poralium
699 5049 885 5105 facilis
915 5066 1176 5121 premere
1203 5067 1269 5104 ac
1304 5050 1589 5122 mitigare.
1625 5053 1859 5124 Spectat
1879 5052 2021 5109 alio-

378 5157 508 5195 rum
542 5138 873 5209 naufragia,
906 5137 1032 5210 ipsa
1078 5138 1360 5194 immunis
1412 5145 1469 5194 et
1510 5155 1710 5196 exsors
1758 5141 2019 5213 periculi,

377 5232 579 5302 parata
634 5243 865 5299 seraper
909 5232 974 5282 ut
1017 5226 1321 5283 illuceseat
1368 5227 1479 5284 sibi
1528 5228 1815 5302 Christus,
1848 5234 2024 5303 atque

450 5446 564 5528 (90)
594 5448 994 5528 Omnesedit.
1054 5450 1255 5521 legunt
1300 5452 1691 5528 Bethet;_m_ss.
1744 5471 1878 5528 vero
1914 5454 2023 5528 hic

380 5520 438 5596 et
467 5520 526 5572 in
566 5522 946 5593 sequentibus
997 5520 1313 5596 nunquam
1357 5540 1479 5596 non
1520 5523 1759 5596 habent,
1808 5526 2021 5583 Bethle-

381 5586 535 5652 hem:
591 5586 768 5665 quem
824 5607 1021 5650 vocem
1084 5586 1157 5653 οἱ
1197 5592 1394 5653 Bethel
1453 5586 1758 5657 deducere
1793 5597 2025 5659 videtur

2130 4542 2230 4593 vn,
2256 4523 2334 4593 5).

2206 4614 2290 4668 14.
2320 4612 2431 4668 Sed
2463 4615 2528 4666 ut
2555 4609 2931 4666 descenderet
2972 4608 3030 4662 in
3079 4608 3383 4680 .Egyptum
3416 4607 3601 4661 fames
3643 4617 3772 4658 eoe-
3870 4612 3871 4617 ‘

2132 4701 2218 4773 git
2272 4699 2422 4772 (Gen.
2482 4716 2580 4765 xu,
2646 4697 2756 4769 £0).
2822 4696 3090 4751 Exoritur
3144 4695 3298 4751 enim
3358 4711 3508 4750 saeva
3564 4688 3772 4747 mentis
3870 4744 3871 4753 χ

2134 4789 2337 4854 fames,
2388 4787 2622 4859 quando
2666 4784 2997 4857 appetentia
3040 4784 3231 4839 carnis
3275 4783 3454 4854 hujus
3499 4779 3770 4847 exundat,

2131 4882 2187 4934 et
2216 4880 2513 4949 exspectat
2538 4891 2607 4930 ea
2633 4891 2759 4946 quae
2790 4872 2968 4948 saluti
3010 4874 3250 4928 adversa
3295 4875 3451 4927 sunt.
3488 4868 3770 4940 Redigunt

2132 4983 2239 5022 nos
2270 4966 2329 5021 in
2361 4963 2666 5037 angustias
2697 4962 2977 5034 corporis,
3010 4977 3144 5018 cum
3193 4959 3445 5016 habendi
3488 4954 3769 5029 cupiditas
3870 5016 3871 5039 ξ

2131 5055 2352 5126 irrepit,
2432 5052 2662 5108 luxuria
2729 5051 3000 5107 suavitati
3068 5054 3175 5117 est,
3245 5049 3403 5104 cordi
3470 5041 3766 5119 jactantia.

2132 5145 2452 5198 Tentamur
2517 5157 2721 5197 omnes
2758 5137 3240 5210 (9|).Inﬂectitur
3303 5136 3479 5192 etiam
3543 5129 3769 5189 sobrius

2133 5231 2387 5301 animus,
2430 5229 2728 5287 descendit
2774 5228 2832 5283 in
2899 5227 3233 5301 IEgyptum,
3272 5225 3381 5281 hoc
3412 5227 3501 5280 est
3535 5222 3590 5277 in
3627 5215 3773 5273 affli-

2132 5448 2498 5510 Ambrosius.

2202 5527 2313 5598 (9|)
2345 5526 2433 5583 Ita
2464 5540 2606 5598 mss.
2640 5539 2865 5598 omnes,
2917 5521 3066 5598 Edit.
3115 5524 3333 5598 autem,
3368 5517 3601 5574 luxuria
3637 5524 3763 5566 sua-

2130 5592 2315 5669 vitate,
2346 5601 2398 5659 et
2425 5596 2601 5659 cordis
2621 5592 2893 5677 jactantia
2921 5595 3202 5656 tentantur
3219 5606 3423 5653 oms.
