3878 6208
157 286 262 345 485

154 506 354 560 advena
406 505 479 558 ad
539 510 771 576 tempus
854 504 1125 567 incolere,
1194 521 1307 559 non
1371 506 1541 575 quasi
1623 504 1766 557 civis

155 593 431 667 possidere
486 592 749 647 videatur
825 593 1033 647 Justus
1088 592 1245 647 enim
1302 592 1492 646 dixit:
1553 592 1765 645 Αείιιςιηα

149 698 255 735 sum
309 684 367 735 in
429 685 573 734 terra
640 681 742 736 hac
802 682 975 749 tPsal.
1028 696 1227 743 cvaII,
1288 682 1395 735 l9‘.
1463 680 1529 734 Et
1582 680 1766 734 alibi:

150 771 247 825 Heu
292 785 395 833 me,
444 769 583 840 quod
610 770 878 825 incolatu:
908 784 1059 823 mea:
1085 770 1439 841 prolongata:
1488 777 1569 823 est
1602 768 1767 839 [Ρωι.

149 875 279 921 cus,
314 860 389 923 5;.

212 948 291 1001 15.
344 946 709 1001 Descendens
762 952 957 1001 autem
1004 946 1297 1001 Abraham
1330 946 1388 999 in
1434 946 1769 1018 .Egyptum,

150 1036 244 1090 hoc
280 1042 363 1090 est
394 1036 465 1089 ad
500 1036 648 1090 tem
675 1040 733 1089 et
761 1035 1040 1090 barbaros
1072 1050 1286 1097 mores,
1317 1034 1420 1106 qui
1446 1035 1645 1088 virtuti
1670 1034 1771 1088 de-

149 1124 281 1179 ferre
335 1125 662 1189 nescirent;
695 1139 768 1177 ne
818 1128 1094 1178 nocerent
1150 1140 1253 1195 per
1290 1123 1593 1183 invidiam.
1626 1122 1773 1177 dixit

148 1213 308 1276 Sacae,
356 1229 429 1267 ne
496 1228 561 1267 se
616 1228 851 1267 uxorem
907 1213 1036 1282 ejus
1092 1212 1331 1274 diceret,
1378 1212 1479 1267 sed
1513 1226 1771 1266 sororem

149 1299 449 1373 appellaret
484 1301 632 1371 ,ϐαι
663 1317 762 1367 xu,
818 1301 931 1365 l3}.
986 1300 1053 1356 Et
1082 1299 1221 1356 hinc
1275 1300 1499 1373 grande
1538 1300 1773 1354 virtutis

150 1390 476 1460 mysterium
534 1390 668 1459 {92},
736 1390 829 1444 cui
880 1390 994 1444 cito
1049 1389 1361 1444 invidetur.
1419 1390 1491 1443 Et
1542 1388 1672 1443 ideo
1710 1394 1775 1443 ut

148 1476 407 1532 invidiam
439 1478 740 1548 reprimat,
773 1476 1145 1532 humiliorem
1176 1494 1239 1532 se
1270 1482 1544 1547 praestare
1582 1478 1753 1532 debet

150 1566 259 1620 Non
288 1565 396 1620 sibi
431 1566 825 1637 principatum
857 1582 1036 1637 super
1090 1582 1295 1621 omnes
1341 1566 1625 1620 vindicet:
1658 1581 1773 1619 non

149 1654 244 1707 sibi
300 1652 407 1707 soli
458 1653 811 1724 sapientiam
881 1653 1047 1723 quasi
1109 1654 1460 1724 precipuam
1526 1659 1776 1724 arroget.

1389 281 1492 343 DE
1535 277 1923 343 ABRAHAM
1968 279 2111 338 LIB.
2160 278 2238 338 ll.

155 418 382 472 ctionem
414 416 687 485 corporis.
746 415 838 472 Sic
889 421 1088 470 tamen
1146 416 1469 479 descendit,
1506 424 1562 468 ut
1600 416 1763 485 quasi
1804 422 1849 479 Α
1886 431 1939 463 (οε
1970 430 2211 482 πρε-’,ωε
2252 413 2387 466 mihi
2428 429 2672 467 uxr-rem.
2736 413 2797 465 Et
2848 427 2991 463 tittltt‘
3048 427 3159 463 ονε-τ’
3198 412 3307 463 mu.‘

3401 279 3519 338 ωδ

3424 416 3517 464 .‘rta

1874 511 2001 553 ante
2032 512 2096 555 te.
2150 518 2351 572 ηεαρδ,
2385 507 2435 555 ct
2470 517 2687 554 recurre
2718 501 2847 551 Lm:
2896 499 2952 564 ,εἰ
2976 517 3042 551 "t.
3090 516 3191 563 xu,
3229 501 3289 552 l3
3318 516 3367 551 ci
3412 500 3473 554 I9
3502 540 3517 552 .

1882 591 2219 643 ln’mrnur
2265 592 2462 643 animo
2493 590 2976 658 intemperantem
3010 587 3263 657 aliquem
3296 589 3394 658 qui
3430 588 3517 641 in-

1876 679 2065 731 tuitus
2095 679 2383 731 castitatis
2416 680 2686 745 gratiam.
2718 678 2972 745 qundam
3005 682 3211 745 captus
3240 678 3369 743 ejus
3420 675 3523 729 de-

1878 782 2009 819 core
2049 767 2408 836 sequendam
2476 773 2659 837 putet.
2710 765 2923 818 D‘inde
2976 765 3357 835 petiissequas
3393 765 3523 833 ejus

1880 854 2149 907 nesciens
2204 856 2418 924 quibus
2465 855 2738 907 comitata
2788 854 2999 906 incedit
3065 854 3179 913 9h,
3221 858 3275 906 et
3310 852 3524 923 stipata

1879 943 2131 1003 advenit,
2167 944 2542 995 sobrietatem
2584 942 2829 999 scilicet.
2880 942 3225 995 modestiam
3269 958 3335 995 ac
3364 957 3523 995 vere-

1880 1031 2178 1091 cundiam,
2212 1031 2629 1101 parcimoniam
2675 1030 2809 1089 cibi.
2843 1030 3039 1087 fugam
3091 1028 3357 1091 lasciviae,
3394 1046 3524 1100 pro-

1880 1118 2161 1179 cacitatis,
2214 1118 2567 1189 pstulantire.
2614 1118 2943 1170 cantionem
2994 1118 3202 1170 seriam
3244 1120 3370 1185 ὤ),
3406 1116 3526 1172 sol-

1882 1206 2099 1260 licitam
2160 1208 2511 1262 custodiam.
2570 1209 2763 1260 suliitn
2812 1214 2909 1258 aut
2950 1206 3244 1259 ebrietatis
3285 1223 3528 1260 succen-

1883 1312 1986 1348 sus
2032 1295 2242 1350 calore.
2301 1304 2397 1347 aut
2465 1296 2649 1364 ipsius
2712 1311 2904 1348 carnis
2936 1302 3101 1353 .rstu.
3142 1300 3239 1347 aut
3283 1310 3528 1349 occursu

1885 1385 2082 1437 formze
2113 1383 2483 1439 decentioris.
2519 1400 2889 1452 nequaquam
2926 1399 2986 1436 se
3016 1388 3229 1439 teneat.
3262 1399 3367 1435 uec
3415 1382 3528 1454 legi

1883 1472 2077 1524 carnis
2105 1478 2427 1542 repugnet:
2462 1487 2652 1523 nonne
2701 1471 2839 1522 dicit
2872 1487 2884 1522 :
2924 1470 3118 1522 Potavi
3154 1485 3277 1524 rem
3307 1470 3531 1524 facilioo

1887 1576 2008 1613 rem
2058 1558 2462 1612 castimoniam
2520 1559 2682 1609 scvui
2729 1576 2741 1611 :
2791 1573 2971 1610 sunra
3033 1557 3309 1611 humeros
3348 1573 3532 1623 meos,

1888 1664 2067 1716 supra
2108 1647 2259 1700 \ires
2309 1663 2468 1699 meas
2517 1654 2622 1700 est.
2662 1647 2845 1699 [lactis
2895 1646 2985 1699 cui
3046 1645 3160 1699 ista
3180 1647 3533 1717 jungantur.

152 1742 265 1797 Haec.
294 1746 595 1812 estquam
654 1742 765 1795 sibi
824 1741 1097 1796 Salomon
1151 1758 1386 1795 uxorem
1446 1742 1775 1811 acquisivit,
1814 1776 1859 1839 Β
1890 1735 2046 1791 Vale.
2102 1735 2360 1793 castitas,
2394 1736 2615 1787 h‘Cedu.
2653 1734 2852 1787 recede
2883 1734 2953 1787 de
2992 1733 3209 1788 ﬁnibus
3253 1750 3537 1789 sensuum

153 1829 284 1884 Cxor
310 1830 471 1883 enim
542 1830 830 1900 praecipue
887 1836 979 1883 est
1036 1831 1136 1883 uni
1192 1830 1387 1884 debita
1414 1830 1546 1899 χῶ).
1582 1829 1782 1900 Itaque

151 1933 335 1972 omnes
380 1918 637 1989 cupiunt
678 1918 779 1971 tali
830 1934 892 1971 se
941 1916 1151 1988 copula
1205 1918 1416 1989 dignos
1474 1918 1676 1982 videri,
1721 1924 1785 1971 ut

106 2078 113 2079 ί
151 2005 365 2060 doleant
395 2005 655 2076 aliquem
688 2006 801 2059 sibi
833 2005 1109 2075 praeferri.
1141 2005 1283 2070 Quis
1313 2011 1478 2060 tanta
1497 2004 1659 2060 solus
1690 2022 1787 2076 po-

152 2096 309 2149 tiatur
351 2093 844 2166 pulchritudine?
901 2094 1075 2148 Soror
1132 2101 1329 2149 autem
1389 2095 1642 2165 quodam
1698 2093 1781 2148 vel

146 2183 263 2252 jure
281 2183 713 2254 germanitatis,
744 2182 831 2238 vel
849 2183 1089 2237 nomine
1103 2182 1394 2254 plerisque
1410 2184 1684 2238 sociatur.
1717 2183 1787 2237 Et

154 2269 265 2325 ideo
289 2286 492 2326 verum
528 2275 847 2325 amatorem
896 2287 1071 2326 suum
1115 2272 1408 2343 integrum
1457 2271 1532 2325 ab
1570 2271 1789 2341 injuria

159 2365 415 2415 reservat.

218 2450 301 2502 16.
325 2447 495 2505 Unde
528 2448 793 2505 videntes
831 2466 959 2505 eam
980 2449 1254 2521 .Egyptii,
1284 2451 1384 2521 qui
1404 2465 1517 2505 non
1552 2453 1789 2521 possent

157 2536 493 2605 discernere,
552 2553 659 2594 nec
701 2538 934 2593 virtutis
985 2538 1233 2593 formam
1263 2554 1633 2611 cognoscere,
1664 2536 1788 2591 vul-

154 2627 264 2696 gari
292 2626 658 2681 aestimantes
687 2626 934 2697 judicio,
965 2626 1321 2682 induxerunt
1369 2628 1442 2681 ad
1474 2631 1787 2698 tyrannum

158 2715 300 2783 Jbid.
354 2717 463 2787 15),
533 2714 641 2770 hoc
696 2720 805 2782 est,
864 2715 937 2770 ad
991 2720 1245 2771 mentem
1305 2716 1617 2787 superbam
1662 2731 1790 2786 quae

152 2803 367 2872 pondus
396 2802 701 2874 sapientiae
754 2819 868 2858 non
901 2802 1202 2869 sustinuit,
1255 2809 1313 2858 et
1353 2803 1482 2859 ideo
1513 2803 1794 2860 afﬂictata

153 2895 252 2946 est.
283 2891 517 2947 Etenim
576 2908 712 2946 cum
772 2892 1031 2946 animam
1082 2892 1409 2964 improbam
1441 2891 1671 2947 virtutis
1701 2892 1791 2946 in-

157 2980 381 3035 traverit
409 2996 632 3047 sermo,
692 2980 989 3052 redarguit
1040 2996 1170 3035 eam
1227 2980 1430 3052 culpae,
1461 2980 1793 3051 errorisque

160 3068 367 3137 pudore
422 3068 631 3133 afﬁcit,
689 3075 746 3124 et
816 3067 1205 3140 prolapsionis
1281 3073 1516 3140 torquet
1572 3068 1789 3124 dolore.

1893 1840 2176 1877 meorum.
2238 1824 2487 1876 Reeurre
2536 1838 2649 1875 eam
2700 1840 2766 1875 eo
2797 1822 2953 1875 unde
3000 1821 3113 1875 huc
3141 1822 3385 1876 venisti:
3419 1839 3535 1878 non

1892 1912 2154 1966 sustineo
2184 1912 2547 1982 praesentiam
2584 1919 2766 1967 tuam.
2819 1910 3047 1979 at‘tligor
3074 1911 3348 1982 gravibus
3379 1926 3535 1982 quae-

1894 2000 2204 2063 stionibus,
2228 2000 2369 2053 dum
2402 1999 2709 2053 tenendam
2744 2006 2796 2051 te
2827 2000 3096 2059 arbitror.
3133 2015 3311 2070 quam
3342 2005 3538 2055 tenere

1894 2105 2010 2142 non
2051 2104 2313 2159 possum.

1970 2178 2053 2230 18.
2085 2178 2408 2230 Conversus
2472 2177 2678 2228 «ξρξηὲη
2727 2176 2795 2228 ad
2866 2176 3123 2246 aliquem
3190 2177 3539 2234 monitorem

1896 2264 2008 2320 sui.
2043 2265 2133 2319 cui
2168 2264 2457 2319 studuerit
2490 2265 2545 2316 in
2582 2265 2711 2332 ejus
2742 2269 2995 2318 mentem
3026 2264 3297 2320 inducere
3342 2282 3541 2322 assue-

1897 2353 2159 2407 tudinem
2211 2353 2589 2417 castimoniae,
2642 2355 2900 2423 allegatis
2953 2370 3068 2408 non
3120 2354 3363 2409 arduam
3398 2356 3537 2421 fore,

1899 2459 2002 2496 nec
2036 2440 2482 2512 impossibilem,
2516 2442 2613 2496 sed
2649 2441 2915 2513 pluribus
2953 2443 3194 2512 sociam,
3228 2443 3541 2498 ﬁnitimam

1898 2531 2200 2589 studiosis.
2273 2530 2706 2584 convenientem
2787 2531 3133 2585 voluntariis
3194 2534 3327 2601 {96),
3392 2532 3539 2597 Quid

1900 2620 2027 2681 hoc,
2064 2619 2274 2689 inquit,
2327 2618 2510 2671 fecisti
2562 2618 2702 2672 mihi
2726 2618 2754 2671 ’ἲ
2783 2619 2967 2680 Quare
3018 2636 3130 2673 nou
3164 2620 3361 2674 dixisti
3396 2618 3542 2675 mihi

1899 2710 2032 2780 quia
2081 2723 2224 2761 uxor
2251 2713 2355 2761 tua
2373 2706 2511 2761 est?
2543 2706 2657 2760 Hoc
2690 2712 2798 2769 est,
2833 2723 2957 2777 qua:
2991 2724 3102 2761 non
3127 2708 3538 2779 perfunctorie,

1900 2797 1998 2852 sed
2035 2796 2292 2866 legitimo
2338 2800 2604 2850 teneatur
2650 2796 2941 2866 conjugin,
2984 2812 3184 2850 secum
3225 2796 3543 2852 maximam

1900 2886 2065 2941 vehat
2100 2886 2318 2947 dotem,
2350 2903 2475 2955 qua:
2525 2884 2758 2939 invehat
2810 2884 3009 2956 gravia
3036 2900 3212 2940 onera
3243 2886 3542 2941 matrimo-

1902 2977 2003 3037 nii,
2071 2981 2128 3028 et
2192 2974 2350 3027 durre
2417 2978 2583 3028 fenus
2646 2974 3126 3043 conjunctionis:
3186 2974 3286 3028 sed
3346 2974 3543 3030 dixisti

1903 3078 2181 3129 sororem,
2217 3061 2395 3116 nullis
2434 3061 2732 3116 astrictam
2781 3060 3008 3133 legibus
3056 3068 3114 3116 et
3173 3067 3395 3117 naturae
3444 3079 3545 3118 so-

159 3156 406 3228 Namque
434 3158 584 3213 dum
616 3156 675 3211 in
718 3139 1222 3228 quadamisumus
1251 3139 1627 3229 delinquendi
1661 3156 1791 3212 libi-
1825 3139 1869 3205 C
1906 3152 2079 3211 ciam,
2119 3166 2232 3204 non
2259 3153 2391 3219 jure
2422 3150 2618 3220 aliquo
2647 3148 2859 3204 dotalis
2890 3166 3103 3203 census
3133 3153 3447 3220 superbam
3479 3166 3546 3205 ac

162 3244 305 3316 dine,
333 3244 572 3301 nebulis
602 3245 958 3317 quibusdam
1012 3246 1359 3318 insipientia:
1412 3262 1579 3302 mens
1609 3246 1795 3302 obdu-

164 3334 318 3403 citur,
339 3339 397 3389 et
425 3336 597 3390 fumo
626 3334 879 3405 quodam
941 3334 1268 3406 iniquitatis
1298 3334 1453 3389 oculi
1483 3335 1612 3406 ejus
1650 3333 1795 3390 cali-

164 3426 379 3492 gantur,
412 3439 487 3478 ne
524 3422 713 3477 videat
741 3438 965 3489 eorum,
996 3439 1124 3493 qua:
1179 3422 1559 3494 concupiscit,
1606 3421 1795 3477 defor-

168 3510 430 3567 mitatem.
496 3508 613 3565 Sed
666 3527 800 3566 cum
858 3511 1053 3566 omnis
1108 3510 1323 3566 nebula
1365 3508 1684 3573 transierit,
1741 3514 1799 3564 et

168 3599 444 3671 sapientiai
463 3598 697 3669 fulgore
718 3599 967 3661 fulserit,
983 3600 1179 3668 gravia
1193 3605 1482 3654 tormenta
1498 3614 1796 3653 excercen-

166 3690 330 3742 turin
393 3688 653 3760 quodam
698 3687 848 3741 male
914 3687 1132 3743 conscii
1197 3688 1524 3742 secretario.
1596 3691 1798 3757 Itaque

167 3776 376 3843 gravior
433 3781 643 3830 nostra
698 3792 864 3830 mens
902 3776 1085 3847 judex
1115 3780 1206 3831 est
1236 3775 1603 3831 conscientia
1634 3779 1796 3829 reatu

168 3866 217 3916 et
236 3864 452 3932 judicio
522 3864 891 3935 pmnitentim.
942 3864 1105 3929 Quod
1155 3864 1203 3919 si
1235 3864 1322 3918 vel
1373 3879 1525 3935 aegra
1556 3880 1657 3934 per
1684 3861 1801 3917 cul-

169 3966 307 4021 pain,
350 3953 435 4008 vel
481 3951 741 4007 invalida
793 3968 895 4023 per
932 3951 1357 4015 inﬁrmitatem.
1396 3968 1511 4006 non
1544 3951 1801 4022 potuerit

139 4037 301 4117 _t‘erre
327 4058 391 4097 ac
420 4041 650 4114 perpeti
681 4040 911 4096 virtutis
942 4041 1329 4113 praesentiam,
1375 4039 1619 4095 dimittit
1647 4056 1797 4105 eam,

172 4131 327 4200 atque
377 4148 411 4185 a
451 4146 523 4187 se
557 4128 792 4201 relegat,
826 4146 932 4185 nec
962 4130 1180 4202 patitur
1206 4146 1335 4185 eam
1365 4127 1512 4184 volvi
1543 4128 1600 4183 in
1632 4144 1716 4193 se,
1746 4134 1803 4184 et

173 4216 443 4275 adhaerere
504 4218 961 4290 cogitationibus
1018 4217 1161 4274 suis.
1224 4219 1293 4272 Et
1348 4223 1415 4273 ut
1450 4217 1801 4272 inﬁrmiores

174 4305 521 4363 oculilucem
548 4307 866 4379 refugiunt,
898 4308 979 4361 ita
1006 4323 1173 4363 mens
1222 4306 1478 4360 invalida
1504 4305 1800 4377 sapientiai

173 4392 438 4466 fulgorem
480 4411 600 4450 non
632 4396 899 4450 sustinet.
932 4395 1098 4451 Tales
1141 4398 1306 4450 erant
1326 4394 1623 4463 Geraseni,
1647 4394 1802 4450 820

1904 3247 2220 3312 potentem.
2278 3239 2474 3310 Itaque
2522 3238 2866 3309 imprudens
2914 3255 3156 3293 onerum
3207 3242 3336 3301 ejus
3365 3255 3542 3309 copu-

1904 3330 2140 3384 landam
2190 3345 2317 3383 eam
2377 3328 2519 3381 mihi
2590 3334 2645 3380 et
2690 3326 2999 3380 tenendam
3049 3332 3410 3397 putaveram.
3443 3326 3544 3382 sed

1903 3417 2159 3473 intellexi
2210 3417 2362 3488 quod
2398 3416 2627 3486 pondus
2675 3415 2750 3469 sit
2801 3415 2859 3468 in
2917 3432 2984 3469 ea
3032 3421 3089 3470 et
3120 3415 3368 3470 sarcina.
3405 3416 3546 3471 Ecce

1909 3506 2211 3561 mulierem
2272 3511 2454 3567 tuam,
2516 3505 2572 3557 irl
2632 3510 2740 3565 est.
2790 3520 2919 3558 ecce
2952 3504 3251 3575 persuasio
3285 3510 3385 3559 tua
3415 3509 3550 3559 ante

1905 3602 1981 3657 te,
2037 3594 2233 3666 accipe
2282 3599 2339 3647 et
2382 3610 2632 3648 recurre.
2691 3593 2833 3647 Nolo
2880 3599 3013 3647 ante
3058 3610 3147 3647 me
3178 3593 3273 3655 sit,
3304 3593 3436 3649 nolo
3489 3593 3548 3648 in

1907 3684 2053 3739 meis
2085 3683 2559 3754 cogitationibus.
2595 3681 2756 3736 Tolle
2785 3688 2839 3735 te
2871 3682 3005 3736 hinc
3038 3699 3169 3737 cum
3204 3682 3323 3738 tuis
3354 3682 3550 3738 consi-

1909 3774 2022 3841 liis,
2055 3789 2187 3827 eum
2233 3778 2333 3827 tua
2370 3772 2787 3835 admonitione,
2822 3773 2933 3825 cito
2962 3771 3120 3837 tolle,
3153 3773 3266 3826 cito
3296 3789 3548 3839 recurre,

1908 3878 2103 3916 moras
2148 3867 2282 3916 tuas
2332 3877 2443 3915 non
2478 3861 2617 3915 fero.
2650 3860 2994 3914 alllietiones
3025 3866 3159 3915 sunt
3194 3860 3372 3915 mihi:
3407 3861 3551 3916 satis

1908 3958 2016 4015 est,
2066 3950 2216 4021 quod
2274 3956 2407 4003 ante
2454 3949 2732 4019 deceptus
2778 3966 2931 4003 sum.
2969 3950 3035 4002 Et
3093 3950 3247 4001 misit
3279 3947 3553 4005 alumnos

1909 4054 2048 4093 suos
2078 4038 2294 4109 quibus
2324 4028 2569 4108 vagatur
2599 4038 2941 4109 plerumque
2969 4054 3136 4091 mens
3169 4039 3553 4107 intemperan-

1909 4127 2041 4189 tior,
2082 4126 2317 4180 volvens
2350 4126 2545 4179 animo
2573 4125 2950 4196 cogitationes
2983 4125 3245 4185 luxuriae,
3281 4125 3551 4180 ambitio-

1910 4213 2021 4275 nis,
2056 4212 2327 4276 avaritite,
2361 4218 2417 4264 et
2448 4212 2705 4266 diversas
2737 4211 3039 4266 illecebras
3070 4211 3368 4267 oti‘endens
3399 4212 3510 4282 (97)
3536 4229 3549 4267 :

1913 4308 1975 4355 ut
1997 4300 2467 4364 eliminarent,ac
2502 4300 2668 4370 longe
2702 4299 3087 4371 propellerent
3117 4301 3548 4367 castimoniam,

1912 4407 1984 4445 ne
2050 4405 2351 4443 recursum
2421 4390 2631 4443 t‘aeeret
2697 4388 2753 4442 in
2823 4405 2920 4443 eos
2988 4390 3133 4444 tinos
3173 4389 3387 4460 quibus
3430 4388 3551 4446 fue-

173 4483 261 4551 qui
283 4485 570 4555 rogabant
591 4489 655 4537 ut
674 4482 945 4539 transiret
960 4484 1031 4539 de
1057 4483 1273 4538 ﬁnibus
1295 4499 1496 4539 eorum
1518 4483 1805 4539 Dominus
1838 4499 1881 4562 υ
1914 4484 2003 4534 rat
2058 4477 2336 4550 expulsa:
2399 4494 2534 4549 quo,
2596 4494 2804 4532 secura
2850 4478 2975 4548 jam
3009 4483 3063 4532 et
3112 4478 3339 4533 arbitrii
3372 4478 3552 4535 serio-

171 4568 327 4626 Jesus
356 4574 570 4644 (Matth.
600 4589 721 4636 vui,
750 4573 861 4642 3t).

234 4661 313 4713 t7.
337 4661 601 4732 Denique
647 4667 707 4716 et
754 4661 863 4717 iste
893 4677 992 4716 rex
1020 4661 1241 4733 Egypti
1265 4661 1347 4715 ait
1366 4660 1438 4715 ad
1468 4660 1761 4715 Abraham
1787 4677 1799 4714 :

175 4746 301 4812 Quid
348 4750 445 4803 hoc
486 4751 672 4821 fecisti
698 4749 883 4805 mihi?
912 4751 1089 4818 Quare
1116 4765 1227 4805 non
1255 4748 1452 4804 dixisti
1478 4749 1640 4815 mihi,
1673 4752 1806 4821 quia

172 4848 301 4889 uxor
352 4840 451 4893 tua
509 4846 587 4893 est
628 4841 654 4891 .9
707 4838 800 4894 sed
854 4839 1049 4894 dixisti
1093 4840 1222 4911 quia
1276 4853 1429 4894 soror
1484 4842 1577 4893 tua
1622 4848 1722 4905 est,
1756 4848 1808 4895 et

237 5004 343 5074 (92)
390 5006 530 5062 Mss.
580 5006 749 5062 Corb.
800 5024 866 5063 ac
916 5007 1118 5080 Long.,
1147 5007 1353 5078 grande
1380 5007 1579 5064 sobriae
1611 5010 1807 5064 mentis

177 5080 506 5145 mysterium.

239 5146 469 5220 (93)lta
526 5165 670 5220 mss.
731 5163 954 5204 omnes.
1010 5152 1139 5205 Am.
1200 5152 1396 5204 autem
1446 5165 1512 5204 ac
1541 5150 1695 5220 Era,
1728 5160 1807 5206 est

176 5214 274 5271 viri
300 5214 682 5292 debita.7Vitio
714 5220 913 5292 procul
945 5220 1123 5292 dubio
1149 5220 1418 5292 codicum
1450 5214 1691 5292 quibus'
1714 5222 1807 5278 usi

177 5292 339 5343 sunt:
372 5291 527 5361 quod
558 5290 761 5346 vitium
798 5296 860 5347 ut
888 5290 1020 5347 Gill.
1053 5296 1110 5346 et
1139 5291 1309 5347 Rom.
1359 5290 1499 5347 edit.
1532 5292 1805 5348 emenda-

177 5363 674 5432 ren_t,reposuere,
705 5372 782 5418 est
819 5364 936 5418 viro
964 5362 1161 5418 debita.

239 5429 590 5506 (9510'mnes
644 5429 779 5490 edit.
842 5450 975 5490 cum
1006 5434 1183 5489 Torn.
1239 5433 1391 5497 cod.,
1422 5434 1619 5506 quibus
1648 5435 1803 5491 colli-

176 5503 291 5568 gata
328 5503 544 5559 incedit.

240 5571 346 5647 (95)
378 5573 506 5632 Vet.
540 5575 703 5646 edit.,
752 5578 1058 5636 cautionem
1104 5574 1425 5654 femineam.
1470 5576 1636 5635 Rom.
1671 5593 1805 5635 cum

1915 4568 1995 4623 ris
2026 4568 2227 4632 libera,
2274 4568 2331 4621 in
2366 4567 2619 4638 peccatis
2670 4568 2794 4621 suis
2827 4568 3093 4639 redargui
3128 4574 3243 4622 non
3278 4569 3557 4624 formida-

1913 4662 2020 4711 ret.

2481 4744 2628 4801 am
2659 4745 2890 4800 CAPUT
2921 4744 2983 4798 v.
3126 4826 3127 4829 γ

1915 4835 2148 4890 Discedit
2188 4835 2464 4890 Abraham
2502 4850 2573 4889 ea:
2618 4836 2850 4905 fligi/pta
2904 4851 3027 4889 cum
3063 4836 3201 4890 Sara
3256 4852 3431 4893 uxore
3494 4854 3559 4892 ac

1915 5004 2173 5076 quinque
2222 5020 2388 5069 mss.,
2438 5012 2735 5057 multoer
2765 5006 2980 5076 feriam.
3016 5002 3239 5066 Quibus
3283 5004 3559 5060 omnibus

1914 5074 2143 5130 videtnr
2198 5077 2387 5145 potior
2414 5075 2607 5141 Coro,
2666 5092 2717 5127 ιιι
2752 5090 2866 5144 quo
2900 5074 3075 5144 legas,
3135 5076 3441 5127 cautionem
3474 5090 3557 5129 se-

1918 5164 2079 5201 nam.

1986 5218 2097 5288 (96)
2150 5214 2472 5288 Voluntarii
2532 5214 2637 5269 hoc
2698 5213 2820 5268 loco
2877 5212 3152 5288 dicuntur
3208 5212 3245 5267 ii
3286 5213 3408 5288 qui
3444 5230 3560 5288 non

1915 5284 2129 5351 coacte,
2162 5287 2261 5340 sed
2295 5303 2400 5341 sua
2432 5292 2637 5357 sponte
2687 5293 2859 5356 atque
2910 5302 2975 5340 ex
3007 5284 3202 5339 animo
3235 5284 3313 5339 ad
3338 5284 3560 5356 aliquid

1921 5359 2208 5414 feruntur.

1989 5432 2098 5501 (97)
2134 5428 2349 5484 Omnes
2370 5427 2532 5495 edit.,
2567 5427 2846 5483 illecebras
2875 5427 3104 5497 offerens
3124 5448 3143 5493 ;
3163 5443 3364 5484 omnes
3388 5443 3558 5501 mss.,

1916 5502 2211 5577 offendens.
