3878 6208
303 289 421 351 487

1753 289 1814 348 S.
1868 282 2241 349 AMBROSII

3575 294 3682 357 488

371 425 478 475 suis
541 421 790 475 omnibus
849 419 947 475 hoc
993 426 1101 491 est,
1132 420 1277 474 veris
1308 421 1525 491 animae
1560 418 1784 491 divitiis.
1823 421 1949 487 Eju;
1984 442 2024 491 Α
2064 419 2403 471 πυξΙυθιίιιιιι.
2440 419 2574 475 Suis
2604 423 2909 477 contentos
2937 436 3065 477 esse
3090 420 3326 490 ﬁnibus,
3357 439 3471 479 non
3500 425 3679 480 extolli

372 494 579 547 reditus
628 494 691 584 in
721 491 922 584 ’Bethcl
972 490 1105 584 quid
1133 490 1420 584 signiﬁcet.
1457 490 1662 557 Quidue
1691 491 1783 544 Lot
1815 507 1943 545 cura

2126 507 2392 560 vitiarum
2445 507 2647 577 copiis,
2707 513 2763 563 et
2818 508 2993 565 rebus
3052 511 3373 567 secundum
3444 513 3677 584 gratiam

371 575 421 620 et
451 568 674 633 argento
702 563 853 617 dives
883 578 994 616 non
1022 562 1260 616 dicatur.

376 688 462 742 19.
490 686 773 741 Discessit
799 686 994 755 itaque
1018 683 1307 739 Abraham
1332 684 1467 737 inde
1506 683 1728 737 habens
1750 700 1946 737 secum

302 791 540 830 uxorem
577 790 743 829 suam
793 774 995 827 Seram
1030 771 1179 842 (Gen,
1233 789 1352 837 ιιιι,
1409 774 1481 842 1),
1514 772 1621 825 hoc
1652 775 1758 835 ost,
1790 771 1948 843 prin-

302 863 573 934 cipalem,
636 878 749 916 non
811 861 1181 915 servientem.
1249 861 1375 915 Ideo
1435 864 1491 914 et
1550 859 1764 912 dicitur
1821 858 1946 912 illi:

301 951 443 1006 Audi
488 951 684 1005 Suram
713 964 941 1003 uxorem
972 956 1123 1002 tuam
1153 947 1305 1014 (Gen.
1340 966 1451 1011 xxi,
1484 948 1593 1015 12).
1627 947 1763 1009 Quae
1795 946 1949 1000 enim

299 1038 533 1094 servitio
582 1037 928 1093 delictorum
983 1052 1044 1092 se
1102 1035 1280 1101 exuit,
1330 1035 1721 1107 principatum
1753 1033 1948 1098 habet,

298 1146 412 1184 non
466 1129 829 1184 servitutem.
884 1127 1048 1181 Mens
1096 1140 1233 1195 ergo
1281 1124 1527 1179 validior
1568 1122 1946 1195 principalem

298 1217 571 1272 virtutem
634 1231 829 1270 secum
892 1213 1084 1275 hibet,
1165 1211 1273 1266 hoc
1335 1216 1442 1276 est,
1517 1211 1946 1282 imperitantem

298 1304 557 1377 corporis
588 1303 881 1367 sensibus,
916 1318 1030 1356 non
1064 1301 1449 1355 obedientem.
1476 1299 1608 1362 Οιιῶ
1641 1299 1711 1353 de
1747 1303 1948 1370 Egyp-

299 1398 357 1447 to
413 1408 608 1446 secum
664 1391 860 1445 omnia
909 1388 1128 1451 retulit,
1182 1387 1325 1442 nihil
1378 1386 1454 1441 ibi
1502 1386 1946 1458 disciplinarum

299 1497 539 1535 suarum
601 1479 817 1533 amisit.
880 1478 1001 1531 Non
1063 1475 1313 1531 colorata
1355 1481 1443 1530 est
1475 1474 1945 1546 intemperantia,

298 1567 630 1632 insolentia,
666 1566 1021 1637 flagitiorum
1056 1564 1451 1627 immodestia,
1479 1580 1592 1617 non
1626 1561 1948 1633 exspoliata

296 1660 385 1711 est
416 1656 628 1710 amictu
660 1653 875 1710 sedulae
908 1652 1264 1707 sobrietatis.
1294 1669 1405 1707 non
1442 1657 1612 1706 exuta
1640 1651 1947 1705 vestimen-

296 1749 353 1799 to
385 1743 646 1816 pudoris.

366 1836 455 1886 20.
492 1834 621 1886 Erat
668 1832 815 1886 dives
874 1830 1030 1886 valde
1093 1830 1240 1897 (Gen.
1300 1847 1419 1893 xm,
1473 1830 1550 1900 2),
1606 1833 1803 1900 utpote
1851 1830 1943 1881 cui

296 1920 441 1975 nihil
500 1921 783 1975 bonorum
830 1920 1044 1979 deerat,
1077 1935 1204 1988 qua:
1256 1936 1369 1973 non
1404 1917 1574 1972 alieni
1616 1921 1738 1971 erat
1769 1932 1943 1987 appe-

296 2013 447 2075 tens,
477 2024 603 2079 qua:
627 2007 848 2062 nullius
870 2007 1190 2077 indigebat,
1222 2007 1377 2077 quod
1401 2022 1571 2059 suum
1608 2004 1719 2059 dici
1752 2004 1942 2059 vellet.

299 2097 411 2151 Hoc
442 2102 529 2151 est
561 2097 715 2151 enim
748 2111 875 2149 esse
923 2095 1182 2156 divitem,
1235 2094 1449 2148 habere
1480 2094 1632 2164 quod
1670 2094 1812 2147 satis
1843 2110 1945 2147 vo-

295 2183 505 2239 luntati
536 2184 633 2238 sit.
670 2185 1001 2238 Mansuram
1051 2182 1204 2236 enim
1242 2180 1544 2251 frugalitas
1583 2181 1776 2247 habet,
1810 2197 1945 2236 cen-

296 2288 399 2327 sus
430 2288 542 2325 non
578 2271 768 2335 habet,
800 2272 970 2340 cujus
1017 2270 1227 2323 modus
1272 2269 1326 2321 in
1363 2269 1600 2322 arbitrio
1632 2268 1946 2340 quaerentis

296 2365 403 2414 est.
438 2361 573 2413 Erat
619 2368 808 2413 autem
845 2359 1003 2412 dive~I
1057 2357 1388 2429 pecoribus,
1421 2361 1658 2427 argento
1693 2362 1747 2410 et
1779 2373 1939 2411 auro.

294 2447 441 2508 Quid
477 2447 585 2499 sibi
623 2447 728 2499 hoc
758 2446 875 2499 vult
904 2446 931 2499 ‘?
962 2446 1085 2499 Non
1139 2445 1280 2498 mihi
1320 2446 1589 2499 videntur
1619 2445 1675 2498 in
1708 2445 1944 2499 homine

288 2536 452 2605 justo
502 2534 808 2590 saeculares
870 2533 1080 2587 divitia!
1128 2533 1373 2587 laudari.
1430 2533 1590 2588 Unde
1631 2533 1688 2587 in
1722 2533 1939 2604 pecori-

294 2624 405 2677 bus
435 2624 763 2695 corporales
815 2639 1024 2678 scnsus
1056 2622 1337 2693 intelligo,
1373 2623 1511 2694 quia
1559 2628 1616 2676 et
1646 2623 1755 2694 ipsi
1791 2623 1940 2676 irra-

292 2711 600 2766 tionabiles
658 2717 833 2777 sunt;
887 2711 941 2764 in
998 2715 1239 2778 argento
1289 2727 1640 2775 sermonem,
1692 2710 1750 2764 in
1802 2726 1942 2765 auro

294 2805 570 2854 mentem.
606 2799 808 2853 Merito
837 2799 999 2851 dives
1030 2804 1154 2851 erat
1183 2798 1498 2868 Abraham,
1541 2798 1679 2869 quia
1711 2799 1944 2869 regebat

295 2903 503 2942 sensus
548 2886 995 2940 irrationabiles.
1036 2886 1296 2957 Denique
1325 2892 1380 2940 et
1411 2886 1658 2951 domuit,
1689 2894 1746 2941 et
1777 2904 1941 2940 man-

294 2983 491 3031 suetos
523 2976 672 3034 fecit,
728 2980 795 3027 ut
844 2975 1046 3028 ﬁerent
1095 2975 1492 3029 rationabiles.
1527 2975 1787 3029 Habebat
1818 2991 1941 3029 ser—

296 3078 528 3118 monem
559 3062 687 3117 fidei
722 3062 910 3118 colore
942 3063 1339 3133 splendidum,
1364 3067 1675 3134 purgatum
1708 3063 1942 3135 spirita-

1929 1827 1941 1851 ε
1975 1787 2021 1851 Β

2057 593 2418 663 voluptatum
2478 594 2816 664 ﬂuentibus,
2867 596 2975 651 hoc
3026 612 3153 652 esse
3186 597 3395 653 mentis
3426 599 3682 670 optimae:

2060 680 2325 734 meditari
2359 697 2589 753 semper
2618 682 2966 755 principium
2992 683 3264 747 ctﬁnem,
3293 702 3358 741 eo
3392 687 3688 758 procedere

2059 773 2115 822 et
2176 769 2311 823 inde
2358 769 2605 840 ingredi,
2674 776 2778 826 hoc
2826 788 2952 828 esse
3004 772 3221 828 bonum
3279 775 3411 845 (98).
3476 775 3684 831 Bonum

2060 858 2212 913 822
2245 863 2437 912 autem
2471 859 2758 929 sapientia
2788 864 2894 914 est.
2927 860 3109 914 Nemo
3142 864 3295 916 enim
3348 863 3555 932 bonus,
3585 864 3682 920 nisi

2060 961 2214 999 unus
2243 944 2415 1000 Deus.
2449 946 2537 1000 Ab
2568 963 2633 1001 eo
2666 948 3057 1019 procedimus,
3100 950 3274 1002 creati
3332 966 3437 1021 per
3464 950 3681 1022 ipsum:

2060 1033 2131 1088 ad
2164 1050 2295 1088 eum
2329 1034 2694 1096 revertimur,
2728 1034 2867 1106 quia
2895 1052 3029 1091 cum
3061 1036 3291 1093 Christo
3338 1054 3468 1094 esse
3513 1039 3684 1094 multo

2060 1120 2292 1175 melius.
2344 1121 2410 1174 Et
2462 1126 2526 1175 ut
2575 1122 2725 1177 scias
2772 1124 2911 1194 quia
2974 1124 3191 1199 bonum
3243 1129 3331 1179 est
3382 1141 3684 1198 congruere

2060 1208 2410 1280 principium
2440 1214 2497 1263 et
2527 1209 2722 1275 ﬁnem,
2746 1210 2872 1281 ipse
2898 1212 2973 1264 ait
3002 1212 3188 1267 bonus
3207 1213 3381 1268 Jesus
3407 1231 3420 1269 :
3447 1216 3548 1285 Ego
3575 1232 3683 1269 sum

2055 1300 2100 1352 A
2129 1300 2182 1352 et
2210 1309 2277 1363 Ω,
2309 1298 2650 1368 principium
2674 1306 2727 1352 et
2754 1299 2882 1367 ﬁnis
2913 1299 3092 1370 (Apoc.
3129 1317 3163 1364 ι,
3197 1302 3272 1371 8).

2125 1388 2215 1439 22.
2251 1385 2414 1439 Mens
2446 1386 2625 1457 igitur
2652 1391 2851 1440 nostra
2880 1403 3013 1441 cum
3044 1389 3171 1458 ipso
3217 1405 3451 1461 semper
3488 1391 3595 1446 sit:
3620 1391 3684 1446 ab

2056 1474 2184 1543 ejus
2234 1474 2474 1543 templo,
2527 1474 2597 1527 ab
2655 1475 2782 1544 ejus
2845 1475 3019 1529 verbo
3084 1493 3390 1548 nunquam
3451 1478 3684 1533 recedat.

2057 1562 2298 1632 Semper
2347 1562 2403 1614 in
2436 1561 2681 1617 lectione
2709 1562 3141 1632 Scripturarum
3175 1566 3270 1630 sit,
3307 1564 3682 1621 meditationi-

2057 1649 2189 1717 bus,
2224 1651 2607 1711 orationibus,
2643 1655 2703 1704 ut
2737 1666 2929 1706 sermo
2960 1654 3089 1720 ejus
3117 1653 3231 1723 (99)
3274 1654 3375 1724 qui
3413 1657 3519 1720 est,
3552 1670 3688 1710 sem-

2058 1754 2159 1809 per
2206 1742 2478 1808 operetur
2523 1739 2578 1791 in
2627 1739 2817 1809 nobis,
2848 1744 2901 1794 et
2935 1744 3000 1794 ut
3031 1741 3290 1811 quotidie
3324 1742 3688 1813 procedentes

2052 1824 2110 1879 in
2168 1824 2506 1894 Ecclesium,
2539 1826 2621 1880 vel
2674 1828 3010 1883 domesticis
3042 1829 3391 1885 incubantes
3424 1831 3686 1886 orationi-

2056 1915 2183 1973 bus.
2219 1915 2290 1969 ab
2320 1914 2448 1985 ipso
2475 1915 2845 1986 incipiamus,
2875 1920 2933 1971 et
2962 1917 3018 1971 in
3051 1916 3177 1989 ipso
3210 1919 3571 1975 desinamus.
3613 1921 3687 1993 [ta

2053 2003 2232 2058 totius
2282 2003 2374 2056 hic
2433 2004 2557 2057 vitae
2608 2008 2816 2059 nostrae
2867 2005 3011 2072 dies,
3065 2011 3119 2059 et
3150 2022 3359 2063 cursus
3391 2007 3505 2063 diei
3535 2008 3602 2063 ab
3632 2025 3687 2064 se

2054 2096 2251 2146 sumat
2289 2091 2659 2164 principium,
2715 2096 2773 2146 et
2821 2093 2929 2165 ipsi
2993 2093 3239 2150 desinat.
3270 2095 3438 2150 Sicut
3479 2096 3628 2152 enim
3659 2114 3687 2151 a

2053 2177 2335 2250 principio
2383 2179 2514 2233 vita:
2561 2180 2793 2234 credere
2847 2183 2902 2234 et
2932 2179 3147 2235 initiari
3202 2181 3341 2248 Deo,
3394 2181 3555 2239 salus
3607 2188 3688 2238 est

2055 2268 2169 2337 (1):
2223 2267 2303 2321 ita
2333 2267 2763 2338 perseverantia
2814 2285 3000 2340 usque
3045 2270 3100 2324 in
3163 2271 3338 2326 ﬁnem
3376 2271 3689 2327 necessaria

2053 2361 2159 2410 est.
2194 2356 2295 2409 Est
2327 2361 2517 2409 autem
2575 2355 2790 2409 mentis
2820 2357 3052 2427 optimis
3092 2359 3397 2431 diligentia
3427 2377 3439 2415 :
3483 2365 3547 2416 ut
3570 2377 3684 2415 vcr-

2053 2445 2125 2499 bo
2178 2444 2273 2498 Dei
2327 2444 2552 2498 intenta
2613 2443 2759 2499 nihil
2843 2444 3015 2500 faciat
3071 2447 3491 2516 irrationabile,
3546 2451 3687 2505 unde

2050 2532 2288 2587 tristitia
2333 2534 2574 2587 subeat:
2629 2534 2936 2605 utjugitcr
2990 2539 3225 2590 actuum
3277 2553 3521 2592 suorum
3552 2538 3686 2593 bene

2051 2620 2304 2685 conscia,
2360 2620 2619 2676 ltetitiam
2674 2621 2837 2676 bona:
2883 2627 3070 2677 servet
3109 2625 3500 2679 conscientiae.
3534 2625 3685 2689 Quod

2049 2709 2204 2764 enim
2237 2710 2456 2764 bonum
2488 2709 2596 2765 hoc
2644 2711 2770 2765 sine
2799 2710 3009 2767 timore
3055 2716 3110 2766 et
3161 2711 3288 2768 sine
3315 2713 3555 2769 tristitia
3583 2719 3687 2781 est,

2048 2800 2105 2852 id
2163 2803 2271 2866 est,
2332 2798 2663 2853 securitatis
2723 2798 2959 2870 plenum
3011 2803 3066 2853 et
3122 2801 3340 2872 gratiae.
3398 2801 3684 2858 Possessio

2048 2887 2206 2941 enim
2255 2886 2401 2956 justi
2461 2891 2690 2957 gratum
2750 2903 2877 2942 esse
2936 2891 3048 2942 Deo
3105 2888 3229 2960 (2):
3282 2890 3680 2963 insipientium

2049 2981 2243 3031 autem
2274 2974 2470 3029 nullus
2497 2976 2735 3047 gradus.
2786 2976 2916 3030 Ideo
2950 2976 3151 3039 Isaias,
3185 2979 3689 3051 appropinquante

2050 3066 2199 3119 bono
2259 3064 2374 3118 ait:
2432 3064 2618 3133 Fugiet
2671 3064 2843 3128 dolor,
2903 3069 2955 3120 et
3011 3068 3259 3129 tristitia,
3329 3071 3383 3121 et.
3456 3070 3682 3139 gemitus

294 3151 367 3207 lis
433 3152 621 3223 gratia
659 3150 980 3221 disciplina:
1020 3168 1031 3206 :
1076 3150 1327 3205 habebat
1384 3156 1638 3205 mentem
1708 3150 1935 3222 plenam
1970 3154 2010 3217 C
2050 3154 2177 3225 (lsa.
2239 3168 2400 3216 xxxv,
2460 3151 2569 3221 lO(.
2628 3151 2881 3207 Joannes
2930 3170 3161 3224 quoque
3192 3155 3250 3208 in
3305 3155 3684 3228 Apocalypsi:

294 3239 638 3311 prudentim.
675 3240 743 3293 Et
774 3239 901 3293 ideo
930 3256 1073 3301 auro
1126 3243 1499 3310 comparatur
1539 3256 1704 3293 mens
1753 3240 1938 3295 bona:

294 3330 433 3400 quia
463 3327 614 3382 sicut
645 3343 854 3381 aurum
878 3328 1100 3383 cmteris
1122 3333 1355 3398 prestat
1379 3326 1651 3388 metallis,
1679 3329 1756 3381 ita
1780 3345 1943 3382 mens

292 3419 446 3472 bona
476 3418 533 3470 in
592 3416 828 3470 homine
877 3416 1099 3471 caateris
1147 3417 1338 3488 potior
1384 3421 1472 3470 est
1505 3417 1771 3470 humanae
1805 3419 1942 3470 sub-

295 3505 523 3561 stantiae
549 3504 933 3576 portionibus.
969 3504 1029 3559 In
1055 3505 1246 3559 tribus
1278 3504 1457 3574 igitur
1481 3516 1693 3559 census
1716 3504 1944 3576 sapien-

292 3594 392 3659 tis,
426 3594 484 3647 in
517 3610 717 3657 sensu,
774 3610 1060 3657 sermone,
1118 3598 1363 3647 mente:
1426 3593 1645 3664 gradus
1694 3594 1940 3665 quidam

293 3699 397 3754 per
424 3682 692 3736 ordinem
742 3683 949 3747 factus,
984 3682 1133 3735 sicut
1163 3684 1337 3736 etiam
1370 3682 1429 3735 in
1476 3682 1753 3753 Apostolo
1801 3682 1942 3752 legi-

292 3786 462 3825 mus:
518 3771 694 3824 Manet
745 3774 932 3824 autem
974 3785 1109 3840 spes,
1159 3770 1286 3838 ﬁdes
1328 3772 1593 3834 charitas,
1645 3772 1755 3825 tria
1803 3770 1940 3837 lucc,

291 3863 475 3930 major
528 3867 712 3913 autem
760 3858 847 3911 his
896 3857 1257 3913 est‘charitus
1305 3858 1351 3929 (1
1412 3858 1531 3912 Cor.
1576 3874 1696 3913 xm.
1740 3858 1841 3928 l3).
1878 3858 1944 3912 Et

294 3963 460 4003 mens
510 3946 690 4017 igitur
746 3948 932 4014 major
978 3951 1103 4014 est;
1156 3945 1295 4017 quia
1344 3947 1473 4018 ipsa
1500 3950 1588 4001 est
1619 3963 1746 4017 quae
1779 3944 1943 4001 molit

292 4034 554 4107 spiritale
586 4036 968 4099 frumentum,
1001 4041 1066 4089 ut
1098 4034 1499 4106 purgationem
1521 4051 1799 4089 sensuum
1825 4051 1944 4089 ser-

293 4139 654 4199 monumque
684 4124 957 4194 proferat.
994 4123 1273 4178 Servatur
1304 4122 1520 4193 ubique
1567 4138 1818 4195 persona
1848 4140 1940 4178 sa.

292 4212 510 4284 pientis
537 4212 664 4265 viri.

362 4302 451 4355 21.
487 4300 746 4370 Denique
768 4316 834 4355 eo
864 4300 1162 4355 inducitur
1186 4300 1428 4355 rediisse
1457 4299 1753 4354 Abraham
1784 4300 1936 4369 (Gen.

295 4405 417 4455 xm,
467 4390 541 4457 3),
592 4387 702 4443 hoc
751 4395 861 4453 est,
912 4389 970 4443 in
1030 4387 1228 4443 Bcthel
1281 4389 1437 4443 unde
1494 4388 1552 4441 in
1609 4388 1936 4459 tEgyptum,

295 4476 693 4541 descenderat,
748 4483 811 4530 ut
862 4493 1253 4548 agnoscamus
1284 4475 1436 4545 quod
1493 4478 1667 4530 etiam
1701 4476 1848 4545 justi
1880 4475 1938 4530 in

297 4566 471 4620 domo
530 4562 628 4617 Dei
686 4565 880 4634 positi.
935 4570 991 4619 et
1038 4565 1210 4619 verbo
1264 4563 1362 4618 Dei
1405 4563 1611 4617 intenti
1645 4567 1946 4619 tentantur

300 4652 539 4725 quidem
589 4652 969 4708 saecularibus
1001 4652 1496 4715 afﬂictationibus,
1530 4652 1625 4706 sed
1660 4669 1774 4707 non
1807 4652 1945 4707 alie-

298 4748 516 4796 nantur
564 4757 598 4795 a
642 4743 817 4796 domo
873 4741 973 4796 Dei
1023 4747 1080 4796 et
1127 4757 1161 4794 a
1209 4740 1475 4794 custodia
1529 4747 1944 4812 praceptorum

372 4883 483 4954 (98)
516 4882 665 4938 Edit.
723 4899 928 4938 omnes
974 4899 1107 4937 cum
1171 4882 1362 4937 tribus
1410 4897 1576 4943 mss.,
1623 4882 1682 4936 Si
1710 4885 1788 4938 vis
1817 4900 1944 4939 con-

300 4957 479 5008 tentus
535 4969 761 5009 csse...
824 4954 921 5008 hoc
983 4956 1123 5008 scias
1179 4970 1293 5008 esse
1345 4956 1661 5007 mentis...
1720 4955 1817 5009 hoc
1870 4959 1947 5009 est

301 5026 522 5080 bonum.
584 5025 694 5079 Sed
740 5024 1014 5079 credibile
1061 5029 1148 5081 est
1202 5024 1395 5079 locum
1426 5024 1503 5078 ita
1534 5024 1945 5082 concinnatum

300 5113 429 5151 esse
462 5096 533 5149 ab
563 5094 761 5167 aliquo
813 5096 1098 5164 lectionis,
1132 5113 1256 5167 qua:
1288 5096 1343 5149 in
1379 5101 1628 5165 quatuor
1658 5097 1946 5167 antiquio-

302 5168 465 5239 ribus
526 5183 669 5222 mss.
732 5170 1054 5239 praal'ertur,
1107 5184 1344 5223 sensum
1397 5185 1512 5221 non
1576 5177 1944 5237 assequente.

308 5237 490 5291 Facile
550 5237 746 5293 autem
804 5239 969 5294 illum
1020 5247 1173 5293 esset
1220 5243 1544 5301 assecutus,
1604 5239 1650 5293 si
1707 5240 1948 5295 verbum

302 5323 681 5383 agnoscamus,
728 5328 907 5381 supra
950 5327 1315 5383 expressum;
1368 5309 1727 5381 subinteiligi
1760 5312 1949 5366 anim-

306 5378 672 5432 advertisset.

378 5448 491 5516 (99)
524 5447 584 5500 Id
619 5454 723 5514 est,
758 5467 949 5505 sermo
1009 5452 1131 5515 Dei,
1194 5467 1320 5522 quas
1369 5449 1581 5505 locutio
1613 5468 1680 5506 ex
1711 5451 1950 5510 Philone

307 5518 619 5593 desumpta
673 5525 820 5593 est,_
839 5527 981 5588 λόγος
1034 5532 1121 5577 τοῦ
1167 5518 1374 5584 ἠύντοςε
1438 5538 1626 5593 neque
1680 5523 1796 5579 fere
1852 5542 1949 5581 us-

311 5603 491 5663 quam
521 5585 688 5647 aliter
716 5591 765 5647 is
788 5585 1151 5649 Deumvocat
1172 5608 1351 5665 quam
1372 5599 1398 5650 ὁ
1425 5585 1547 5670 Ὠν
1576 5608 1786 5670 nempe
1814 5596 1953 5671 quia

2056 3242 2119 3295 Et
2148 3242 2281 3310 ipse,
2315 3240 2527 3310 inquit,
2560 3241 2696 3294 Deus
2726 3256 2850 3294 cum
2869 3240 2984 3295 illis
3011 3243 3140 3304 erit,
3172 3247 3224 3297 et
3254 3242 3452 3299 delebit
3483 3259 3690 3299 omnem

2054 3329 2356 3399 lacrymam
2412 3327 2475 3381 de
2529 3328 2700 3383 oculis
2728 3343 2933 3395 eorum,
2993 3333 3046 3383 et
3087 3345 3231 3385 mors
3268 3346 3375 3385 non
3438 3335 3543 3387 erit
3572 3348 3691 3386 am-

2051 3418 2222 3488 plius,
2252 3432 2426 3486 neque
2455 3420 2651 3483 luctus,
2712 3432 2884 3487 neque
2928 3417 3153 3485 clamor,
3197 3434 3372 3490 neque
3420 3421 3583 3476 dolor
3608 3421 3689 3475 ul-

2053 3508 2223 3561 terius
2279 3506 2460 3576 (Apoc.
2517 3522 2626 3571 xw,
2682 3506 2715 3559 3
2768 3513 2820 3559 et
2849 3506 2923 3572 4).
2977 3506 3036 3560 In
3086 3508 3508 3563 resurrectione
3537 3508 3683 3563 enim

2045 3594 2338 3665 justorum
2357 3592 2719 3665 laetitiajugis
2734 3593 2843 3648 erit
2864 3597 2919 3648 et
2934 3594 3218 3666 gratia,cu
3231 3612 3282 3650 ιιι
3304 3594 3450 3652 illud
3477 3598 3693 3655 bonum

2052 3681 2287 3753 coeperit
2318 3697 2446 3736 esse
2476 3698 2607 3736 cum
2644 3682 2862 3737 sanctis
2894 3682 3040 3749 suis,
3075 3684 3307 3755 quando
3325 3686 3684 3758 requiescant

2051 3771 2109 3824 in
2143 3771 2276 3826 sinu
2306 3769 2570 3836 Abrahae,
2607 3770 2779 3840 positi
2823 3771 2883 3825 in
2930 3774 3059 3841 ejus
3100 3773 3502 3843 tabernaculo,
3537 3773 3680 3846 quod

2051 3858 2206 3914 inter
2235 3859 2476 3913 domum
2501 3857 2583 3913 vel
2618 3874 2945 3914 sermonem
2978 3859 3078 3915 Dei
3124 3866 3180 3913 et
3230 3862 3484 3932 gratiam
3520 3863 3686 3918 ﬁxum

2051 3952 2176 4003 est:
2211 3947 2547 4018 signiﬁcans
2597 3946 2993 4002 innocentiam
3044 3948 3306 4004 ﬁdelium
3358 3967 3531 4023 agere
3573 3967 3685 4023 gra-

2050 4036 2164 4091 tias
2190 4036 2409 4091 auctori
2438 4052 2565 4099 suo,
2599 4036 2696 4107 qui
2728 4052 2844 4091 non
2900 4035 3116 4092 habent
3169 4038 3322 4093 unde
3371 4056 3470 4094 eos
3510 4039 3685 4112 pmni-
3724 4084 3729 4089 .

2050 4129 2168 4179 teat
2194 4123 2254 4178 in
2286 4124 2395 4178 hoc
2431 4124 2655 4178 mundo
2679 4124 2880 4180 fuisse.

2117 4213 2206 4267 23.
2259 4210 2445 4267 Factis
2496 4211 2693 4283 itaque
2745 4211 3114 4285 simplicibus
3163 4215 3409 4271 Abrahae
3457 4231 3685 4289 magna-

2048 4318 2179 4356 rum
2210 4299 2645 4356 institutionum
2673 4301 3022 4358 documenta
3052 4302 3441 4375 explicantur.
3477 4304 3670 4360 Merito

2048 4389 2228 4455 dives,
2287 4389 2387 4459 qui
2457 4388 2630 4444 etiam
2707 4390 3134 4461 disputationes
3202 4390 3681 4466 philosophorum

2050 4477 2255 4533 divites
2283 4477 2437 4546 facit,
2472 4479 2571 4549 qui
2603 4478 2672 4533 de
2700 4480 2828 4549 ejus
2867 4484 2999 4534 actu
3048 4484 3333 4552 precepts
3367 4481 3681 4537 formarent

2057 4583 2185 4621 sua.

2120 4658 2209 4711 2i.
2280 4657 2417 4727 Ejus
2480 4671 2616 4727 ergo
2683 4656 2915 4712 divitias
2945 4657 3248 4729 Scriptura
3276 4661 3672 4731 expresserat:

2052 4749 2354 4816 supererat
2382 4760 2729 4816 cognoscere
2761 4744 3099 4802 utrumnam
3128 4747 3231 4802 Lot
3252 4763 3489 4820 quoque
3510 4761 3681 4820 nepos

2054 4887 2164 4961 hoc
2220 4887 2456 4961 numine
2513 4903 2575 4942 se
2609 4887 2901 4961 appellari
2961 4888 3144 4960 Moysi
3199 4888 3425 4944 dixerat
3453 4887 3684 4961 ipsemet

2054 4959 2231 5025 Deus,
2264 4958 2442 5013 Exod.
2478 4975 2560 5025 ιιι,
2598 4959 2682 5012 14.

2127 5031 2202 5101 (l)
2234 5029 2373 5085 Mss.
2407 5029 2580 5085 Torn.
2619 5027 2771 5101 Vale.
2806 5032 2981 5100 atque
3011 5030 3174 5095 edit.,
3205 5030 3523 5101 etpimitari
3548 5028 3683 5101 salu:

2054 5099 2371 5165 est';'Maz.,
2402 5104 2456 5155 et
2486 5101 2701 5156 imitari
2732 5100 2836 5155 Deo
2863 5100 3014 5156 satus
3043 5109 3119 5156 est
3140 5118 3161 5163 ,ο
3192 5099 3352 5157 Colb.
3386 5099 3622 5166 omittit,
3639 5103 3683 5151 et

2055 5174 2294 5227 initiari.
2327 5172 2433 5226 Sed
2464 5187 2656 5226 veram
2706 5170 3015 5227 lectionem
3066 5172 3233 5228 Corb.
3284 5175 3342 5227 et
3393 5173 3571 5245 Long.
3604 5184 3682 5224 re-

2057 5244 2322 5299 stitucre.

2128 5316 2202 5383 (2)
2233 5314 2327 5369 Sic
2372 5328 2514 5377 mss,
2565 5312 2757 5385 Cor-7b.,
2810 5313 3012 5385 Long.,
3065 5313 3228 5379 Colb,
3288 5319 3344 5369 et
3399 5313 3541 5369 Maz.
3581 5306 3681 5385 Alii

2056 5380 2212 5447 vero,
2253 5391 2309 5438 et
2359 5390 2579 5456 cunctis
2617 5380 3103 5456 edit.,_Pos§essio
3157 5388 3307 5440 enim
3344 5384 3491 5456 justi
3515 5380 3682 5456 gratia

2057 5460 2136 5513 est
2164 5456 2304 5529 Deo:
2338 5455 2506 5529 quod
2526 5454 2619 5509 hic
2652 5470 2765 5529 non
2796 5454 2877 5511 ita
2920 5455 3065 5512 bene
3114 5453 3363 5529 apteque
3407 5453 3683 5527 quadrare

2059 5527 2281 5601 patebit
2311 5526 2721 5585 consideranti.
