3878 6208
205 282 298 341 489
1428 278 1528 337 DE
1573 276 1953 336 ABRAllAM
2000 276 2145 336 LlB.
2193 276 2269 337 Il.
3430 278 3550 336 490

203 417 327 489 ejus,
375 414 425 466 et
470 410 585 484 ipse
632 412 830 482 utpote
878 410 1143 481 ejusdem
1191 409 1601 477 successionis,
1641 409 1803 464 dives
1829 410 1884 475 Α
1915 412 2015 464 aut
2042 409 2212 482 plura
2242 410 2395 475 bona
2424 410 2543 467 sint
2571 410 2788 483 qulbus
2816 411 3090 485 pauciora
3116 410 3255 468 vitia
3283 410 3504 483 aperiat
3538 428 3550 464 :

199 500 505 561 fueritzsed
535 498 829 572 Scriptura
876 515 1010 555 eum
1058 499 1283 572 pecoris
1331 502 1561 555 tantum
1610 498 1795 554 abun-
1910 503 2011 553 aut
2041 500 2401 571 repentinam
2454 500 2905 556 commotionem
2952 500 3191 563 consilio
3240 499 3557 556 maturiore

198 594 402 648 dantem
447 588 666 645 asserit.
717 588 981 661 Denique
1034 588 1118 644 sic
1161 588 1335 645 habet
1385 607 1398 644 :
1447 589 1509 644 Et
1560 589 1653 645 Lat
1705 588 1800 658 qui
1908 588 2185 644 reﬂectat.
2220 588 2433 644 Verum
2487 590 2535 644 si
2585 606 2654 645 ex
2705 594 2950 663 utraque
3005 594 3167 663 parte
3214 589 3385 662 plura
3420 605 3557 645 con-

194 680 332 736 simul
366 678 668 733 ambulabat
713 694 838 733 cum
885 678 1105 746 Abram,
1159 687 1317 733 erant
1363 693 1484 733 aves
1532 684 1582 734 et
1626 677 1796 743 boves,
1908 681 2147 731 currant
2179 677 2497 734 dissonaac
2516 677 3213 752 repugnantia,habitatio
3231 678 3562 751 discrepan-

191 774 303 835 etc.,
347 767 683 823 tabernacula
739 766 815 838 (3)
866 766 1017 839 (Gen.
1077 783 1200 833 XIII,
1244 766 1321 837 5).
1374 765 1498 822 Non
1546 764 1801 820 habebat
1908 764 2056 820 tium
2086 765 2369 821 virtutum
2403 783 2468 821 ac
2490 767 2828 839 passionum
2855 767 2910 822 in
2937 784 3053 822 una
3079 767 3277 823 anima
3305 766 3565 822 solvatur

190 859 480 930 argentum,
512 855 649 927 quia
678 855 941 911 nondum
968 856 1189 927 justus.
1224 854 1449 910 Etenim
1491 857 1799 926 argentum
1910 870 2179 910 necessse
2201 854 2597 928 est.Figurate
2623 873 2759 929 ergo
2782 856 3041 913 animam
3064 856 3389 912 secundum
3417 855 3563 929 phy-

188 946 407 1018 ignitum
435 942 632 1016 lingua
668 943 840 1015 justi.
885 944 1011 1000 Non
1060 943 1313 1000 habebat
1362 960 1595 1011 aurum,
1644 943 1799 1015 quod
1911 941 2164 1015 siologos
2198 947 2412 1005 terram
2445 943 2771 1016 appellavit.
2806 945 2952 1000 Nam
2994 950 3051 1000 et
3092 944 3363 1000 Salomon
3413 944 3497 1000 ait
3549 960 3561 999 :

188 1033 405 1089 habebat
452 1031 543 1087 ille
591 1032 689 1104 qui
738 1032 883 1089 vidit
933 1032 1147 1088 Christi
1207 1032 1548 1105 posteriora,
1582 1032 1651 1087 de
1684 1048 1800 1103 quo
1910 1032 2187 1103 Tanquam
2215 1034 2561 1101 agricultura
2604 1033 2759 1089 homo
2810 1034 3125 1105 imprudens
3174 1036 3355 1103 (Prov.
3406 1050 3560 1100 xxxv,

184 1122 433 1193 scriptum
491 1124 578 1176 est
627 1138 639 1175 :
693 1123 768 1176 Et
813 1123 1119 1194 posteriora
1166 1122 1285 1192 ejus
1337 1124 1395 1177 in
1442 1123 1615 1193 specie
1673 1122 1802 1175 auri
1912 1120 2035 1191 20);
2072 1137 2198 1192 quae
2229 1120 2277 1175 si
2305 1121 2553 1176 fecunda
2583 1122 2660 1178 sit
2690 1122 2902 1193 opimis
2955 1126 3219 1195 segetum
3250 1121 3560 1189 fructibus,

187 1210 630 1282 (Psal.van,14).
664 1209 822 1266 Vidit
847 1209 1012 1266 illum
1043 1209 1520 1276 Abraham,sicut
1550 1213 1801 1281 testatus
1912 1209 2269 1265 abscondere
2301 1213 2490 1283 potest
2521 1209 2723 1282 spinas
2757 1227 2769 1264 :
2804 1211 2894 1266 sin
2926 1226 3058 1266 vero
3092 1211 3271 1283 spina:
3316 1220 3559 1267 concur-

183 1303 257 1355 est
280 1296 548 1355 Dominus
577 1297 778 1353 dicens
812 1315 825 1353 :
857 1298 1137 1354 Abraham
1165 1298 1309 1354 diem
1338 1315 1524 1354 meum
1573 1297 1726 1365 vidit,
1750 1305 1803 1354 et
1910 1301 2040 1352 rant
2067 1297 2284 1363 aristis,
2319 1298 2555 1354 secandi
2587 1297 2749 1354 nulla
2780 1303 2866 1354 est
2897 1299 3081 1372 capia.

180 1388 367 1459 gavisus
395 1390 469 1441 est
497 1387 680 1458 (Jaan.
714 1403 834 1455 vm,
866 1386 1055 1461 56).Et
1085 1386 1215 1443 ideo
1248 1387 1374 1443 auri
1408 1386 1662 1460 speciem
1694 1386 1798 1443 ha-
1981 1386 2113 1457 (27).
2148 1385 2255 1452 Qui
2289 1385 2468 1458 igitur
2495 1390 2758 1458 pastores
2789 1387 2906 1443 sint
2938 1387 3093 1459 (Gen.
3126 1389 3394 1459 xm,7),et
3423 1405 3562 1461 quo-

181 1478 291 1533 bere
318 1476 521 1531 meruit
548 1479 605 1531 et
636 1475 956 1548 possidere.
1772 1537 1783 1547 ,
1912 1490 2043 1529 rum
2076 1473 2491 1541 animantium,
2525 1479 2582 1531 et
2611 1492 2738 1548 quae
2769 1476 2889 1532 rixa
2915 1476 3068 1532 inter
3098 1480 3363 1549 pastores
3390 1477 3561 1533 Abra-

693 1583 846 1640 323
886 1582 1121 1639 CAPUT
1164 1583 1256 1638 VL
1909 1563 1995 1617 ba:
2043 1566 2099 1617 et
2151 1563 2301 1619 inter
2338 1567 2599 1637 pastores
2649 1564 2754 1619 Lot
2801 1564 3257 1621 consideremus.
3289 1564 3558 1623 Postores

179 1674 447 1744 Quasensu
467 1673 743 1744 scriptum
768 1674 843 1725 sit
872 1689 890 1725 :
923 1672 992 1726 Et
1019 1672 1120 1726 Lot
1145 1670 1617 1744 quigambulabat
1663 1687 1797 1727 cum
1909 1656 2048 1706 sunt
2091 1652 2372 1744 magisu‘i
2420 1668 2686 1726 gregum:
2729 1651 2839 1744 _V'31‘
2875 1653 3185 1744 diligentes
3241 1659 3299 1710 et
3353 1655 3554 1744 sobrii,

232 1743 425 1799 Abram
447 1740 610 1817 (Geni.
637 1759 763 1817 aut,
794 1743 871 1813 5),
908 1740 1193 1817 itemque
1230 1742 1353 1798 Non
1376 1743 1653 1817 capiebat
1696 1759 1796 1799 eos
1829 1781 1873 1817 ι)
1911 1757 2025 1797 non
2058 1740 2315 1797 sinentes
2345 1758 2619 1813 agrorum
2650 1740 2810 1797 culta
2856 1742 3040 1799 obteri
3085 1744 3250 1815 pedis
3288 1743 3553 1817 vestigio,

234 1820 371 1905 terra
418 1813 573 1886 (Ibid.
625 1813 707 1905 6);
744 1817 823 1869 De
863 1813 1199 1905 pastcribus,‘
1226 1822 1303 1905 eti
1331 1813 1653 1905 rimct7'z'pter
1707 1830 1765 1870 ea

2023 1846 2082 1885 ,ιθ
2129 1829 2295 1885 aduri
2346 1830 2610 1886 sentibus
2644 1848 2656 1884 :
2693 1828 2778 1885 vel
2813 1813 3172 1905 negligentes
3203 1835 3260 1887 et
3300 1813 3554 1904 remissi,

231 1888 353 1953 orta,
406 1884 571 1958 quam
617 1884 802 1940 sedare
847 1893 1075 1941 conatur
1129 1885 1423 1941 Abraham.
1480 1885 1625 1940 Idem
1670 1901 1761 1941 cur

230 1961 416 2026 frustra
447 1957 541 2012 Lat
570 1957 810 2011 retinere
840 1964 1112 2023 tentasset,
1144 1957 1308 2012 illum
1335 1973 1459 2012 cum
1488 1957 1627 2013 bona
1659 1974 1761 2027 gra

2358 1884 2365 1885 7
2388 1884 2399 1886 7
2438 1884 2443 1885 7
2519 1884 2527 1885 7
2592 1884 2600 1885 7
2814 1884 2825 1885 7
2866 1884 2920 1903 7U
2971 1884 3167 1905 Ο““““*’
3212 1884 3257 1887 ⁷⁷
3300 1884 3553 1904 “””“““”ή“1

2036 1934 2149 1972 non
2182 1922 2447 1973 revocent
2477 1934 2653 1990 pecus
2684 1935 2881 1984 suum,
2906 1935 3021 1990 quo
3052 1918 3302 1976 herbosa
3322 1923 3379 1976 et
3398 1920 3553 1978 324

2055 2006 2339 2027 B____A_‘A‘A
2382 2013 2652 2027 _---_Lh-_
2713 2008 2803 2027 _-,1
2841 2007 3013 2027 IEL-__-
3060 2008 3252 2027 ,,_h,,,9
3306 2026 3361 2027 ην
3454 2026 3503 2027 ην

231 2006 1112 2099 latim-“tia;aiataiat;
1140 2006 1790 2084 ἑῶᾶἱέτὶιῗᾶἰξὸἷῗηδὲῆ-
1905 2023 2019 2099 η,οη
2052 2006 2350 2099 fructu?“
2379 2013 2673 2099 Ραεεεξιιιτν
2710 2008 2806 2099 5ςά
2840 2007 3019 2063 libere
3059 2008 3255 2080 vagari
3301 2026 3406 2081 P8P
3450 2026 3552 2066 ναί

230 2100 411 2170 gerula;
440 2099 612 2169 deque
641 2094 1046 2154 Sodomitarum
1067 2102 1319 2172 peccatis.
1904 2094 2018 2150 rios
2062 2094 2184 2167 agri
2235 2094 2460 2150 fructus
2511 2096 2728 2151 sinant.
2762 2097 3011 2153 Istorum
3061 2113 3195 2169 ergo
3248 2102 3550 2170 pastorum

230 2189 306 2242 ‘25.
336 2188 493 2243 Nunc
521 2186 670 2242 illud
706 2203 1076 2259 nequaquam
1111 2188 1578 2260 praetereundum
1630 2188 1790 2244 arbi-
1899 2183 2084 2239 solers
2115 2183 2382 2239 custodia
2412 2184 2739 2240 necessaria
2768 2189 2875 2251 est,
2912 2202 2982 2241 ne
3032 2185 3177 2241 forte
3225 2187 3553 2243 ascribatur

176 2284 289 2343 tror,
318 2278 466 2350 quod
523 2276 756 2333 videtur
807 2275 983 2332 etiam
1028 2277 1315 2334 doctiores
1358 2279 1629 2349 movisse,
1675 2295 1791 2350 qua
1898 2272 2295 2346 diligentibus,
2347 2273 2502 2344 quod
2552 2274 2755 2354 evertit
2820 2273 3241 2347 negligentiam
3299 2275 3546 2333 incuria.

174 2366 364 2423 ratione
418 2367 502 2423 sic
559 2364 845 2438 scriptum
894 2366 971 2421 sit
1016 2383 1029 2421 :
1085 2368 1145 2421 Et
1194 2368 1288 2422 Lat
1337 2368 1434 2438 qui
1476 2367 1790 2424 ambulabat
1898 2362 2007 2416 Sed
2041 2360 2179 2433 quia
2209 2377 2323 2417 non
2356 2377 2547 2417 sermo
2577 2362 2646 2417 de
2676 2361 3026 2430 visibilibUS,
3060 2363 3189 2420 ideo
3237 2365 3409 2436 cujus
3449 2382 3546 2439 pe-

170 2471 270 2509 cum
294 2456 489 2511 Abram
517 2454 673 2526 (Gen.
706 2471 827 2521 XIII,
858 2455 936 2526 5),
970 2454 1139 2525 quasi
1169 2453 1317 2511 alter
1343 2460 1497 2511 esset
1534 2455 1641 2511 Lot
1688 2454 1787 2528 qui
1898 2449 2048 2505 coris
2067 2454 2327 2521 pastores
2351 2450 2470 2506 sint
2490 2450 2651 2522 prius
2675 2451 3409 2510 consideremus.Pastores
3439 2454 3546 2511 hos

171 2559 264 2598 non
291 2543 626 2601 ambulabat
646 2559 779 2599 cum
801 2542 1219 2609 eo,secundum
1250 2544 1403 2616 quod
1432 2544 1782 2615 accepimus.
1896 2538 2139 2593 deﬁnire
2195 2555 2531 2610 pOSSDmUS-
2577 2544 2852 2605 Paslm‘es,
2905 2540 3115 2612 inquit,
3167 2544 3545 2613 fumea-tarum

167 2630 222 2686 Et
247 2635 440 2703 putant
468 2631 734 2704 plerique
764 2647 879 2686 non
913 2629 1055 2687 solvi
1089 2631 1491 2703 quaestionem.
1527 2633 1674 2705 Ergo
1720 2636 1787 2688 ut
1894 2628 2048 2699 (Gen.
2083 2644 2203 2694 xm,
2234 2627 2311 2697 7).
2355 2626 2461 2683 Per
2499 2628 2771 2699 jumenta
2799 2633 2993 2684 autem
3025 2646 3236 2686 sensus
3282 2632 3543 2705 corporis

165 2718 261 2776 illis
287 2721 735 2786 satisfaciamus,
769 2724 826 2775 et
855 2736 889 2774 a
918 2718 1117 2791 regula
1151 2719 1458 2792 Scriptura:
1489 2737 1602 2776 non
1637 2737 1787 2777 rece-
1892 2716 2319 2772 irrationabiles
2350 2715 2667 2788 significari
2697 2716 3049 2790 accepimus.
3083 2719 3190 2785 Qui
3222 2726 3361 2776 sunt
3401 2737 3539 2794 ergo

164 2805 367 2873 damus,
386 2824 561 2864 unam
598 2822 909 2879 personam
941 2805 1335 2874 dicimus,duo
1369 2808 1782 2880 negotia,quod
1892 2810 2155 2879 pastores
2186 2820 2492 2874 sensuum,
2526 2806 2639 2861 nisi
2670 2812 3071 2880 praeceptores,
3103 2813 3160 2864 et
3190 2810 3356 2882 quasi
3408 2810 3538 2882 qui-

161 2895 208 2949 in
238 2913 342 2951 uno
369 2897 689 2967 eodemque
722 2895 842 2952 viro
873 2895 999 2950 dum
1049 2912 1142 2951 res
1190 2895 1596 2968 signiﬁcantur
1626 2914 1639 2952 :
1673 2915 1782 2954 nu-
1891 2895 2026 2949 dam
2059 2897 2309 2950 rectores
2338 2910 2602 2967 gregum,
2628 2896 2807 2952 duces
2836 2911 3059 2967 eorum,
3090 2896 3178 2953 vel
3220 2899 3553 2958 monitorcs'

162 2999 299 3039 mero
330 3002 478 3041 unus
524 2989 638 3053 est,
673 2984 863 3039 ofﬁcio
910 2982 1140 3056 duplex.
1179 2977 1473 3040 Declinatio
1502 2985 1657 3041 enim
1690 2985 1783 3042 di-
1890 2982 2140 3054 alicujus
2171 2983 2479 3052 sermonis,
2512 2982 2598 3038 vel
2634 2985 2845 3040 mentis
2877 2991 3087 3042 nostrae
3119 2972 3539 3061 cogitationes?

91 3090 121 3109 ι’
161 3073 294 3128 citur
322 3074 439 3142 Lot,
473 3074 634 3130 sicut
677 3072 856 3129 habet
904 3072 1111 3128 Latina
1151 3072 1566 3147 interpretatio.
1595 3074 1781 3131 Decli-
1894 3071 1998 3138 Qui
2032 3072 2080 3127 si
2114 3071 2423 3145 pastoralis
2454 3072 2775 3144 disciplima
2806 3076 2973 3146 gnari
3002 3079 3058 3131 et
3098 3079 3332 3135 tenaces
3379 3083 3538 3147 sunt,

164 3165 249 3216 nat
289 3167 476 3218 autem
529 3161 783 3234 quisque
827 3164 928 3217 aut
975 3161 1193 3218 bonum
1226 3165 1325 3218 aut
1366 3162 1603 3218 malum.
1638 3163 1781 3220 Cum
1813 3149 1855 3216 C
1894 3177 2008 3217 non
2036 3162 2384 3234 permittunt
2433 3159 2664 3233 longius
2713 3180 2998 3219 sensuum
3044 3180 3280 3238 gregem
3321 3167 3540 3241 vagari,

164 3266 277 3323 ergo
307 3252 404 3307 Lot
427 3250 750 3306 declinaret
781 3249 1026 3318 malum,
1058 3249 1165 3305 hoc
1206 3254 1315 3320 est,
1364 3267 1641 3319 errorem,
1678 3252 1785 3309 fla-
1894 3253 1951 3305 et
1982 3249 2289 3305 inutilibus
2321 3252 2420 3304 aut
2452 3250 2638 3305 noxiis
2668 3249 2949 3307 inhmrere
2980 3252 3212 3324 pabulis
3247 3271 3259 3309 :
3294 3256 3396 3312 sed
3418 3273 3545 3329 pro-

166 3337 365 3409 gitium,
397 3340 645 3407 crimen,
670 3339 1031 3411 jungebatur
1066 3342 1271 3410 patruo
1305 3356 1317 3394 :
1355 3356 1488 3395 cum
1531 3338 1785 3396 declina-
1896 3338 2026 3393 vido
2056 3339 2294 3393 ductore
2354 3338 2428 3409 (.4)
2480 3344 2768 3410 revocant,
2829 3344 2885 3395 et
2941 3340 3133 3398 frenos
3164 3343 3405 3401 rationis
3435 3344 3543 3399 ad-

164 3431 236 3481 ret
260 3427 487 3496 bonum,
521 3428 638 3484 hoc
668 3432 775 3495 est,
801 3428 1032 3499 justum
1066 3426 1456 3495 innocentem,
1490 3433 1783 3498 sanctum,
1897 3432 2146 3493 movent,
2172 3431 2355 3499 atque
2403 3426 2697 3483 obsistunt
2736 3428 3141 3487 renitentibus.
3177 3432 3313 3489 Mali
3344 3438 3540 3491 autem

164 3515 490 3589 religiosum,
541 3516 881 3572 sociabatur
927 3514 1167 3587 ﬂagitio.
1202 3517 1353 3572 Bene
1409 3534 1545 3590 ergo
1594 3517 1737 3573 dixit
1769 3536 1782 3573 :
1896 3520 2297 3588 praeceptores,
2332 3515 2418 3571 vel
2450 3515 2679 3572 inutilis
2710 3516 3172 3590 disceptationis,
3205 3523 3554 3594 permittunt

161 3603 212 3658 Et
236 3604 321 3659 Lat
346 3608 442 3678 qui
468 3605 797 3662 ambulabat
824 3621 948 3660 cum
979 3604 1209 3665 Abram;
1240 3604 1378 3677 quia
1426 3604 1617 3660 adhuc
1671 3624 1785 3663 non
1895 3622 1994 3661 eos
2024 3604 2243 3677 impetu
2275 3621 2381 3661 suo
2429 3605 2583 3671 ferri,
2617 3609 2674 3661 et
2721 3605 2781 3661 in
2831 3613 3189 3680 praeruptum
3220 3627 3286 3667 ac
3318 3611 3549 3686 pericu-

162 3692 382 3765 elegerat
409 3695 754 3762 Sodomam,
789 3710 903 3750 non
933 3693 1237 3750 habitabat
1265 3710 1398 3749 cum
1431 3694 1786 3768 ﬂagitiorum
1895 3692 2019 3749 lum
2065 3710 2255 3761 ruere,
2304 3698 2362 3749 et
2417 3693 2576 3750 culta
2623 3695 2904 3763 obterere,
2950 3696 3253 3757 fructuosa
3291 3701 3548 3774 depasci;

161 3783 707 3841 auetoribus.Postea
735 3782 891 3839 enim
918 3782 1089 3856 coepit
1118 3782 1381 3839 habitare
1409 3783 1467 3838 in
1495 3783 1784 3841 Sodomis.
1898 3787 1961 3838 ut
1990 3783 2039 3840 si
2071 3783 2169 3854 qui
2202 3787 2341 3839 sunt
2367 3783 2424 3838 in
2456 3783 2660 3839 eadem
2691 3785 2890 3841 anima
2936 3786 3220 3844 virtutum
3272 3789 3546 3861 hujusce-

164 3868 383 3945 Ideoque
411 3872 583 3945 quasi
623 3889 658 3928 a
687 3870 880 3944 seipso
913 3875 1196 3938 mutatus,
1240 3870 1400 3928 velut
1445 3869 1590 3928 alter
1637 3873 1785 3929 acci-
1898 3871 2054 3928 modi
2088 3873 2437 3939 fructus,eos
2469 3889 2701 3945 quoque
2731 3873 3036 3947 dissipent.
3070 3876 3217 3933 Hinc
3269 3894 3404 3950 ergo
3453 3895 3545 3936 co-

164 3956 313 4031 pitur,
345 3977 457 4019 non
483 3961 685 4019 solum
718 3977 752 4015 a
772 3962 935 4033 justo
964 3960 1105 4029 viro,
1140 3961 1244 4018 sed
1292 3979 1325 4017 a
1370 3962 1564 4034 seipse
1596 3962 1785 4018 desci-
1892 3960 2246 4033 gitationum
2280 3965 2613 4017 nostrarum
2659 3961 2969 4019 discordia.
3002 3963 3147 4020 Cum
3197 3980 3328 4022 caro
3374 3982 3545 4039 repu-

164 4062 322 4105 scens.
1895 4054 2036 4122 gnat
2065 4049 2343 4104 adversus
2374 4048 2674 4122 spiritum,
2720 4055 2776 4105 et
2822 4050 3066 4122 spiritus
3113 4052 3392 4112 adversus
3423 4070 3547 4112 car-

218 4139 297 4193 26.
328 4139 592 4213 Denique
623 4138 765 4211 quia
792 4136 986 4195 studio
1010 4139 1135 4211 jam
1181 4138 1407 4195 deﬂecti
1460 4144 1711 4211 coeperat
1753 4157 1786 4196 a
1895 4153 2030 4193 nem
2098 4135 2296 4208 (Galat.
2360 4155 2415 4202 v,
2486 4139 2594 4206 l7),
2645 4154 2761 4193 non
2813 4138 3127 4195 mediocris
3186 4156 3382 4213 pugna
3435 4146 3545 4212 est,

164 4231 361 4294 patruo.
412 4234 533 4287 Non
586 4227 838 4301 capiebat
869 4243 956 4283 eos
1006 4214 1151 4284 terra
1176 4228 1360 4299 (Ibid)
1413 4227 1584 4284 Nulla
1630 4228 1786 4284 enim
1896 4225 2131 4297 quando
2171 4224 2297 4297 ipse
2342 4224 2675 4297 Apostolus,
2703 4242 2804 4282 vas
2857 4225 3164 4284 electionis
3214 4228 3552 4301 Dominicis,

166 4314 326 4384 spatia
371 4322 625 4390 possunt
672 4316 816 4372 satis
865 4332 993 4372 esse
1040 4315 1454 4372 discordibus:
1490 4316 1701 4388 quietis
1730 4321 1788 4374 et
1896 4314 2081 4370 dicit:
2138 4313 2291 4371 Video
2350 4315 2522 4383 legem
2567 4316 2753 4370 carnis
2798 4329 2940 4373 mem
2989 4319 3389 4389 repugnantem
3444 4318 3556 4392 legi

166 4404 392 4472 paciﬁcis
407 4408 589 4464 etiam
611 4409 863 4480 angusta
893 4404 1498 4463 abundantzdissonis
1525 4406 1786 4462 moribus
1894 4404 2092 4460 mentis
2121 4418 2272 4471 meae,
2306 4410 2357 4458 el
2383 4404 2746 4474 captivantem
2774 4419 2859 4460 me
2887 4405 2948 4459 in
2979 4405 3093 4476 lege
3123 4407 3354 4477 peccati,
3400 4408 3543 4479 quod

163 4490 315 4583 etiam
342 4496 607 4568 spatiosa
635 4497 955 4583 arctantur.
990 4494 1060 4550 Et
1090 4494 1249 4583 quia
1275 4511 1310 4551 a
1350 4493 1634 4583 principio
1667 4493 1785 4549 dixi
1827 4518 1870 4583 υ
1900 4496 1979 4549 est
2045 4494 2105 4547 in
2169 4491 2428 4583 membris
2451 4493 2588 4583 meis
2617 4492 2793 4564 (Rom.
2830 4510 2942 4583 vn.
3005 4493 3365 4583 23)._Sedare
3392 4495 3547 4552 hanc

164 4578 337 4651 (supra
364 4599 412 4638 c.
445 4584 470 4640 4
512 4583 695 4656 hujus
723 4580 880 4654 libri)
913 4586 1170 4638 mentem
1196 4582 1289 4638 hic
1321 4582 1558 4639 formari
1604 4582 1795 4641 homi-
1828 4578 1860 4583 7
1904 4596 2163 4654 pugnam
2197 4580 2322 4652 ipse
2354 4580 2708 4651 nequiverat,
2739 4584 2797 4636 et
2825 4581 2952 4637 ideo
2984 4582 3056 4639 ad
3085 4581 3384 4639 Christum
3414 4600 3552 4641 con-

166 4665 262 4738 nis,
298 4685 420 4741 qua;
465 4688 506 4727 δ.
550 4669 841 4744 principio
891 4669 1232 4743 imperfecta
1290 4671 1495 4740 fuerat,
1545 4671 1645 4728 sed
1697 4688 1801 4745 per
1906 4668 2055 4741 fugit
2101 4669 2299 4725 dicens
2335 4686 2347 4723 :
2381 4668 2586 4740 Infelix
2632 4684 2725 4749 ego
2772 4670 2947 4739 homo,
2980 4672 3121 4749 (quis
3165 4687 3251 4728 me
3298 4671 3556 4728 liberabit

163 4750 503 4817 incrementa
546 4763 608 4815 et
649 4759 867 4831 gradus
912 4758 1200 4830 quosdam
1244 4759 1491 4831 proﬁcit,
1524 4760 1654 4816 ideo
1694 4759 1797 4827 ait,
1904 4757 1969 4814 de
1996 4773 2217 4829 corpore
2243 4758 2435 4813 martis
2460 4756 2623 4828 hujus
2653 4757 2810 4827 (Ibid.
2840 4757 2932 4829 24)
2949 4748 2983 4812 7
3008 4758 3116 4814 hoc
3165 4764 3274 4828 est,
3324 4777 3395 4816 ne
3445 4761 3552 4817 de-

164 4839 265 4897 Nan
290 4847 533 4918 capiebat
563 4862 651 4903 eas
677 4850 847 4913 terra,
896 4845 1005 4903 hoc
1048 4849 1155 4919 est,
1202 4864 1320 4902 una
1367 4847 1565 4903 anima
1603 4852 1799 4904 motus
1906 4845 2317 4902 lectationibus
2347 4845 2539 4902 carnis
2569 4845 2916 4901 adhzsream.
2943 4845 3083 4910 Quis
3111 4846 3293 4919 igitur
3320 4851 3409 4903 est
3451 4847 3554 4919 qui

166 4927 401 4991 diversos
431 4951 552 4991 non
587 4933 904 5006 recipiebat
931 4934 1276 4991 naturaliter
1302 4934 1416 4990 sibi
1465 4951 1797 5008 repugnan-
1910 4934 2001 4990 his
2031 4950 2125 4990 me
2155 4933 2340 4988 solvat
2371 4933 2640 4999 vinculis,
2673 4937 2731 4989 et
2760 4932 3008 4989 liberum
3040 4933 3223 4990 societ
3254 4935 3389 5002 Deo,
3418 4949 3550 4990 sen-

167 5018 262 5073 tes.
292 5020 483 5080 Potest
507 5026 709 5080 tamen
757 5022 883 5077 ﬁeri
915 5026 979 5078 ut
1006 5021 1300 5079 interdum
1349 5039 1465 5079 non
1512 5023 1712 5080 omnia
1741 5023 1801 5079 in
1911 5021 2295 5093 susque(5)ad
2327 5020 2701 5078 sobrietatem
2731 5020 2939 5076 animai
2971 5022 3158 5094 magis
3188 5021 3553 5093 detorqueat,

169 5118 271 5163 uno
298 5111 622 5183 eodemque
670 5110 927 5183 perfecta
975 5109 1114 5178 sint,
1163 5110 1350 5184 possit
1377 5115 1574 5168 tamen
1604 5109 1806 5184 aliqua
1910 5125 2089 5182 quam
2120 5109 2192 5163 ad
2224 5108 2483 5180 corporis
2508 5106 2947 5163 temulentiam?
2977 5106 3089 5162 Sed
3112 5106 3250 5179 quia
3278 5107 3428 5164 inter
3456 5108 3558 5165 ho-

166 5191 292 5251 vitia
335 5214 444 5255 sua
491 5197 741 5272 operire,
780 5197 870 5255 vel
919 5202 1117 5255 motus
1165 5214 1304 5255 suos
1350 5196 1717 5272 temperare:
1753 5196 1806 5254 si
1912 5197 2101 5252 mines
2129 5199 2359 5252 tantum
2393 5212 2507 5252 non
2538 5194 2729 5267 potuit
2772 5197 3053 5251 rectorem
3102 5194 3382 5265 invenire,
3415 5213 3553 5254 con-

231 5382 305 5454 (3)
334 5385 501 5444 Rom.
552 5384 712 5455 edit.,
763 5388 815 5442 et
866 5388 1137 5441 armenta.
1194 5385 1451 5455 Caetera,
1490 5401 1555 5441 ac
1602 5399 1806 5441 omnes
1985 5383 2062 5455 (4)
2092 5381 2242 5455 ξὲᾱὶι.
2265 5384 2323 5437 et
2350 5379 2517 5455 pauci
2550 5395 2718 5455 mss,
2750 5380 2841 5436 sed
2854 5379 3090 5455 provido
3118 5379 3345 5455 doctore.

333 5463 385 5514 “
412 5448 800 5539 ιίαδετπααλέέιο
854 5456 1182 5539 quam“
1228 5448 1461 5539 defensi.
1503 5458 1697 5539 notes!
1739 5469 1810 5537 ξι
1987 5448 2062 5525 (5)
2091 5448 2812 5539 Ite.sse;'99rees.,LRes-z
2844 5448 3003 5539 (F919:
3031 5450 3267 5539 athe
3297 5452 3407 5539 Atti
3453 5470 3549 5512 νο-

173 5522 304 5605 LXX
333 5546 347 5584 :
383 5546 524 5595 nam
557 5528 617 5605 in
646 5520 1001 5605 quibusdam
1040 5520 1287 5597 illorum
1330 5520 1636 5591 codicibus
1666 5524 1807 5602 legi-
1917 5520 2078 5605 ro
2107 5522 2269 5593 edit.,
2299 5520 2610 5605 et'liberum
2634 5520 2827 5595 faciat,
2856 5536 3169 5596 sensusque,
3202 5525 3309 5582 etc.
3352 5525 3552 5603 Torn.,

175 5598 262 5658 tur
282 5608 362 5658 ut
387 5594 571 5675 urbm,
601 5593 840 5665 in'aliis,
870 5593 1177 5671 καὶσκῃνᾴι.

1722 5593 1761 5602 ’⁷
1918 5599 1971 5661 et
1999 5593 2229 5663 liberam
2258 5593 2438 5665 societ,
2460 5593 2772 5670 sensusque.

478 5724 751 5796 PATROL.
791 5723 960 5795 XIV.
3166 5717 3244 5788 to
