3878 6208
368 331 477 389 491

364 479 567 519 versus
614 463 686 519 ad
734 463 917 520 Deum
969 482 983 520 ε
1033 466 1241 529 Gratia.
1276 468 1488 540 inquit,
1535 472 1635 525 Dei
1677 487 1781 541 per
1824 475 2013 527 Jcsum
2044 471 2096 535 Α

365 552 644 607 Christum
689 554 983 609 Dominum
1025 557 1181 625 (Ibid.
1216 559 1327 625 ‘25).
1380 559 1437 613 Si
1488 559 1689 613 fortior
1732 559 1855 614 suis
1900 575 2013 612 non

363 640 662 697 commisit
701 642 944 707 viribus,
997 645 1149 715 quod
1211 662 1421 714 corpus
1471 646 1677 701 mortis
1728 648 2013 705 evaderet.

364 729 467 784 sed
506 728 790 786 auxilium
829 732 1095 801 quaesivit
1134 750 1168 786 a
1206 733 1457 800 Christo,
1501 735 1641 805 quid
1685 752 1789 790 nos
1831 736 2016 789 facere

363 821 589 887 oportet
635 817 1031 875 inﬁrmiores?
1083 822 1242 876 Hanc
1293 839 1551 891 pugnam
1601 839 1829 893 gravem
1889 839 2018 876 esse

364 905 631 976 cognovit
660 907 980 973 Abraham,
1004 914 1061 964 et
1092 910 1219 964 ideo
1269 910 1327 964 in
1380 911 1666 981 principio
1696 912 2014 965 cavendum

365 994 607 1066 putavit.
638 996 897 1067 Sapienti
947 997 1102 1052 enim
1154 1000 1316 1070 pacis
1360 1004 1449 1054 est
1480 1000 1766 1068 studium,
1800 999 2020 1070 impru-

362 1082 521 1137 denti
552 1084 743 1139 amica
759 1085 981 1155 jurgia.

434 1172 522 1226 28.
555 1172 673 1227 Non
720 1174 814 1239 sit,
845 1173 1061 1245 inquit,
1096 1177 1227 1229 rixa
1275 1178 1420 1231 inter
1464 1193 1551 1231 me
1590 1182 1639 1231 et
1690 1178 1833 1231 inter
1864 1183 1935 1237 te.
1967 1182 2013 1231 et

360 1262 603 1331 pastores
656 1277 801 1316 meos
858 1266 911 1316 et
956 1267 1190 1333 pastores
1239 1268 1375 1327 tuos,
1435 1268 1568 1335 quia
1624 1267 1874 1320 homines
1921 1282 2015 1320 nos

364 1350 566 1403 fratres
592 1362 782 1401 sumus
812 1347 965 1416 (Gen.
996 1367 1115 1411 xm,
1148 1352 1222 1405 8).
1256 1351 1527 1405 Patruum
1564 1351 1812 1421 legimus
1834 1353 2013 1407 Abra-

365 1434 500 1488 ham
532 1440 589 1490 et
622 1435 723 1490 Lot
753 1438 881 1504 ejus
912 1444 1209 1509 nepotem;
1244 1441 1536 1509 quomodo
1589 1457 1721 1494 eum
1775 1442 2008 1495 fratrem

363 1522 661 1594 appellat?
690 1525 798 1578 Sed
849 1526 1081 1581 adverte
1129 1528 1267 1598 quia
1315 1544 1524 1582 causas
1556 1529 1875 1582 concordia:
1926 1546 2014 1583 sa-

362 1613 528 1684 piens
558 1612 815 1668 adhibet.
852 1613 1011 1669 Unde
1045 1614 1346 1685 prmmisit,
1382 1617 1633 1671 Homines
1662 1632 1759 1671 nos
1801 1633 2010 1671 sumus.

362 1702 578 1756 Omnes
608 1705 799 1755 autem
831 1702 1101 1758 homines
1132 1705 1307 1758 unius
1339 1709 1556 1759 naturis
1603 1710 1804 1776 partus
1852 1709 2009 1768 sunt,

364 1789 517 1844 intra
534 1791 664 1858 ejus
696 1792 954 1861 concepti
987 1792 1230 1855 viscera,
1264 1799 1319 1846 et
1352 1810 1466 1846 uno
1500 1793 1601 1847 {oti
1631 1799 1803 1863 atque
1843 1793 2010 1848 effusi

364 1882 548 1933 utero.
585 1877 745 1933 Unde
772 1880 960 1945 nobis,
989 1881 1122 1950 jure
1151 1881 1401 1951 quodam
1431 1884 1836 1937 germanitatis
1856 1882 2011 1936 velut

279 2020 289 2029 ,
364 1967 570 2021 fratres
597 1967 999 2022 connectimur
1052 1968 1122 2021 ab
1175 1985 1292 2023 uno
1344 1975 1503 2040 patre
1538 1970 1773 2033 conditi,
1809 1975 1865 2023 et
1896 1987 2011 2024 una

365 2058 547 2110 matre
578 2060 858 2126 tanquam
890 2056 1094 2112 fratres
1127 2057 1337 2111 uterlni
1397 2058 1560 2113 editi.
1597 2059 1660 2113 Et
1698 2060 1825 2113 ideo
1878 2075 2009 2113 cum

363 2143 551 2199 simus
582 2144 945 2200 rationabilis
976 2151 1197 2212 natura:
1223 2145 1471 2213 soboles,
1491 2153 1769 2218 tanquam
1808 2147 2012 2202 utet-ini

364 2249 471 2287 nos
499 2232 742 2304 diligere
762 2233 1044 2288 debemus
1066 2252 1262 2289 amore
1291 2240 1641 2299 mutuo,non
1670 2237 2013 2307 impugnare

364 2337 430 2375 ac
462 2320 755 2392 persequi.
791 2320 971 2376 Multo
1002 2328 1198 2378 autem
1226 2323 1419 2377 verius
1442 2324 1513 2377 ad
1547 2341 1724 2377 unam
1755 2325 2011 2378 animam

365 2410 629 2475 refertur,
663 2410 833 2480 cujus
874 2409 1217 2464 rationabile
1260 2418 1539 2481 cognatos
1588 2415 1665 2481 (6)
1714 2411 1906 2476 habet,
1953 2419 2017 2465 ut

364 2514 544 2568 supra
573 2498 829 2552 diximus
860 2499 1010 2570 (cap.
1045 2516 1061 2551 1
1094 2498 1272 2568 hujus
1300 2499 1477 2567 libri),
1526 2516 1737 2553 sensus
1784 2499 2015 2554 irratio-

363 2585 587 2641 nabiles
622 2602 634 2639 :
669 2587 823 2657 quod
870 2606 1065 2642 autem
1114 2578 1476 2656 rationabile,
1512 2587 1792 2641 virtutum
1842 2588 2017 2642 habet

362 2673 652 2746 copulam.
688 2674 851 2730 Unde
880 2676 1136 2730 fraterna
1187 2676 1340 2730 325
1392 2677 1645 2745 quadam
1697 2676 1805 2729 sibi
1840 2692 2015 2747 COptl-

364 2763 562 2819 lantur
615 2762 1047 2819 necessitudine
1106 2762 1248 2816 vitia
1306 2763 1665 2833 virtutesque
1726 2764 2013 2827 hominis;

366 2852 509 2923 quia
537 2851 637 2906 illa
674 2851 947 2915 carnalis,
991 2851 1112 2904 istae
1173 2851 1535 2904 rationabilis
1592 2853 1799 2905 animm
1858 2858 2015 2906 sunt.

365 2940 511 2995 Caro
540 2944 737 2993 autem
778 2945 952 3009 atque
992 2937 1192 2993 anima
1229 2938 1406 2992 veluti
1449 2940 1705 3009 quadam
1762 2940 1885 3008 lege
1924 2958 2018 2995 so-

368 3029 597 3083 ciantur
637 3026 915 3097 conjugii,
966 3043 1034 3080 ex
1073 3028 1289 3097 quibus
1331 3029 1502 3082 homo
1545 3034 1792 3083 constat.
1835 3029 2018 3084 Homo

370 3117 551 3189 igitur
587 3116 743 3171 velut
780 3116 1073 3187 portiones
1105 3133 1242 3171 suas
1281 3117 1559 3171 fmderare
1605 3117 1794 3177 debet.
1847 3122 2021 3189 atque

371 3206 443 3261 ad
483 3220 684 3277 pacem
724 3220 945 3277 cogere.
971 3205 1081 3259 Sed
1123 3206 1261 3275 quia
1301 3221 1471 3260 nemo
1512 3212 1637 3259 erat
1676 3210 1876 3259 tantus
1915 3205 2016 3276 qui
2050 3209 2091 3274 (ζ

371 3310 602 3351 carnem
665 3293 937 3358 vinceret,
971 3294 1120 3358 ideo,
1159 3294 1310 3348 Venit
1359 3310 1473 3363 pax
1526 3302 1729 3357 nostin,
1764 3298 1859 3365 qui
1894 3295 2022 3363 fecit

372 3393 604 3453 utraque
630 3399 821 3447 unum,
854 3390 905 3437 et
937 3382 1179 3437 medium
1208 3384 1473 3451 parietem
1500 3385 1761 3438 maceria,D
1789 3385 2019 3447 solvens,

378 3472 707 3528 inimicitias
735 3472 797 3525 in
825 3486 990 3525 carne
1030 3487 1149 3535 sua,
1184 3472 1355 3540 legem
1402 3472 1791 3525 mandatorum
1834 3472 2023 3526 edictis

378 3575 666 3624 evacuans,
697 3562 757 3613 ut
786 3559 919 3614 duos
948 3559 1194 3614 conderet
1224 3564 1285 3614 in
1312 3563 1615 3630 semetipso,
1643 3561 1702 3613 in
1744 3577 1850 3615 uno
1888 3576 2021 3615 novo

379 3649 598 3703 homine
620 3648 826 3718 faciens
850 3664 1058 3718 pacem,
1091 3658 1150 3703 ut
1177 3650 1495 3703 conciliaret
1540 3658 1794 3717 utrosque
1824 3650 1879 3703 in
1913 3665 2021 3703 uno

372 3751 595 3807 corpore
646 3735 773 3800 Deo,
801 3751 904 3805 per
957 3750 1169 3789 crucem
1220 3738 1549 3804 interﬁciens
1598 3737 1923 3791 inimicitias
1960 3739 2019 3791 in

368 3826 650 3895 semetipso
693 3823 905 3894 (Ephes.
954 3840 1014 3890 ιι,
1057 3822 1125 3877 44
1164 3829 1220 3877 et
1260 3825 1368 3889 45).
1412 3823 1581 3877 Recte
1630 3822 1809 3894 igitur
1851 3842 1913 3879 se
1958 3830 2021 3879 ut

368 3911 666 3967 hominem
697 3909 985 3965 infelicem
1030 3910 1175 3965 dixit
1220 3912 1533 3982 Apostolus
1564 3912 1733 3981 (Rom.
1772 3930 1870 3979 νιι,
1903 3914 2016 3982 24),

368 4001 468 4072 qui
510 4004 740 4055 tantum
790 3998 1010 4054 bellum
1054 3998 1207 4053 intra
1245 4015 1307 4053 se
1349 4005 1660 4070 pateretur,
1704 4002 1857 4073 quod
1900 4019 2016 4057 non

366 4088 552 4161 possit
580 4088 940 4160 restinguere
969 4089 1069 4158 (7).
1102 4087 1362 4159 Denique
1414 4104 1549 4143 cum
1602 4090 1673 4144 de
1723 4108 1839 4145 una
1890 4108 2018 4162 por-

365 4177 631 4233 tiuncula
662 4177 1025 4249 passionum,
1058 4176 1166 4231 hoc
1197 4182 1287 4231 est
1315 4176 1636 4245 iracundia,
1670 4179 1887 4234 diceret
1914 4181 2015 4235 Sa-

368 4265 567 4321 lomon
603 4282 617 4320 :
650 4266 846 4323 Melior
873 4268 973 4331 est,
1004 4264 1215 4336 inquit,
1246 4267 1463 4336 sapiens
1491 4267 1625 4336 forti
1652 4284 1671 4319 :
1703 4270 2019 4337 quiaidem

370 4352 716 4409 iracundiam
743 4355 1001 4418 continet,
1020 4354 1219 4408 metior
1247 4361 1329 4409 est
1343 4370 1507 4424 quam
1536 4357 1631 4424 qui
1660 4356 1847 4410 urbem
1877 4360 2018 4426 capit

373 4443 555 4513 (Prov.
588 4455 700 4505 xvn,
728 4440 840 4509 32).
872 4440 1084 4495 Beatus
1114 4440 1293 4510 igitur
1340 4440 1439 4510 qui
1480 4441 1590 4496 hoc
1638 4442 1856 4498 bellum
1888 4460 2015 4498 eva-

373 4527 514 4587 serit
560 4525 735 4582 etiam
783 4542 899 4581 non
952 4526 1174 4581 advena
1219 4532 1277 4582 et
1325 4528 1690 4599 peregrinus,
1725 4530 1825 4585 sed
1875 4530 2018 4587 civis
2050 4562 2096 4626 Β

370 4618 707 4687 sanctorum
732 4617 790 4668 et
816 4612 1174 4669 domesticus
1204 4614 1323 4682 Dei,
1357 4631 1532 4685 quem
1566 4616 1623 4670 in
1654 4616 1824 4672 terris
1870 4619 2018 4688 posi-

371 4709 503 4760 tum
530 4706 762 4757 terrena
792 4716 907 4756 non
939 4700 1227 4771 quatiant.

442 4791 527 4847 29.
568 4789 737 4847 Hunc
791 4788 1061 4844 affectum
1108 4805 1335 4846 servare
1382 4791 1655 4862 cupiebat
1698 4792 2011 4849 Abraham.

366 4881 567 4952 Itaque
597 4882 662 4933 ut
688 4876 777 4932 vir
797 4876 1078 4949 paciﬁcus
1107 4876 1188 4931 ait
1213 4878 1400 4948 primo
1433 4895 1447 4933 :
1480 4882 1603 4934 Non
1630 4882 1700 4934 sit
1722 4882 1851 4935 rixa
1870 4882 2017 4937 inter

363 4984 451 5024 me
477 4971 528 5023 et
556 4968 699 5021 inter
726 4971 776 5020 te
804 4965 957 5036 (Gen.
982 4981 1104 5031 xm,
1141 4965 1248 5035 12).
1284 4964 1420 5019 Inde
1451 4966 1531 5020 ait
1573 4983 1585 5020 :
1633 4968 1695 5020 Et
1725 4969 1871 5022 inter
1914 4987 2011 5038 pa-

360 5060 532 5112 stores
559 5069 726 5121 meos,
753 5060 805 5108 et
837 5055 1078 5123 pastores
1100 5054 1221 5107 tuos
1251 5052 1725 5122 (Ibid.).Tei-tium
1769 5057 1964 5125 posuit
1994 5074 2008 5111 :

361 5145 510 5211 Ecce,
544 5141 755 5213 inquit,
786 5143 901 5196 tota
946 5144 1100 5194 terra
1144 5143 1274 5194 ante
1315 5147 1364 5194 te
1410 5138 1569 5211 (Ibid.
1618 5141 1695 5212 9),
1741 5140 1851 5197 hoc
1900 5148 2008 5211 est,

433 5274 511 5346 (6)
544 5271 684 5346 Mss.
716 5271 911 5346 Gorb.,
945 5268 1106 5346 Vale.
1147 5274 1204 5326 et
1249 5271 1425 5346 Τοιιιιζ
1456 5269 1646 5346 prima
1665 5287 1881 5346 manu,
1912 5290 2006 5329 cu-

353 5341 451 5417 jus
494 5341 880 5417 'irrationabite
920 5345 1197 5417 cognatos,
1219 5344 1351 5406 etc.;
1387 5341 1543 5417 Colb.
1578 5345 1648 5417 et
1664 5341 1829 5417 M_az,_
1852 5345 2010 5415 cujus

364 5411 746 5470 irrationabite
798 5411 1262 5481 virtutiomﬁabet
1311 5411 1578 5481 copulam.
1614 5411 1726 5467 Sed
1758 5411 2005 5470 aliorum

366 5490 542 5562 atque
570 5481 709 5562 edit.
731 5480 1053 5562 genuinam
1081 5479 1387 5562 lectionem
1413 5497 1546 5562 esse
1574 5485 1703 5562 tum
1744 5481 2005 5540 collectio

1825 341 1888 395 S.
1937 337 2312 399 AMBROSII

3637 344 3741 406 492

2128 470 2184 523 Si
2218 487 2329 523 non
2366 474 2555 537 potest
2588 471 3058 535 convenire,cedo
3085 471 3573 535 omnibus,totum
3600 490 3739 545 cape,

2125 558 2171 612 si
2207 560 2277 611 de
2309 558 2432 612 loco
2464 564 2565 613 aut
2596 559 2964 629 possessione
3014 561 3303 616 dissensio
3351 566 3455 614 est.
3507 561 3655 624 Quod
3698 564 3738 617 si

2125 647 2389 701 moribus
2422 664 2533 701 non
2567 649 2854 711 convenit,
2888 648 3122 704 discede
3169 666 3203 702 a
3241 664 3354 703 me.
3386 652 3602 713 Quanta
3629 655 3742 705 ante

2125 735 2426 806 praemisit,
2459 752 2530 791 ne
2562 742 2868 803 cogeretur
2897 738 3234 793 discedere?
3279 737 3390 791 Sed
3439 737 3606 792 etiam
3648 737 3741 793 hoc

2124 825 2356 877 virtutis
2387 841 2450 877 ac
2484 824 2802 895 disciplina:
2832 830 2940 879 est.
2974 826 3127 879 Dixit
3158 826 3315 880 enim
3361 830 3491 880 ante
3538 842 3635 879 nos
3670 827 3745 880 vir

2125 928 2193 966 ex
2244 912 2622 982 philosophiae
2667 914 2958 984 profectus
2996 912 3328 985 disciplina,
3370 918 3612 984 quatuor
3645 913 3741 967 haec

2126 1000 2276 1054 bono
2316 1000 2436 1054 viro
2474 1000 2667 1055 inesse
2708 1019 2720 1055 :
2764 1001 2836 1055 Ut
2874 1001 3131 1057 elaboret
3170 1001 3425 1073 primum
3468 1006 3532 1055 ut
3565 1017 3742 1056 omnes

2126 1089 2237 1142 sibi
2280 1089 2500 1143 aniiros
2538 1089 2711 1143 faciat
2751 1107 2765 1142 ι
2808 1090 3155 1156 secundum,
3197 1094 3263 1144 ut
3300 1091 3347 1144 si
3408 1105 3522 1143 non
3579 1094 3743 1160 potest

2125 1177 2345 1231 amicos
2388 1180 2595 1238 facere.
2630 1183 2784 1232 certe
2823 1195 2927 1232 nec
2970 1178 3240 1233 inimicos
3276 1196 3290 1232 :
3322 1176 3577 1239 tertium,
3614 1183 3669 1231 ut
3700 1178 3738 1231 si

2124 1282 2228 1319 nec
2258 1265 2411 1319 istud
2448 1266 2725 1337 suppetit,
2758 1282 2827 1319 ex
2857 1265 3146 1321 sententia
3175 1265 3739 1336 discedatzquartum.

2126 1355 2170 1405 si
2207 1353 2340 1422 quis
2374 1354 2674 1408 cedentem
2712 1359 3116 1424 persequatur,
3149 1353 3406 1408 vindicet
3454 1370 3533 1415 se,
3564 1356 3623 1407 ut
3659 1369 3741 1424 p0-

2124 1447 2256 1495 tcst.
2286 1444 2391 1494 Sed
2425 1441 2522 1494 illa
2554 1442 2664 1495 tria
2696 1444 2999 1508 superiora
3029 1443 3084 1495 in
3113 1441 3355 1495 Abrahm
3388 1458 3503 1495 non
3554 1456 3742 1495 sermo-

2122 1533 2295 1583 nibus
2332 1531 2522 1594 nudis,
2556 1531 2653 1584 sed
2688 1532 2836 1583 vires
2861 1530 3133 1601 operibus
3164 1529 3557 1599 agnoscimus.

2193 1622 2281 1671 κε).
2315 1622 2597 1679 Quartum
2632 1624 2825 1672 autem
2882 1635 2996 1673 non
3046 1617 3126 1673 ita
3171 1623 3279 1679 est,
3314 1618 3545 1688 quando
3591 1617 3740 1672 etiam

2122 1707 2274 1760 circa
2302 1707 2599 1760 cedentem
2642 1707 2890 1760 servavit
2938 1706 3208 1760 att‘ectum
3262 1707 3607 1776 parentis,ut
3630 1722 3742 1761 eum

2125 1812 2235 1847 non
2281 1794 2472 1848 solum
2516 1812 2627 1847 non
2673 1800 3137 1865 persequeretur,
3179 1794 3277 1847 sed
3323 1793 3500 1848 etiam
3539 1799 3742 1863 captum

2125 1890 2351 1937 erueret
2392 1899 2455 1936 ac
2497 1884 2786 1937 liberaret.
2832 1883 3092 1952 Denique
3130 1882 3450 1953 Apostolus
3497 1899 3622 1938 cum
3655 1881 3745 1936 tria

2122 1970 2222 2024 illa
2270 1972 2494 2031 doceat,
2537 1976 2810 2037 quartum
2880 1971 3182 2039 prmeeptis
3221 1970 3346 2025 suis
3370 1969 3581 2034 'solvit,
3614 1970 3742 2039 quod

2123 2060 2423 2112 addiderat
2483 2059 2878 2128 Philosophia.
2921 2059 3013 2111 Ait.
3065 2059 3220 2112 enim
3279 2074 3416 2113 cum
3470 2058 3743 2130 paciﬁcum

2126 2148 2402 2218 populum
2437 2146 2536 2200 lJei
2574 2148 2887 2200 informare
2919 2146 3087 2201 vellet
3120 2163 3132 2199 :
3165 2146 3227 2201 Si
3256 2147 3381 2215 ﬁeri
3420 2150 3602 2217 potest,
3630 2144 3745 2216 quod

2122 2251 2191 2288 ea:
2220 2235 2369 2287 vobis
2398 2238 2495 2296 est,
2530 2249 2653 2286 cum
2686 2233 2939 2287 omnibus
2985 2233 3300 2287 hominibus
3340 2249 3533 2304 parem
3573 2232 3744 2286 haben-

2125 2327 2201 2377 tes
2232 2325 2407 2390 (Itoni.
2440 2339 2538 2381 xu.
2574 2323 2662 2390 l8)
2698 2339 2710 2375 :
2744 2322 2953 2375 deinde
2986 2321 3033 2376 si
3067 2320 3175 2375 hoc
3206 2336 3319 2375 non
3363 2327 3569 2391 potest,
3600 2322 3744 2381 certe,

2127 2428 2229 2464 nec
2260 2411 2609 2471 discordias,
2644 2427 2749 2464 nec
2800 2409 3162 2464 inimicitias.
3214 2410 3465 2480 Ideoque
3505 2407 3699 2464 additis
3732 2423 3743 2459 :

2125 2500 2237 2554 Non
2296 2514 2381 2551 vos
2428 2498 2784 2564 vindicantes,
2836 2498 3151 2551 charissimi
3194 2498 3351 2567 (Ibid.
3398 2499 3506 2568 19),
3556 2498 3610 2551 in
3653 2512 3748 2566 quo

2125 2594 2182 2642 et
2221 2593 2456 2639 tertium
2501 2598 2574 2651 (si)
2619 2587 2759 2639 illud
2803 2586 3149 2651 excluditur,
3216 2592 3280 2640 ut
3328 2586 3619 2640 vindicare
3661 2599 3748 2637 nos
3854 2588 3857 2677 (

2127 2691 2498 2745 nequaquam
2548 2675 2796 2727 velimus
2839 2690 2851 2727 :
2895 2673 2997 2727 Sed
3048 2674 3173 2728 date
3210 2675 3389 2728 locum
3429 2678 3533 2730 ira:
3571 2671 3747 2744 (Ibid).

2126 2762 2316 2816 Habes
2347 2768 2403 2816 et
2434 2769 2732 2831 quartum,
2767 2767 2830 2815 ut
2859 2762 3125 2816 discedas
3158 2763 3433 2833 magis,et
3462 2762 3749 2817 vindictam

2128 2850 2241 2905 Deo
2283 2851 2639 2913 committas,
2683 2866 2860 2920 quam
2901 2849 3003 2904 tibi
3045 2849 3280 2920 exigas;
3332 2866 3664 2923 quanquam
3705 2853 3752 2903 et

2128 2938 2236 2992 hoc
2276 2941 2599 2993 secundum
2641 2936 2827 3007 legem
2869 2939 3058 3009 magis
3098 2938 3317 2993 dictum
3359 2939 3543 2994 voluit
3569 2936 3750 2992 videri.

2127 3027 2272 3081 Nam
2314 3026 2635 3081 secundum
2680 3027 3055 3098 Evangelium
3097 3044 3277 3098 supra
3315 3026 3497 3083 habes
3546 3044 3559 3081 :
3604 3026 3858 3098 Bene-.6

2128 3115 2291 3170 dicite
2318 3131 2405 3170 eos
2434 3117 2529 3185 qui
2560 3131 2646 3169 vos
2673 3125 3076 3186 persequuntur
3103 3115 3307 3183 (Matth.
3357 3133 3409 3179 ν,
3456 3117 3562 3182 44).
3597 3104 3856 3193 Habe-‘1

2131 3140 2291 3170 ῐιῖιέζιὸ
2318 3140 2403 3170 ϐυδ
2434 3140 2527 3185 qut
2560 3140 2644 3169 UUJ
2673 3140 3076 3186 persequuntur
3103 3140 3307 3183 (intum.
3358 3140 3409 3179 γ,
3456 3140 3562 3182 ιιει).
3597 3140 3763 3169 nuuc-

2131 3220 2265 3258 mus
2299 3204 2417 3258 haec
2449 3211 2732 3275 praecepta
2764 3205 2833 3259 ad
2866 3204 3235 3258 Timotheum
3271 3205 3325 3258 in
3361 3204 3613 3259 secunda
3642 3140 3856 3303 Epi-‘t

2130 3292 2280 3347 stola
2320 3310 2333 3347 :
2378 3296 2608 3362 Pr0pter
2635 3308 2798 3363 quam
2836 3309 3078 3359 causam,
3139 3292 3347 3363 inquit,
3398 3293 3655 3347 admoneo
3696 3295 3751 3353 te,

2132 3386 2187 3434 ut
2226 3383 2506 3435 resuscites
2544 3388 2779 3450 gratiam
2816 3383 2917 3435 Dei
2954 3398 3071 3450 qua:
3108 3383 3186 3436 est
3225 3385 3280 3436 in
3323 3390 3374 3435 te
3408 3398 3505 3451 per
3554 3382 3749 3451 imposi-
3846 3386 3853 3520 Ι

2132 3471 2332 3520 tionem
2361 3486 2629 3520 manuum
2686 3471 2840 3520 326
2869 3485 3137 3520 mearum.
3166 3471 3281 3520 Non
3319 3473 3469 3520 enim
3514 3470 3654 3520 dedit
3678 3483 3749 3520 no-

2131 3471 2332 3523 tionem
2361 3486 2629 3524 manuum
2686 3471 2840 3524 826
2869 3485 3137 3525 mearum.
3165 3471 3281 3524 Non
3319 3473 3469 3524 enim
3514 3470 3654 3524 dedit
3678 3483 3749 3522 no-

2132 3557 2211 3611 bis
2240 3561 2382 3612 Deus
2413 3568 2667 3629 spiritum
2700 3559 2935 3626 timoris,
2966 3557 3058 3611 sed
3088 3559 3330 3622 virtutis,
3361 3568 3412 3613 et
3442 3557 3744 3617 dilectionis,

2128 3650 2181 3700 et
2208 3646 2517 3700 sobrietatis
2574 3646 2641 3713 (II
2683 3647 2814 3699 Tim.
2858 3663 2895 3713 1,
2939 3646 2995 3709 6,
3031 3650 3108 3712 7).
3149 3645 3216 3699 Et
3255 3645 3466 3700 iterum
3512 3662 3524 3700 :
3568 3646 3635 3700 Tu
3668 3659 3743 3696 au-

2129 3742 2255 3799 tem,
2297 3734 2381 3803 ﬁli
2416 3734 2755 3800 charissime,
2786 3733 3167 3803 fortitudinem
3201 3749 3331 3805 cape
3369 3736 3430 3788 in
3480 3736 3652 3803 gratia
3686 3730 3738 3795 (II

2131 3823 2261 3876 Tim.
2297 3839 2357 3891 ιι,
2392 3824 2462 3893 1).
2499 3824 2688 3877 Habes
2731 3839 2867 3894 ergo
2917 3824 3116 3893 primae
3163 3829 3517 3894 praeceptum
3548 3825 3743 3878 senten-

2127 3910 2218 3965 tiae
2261 3917 2323 3965 ut
2362 3927 2499 3981 erga
2537 3928 2738 3965 omnes
2780 3911 3030 3979 gratiam
3072 3909 3251 3977 locet;
3296 3911 3508 3967 deinde
3558 3910 3606 3965 si
3652 3923 3741 3962 non

2126 4005 2313 4071 potest
2373 4001 2674 4071 praeceptis
2716 4003 2839 4055 suis
2878 4016 3084 4055 omnes
3122 3999 3445 4070 acquirere,
3479 4003 3665 4055 caveat
3687 4011 3741 4049 ne

2127 4088 2317 4142 verbis
2348 4087 2576 4159 aliquos
2605 4093 2923 4159 exasperet,
2955 4088 3063 4143 hoc
3109 4093 3217 4156 est,
3250 4104 3322 4142 ne
3372 4088 3633 4143 inimicos
3678 4085 3740 4138 fa-

2126 4179 2264 4231 ciat.
2326 4176 2486 4231 Unde
2536 4176 2617 4230 ait
2662 4176 2814 4231 infra
2856 4195 2868 4231 :
2912 4178 3031 4231 Haec
3085 4192 3415 4242 commoneo,
3481 4174 3745 4244 testi/ibam

2126 4280 2315 4319 coram
2371 4265 2496 4329 Deo,
2555 4265 2671 4319 noli
2726 4265 2903 4320 verbis
2957 4264 3296 4333 contendere,
3337 4266 3400 4319 in
3437 4265 3577 4320 nihil
3612 4260 3743 4321 utile.
3846 4312 3847 4323 χ

2125 4355 2237 4407 nisi
2266 4353 2335 4407 ad
2363 4353 2767 4407 subversionem
2803 4352 3151 4408 audientium
3181 4352 3337 4422 (Ibid.
3372 4354 3485 4421 44).
3535 4354 3742 4406 Servum
3846 4344 3847 4415 ξ

2128 4446 2321 4496 autem
2356 4441 2585 4496 Domini
2620 4458 2734 4495 non
2766 4446 2988 4511 oportet
3016 4440 3374 4513 litigare,sed
3398 4443 3742 4495 mansuetum
3846 4422 3847 4471 ³

2127 4545 2256 4584 esse
2303 4530 2376 4584 ad
2425 4545 2650 4584 omnes.
2705 4528 2952 4583 Pulchre
3001 4534 3133 4600 post
3181 4544 3367 4599 pauca
3418 4524 3673 4598 subjecit,
3699 4524 3744 4576 et

2126 4634 2365 4673 causam
2408 4618 2696 4689 praestitit,
2739 4633 2915 4687 quam
2969 4615 3342 4688 philosophia
3394 4633 3510 4672 non
3560 4613 3690 4670 vidit
3727 4625 3739 4662 :

2122 4709 2260 4763 Cum
2286 4705 2569 4773 modestia,
2605 4704 2815 4776 inquit,
2847 4706 3214 4773 corrigentem
3241 4719 3330 4759 eos
3357 4706 3457 4775 qui
3492 4703 3739 4760 resistis“.

2122 4810 2191 4849 ne
2219 4792 2433 4865 quando
2461 4794 2601 4847 Deus
2647 4794 2735 4849 det
2787 4793 2904 4847 illis
2947 4794 3330 4864 paenitentiam
3358 4792 3429 4847 ad
3455 4801 3740 4862 cognoscen-
3844 4792 3845 4843 ί

2121 4882 2247 4937 dam
2279 4884 2553 4937 veritatem
2582 4880 2739 4953 (Ibid.
2771 4882 2885 4949 25).
2916 4882 3001 4935 Ad
3036 4880 3275 4937 tertium
3320 4894 3552 4952 quoque
3592 4872 3737 4935 illud,

2122 4976 2188 5024 ut
2217 4969 2589 5024 discedamus
2619 4969 2692 5023 ab
2722 4968 2808 5023 eis
2838 4984 2972 5023 cum
3002 4968 3219 5039 quibus
3249 4967 3417 5023 nobis
3463 4961 3737 5021 convenire

2121 5075 2237 5113 non
2267 5055 2663 5129 potest,habes
2694 5055 2981 5123 additum,
3009 5070 3145 5111 cum
3174 5054 3444 5127 pracepit
3473 5057 3536 5109 ut
3563 5051 3735 5121 loqua-

2118 5149 2217 5201 tur
2254 5161 2381 5216 quas
2419 5144 2625 5200 decent
2662 5158 2868 5200 sanam
2906 5142 3254 5210 doctrinam,
3285 5142 3492 5199 deinde
3536 5147 3736 5212 pugna!

3851 3519 3853 3671 Ν

2118 5277 2559 5418 lniiiailiribrb,
2592 5348 2754 5404 Eras.
2787 5353 2845 5406 et
2874 5348 3116 5421 quidam
3145 5364 3290 5408 mss.
3320 5351 3491 5422 possit
3526 5342 3729 5405 restrin-

2113 5433 2257 5488 gere.

2184 5486 2259 5562 (8)
2287 5486 2531 5562 Videtur
2557 5485 2653 5562 hic
2685 5486 2883 5562 aliqua
2910 5488 3285 5562 transpositio
3333 5505 3479 5559 esse,
3510 5492 3566 5547 et
3592 5481 3725 5559 quod

367 5550 632 5643 3931892!
660 5550 1035 5643 82999322
1049 5550 1558 5643 assumas:
1576 5554 2004 5643 tramae:
2110 5550 2507 5643 ξανξεξρνηβίοίι
2528 5550 2854 5643 ,ειίρθοάιίω
2892 5550 3098 5643 potius;
3135 5550 3500 5643 ρωνιαηινβι
3522 5550 3717 5625 οοᾱιηο

366 5619 515 5699 eam,
543 5624 678 5702 οιου,
706 5624 835 5686 tum
863 5619 1041 5705 etiam
1071 5619 1235 5683 locus
1262 5636 1283 5683 ι
1308 5620 1543 5701 oap.qui
1573 5619 1647 5683 ad
1677 5619 2002 5705 marginem
2110 5628 2221 5690 Sed
2252 5628 2313 5691 in
2343 5627 2454 5691 hoc
2483 5627 2631 5693 nihil
2653 5645 2762 5693 nos
2786 5619 2932 5694 nisi.
2960 5619 3168 5715 iuvare
3190 5619 3457 5710 possunt.
