3878 6208
88 356 212 415 493

1401 356 1502 415 DE
1547 355 1928 416 ABHAHAM
1982 356 2124 417 LIB.
2173 357 2247 417 Il.

3387 359 3507 418 494

89 486 242 561 legis
274 485 553 556 declinet,
585 486 692 543 hoc
741 492 851 555 est,
883 486 1140 560 primum
1171 487 1420 561 gratiam
1479 488 1750 555 seminat,
1780 488 1834 556 Α
1862 488 2118 560 prudens
2152 492 2345 546 autem
2377 488 2461 545 vir
2490 490 2598 546 has
2617 488 2730 546 sibi
2751 489 2823 546 ad
2840 490 3135 546 dexteram
3156 490 3343 559 locat;
3378 507 3503 562 quas

91 577 313 634 deinde
346 575 581 632 nullum
610 573 892 650 litigando
914 580 1134 633 avertat
1158 595 1177 632 :
1208 576 1444 632 tertium
1468 580 1632 632 estut
1646 577 1753 632 ha:-

92 670 334 724 reticum
364 667 644 723 hominem
694 674 815 738 post
861 683 1033 721 unam
1075 667 1468 738 correptionem
1518 665 1753 730 devitet;

93 758 232 828 quia
258 756 552 812 subversas
578 758 653 812 est
692 756 791 827 qui
845 754 1159 827 hujusmodi
1210 762 1306 822 est,
1354 757 1405 809 et
1459 754 1751 827 delinquit,

91 862 221 902 cum
278 848 354 901 sit
411 862 445 900 a
499 846 783 917 semetipso
833 843 1119 900 damnatus
1177 843 1297 916 (Tit.
1348 860 1433 909 ιιι,
1494 844 1583 911 10,
1637 844 1746 910 11).

92 934 286 999 Quam
314 936 522 1006 argute
543 950 649 990 suo
674 932 899 1004 judicio
928 931 1270 988 damnatum
1302 935 1512 987 nostrre
1543 928 1751 986 ultioni

89 1021 417 1093 subtrahit,
451 1021 619 1094 quasi
678 1020 988 1094 indignum
1046 1020 1103 1075 in
1157 1037 1332 1092 quem
1386 1016 1747 1075 vindicetur!

87 1111 269 1168 David
308 1115 510 1168 autem
539 1110 835 1167 evidenter
884 1109 1144 1166 studium
1202 1108 1466 1164 vindicta:
1525 1110 1754 1164 amovet

88 1200 335 1257 dicens:
380 1199 443 1256 Si
487 1198 702 1257 reddidi
750 1198 1175 1256 retribuentibus
1218 1198 1359 1254 mihi
1402 1199 1550 1253 mala
1578 1197 1747 1270 (Psal.

86 1307 189 1360 vn,
220 1289 301 1359 2).

154 1379 248 1434 31.
282 1379 435 1451 Ergo
465 1395 630 1434 mens
661 1377 766 1432 viri
799 1377 1086 1450 sapientis
1112 1376 1384 1448 ejusdem
1419 1376 1631 1432 animae
1658 1374 1747 1432 vel

85 1467 316 1540 lapsus,
350 1466 440 1522 vel
470 1465 901 1522 irrationabiles
933 1472 1129 1521 motus
1181 1465 1380 1521 studet
1437 1466 1746 1538 corrigere,

86 1555 325 1627 sibique
356 1555 731 1628 conjungere.
762 1554 959 1610 Potest
989 1554 1144 1610 enim
1167 1554 1292 1609 fieri
1324 1557 1389 1609 ut
1415 1570 1543 1626 qua:
1564 1552 1749 1609 inter-

84 1645 233 1699 dum
264 1643 603 1716 displicent,
636 1644 1020 1698 emendentur
1074 1660 1206 1698 cum
1265 1642 1469 1716 gratia.
1530 1642 1749 1698 Etl‘usio

86 1731 433 1805 patrimonii
466 1732 515 1788 si
558 1732 870 1799 recidetur,
925 1732 1099 1787 habet
1155 1730 1563 1787 liberalitatem
1621 1730 1749 1786 sine

84 1821 422 1893 dispendio.
466 1820 830 1876 Verecundia
862 1821 1156 1876 interdum
1189 1820 1492 1876 remissior
1517 1824 1604 1875 est
1639 1837 1653 1887 ;
1698 1819 1747 1875 si

84 1909 491 1975 confirmetur,
522 1908 700 1965 habet
728 1913 786 1963 et
819 1909 1057 1978 pudoris
1089 1908 1356 1980 gratiam,
1415 1913 1473 1964 et
1527 1924 1743 1979 propo-

85 1999 185 2054 siti
247 1997 663 2053 constantiam.
723 1997 1045 2052 Commotio
1114 1997 1162 2052 si
1218 2001 1594 2068 temperetur,
1655 1996 1742 2051 in-

83 2086 454 2160 dignationis
520 2086 818 2141 horrerem
872 2086 1128 2157 deponit,
1186 2086 1436 2141 assumit
1508 2085 1742 2141 tandem

88 2175 336 2250 vigoris.
370 2174 534 2241 Quod
567 2174 615 2232 si
648 2174 959 2231 emendare
1004 2191 1119 2231 non
1159 2180 1369 2246 potest.
1431 2191 1546 2230 non
1611 2190 1743 2229 exa-

87 2268 285 2337 speret
316 2263 392 2335 (9)
425 2262 893 2334 intemperentia.
928 2262 1320 2335 Deprehendit
1349 2264 1616 2319 ardorem
1675 2262 1745 2317 li-

86 2352 314 2409 bidinis
343 2368 524 2424 quam
551 2351 825 2424 conjugio
857 2355 1134 2418 coerceat,
1165 2368 1235 2407 ne
1266 2352 1409 2407 dum
1465 2351 1747 2423 quaeritur

86 2440 476 2509 continentia,
511 2440 752 2513 obrepat
775 2439 1163 2512 impudicitia.
1188 2440 1436 2511 Ideoque
1460 2440 1746 2495 bonorum

89 2530 404 2604 magister:
448 2529 594 2595 Dico,
619 2528 832 2601 inquit,
862 2544 976 2583 non
1002 2531 1189 2600 nuptis
1219 2537 1269 2583 et
1301 2527 1496 2594 viduis,
1550 2528 1745 2584 bonum

83 2629 161 2676 at
191 2620 311 2675 illis
338 2620 393 2675 si
416 2620 496 2674 sic
508 2620 902 2689 permaneant,
932 2619 1073 2673 sicut
1100 2621 1151 2674 et
1178 2633 1293 2687 ego.
1330 2615 1479 2686 Quod
1497 2618 1546 2672 si
1560 2633 1615 2671 se
1636 2632 1745 2673 non.

85 2710 392 2776 continent,
447 2707 674 2763 nubant.
728 2707 919 2763 Melius
967 2714 1045 2762 est
1099 2707 1249 2763 enim
1303 2706 1530 2773 nubere,
1581 2722 1747 2777 quam

86 2801 180 2854 uri
209 2800 259 2869 (l
286 2798 409 2853 Cor.
443 2814 542 2865 vn,
571 2798 626 2864 8,
657 2796 735 2867 9).
786 2795 938 2852 Sunt
966 2794 1175 2868 aliquis
1207 2795 1482 2851 mulieres
1536 2794 1744 2851 imma-

86 2895 220 2944 turo
250 2884 547 2942 destitutae
566 2884 910 2941 maritorum
940 2883 1126 2949 obitu,
1157 2888 1216 2940 et
1245 2900 1307 2940 se
1327 2884 1622 2940 continere
1644 2899 1746 2939 ne-

84 2981 339 3049 queunt.
393 2973 538 3040 l'olo,
595 2972 812 3046 inquit,
870 2974 1116 3040 iuniores
1172 2974 1396 3040 nubere,
1445 2972 1589 3042 ﬁlios
1611 2988 1745 3044 pro—

8 3134 25 3147 .
51 3082 301 3147 αςεανε,
361 3063 811 3134 matresfamilias
896 3078 1027 3131 esse,
1108 3063 1326 3118 nullum
1411 3063 1745 3118 occasionem

1 3150 223 3225 ,εᾏνε
252 3154 570 3211 adversario
601 3154 647 3224 (1
677 3154 814 3208 Tim.
859 3170 917 3222 ν,
964 3153 1067 3224 14).
1103 3152 1262 3217 Quod
1314 3151 1363 3207 si
1395 3150 1602 3222 aliquae
1641 3152 1743 3206 de-

1860 582 2053 633 autem
2088 579 2366 650 corporis,
2402 578 2459 634 in
2493 578 2813 635 sinistram.

1930 668 2020 722 33.
2086 671 2153 723 Et
2197 668 2416 736 levavit,
2489 667 2700 740 inquit,
2760 669 2855 725 Lot
2908 668 3109 735 oculos,
3182 675 3233 723 et
3292 668 3507 739 aspexit

1860 770 2075 811 omnem
2117 758 2396 827 regionem
2448 755 2703 812 Iordanis
2763 756 2919 826 (Gen.
2970 773 3092 825 xm,
3154 757 3264 829 18).
3327 756 3508 812 Deﬂe-

1859 843 2156 899 ctentibus
2188 861 2221 898 a
2248 860 2381 899 vero
2413 844 2601 900 amica
2623 844 2908 916 jactantia
2953 848 3060 902 est.
3121 843 3385 917 Denique
3443 848 3507 901 ut

1858 931 2151 988 Abraham
2182 931 2490 1000 humilius,
2522 933 2621 1005 qui
2653 932 2996 989 electionem
3028 933 3270 990 obtulit:
3296 935 3378 990 ita
3399 934 3507 989 Lot

1857 1019 2228 1090 insolentius,
2263 1020 2363 1094 qui
2412 1020 2752 1078 electionem
2821 1023 3142 1095 usurpavit.
3182 1022 3382 1079 Virtus
3443 1039 3505 1079 se

1858 1108 2151 1178 humiliat,
2180 1109 2618 1167 extollitautem
2651 1128 2712 1167 se
2742 1110 3059 1183 iniquitas:
3120 1112 3219 1183 qui
3279 1128 3341 1167 se
3398 1112 3503 1168 de-

1858 1198 1985 1253 buit
2015 1200 2380 1255 committere
2411 1199 2737 1269 maturiori,
2771 1204 2838 1255 ut
2862 1199 3230 1270 essettutior,
3253 1200 3506 1272 denique
3604 1208 3607 1211 '

1857 1285 2071 1359 eligere
2137 1287 2399 1343 nescivit.
2460 1287 2605 1343 Nam
2652 1286 2842 1360 primo
2891 1287 3101 1344 levavit
3172 1287 3391 1358 oculos,
3450 1292 3509 1344 et

1858 1376 2082 1447 aspexit
2112 1376 2430 1447 regionem,
2461 1376 2569 1432 hoc
2597 1381 2706 1443 est,
2738 1376 2901 1432 illam
2924 1394 3047 1432 rem
3073 1394 3201 1449 qua
3215 1392 3331 1433 non
3354 1379 3510 1433 esset

1856 1463 2045 1536 prima
2075 1464 2296 1531 ordine,
2329 1466 2429 1519 sed
2460 1464 2650 1531 tertia,
2676 1465 2783 1521 hoc
2814 1465 3269 1521 estnovissima.
3312 1466 3508 1520 Prima

1858 1557 1999 1608 sunt
2025 1554 2180 1608 enim
2213 1570 2344 1624 qua:
2374 1558 2512 1609 sunt
2542 1553 2748 1610 animae
2780 1554 2931 1609 bona
2964 1570 2977 1607 :
3039 1555 3319 1623 secunda,
3378 1571 3504 1625 quas

1859 1642 2146 1714 corporis,
2180 1642 2238 1697 id
2270 1646 2360 1697 est
2390 1641 2575 1710 salus,
2610 1642 2812 1708 virtus,
2860 1641 3268 1714 pulchritudo,
3308 1644 3505 1698 forma:

1857 1730 2044 1802 gratia
2076 1747 2089 1784 :
2122 1729 2293 1785 tertia
2338 1735 2496 1800 sunt,
2530 1749 2656 1803 qua:
2687 1731 2978 1801 accidunt,
2998 1731 3107 1787 hoc
3132 1735 3240 1800 est,
3272 1731 3504 1800 divitiae,

1857 1823 2194 1889 potestates,
2227 1819 2435 1891 patria,
2469 1818 2664 1888 amici,
2698 1818 2899 1892 gloria.
2936 1820 3110 1892 Regio
3156 1819 3337 1893 igitur
3393 1824 3506 1876 ter-

1855 1907 1935 1963 tio
1966 1907 2090 1963 loco
2121 1909 2359 1979 ponitur
2390 1927 2402 1975 ;
2435 1912 2526 1964 est
2556 1909 2712 1964 enim
2746 1925 2836 1964 res
2856 1908 3256 1966 habitationis.

1922 1996 2010 2051 3i.
2045 1995 2204 2050 Vidit
2231 1995 2412 2069 igitur
2441 1996 2738 2069 regionem
2769 2012 2896 2069 qua:
2924 1998 3291 2069 irrigabatur,
3318 2000 3506 2070 prius-

1853 2100 2017 2155 quam
2045 2092 2303 2140 everteret
2339 2085 2479 2140 Deus
2508 2084 2797 2141 Sodomam
2845 2094 2894 2142 et
2936 2087 3317 2155 Gomorrham,
3365 2090 3507 2143 sicut

1849 2172 2141 2244 paradisus
2168 2174 2284 2243 Dei,
2335 2176 2385 2229 et
2426 2178 2573 2229 terra
2621 2175 2862 2246 Egypti,
2904 2191 3083 2246 usque
3146 2175 3277 2230 dum
3320 2178 3507 2233 venias

1853 2261 2087 2333 ZolhOpa
2117 2261 2227 2334 (12)
2257 2262 2460 2333 (Ibid).
2494 2262 2556 2316 In
2600 2279 2715 2333 quo
2745 2262 2859 2318 nisi
2889 2262 3198 2336 diligenter
3226 2263 3504 2333 intendis,

1854 2349 2144 2421 numquid
2173 2350 2232 2405 in
2264 2369 2332 2406 ea
2362 2367 2589 2406 errasse
2620 2368 2755 2407 cum
2780 2351 2970 2409 dicere
2999 2357 3183 2424 potes,
3214 2354 3370 2425 quod
3392 2352 3505 2409 ele-

1854 2437 1938 2511 git
1966 2438 2157 2494 vicina
2180 2439 2480 2507 Jordanis,
2510 2444 2567 2493 et
2596 2456 2665 2495 ea
2722 2457 2848 2512 quae
2902 2441 3300 2513 irrigabantur
3357 2442 3509 2497 sicut

1855 2527 2165 2599 paradisus
2225 2526 2373 2583 Dei?
2415 2528 2538 2583 Non
2610 2529 2811 2601 utique
2872 2531 3202 2586 secundum
3252 2529 3503 2587 literam.

1855 2616 1966 2670 Sed
1998 2632 2133 2671 cum
2164 2615 2437 2672 Jordanis
2467 2616 2771 2672 descensio
2794 2616 3041 2686 dicatur,
3075 2618 3376 2675 descendit
3405 2617 3506 2690 qui

1856 2704 2114 2760 deseruit
2157 2704 2388 2761 virtutis
2437 2706 2821 2772 consortium,
2887 2710 2946 2761 et
2996 2706 3254 2779 speciem
3310 2704 3504 2778 elegit,

1856 2809 1972 2848 non
2052 2793 2377 2849 veritatem.
2423 2793 2736 2850 Paradisus
2788 2795 3051 2867 perfecta:
3128 2794 3507 2851 beatitudinis

1855 2881 2165 2937 ammnitas
2192 2887 2304 2950 est,
2350 2881 2677 2949 vel,animes
2726 2884 3038 2940 fructuosas
3092 2883 3498 2951 fundamenta,

1853 2970 1912 3026 in
1944 2988 2061 3043 qua
2090 2971 2389 3044 sapientia;
2420 2971 2561 3038 sint,
2586 2972 2832 3044 justitia:
2884 2977 3342 3046 ceterarumque
3393 2973 3505 3030 vir-

1852 3064 2047 3116 tutum
2079 3059 2390 3133 plantaria.
2424 3060 2600 3117 Terra
2630 3066 2825 3117 autem
2855 3062 3084 3136 Egypti
3145 3061 3506 3135 corporalem

1852 3150 2250 3205 substantiam
2276 3149 2591 3221 signiﬁcat,
2620 3153 2790 3222 cujus
2822 3151 3112 3223 plantaria
3127 3157 3267 3208 sunt
3295 3169 3507 3209 sensus

27 3225 236 3311 Licia
269 3241 585 3308 delectant,
616 3245 673 3298 et
702 3239 984 3297 luxuriari
1018 3242 1076 3295 in
1108 3239 1339 3296 Christo
1385 3237 1609 3305 volunt,
1659 3239 1745 3293 vi-
1780 3225 1822 3292 C
1859 3244 1918 3295 ct
1949 3239 2254 3311 passiones
2286 3238 2562 3311 corporis.
2598 3240 2762 3295 Sicut
2787 3241 2945 3295 enim
2995 3242 3180 3296 vireta
3223 3240 3506 3296 virtutum

91 3332 343 3390 duitatis
382 3330 715 3387 atiectantes
744 3329 1012 3403 gloriam,
1045 3328 1490 3403 germanitatem
1553 3332 1747 3383 autem

87 3424 209 3493 (40)
260 3437 377 3477 ιιοιι
443 3418 857 3488 custodientes,
916 3434 1016 3475 eas
1046 3415 1654 3487 devitandasjudicat,
1689 3420 1753 3472 ut

88 3512 283 3569 habes
345 3508 672 3582 scriptum:
748 3507 1209 3563 Adolescentiores
1287 3505 1480 3561 viduas
1569 3505 1752 3561 devita

90 3599 376 3671 (ibid.tt).

158 3692 261 3749 Ὠ.
294 3686 470 3742 Recte
500 3685 681 3758 igitur
708 3684 1006 3741 Abraham
1042 3701 1175 3740 cum
1207 3684 1361 3740 bona
1380 3684 1546 3740 venia
1574 3682 1755 3739 voluit

93 3781 375 3852 nepotem
403 3774 721 3843 dimittere,
753 3790 931 3845 quem
960 3773 1365 3830 deﬂectentem
1396 3792 1430 3828 a
1467 3790 1529 3829 se
1563 3777 1754 3829 tenere

97 3885 213 3923 non
250 3867 499 3937 poterat.
531 3863 627 3921 Sic
660 3866 717 3918 et
745 3879 912 3919 mens
954 3861 1112 3918 bona
1157 3879 1190 3918 a
1240 3861 1521 3935 prmcipiti
1567 3866 1625 3917 et
1670 3861 1752 3916 di-

96 3972 266 4011 verso
308 3950 804 4009 irrationabilium
854 3950 1019 4024 lapsu
1086 3952 1199 4022 (11)
1244 3954 1508 4007 secernat
1555 3966 1618 4005 se
1688 3966 1753 4005 ac

98 4044 358 4116 separet.
392 4040 454 4096 Si
483 4048 561 4107 tu,
596 4039 810 4112 inquit,
842 4042 901 4095 in
922 4040 1229 4107 sinistram,
1249 4055 1343 4109 ego
1366 4041 1421 4094 in
1452 4039 1753 4095 dexteram:

96 4133 177 4187 vel
210 4134 268 4187 si
296 4135 360 4185 tu
390 4132 451 4184 in
497 4128 801 4197 dexteram,
859 4144 957 4202 ego
996 4130 1056 4185 in
1095 4129 1379 4183 sinistram
1425 4128 1577 4200 (Gen.
1631 4143 1754 4196 xm,

96 4224 174 4291 9),
209 4221 327 4276 hoc
357 4222 449 4275 est
469 4235 594 4291 quas
629 4216 731 4273 tibi
761 4217 823 4273 in
857 4218 1099 4276 dextera
1126 4222 1285 4283 sunt,
1317 4217 1460 4273 mihi
1491 4217 1551 4288 in
1581 4216 1757 4272 sinis-

98 4314 187 4364 tra
219 4310 369 4364 sunt
399 4323 413 4361 :
446 4320 505 4361 et
535 4323 661 4379 quae
691 4306 795 4362 tibi
829 4305 889 4361 in
936 4306 1199 4374 sinistra,
1233 4305 1377 4361 mihi
1435 4306 1495 4360 in
1524 4306 1761 4361 dextera

100 4401 264 4454 sunt.
300 4395 439 4451 Viro
468 4395 625 4452 enim
651 4393 1011 4467 imprudenti
1043 4394 1102 4449 in
1145 4394 1381 4451 dextera
1421 4398 1580 4461 sunt,
1631 4411 1759 4467 quae

104 4490 249 4541 sunt
279 4484 431 4541 821
463 4484 761 4556 corporis;
793 4500 862 4539 ea
914 4482 1167 4555 prafert,
1226 4499 1295 4540 ea
1342 4482 1644 4540 constituit
1698 4482 1761 4539 in

105 4573 416 4631 meliorem
449 4576 694 4644 partem,
729 4572 965 4627 divitias
996 4587 1228 4644 quoque
1257 4575 1313 4627 et
1331 4570 1583 4629 honores
1612 4588 1760 4644 prse-

108 4663 310 4735 ponit:
350 4665 411 4717 at
441 4678 575 4717 vero
606 4660 1071 4717 immortalitatis
1102 4659 1490 4732 adipiscendis
1519 4660 1765 4735 gratiam

107 4751 176 4807 ad
207 4750 524 4808 sinistram
554 4748 750 4817 habet,
786 4766 912 4822 quae
945 4747 1195 4821 sapienti
1226 4748 1299 4804 ad
1329 4748 1628 4807 dexteram
1659 4751 1767 4805 est.

112 4838 454 4913 Longitudo
484 4837 642 4894 enim
673 4838 801 4894 vita:
832 4838 894 4893 in
950 4838 1187 4894 dextera
1233 4838 1381 4909 ejus.
1439 4838 1771 4912 Omnesque

113 4928 330 4985 anima
363 4925 609 4984 virtutes
641 4926 929 4999 insipiens
957 4926 1047 4983 vir
1098 4926 1158 4983 in
1217 4926 1519 4983 sinistram
1574 4924 1769 4999 ejicit:

185 5177 266 5248 (9)
299 5176 522 5234 Omnes
552 5177 689 5233 edit.
724 5193 790 5233 ac
821 5177 1174 5248 msss'l‘orn.
1208 5180 1264 5233 et
1292 5175 1452 5233 Valc.
1494 5193 1603 5234 non
1640 5195 1773 5233 exa-

115 5246 320 5321 sperat.
354 5250 785 5332 Intemperantia
816 5246 1162 5332 reprelieniit
1200 5248 1467 5332 ardorem.
1506 5249 1773 5332 libidinis,

118 5318 283 5404 quam
312 5318 570 5448 coﬂugio
598 5318 1123 5391 coerceatJReliqui
1150 5335 1295 5375 mss.
1342 5327 1407 5375 ut
1453 5320 1513 5375 in
1563 5325 1725 5377 textu
1757 5338 1772 5389 ;

120 5407 233 5448 n18!
265 5407 345 5464 qu
461 5408 655 5464 prima
684 5406 860 5464 manu
892 5391 1062 5464 Corb.
1092 5390 1358 5464 legebat,
1402 5408 1515 5464 non
1549 5408 1777 5464 exaspe-

120 5407 233 5448 mst
265 5407 424 5464 quoa
461 5408 655 5465 prima
684 5407 860 5448 manu
892 5407 1062 5448 uero.
1111 5407 1358 5464 legebat,
1402 5408 1515 5447 non
1549 5408 1776 5464 exaspe-

119 5466 200 5518 ret
224 5465 752 5536 intemperantiam;
797 5462 1146 5536 deprehendit
1189 5462 1445 5536 ardorem
1495 5463 1776 5536 libidinis,

124 5536 377 5608 conjugio
397 5533 668 5608 coerceat.
702 5533 836 5600 Quae
859 5533 1036 5591 lectio
1069 5536 1211 5590 forte
1241 5534 1371 5591 aliis
1415 5534 1644 5591 duabus
1676 5552 1779 5591 an-

124 5607 474 5679 teponenda.

194 5674 308 5761 (l0)
339 5677 480 5741 Mss.
512 5693 673 5739 unus
707 5681 809 5739 aut
839 5674 1003 5752 alter,
1036 5678 1363 5753 gravitatem
1394 5684 1599 5749 autem,
1630 5680 1777 5758 eto.;

1857 3328 2078 3384 fontem
2116 3327 2337 3384 habent
2364 3326 2685 3395 Christum,
2729 3334 2787 3383 et
2840 3328 3122 3400 spiritalis
3180 3328 3506 3385 ubertatem

1856 3416 2078 3489 gratias,
2112 3432 2226 3487 quo
2258 3415 2606 3471 exuberent:
2643 3417 2725 3471 ita
2753 3416 3205 3489 intemperantia
3219 3417 3349 3473 fons
3373 3416 3505 3489 qui-

1858 3506 1995 3561 dam
2026 3511 2116 3560 est
2143 3504 2489 3576 passionum
2519 3505 2932 3577 corporalium,
2992 3522 3108 3578 quo
3137 3505 3376 3562 aluntur
3404 3523 3505 3563 su-

1861 3593 2002 3667 peril
2013 3610 2105 3649 ua.
2648 3588 2663 3601 ⁸

1930 3684 2017 3739 35.
2054 3682 2300 3739 Pulchre
2331 3687 2526 3740 autem
2559 3685 2643 3740 ait
2672 3685 2973 3759 Scriptura
3001 3686 3155 3756 (Gen.
3214 3703 3339 3755 xm,
3380 3686 3506 3758 ll):

1860 3773 2024 3842 elegit
2047 3773 2157 3828 sibi
2187 3773 2303 3840 Lot,
2336 3772 2444 3829 hoc
2476 3780 2566 3829 est
2586 3774 2894 3830 declinatio
2920 3790 2932 3829 :
2963 3775 3102 3848 quia
3135 3774 3333 3848 posuit
3356 3775 3511 3831 Deus

1862 3867 1996 3919 ante
2026 3878 2132 3918 nos
2160 3861 2380 3917 bonum
2411 3866 2469 3918 et
2490 3863 2733 3929 malum,
2779 3869 2840 3919 ut
2871 3864 3281 3937 unusquisque
3336 3864 3514 3937 eligat

1861 3951 2018 4024 quod
2047 3950 2202 4006 velit.
2236 3950 2359 4007 Non
2378 3950 2669 4024 eligamus
2695 3969 2829 4026 ergo
2851 3954 3006 4025 quod
3030 3954 3220 4025 specie
3248 3953 3513 4010 videatur

1853 4038 2204 4112 jucundius,
2237 4039 2338 4095 sed
2370 4040 2525 4111 quod
2557 4040 2794 4097 veritate
2822 4045 3086 4114 praestet;
3117 4048 3192 4098 ne
3239 4058 3376 4097 cum
3434 4042 3514 4098 sit

1862 4129 2031 4185 nobis
2088 4127 2309 4183 tributa
2364 4129 2521 4199 optio
2580 4134 2644 4185 ut
2685 4146 3005 4201 sequamur
3054 4130 3311 4202 potiora,
3361 4129 3509 4186 leve-

1864 4234 1999 4273 mus
2028 4214 2226 4273 oculos
2276 4215 2473 4271 inﬂexi
2513 4217 2661 4273 falso
2711 4218 3067 4275 ammnitatis
3106 4219 3351 4274 decore:
3414 4234 3511 4275 ve-

1865 4305 2095 4362 ritatem
2118 4310 2315 4360 autem
2331 4309 2551 4360 naturas
2576 4304 2729 4361 velut
2744 4305 2978 4362 deflexis
2990 4307 3293 4363 obtutibus
3314 4308 3516 4363 obum-

1868 4396 2129 4451 bremus.

1940 4483 2031 4539 36.
2066 4483 2229 4547 Quod
2260 4487 2458 4539 autem
2485 4482 2753 4540 homines
2783 4484 2841 4540 in
2873 4484 3144 4542 Sodomis
3174 4484 3306 4542 saevi
3328 4490 3514 4555 erant,

1796 4596 1844 4661 Β
1873 4573 2033 4642 (Ibid.
2065 4572 2176 4643 13),
2210 4577 2545 4645 peccatores
2576 4571 2636 4628 in
2678 4580 2994 4646 conspectu
3040 4574 3271 4631 Domini
3330 4574 3517 4643 valde,

1879 4679 1995 4718 non
2026 4660 2337 4717 mediocris
2368 4661 2464 4717 hic
2493 4666 2583 4718 est
2610 4662 2953 4731 oeconomia,
2986 4668 3052 4719 ut
3092 4666 3357 4722 advertas
3412 4665 3519 4720 mi-

1876 4754 1995 4806 tem
2026 4749 2211 4806 Deum
2244 4750 2404 4823 gravi
2429 4757 2799 4824 peccatorum
2840 4753 3055 4809 moveri
3087 4754 3399 4811 acerbitate
3448 4754 3520 4810 ad

1880 4838 2304 4909 ulciscendum,
2338 4857 2442 4896 nec
2473 4840 2765 4897 immerito
2796 4858 2911 4898 non
2972 4842 3234 4914 potuisse
3276 4852 3523 4899 exorare

1877 4927 2173 4985 Abraham
2203 4929 2520 4986 Sodomitis
2550 4930 2803 5000 veniam,
2848 4930 2987 5002 quia
3043 4948 3224 5004 supra
3279 4932 3523 4988 modum

1844 5207 1848 5211 <
1884 5176 2097 5234 melius
2128 5176 2226 5249 alii
2257 5194 2327 5249 ac,
2353 5178 2514 5246 edit.,
2547 5182 2987 5249 germanitatem,
3018 5180 3127 5236 hoc
3166 5187 3275 5249 est,
3314 5181 3525 5238 verita-

1883 5255 1999 5305 tem
2034 5252 2091 5305 et
2121 5248 2536 5304 sinceritatem.

1919 5320 2187 5445 .(tlglta
2210 5320 2470 5391 quinque
2497 5336 2639 5375 mss.
2672 5322 2821 5378 Edit.
2854 5328 3072 5391 autem,
3104 5331 3155 5380 et
3182 5322 3397 5380 diverso
3434 5340 3528 5379 ra-

1919 5407 2038 5445 iona
2076 5391 2237 5445 illum
2268 5391 2444 5445 lapsu.

1887 5391 2237 5448 tionabilium
2268 5391 2444 5461 lapsu.

1959 5464 2072 5536 (12)
2096 5463 2260 5536 Rom.
2293 5462 2433 5536 edit.
2466 5462 2633 5536 detrec
2674 5466 2929 5518 veniatur
2958 5467 3015 5519 in
3045 5467 3225 5536 Segor.
3251 5466 3339 5523 lta
3353 5466 3529 5521 etiam

1886 5532 2061 5609 Vulg.
2129 5534 2229 5590 ubi
2513 5532 2714 5610 legunt
2745 5542 2831 5598 ἕως
2860 5540 3015 5610 “Otii:
3044 5532 3333 5610 glgvzdyopa.
3417 5537 3529 5596 Sed

1888 5623 1924 5671 ιι
1954 5603 2099 5667 m'ss.
2132 5610 2188 5681 et
2216 5609 2335 5669 ant.
2368 5605 2506 5667 edit.
2541 5603 2804 5665 recedere
2833 5619 2949 5662 non
2979 5603 3088 5665 luit
3112 5603 3313 5667 animi.
