3878 6208
394 303 511 364 495

1853 307 1919 364 S.
1966 304 2337 365 AMBROSI]

3650 310 3748 370 496

396 436 666 509 ﬂagitiosi
698 442 881 494 erant.
916 436 1181 511 Plerique
1229 442 1369 493 sunt
1419 453 1533 509 quo
1585 436 1917 509 nequiores,
1972 452 2038 492 eo
2067 441 2120 506 Α
2152 438 2257 502 uti,
2289 436 2518 494 etiamsi
2553 438 2623 493 ad
2656 440 2889 510 tempus
2920 452 3066 494 usus
3087 452 3289 494 eorum
3311 453 3426 494 non
3472 444 3743 512 suppetat:

394 527 681 597 tectiores,
715 528 813 600 qui
862 528 1167 583 hominum
1210 526 1646 600 subterfugiunt
1670 526 2030 596 indaginem,

392 615 491 671 ubi
522 633 615 673 res
647 617 772 672 sine
804 617 1018 673 arbitro
1048 621 1352 689 geruntur,
1386 620 1487 672 aut
1514 615 1660 672 falso
1699 613 2033 670 testimonio

381 704 584 775 justus
639 706 1107 762 circumvenitur.
1145 706 1340 762 Manet
1403 709 1599 761 tamen
1652 708 1789 761 ante
1848 704 2032 759 Deum

379 794 605 862 justus,
637 795 864 851 etiamsi
898 796 1318 851 condemnetur
1347 794 1501 852 328
1547 795 1618 849 ab
1661 792 2032 859 hominibus;

386 882 526 954 quia
572 883 727 940 Deus
774 901 888 940 non
934 885 1293 956 judiciorum
1343 883 1551 948 exitus,
1604 898 1708 939 nec
1756 898 1890 937 cum
1945 881 2036 936 in-

384 973 559 1029 textis
596 973 867 1046 nequitiae
922 975 1273 1030 commentis
1330 973 1584 1045 negotia,
1639 973 1739 1029 sed
1797 972 2033 1027 Inudam

388 1058 610 1133 spectat
640 1063 1010 1134 negotiorum
1061 1067 1351 1118 naturam.
1408 1063 1469 1117 In
1520 1062 1783 1117 examine
1841 1064 2034 1116 autem

388 1149 699 1207 hominum
729 1151 887 1207 falsae
913 1151 1205 1224 opinionis
1234 1168 1393 1207 error
1421 1151 1765 1223 plerumque
1804 1149 2039 1206 obducit

388 1239 506 1294 vim
528 1241 807 1296 veritatis.
839 1241 1113 1297 Manebat
1140 1242 1293 1313 apud
1328 1241 1510 1295 Deum
1534 1241 1805 1295 Susanna
1826 1238 2039 1311 pudica

390 1328 577 1395 valde,
639 1330 812 1386 etiam
873 1347 1007 1385 cum
1055 1330 1433 1386 damnaretur
1507 1327 1817 1395 adulterii;
1900 1328 2040 1399 quia

390 1418 542 1474 Deus
564 1434 677 1473 non
708 1418 1130 1474 assertionibus
1160 1417 1440 1473 falsorum
1481 1417 1720 1472 testium
1754 1416 1889 1471 facti
1914 1432 2039 1471 exa-

389 1508 648 1561 minabat
679 1507 889 1574 ﬁdem;
928 1507 1027 1562 sed
1068 1507 1287 1561 intimm
1346 1507 1764 1561 conscientiam
1828 1504 2039 1559 mentis

385 1595 802 1668 interrogabat.

1026 1701 1256 1757 CAPUT
1281 1702 1399 1755 VII.

388 1795 467 1847 Er
513 1793 692 1847 verbis
739 1793 967 1847 Domini
1022 1791 1089 1846 ad
1156 1792 1426 1846 Abraham
1500 1788 1842 1861 philosophos
1942 1788 2040 1844 hoc

454 1880 616 1918 suum
645 1863 859 1931 dogma,
895 1862 1102 1917 Omnia
1131 1879 1259 1917 esse
1291 1862 1591 1934 sapientis,
1642 1862 1914 1926 hausisse,
1947 1866 2034 1913 at-

453 1951 556 2017 que
585 1936 743 2017 inibi
789 1949 910 2017 qua.v
933 1936 1196 2005 possessio
1241 1932 1471 1988 Abrahae
1514 1932 1789 2014 divinitus
1819 1934 1891 1987 sit
1915 1948 2038 2002 pro-

454 2008 624 2062 missa
651 2010 676 2059 .9
706 2008 953 2077 Quinque
990 2022 1165 2078 reges,
1214 2021 1408 2078 nempe
1453 2008 1694 2078 corporis
1733 2019 1966 2078 sensus,_
2002 2020 2036 2057 (ι

454 2083 713 2149 quatuor,
768 2074 872 2132 hoc
907 2086 1008 2149 est,
1050 2074 1449 2147 'corporalibus
1515 2074 1804 2149 illecebris
1842 2074 2033 2149 devin—

455 2145 657 2203 cuntur
683 2145 705 2202 :i
732 2152 788 2203 at
820 2145 1179 2203 Sodomorum
1192 2148 1495 2218 equitatum
1526 2146 1667 2201 idem
1711 2145 2036 2217 patriarcha

456 2223 519 2275 in
550 2220 752 2275 Christi
794 2222 1016 2274 nomine
1060 2235 1317 2290 pugnans
1354 2222 1591 2286 revocat,
1646 2219 1785 2272 vitia
1829 2217 2035 2272 scilicet

459 2292 702 2361 refrenat
750 2307 815 2345 ac
843 2306 1074 2346 errores.

458 2397 548 2453 37.
574 2396 849 2467 Sequitur
878 2394 1042 2451 locus
1072 2411 1184 2466 quo
1216 2393 1512 2450 evidenter
1541 2394 1820 2448 docemur
1850 2408 2033 2463 quan-

386 2493 513 2542 tum
546 2501 712 2541 mens
743 2484 1058 2554 snpertluis
1090 2483 1372 2556 portionis
1404 2480 2036 2538 irrationabilisexhan-

388 2575 495 2631 stis
534 2573 647 2645 (13)
680 2573 962 2645 proﬁciat,
997 2576 1049 2625 ct
1082 2579 1369 2644 quantum
1402 2571 1541 2626 vitia
1570 2570 1729 2625 vitiis
1759 2570 2037 2640 adjuncta

386 2662 524 2719 mali
558 2664 819 2718 afferant.
857 2662 982 2717 Non
1013 2661 1171 2716 enim
1204 2662 1388 2716 otiose
1432 2660 1733 2731 Scriptura
1786 2659 1979 2731 posuit
2019 2676 2031 2713 :

386 2756 450 2808 Et
498 2752 651 2808 dixit
699 2752 837 2806 Deus
880 2749 953 2805 ad
996 2749 1292 2817 Abraham,
1339 2756 1627 2821 postquam
1674 2749 1894 2803 recessit
1938 2751 2037 2802 Lot

385 2842 452 2896 ab
485 2841 582 2896 illo
614 2858 631 2893 :
662 2841 880 2910 Respice
908 2838 1080 2893 oculis
1133 2841 1241 2892 tuis
1270 2841 1322 2892 et
1377 2838 1503 2892 vide
1558 2855 1593 2892 α
1642 2837 1755 2892 loco
1816 2838 1875 2890 in
1934 2852 2036 2907 quo

384 2946 533 2986 nunc
562 2937 619 2984 tu
648 2944 725 2996 es,
753 2927 821 2982 ad
851 2928 1118 2997 Africam,
1151 2934 1201 2981 et
1243 2927 1576 2999 aquilonem,
1632 2930 1685 2981 et
1738 2926 2034 2992 Orientem,

387 3023 435 3074 et
465 3033 639 3085 mare,
697 3018 827 3088 quia
873 3032 1087 3071 omnem
1132 3018 1342 3070 terram
1395 3022 1659 3086 quantum
1705 3014 1875 3081 vides,
1933 3013 2038 3069 tibi

386 3108 523 3164 dabo
549 3123 693 3173 eam,
720 3114 771 3161 et
796 3107 996 3161 semini
1026 3109 1115 3160 tuo
1147 3107 1207 3159 in
1255 3108 1519 3161 reternum
1577 3104 1730 3177 (Gen.
1781 3120 1905 3173 xm,
1964 3102 2032 3159 14

386 3207 435 3253 et
470 3197 580 3269 45).
642 3195 788 3251 Ηὶηο
839 3198 1121 3267 tanquam
1182 3210 1215 3248 a
1266 3194 1420 3250 fonte
1469 3193 1794 3250 hauserunt
1855 3191 2030 3248 Stoici
2064 3184 2107 3251 C
2150 3193 2298 3248 sioni
2334 3193 2526 3248 carnis
2558 3193 2999 3262 obnoxius;sed
3022 3193 3235 3264 liberie,
3255 3194 3315 3250 id
3339 3200 3449 3264 est,
3467 3199 3616 3251 Sara;
3638 3192 3781 3248 illius

388 3284 720 3359 philosophi
756 3284 1049 3356 dogmatis
1095 3283 1185 3339 sui
1238 3283 1627 3339 sententiam:
1681 3282 1879 3337 omnia
1935 3298 2035 3337 sa-

388 3374 598 3448 pientis
647 3389 774 3429 esse
804 3373 1066 3445 (Diogen.
1097 3373 1259 3427 Laer.
1286 3371 1385 3428 lib.
1405 3389 1504 3439 vn,
1529 3371 1587 3426 in
1616 3373 1739 3428 Vita
1759 3370 2033 3441 Zenonis).

393 3464 598 3519 Oriens
630 3463 786 3518 enim
825 3467 883 3517 et
929 3462 1229 3528 Occidens,
1256 3461 1603 3539 'Septentrio
1650 3465 1709 3516 et
1765 3460 2035 3515 Meridies

393 3551 688 3624 portiones
741 3554 881 3605 sunt
901 3550 1331 3606 universitatis:
1362 3550 1452 3604 his
1483 3549 1639 3604 enim
1672 3552 1830 3604 totus
1860 3565 2037 3603 mun-

393 3642 506 3696 dus
536 3638 876 3694 includitur.
913 3638 1041 3693 Haec
1090 3653 1223 3692 cum
1274 3637 1543 3709 promisit
1573 3638 1731 3692 Deus
1761 3638 2036 3692 daturum

395 3744 456 3784 se
486 3727 756 3793 Abrahae,
816 3728 954 3799 quid
1007 3726 1165 3780 aliud
1215 3728 1492 3791 declarat,
1546 3725 1661 3780 nisi
1692 3725 1940 3797 sapienti
1983 3729 2039 3781 et

396 3817 550 3873 ﬁdeli
580 3820 789 3889 praesto
830 3815 1046 3883 omnia,
1094 3815 1295 3870 deesse
1339 3815 1533 3869 nihil?
1580 3814 1740 3869 Unde
1771 3819 1827 3870 et
1877 3814 2037 3870 Salo-

394 3923 533 3962 mon
562 3906 620 3961 in
654 3904 979 3960 Proverbiis
1028 3904 1150 3959 ait:
1197 3905 1327 3975 Ejus
1372 3906 1468 3974 qui
1518 3903 1697 3973 ﬁdelis
1752 3906 1841 3971 sit,
1897 3891 2039 3960 totus

391 3995 628 4051 mundus
680 3995 1002 4050 divitiarum
1059 3994 1241 4065 (Prov.
1293 4009 1432 4060 xxn,
1474 3995 1551 4065 6).
1606 3994 1831 4058 Quanto
1880 3992 2042 4066 prior

392 4085 665 4141 Salomon
697 4100 875 4157 quam
903 4085 1094 4140 Zenon
1128 4084 1455 4139 Stoicorum
1507 4082 1804 4156 magister,
1867 4087 2039 4154 atque

392 4180 596 4231 auctor
643 4178 811 4230 sectae
878 4173 1103 4246 ipsius!
1167 4173 1393 4237 Quanto
1470 4172 1629 4244 prior
1685 4188 1862 4242 quam
1913 4172 2038 4243 ipse

392 4269 556 4335 pater
582 4263 962 4335 philosophiae
994 4262 1175 4329 Plato,
1224 4261 1311 4316 vel
1359 4261 1487 4332 ejus
1536 4261 1799 4316 inventor
1850 4260 2037 4315 nomi-

392 4354 481 4406 nis
514 4353 903 4425 Pythagoras!
937 4352 1070 4422 quis
1105 4357 1301 4406 autem
1336 4349 1542 4416 ﬁdelis,
1592 4348 1702 4404 nisi
1758 4349 2040 4420 sapiens?

385 4440 610 4495 Stultus
642 4441 797 4495 enim
825 4440 976 4496 sicut
999 4440 1141 4495 luna
1192 4440 1575 4493 immittatur:
1627 4437 1863 4509 sapiens
1931 4455 2033 4493 au-

390 4536 505 4584 tem
540 4528 858 4584 immobilis
888 4529 1001 4582 ﬁde
1036 4531 1354 4599 perm-anet.

460 4619 549 4673 38.
597 4617 707 4672 Sed
757 4618 900 4672 forte
943 4616 1141 4671 dicas:
1194 4616 1493 4681 Quomodo
1538 4615 1818 4687 sapientis
1871 4619 2057 4685 totus_

392 4706 651 4763 mundus
676 4710 765 4761 est
798 4706 825 4759 ‘?
855 4704 1138 4771 Quoniam
1170 4705 1299 4775 ipsa
1320 4708 1527 4759 natura
1555 4705 1655 4758 dat
1676 4703 1760 4758 illi
1814 4709 2031 4761 sortem

389 4793 676 4860 omnium,
750 4792 978 4847 etiamsi
1022 4792 1144 4863 ipse
1195 4791 1341 4846 nihil
1402 4792 1716 4863 possideat.
1791 4793 2032 4849 Domina

388 4888 477 4939 est
505 4883 662 4939 enim
693 4886 750 4938 et
779 4898 1083 4954 possessor
1111 4880 1373 4937 omnium
1407 4881 1713 4952 sapientia,
1748 4899 1875 4953 quae
1924 4899 2031 4938 sua

389 4979 558 5046 putat
590 4976 809 5028 natura:
842 4987 1113 5037 munera;
1141 4969 1419 5042 quoniam
1442 4970 1500 5024 in
1524 4987 1697 5024 usum
1722 4970 2028 5026 hominum

384 5065 518 5119 data
548 5066 705 5130 sunt,
735 5078 841 5117 nec
896 5060 1031 5115 ullis
1053 5059 1293 5132 indiget,
1327 5060 1501 5114 etiam
1536 5058 1583 5113 si
1630 5060 1823 5115 desint
1853 5060 1899 5114 ei
1956 5061 2027 5115 ad

383 5153 598 5206 victum
623 5151 970 5207 necessaria.
1006 5150 1270 5221 Namque
1294 5153 1356 5203 ut
1382 5148 1643 5204 musicus
1667 5164 1906 5220 organa,
1930 5154 2031 5205 aut

385 5240 645 5296 medicus
675 5240 1121 5307 medicamenta,
1163 5242 1264 5293 aut
1297 5236 1603 5292 nauclerus
1651 5255 1775 5309 quae
1807 5238 1878 5293 ad
1934 5255 2028 5293 na-

385 5329 470 5381 vis
504 5330 957 5384 instrumentum
992 5327 1320 5383 necessaria
1350 5325 1757 5392 sunt,etiamsi
1794 5328 2029 5398 quando

388 5431 498 5467 non
570 5415 819 5484 habeat;
870 5416 1046 5471 habet
1075 5418 1270 5470 tamen
1317 5430 1382 5470 eo
1412 5415 1537 5485 ipso
1583 5430 1698 5486 quo
1717 5415 1905 5486 possit
1936 5414 2028 5471 bis

457 5553 567 5625 (E3)
598 5555 690 5612 Sic
716 5574 865 5629 mss.
900 5557 1331 5629 Corb_.,ALong.,
1374 5556 1535 5629 Colb.
1586 5561 1643 5613 et
1680 5557 1823 5621 Maz.
1856 5558 2025 5629 ,Edit.

387 5638 520 5681 vero
552 5641 684 5685 cum
714 5628 885 5686 Torn.
921 5632 979 5686 et
1013 5626 1197 5701 Vale.,
1253 5626 1558 5701 wsuperﬂuit
1606 5628 1944 5702 portionibus
1976 5634 2031 5689 et

2145 531 2364 597 quanto
2383 527 2568 599 magis
2587 527 2820 601 sapiens
2833 543 3008 583 suum
3019 527 3249 599 judieat
3262 527 3540 600 quidquid
3558 524 3747 586 natura

2145 619 2251 686 est,
2286 617 2387 688 qui
2418 616 2557 672 vivit
2586 618 2911 673 secundum
2936 620 3207 673 naturam
3242 617 3254 671 Ξ
3280 617 3405 673 Non
3427 617 3574 672 enim
3603 618 3747 675 amit-

2145 705 2216 760 tit
2234 706 2335 776 jus
2367 722 2542 761 suum
2574 707 2672 778 qui
2709 706 2978 763 meminit
3008 723 3070 763 se
3100 707 3170 762 ad
3201 706 3513 779 imaginem
3542 707 3632 762 Dei
3652 707 3748 764 fac-

2144 797 2357 860 tum,et
2379 795 2451 850 ad
2484 794 2751 851 homines
2782 812 2814 850 a
2846 794 3093 851 Domino
3109 794 3226 851 Deo
3255 795 3504 851 dictum:
3533 795 3747 863 Crescite,

2143 891 2192 938 et
2218 884 2691 955 multiplicamini,
2720 888 2772 939 et
2802 885 3004 956 replete
3041 889 3270 950 terram,
3318 888 3371 941 et
3402 883 3753 941 dominamini

2146 973 2203 1025 in
2234 988 2374 1040 eam,
2427 980 2478 1028 et
2527 974 2791 1044 imperate
2829 974 3072 1046 piscibus
3125 975 3319 1041 maris,
3379 975 3430 1028 et
3478 970 3752 1029 volatilibus

2150 1062 2266 1089 ιη..ιέ
2324 1066 2369 1089 ..ὅ
2404 1062 2647 1089 Αωκίι..-
2678 1063 2830 1089 ἐιη
2862 1063 3144 1089 μηΑΑ-ἐι..-
3187 1067 3236 1089 -.ι
3280 1061 3522 1089 ,ιη-..ἐιιυη
3563 1077 3722 1089 -..ι-Α..

2145 1062 2282 1127 creti,
2318 1066 2369 1116 et
2399 1062 2647 1117 omnibus
2676 1063 2830 1119 329
2856 1063 3144 1135 pecoribus
3182 1067 3236 1119 et
3276 1061 3522 1118 omnibus
3558 1077 3751 1134 serpen-
3858 1061 3859 1119 ἶ

2148 1151 2291 1205 libus
2320 1152 2415 1222 qui
2441 1166 2603 1222 super
2637 1154 2844 1207 terram
2890 1150 3043 1223 (Gen.
3089 1168 3126 1219 ι,
3173 1150 3288 1222 28).
3341 1149 3407 1205 Et
3456 1150 3604 1206 novit
3640 1146 3753 1223 quia
3858 1188 3859 1223 ι

2147 1240 2433 1311 sapientia
2455 1240 2716 1295 omnium
2753 1244 2938 1296 mater
2967 1244 3076 1308 est,
3109 1243 3167 1295 et
3207 1240 3335 1311 ipsa
3382 1240 3575 1296 orbem
3603 1243 3750 1296 terra-
3858 1234 3859 1289 ἲ

2149 1345 2278 1383 rum
2315 1328 2594 1401 possidet.
2630 1328 2891 1401 Denique
2940 1328 3215 1385 Salomon
3274 1329 3376 1401 qui
3435 1328 3750 1401 sapientiam

2150 1419 2413 1489 poposcit
2468 1424 2524 1473 et
2584 1418 2806 1490 accepit
2849 1434 2883 1472 a
2924 1418 3171 1475 Domino
3219 1417 3334 1473 Deo
3375 1420 3611 1474 nostro:
3661 1419 3756 1489 Ipse
3858 1426 3859 1457 ι

2148 1506 2308 1571 mihi,
2338 1506 2548 1580 inquit,
2578 1507 2724 1561 dedit
2747 1523 2935 1561 eorum
2965 1521 3089 1579 quae
3115 1510 3243 1562 sunt
3266 1508 3555 1563 scientiam
3582 1521 3755 1566 verum;
3858 1556 3859 1580 ᾗ

2150 1600 2209 1649 ut
2247 1597 2418 1650 sciam
2463 1596 2874 1665 dispositionem
2921 1596 3067 1651 orbis
3103 1600 3399 1663 terrarum,
3447 1605 3497 1651 et
3536 1597 3755 1652 virtutem

2150 1685 2558 1751 elementorum,
2592 1686 2816 1740 initium
2858 1688 2907 1739 et
2937 1686 3456 1741 consummationem
3495 1689 3545 1740 et
3583 1684 3757 1739 medie-

2150 1777 2309 1828 tatem
2341 1775 2583 1828 omnium
2624 1790 2826 1837 rerum,
2851 1778 2905 1828 et
2930 1775 3228 1830 divisiones
3250 1776 3622 1847 temporum,et
3643 1774 3757 1828 anni

2142 1878 2356 1927 cursus,
2387 1870 2437 1917 et
2466 1863 2751 1917 stellarum
2780 1861 3183 1933 dispositiones,
3213 1871 3449 1919 naturas
3466 1862 3757 1918 animalium
3858 1861 3859 1919 l

2142 1956 2193 2005 et.
2224 1953 2336 2006 iras
2368 1954 2680 2016 bestiarum,
2710 1953 2821 2006 vim
2851 1956 3161 2019 ventorum,
3181 1956 3233 2007 et
3251 1954 3598 2024 cogitationes
3618 1951 3761 2006 homi-
3858 2006 3859 2011 η

2144 2053 2298 2101 num,
2333 2037 2672 2107 diﬁcrentias
2702 2039 3014 2105 herbarum,
3049 2047 3099 2094 et
3149 2041 3374 2095 virtutes
3424 2039 3679 2106 radicum,
3721 2040 3759 2092 et

2144 2141 2484 2197 quai'cunque
2520 2135 2651 2182 sunt
2692 2128 3005 2183 abscondita
3047 2136 3100 2183 et
3146 2130 3447 2200 improvisa
3487 2128 3595 2200 (lli)
3636 2127 3758 2200 (δίιμ-
3858 2152 3859 2189 1

2144 2232 2241 2279 vn,
2278 2217 2362 2281 17,
2393 2217 2527 2285 21.).
2562 2215 2672 2272 Sed
2704 2216 2825 2271 haec
2856 2216 3002 2271 nulli
3031 2217 3145 2272 nisi
3169 2218 3423 2289 perfecto
3454 2219 3759 2289 suppetunt.
3858 2200 3859 2277 l

2215 2302 2303 2356 39.
2360 2303 2621 2375 Denique
2670 2304 2961 2361 Abraham
3038 2306 3305 2377 quandiu
3354 2305 3678 2361 adhaerebat
3722 2302 3761 2357 ei

2215 2302 2303 2356 39.
2360 2303 2621 2375 Denique
2670 2304 2961 2361 Abraham
3038 2288 3305 2377 quandiu
3354 2288 3678 2361 adhaerebat
3722 2302 3761 2357 ei

2146 2393 2272 2458 Lot,
2306 2392 2413 2448 hoc
2434 2400 2521 2449 est
2551 2393 2792 2449 deﬂexio
2845 2411 3098 2460 morum,
3154 2400 3368 2451 sortem
3422 2395 3625 2450 borum
3670 2406 3762 2446 non

2146 2486 2458 2525 nanennrnt.
2521 2483 2620 2525 IThi
2652 2482 2990 2525 rlnflmzinnin
3020 2483 3296 2525 nmhionn
3328 2486 3581 2525 nundst
3615 2486 3765 2525 ninna

2145 2486 2460 2553 acceperat.
2521 2483 2621 2537 Ubi
2652 2482 2990 2539 deﬁexionis
3019 2483 3296 2556 ambiguo
3328 2486 3584 2556 quodam
3615 2486 3765 2553 atque

2144 2571 2406 2624 anfractu
2442 2572 2766 2637 absolutus,
2800 2576 2986 2627 rectas
3015 2571 3298 2627 virtutum
3331 2572 3574 2628 semitas
3614 2569 3766 2625 conti-
3856 2568 3859 2657 (

2145 2658 2279 2713 nuis
2311 2661 2519 2713 animae
2544 2677 2661 2713 suae
2677 2660 2979 2731 gressibus
3006 2661 3178 2733 coepit
3201 2676 3458 2734 carpere,
3482 2661 3541 2716 in
3560 2671 3767 2715 omnem

2146 2752 2357 2803 terram
2394 2763 2694 2818 possessor
2723 2749 2992 2814 mittitur,
3024 2753 3197 2822 atque
3226 2750 3445 2805 dicitur
3473 2751 3524 2806 ei
3554 2766 3567 2803 :
3598 2748 3764 2817 Surge,

2143 2840 2197 2891 et
2224 2836 2545 2908 perambula
2593 2844 2796 2892 terram
2857 2839 2912 2892 in
2959 2838 3363 2911 longitudinem
3396 2847 3450 2896 et
3498 2841 3559 2894 in
3596 2838 3766 2893 latitu-

2145 2925 2347 2992 dinem,
2380 2927 2511 2997 quia
2541 2926 2643 2981 tibi
2670 2926 2807 2981 dabo
2832 2942 2972 2995 eam,
2996 2932 3050 2983 et
3067 2930 3271 2985 semini
3297 2937 3390 2984 tuo
3435 2929 3496 2984 in
3523 2931 3774 2985 aeternum

2147 3013 2298 3085 (Gen.
2322 3031 2445 3081 xm,
2474 3015 2582 3085 17).
2609 3015 2757 3087 Ergo
2779 3016 2879 3086 qui
2904 3016 3257 3088 sapientiam
3280 3016 3577 3083 meruerit,
3597 3019 3653 3072 et
3671 3013 3860 3088 nocti;

2146 3103 2320 3159 fuerit
2338 3102 2562 3159 ancillas
2594 3102 2771 3169 ﬁlius,
2804 3121 2919 3160 non
2943 3106 3160 3177 peccati
3182 3122 3407 3176 servus,
3432 3122 3549 3162 non
3565 3118 3784 3161 succoso

3786 3068 3855 3091 ’δ’

3848 3186 3860 3359 Ι

2148 3298 2262 3337 non
2292 3280 2620 3350 servientis,
2640 3283 2738 3337 sed
2764 3282 3173 3355 principantis,
3199 3284 3360 3341 bonae
3382 3284 3607 3357 stirpis,
3635 3284 3774 3338 bona

2148 3369 2384 3438 indolis,
2419 3371 2682 3442 perfecta:
2705 3369 2874 3426 titulo
2905 3371 3138 3427 virtutis
3168 3371 3571 3430 hmreditatem
3595 3370 3769 3444 acqui-

2147 3465 2232 3514 ret
2265 3459 2679 3515 universitatis.
2712 3459 2936 3515 Dicitur
2964 3476 3099 3533 ergo
3125 3461 3371 3518 Abrahte
3402 3480 3415 3519 :
3450 3463 3640 3532 Surge.
3670 3459 3770 3515 Non

2146 3546 2506 3621 corporalem
2539 3548 3026 3604 assurreetionem
3056 3550 3370 3622 signiﬁcat,
3405 3553 3511 3608 sed
3566 3548 3771 3624 spirita-

2145 3636 2283 3704 lem,
2317 3636 2425 3692 hoc
2454 3641 2563 3704 est,
2599 3637 2770 3709 Surge
2799 3639 2896 3709 qui
2925 3637 3131 3694 domis
3161 3639 3375 3712 (Ephes.
3403 3659 3461 3708 v,
3496 3640 3774 3711 M),surge
3858 3636 3859 3712 ᾗ

2148 3743 2182 3781 a
2208 3725 2475 3796 terrenis,
2509 3742 2684 3799 surge
2710 3743 2743 3781 a
2772 3726 3194 3800 corporalibus,
3229 3728 3503 3802 relinque
3552 3734 3770 3789 terrena,

2148 3814 2358 3870 coelum
2390 3815 2616 3888 aspice:
2652 3820 2706 3872 et
2738 3832 2942 3887 exurge
2983 3835 3015 3872 [ι
3064 3819 3319 3884 mortuis,
3382 3818 3501 3875 hoc
3548 3821 3634 3875 est
3670 3815 3774 3887 opi-

2148 3904 2419 3960 nionibus
2458 3904 2645 3971 vanis,
2696 3908 2752 3959 et
2801 3904 3299 3978 disputationibus
3369 3907 3770 3964 Chaldaeorum.

2147 3993 2375 4049 Intuere
2407 3993 2716 4061 mundum,
2751 3994 2977 4050 intuere
3026 3995 3201 4051 etiam
3253 3994 3425 4052 illum
3468 3995 3567 4069 qui
3613 3994 3775 4068 potest

2148 4086 2353 4137 totum.
2412 4082 2629 4138 donare
2679 4084 2990 4140 mundum.
3055 4086 3116 4140 In
3174 4087 3633 4157 possessionem,
3700 4081 3776 4136 in-
3858 4128 3859 4159 ξ

2148 4170 2295 4242 quit,
2313 4171 2417 4226 tibi
2443 4172 2592 4227 dabo
2615 4172 2923 4242 mundum,
2949 4189 3121 4245 quem
3153 4179 3333 4231 Deum
3346 4180 3489 4232 ante
3504 4172 3776 4232 credebas.

2218 4262 2303 4315 40.
2338 4261 2670 4317 Perambula
2702 4270 2907 4318 terram
2934 4265 2992 4318 in
3034 4264 3437 4332 longitudinem
3467 4266 3590 4334 eius
3631 4269 3681 4319 et
3710 4260 3778 4314 la-
3858 4258 3859 4311 ξ

2148 4350 2456 4406 titudinem.
2498 4350 2883 4423 Utiqueintra
2948 4356 3312 4409 momentum
3355 4358 3583 4410 terram
3630 4352 3776 4408 istam
3858 4344 3859 4353 “

2147 4439 2451 4495 Persarum
2488 4440 2865 4496 interclusam
2898 4441 3184 4513 imperiis,
3221 4443 3294 4498 ab
3331 4443 3517 4499 Indiae
3574 4452 3778 4516 quoque

2068 4552 2112 4616 Β
2144 4527 2441 4585 littoribus
2504 4529 2575 4584 ad
2645 4528 2925 4598 Herculis,
2975 4534 3041 4586 ut
3089 4531 3275 4603 aiunt,
3300 4531 3637 4598 columnas,
3700 4523 3777 4581 νεὶ

2144 4617 2452 4673 Britanniae
2501 4622 2761 4675 extrema
2801 4618 3073 4686 conﬁnia,
3103 4636 3218 4676 non
3253 4622 3448 4693 potuit
3488 4618 3779 4694 perambu-

2139 4707 2276 4762 lare.
2311 4708 2379 4763 Et
2411 4708 2599 4779 potuit
2628 4708 2795 4779 quasi
2831 4708 3138 4765 indevotns
3167 4709 3370 4780 videri,
3444 4712 3551 4782 qui
3583 4700 3778 4765 caelesti

2139 4795 2372 4851 oraculo
2416 4813 2531 4851 non
2584 4797 2901 4864 obedisset,
2952 4797 2999 4853 si
3052 4798 3337 4855 obeundze
3383 4798 3572 4871 huius
3635 4802 3780 4853 terra:

2140 4885 2482 4940 mandatum
2533 4885 2883 4957 accepisset:
2927 4887 3029 4943 sed
3080 4903 3213 4943 cum
3257 4888 3335 4943 sit
3381 4888 3518 4959 ejus
3570 4881 3779 4942 devotio

2139 4974 2380 5046 probata
2413 4991 2427 5041 ;
2471 4973 2610 5045 quia
2638 4975 2710 5030 ad
2762 4991 3045 5047 quercum
3078 4978 3494 5033 tantummodo
3538 4973 3779 5033 Mamer

2137 5061 2519 5117 transtulerat
2567 5063 3013 5119 tabernaculum
3063 5064 3218 5136 (Gen.
3262 5083 3426 5134 XVIII,
3455 5066 3534 5137 4),
3597 5062 3777 5132 utique

2137 5154 2375 5220 terram,
2397 5150 2506 5205 hoc
2536 5155 2643 5221 est,
2667 5151 2941 5209 virtutem
2972 5170 3321 5227 posssumus
3353 5154 3673 5228 perfectam
3703 5149 3778 5205 in-

2139 5238 2420 5312 telligere,
2453 5256 2580 5311 qua:
2622 5241 2810 5298 bonos
2867 5243 3095 5299 fructus
3151 5245 3335 5312 daret,
3394 5248 3459 5300 et
3512 5239 3778 5300 fecundas

2134 5328 2514 5400 inventiones,
2547 5330 3088 5403 cogitationumque
3110 5333 3422 5406 primitias,
3445 5331 3778 5389 meritorum

2140 5416 2513 5487 vindemiam,
2548 5418 2861 5490 frumento,
2892 5420 3026 5477 vino
3055 5426 3113 5478 et
3152 5421 3277 5479 oleo
3324 5421 3583 5494 repleret
3640 5420 3775 5473 inte-

2136 5560 2616 5618 irrationabilibus
2645 5562 2949 5621 exhaustis.

2208 5630 2254 5708 (i
2268 5632 2325 5705 4)
2353 5632 2520 5692 Rom.
2555 5632 2719 5706 edit.,
2752 5634 3071 5695 abscondita
3100 5643 3152 5696 et
3170 5636 3490 5716 perspicua.
