3878 6208
137 371 238 433 497

1369 372 1471 437 DE
1514 372 1894 439 A‘BRAHAM
1940 373 2088 440 LIB.
2135 373 2214 441 II.

3374 382 3493 447 498

136 504 319 565 riorem
348 501 605 575 domum,
637 507 852 564 terram
884 506 1328 565 resurrectionis
1376 524 1552 582 quam
1600 526 1734 583 pro-
1767 522 1819 591 Α
1848 508 1990 568 dum
2049 511 2162 570 sibi
2226 509 2551 582 adhiberet.
2606 513 2822 590 quibus
2884 512 3062 574 armis
3128 511 3488 586 instruxerit,

135 594 274 652 misit
298 594 555 667 patribus
586 596 802 653 nostris
830 595 1108 654 ﬂuentem
1138 597 1229 654 lac
1260 602 1315 655 et
1363 598 1478 655 mel
1536 599 1728 671 (Exod.

133 702 199 752 In,
262 684 365 754 17),
416 683 761 742 suavitatem
813 687 962 757 vitae,
1009 686 1403 757 jucunditatis
1455 688 1729 759 gratiam,

132 771 460 845 splendorem
493 771 708 845 gloriae,
740 775 911 845 cujus
940 775 1123 832 haeres
1153 775 1380 843 primus
1411 776 1598 832 iactus
1646 780 1736 833 est

129 860 518 933 primogenitus
544 878 577 917 a
607 863 854 919 mortuis
886 863 987 919 Dei
1019 863 1201 921 Filius
1231 864 1404 921 Jesus
1433 863 1729 929 Christus,

128 949 185 1005 Et
209 949 324 1005 ideo
365 966 480 1006 non
543 952 839 1008 seminibus
897 951 1061 1019 dixit,
1121 953 1223 1009 sed
1271 955 1473 1009 semini
1526 954 1730 1023 (Galat.

128 1051 199 1105 ω,
224 1037 326 1109 l6),
354 1042 416 1093 ut
442 1037 762 1096 declararet
781 1039 971 1111 illum,
1004 1041 1104 1113 qui
1151 1041 1301 1097 hanc
1331 1041 1729 1099 haereditatem

128 1124 352 1185 humano
381 1127 577 1199 generi
605 1128 835 1200 primus
864 1130 1211 1201 acquireret.

183 1224 258 1278 11.
297 1223 677 1295 Cognovimus
706 1226 868 1282 bona:
900 1228 1113 1284 mentis
1144 1229 1489 1300 protectum,
1539 1247 1665 1301 quae
1697 1248 1731 1286 a

126 1312 239 1369 vitio
272 1312 497 1368 lubricae
523 1313 862 1373 deﬂexionis
891 1331 1212 1388 exsurgens
1247 1318 1515 1389 quaesivit
1576 1320 1730 1375 380

126 1400 296 1457 statim
326 1400 626 1473 praemium
658 1403 956 1475 sapientiae
988 1404 1121 1475 (14),
1183 1405 1583 1462 hazreditatem
1636 1407 1729 1477 ju-

125 1489 287 1545 stitia.
317 1489 607 1554 Quantum
636 1496 834 1547 autem
879 1497 1125 1549 noceant
1152 1493 1371 1550 levitati
1431 1495 1568 1551 vitia
1627 1497 1727 1550 ad-

119 1578 308 1649 juncta,
339 1578 503 1635 docet
546 1580 921 1652 sequentium
979 1583 1159 1638 series
1215 1581 1551 1640 lectionum.
1583 1584 1728 1640 Nam

122 1665 193 1722 illi
217 1670 452 1739 quatuor
476 1683 648 1741 reges
703 1669 804 1741 qui
834 1670 905 1726 de
957 1671 1217 1744 quinque
1249 1672 1487 1745 regibus
1517 1674 1727 1729 trium-

120 1755 426 1827 phaverunt,
457 1762 515 1813 et
544 1757 915 1814 adduxerunt
960 1758 1285 1831 equitatum
1341 1762 1727 1818 Sodomorum

124 1848 303 1960 totpm,
332 1848 612 1918 ceperunt
638 1847 818 1951 etiam
851 1848 957 1903 Lot
978 1847 1174 1960 ltilium
1204 1850 1403 1906 fratris
1457 1852 1725 1921 Abrahae,
1758 1896 1803 1960 Β

120 1934 564 1990 etdisoesserunt
604 1936 761 2005 (Gen.
801 1954 918 2005 xxv,
969 1937 1148 2009 1-12).
1211 1940 1479 2011 Quinque
1539 1957 1723 2013 reges,

121 2021 343 2095 quinque
369 2040 585 2081 sensus
612 2025 873 2098 corporis
899 2026 1082 2082 nostri
1140 2032 1299 2095 sunt,
1340 2028 1522 2096 visus,
1582 2029 1725 2085 odo-

119 2116 274 2181 ratus,
292 2117 516 2185 gustus,
552 2117 764 2182 tactus,
798 2114 1035 2170 auditus
1063 2132 1074 2169 :
1106 2120 1360 2187 quatuor
1388 2133 1572 2190 reges,
1601 2117 1723 2173 ille-

122 2200 272 2256 cebrae
298 2201 627 2274 corporales
660 2207 836 2275 atque
867 2204 1179 2260 mundanae
1225 2211 1385 2272 sunt,
1446 2206 1723 2278 quoniam

120 2293 296 2346 etearo
324 2291 603 2360 hominis,
636 2296 694 2347 et
725 2293 984 2349 mundus
1016 2298 1270 2365 quatuor
1326 2298 1554 2351 constat
1608 2294 1723 2351 ele-

121 2379 316 2435 mentis.
348 2380 557 2437 Merito
585 2396 750 2454 reges
796 2382 1090 2450 dicuntur,
1124 2383 1264 2455 quia
1316 2384 1491 2440 habet
1547 2402 1722 2441 suum

119 2465 257 2539 culpa
283 2468 672 2537 dominatum,
728 2469 903 2526 habet
962 2487 1208 2544 regnum
1264 2474 1502 2545 grande.
1564 2474 1724 2531 Unde

116 2554 386 2625 Apostolus
415 2557 542 2613 ait:
572 2558 691 2615 Non
718 2564 905 2630 regnet
932 2564 1210 2631 peccatum
1253 2563 1314 2616 in
1343 2569 1517 2618 vestro
1576 2578 1723 2619 mor-

115 2643 195 2697 tali
211 2660 418 2716 corpore
445 2648 631 2719 (Rom.
664 2664 740 2714 v1,
774 2648 886 2719 l2).
919 2649 1142 2705 Sensus
1182 2650 1362 2723 igitur
1392 2652 1573 2707 nostri
1635 2653 1724 2708 fa-

113 2729 196 2787 cile
226 2734 627 2806 corporalibus
681 2734 1168 2792 delectationibus
1227 2743 1282 2793 et
1343 2739 1723 2796 saecularibus

111 2821 308 2890 cedunt,
337 2827 391 2879 et
419 2825 687 2896 quadam
701 2840 903 2880 eorum
921 2829 1210 2899 potestate
1224 2828 1557 2900 capiuntur,
1585 2829 1721 2885 Cor-

17 2952 23 2984 ,
107 2909 303 2979 porales
331 2913 490 2968 enim
528 2912 1018 2970 delectationeset
1046 2913 1349 2971 illecebras
1378 2916 1559 2988 hujus
1617 2934 1721 2974 sae-

17 2997 203 3083 annuli
222 3017 328 3056 non
368 3001 580 3057 vincit.
614 2999 728 3057 nisi
761 3019 930 3058 mens
991 3020 1116 3076 quae
1184 3004 1359 3060 fuerit
1414 3005 1719 3083 spiritalis,

17 3066 376 3151 :wadbzerens
399 3090 546 3157 Deo,
579 3093 720 3146 etse
782 3094 966 3147 totam
1006 3109 1041 3148 a
1104 3093 1353 3149 terrenis
1419 3078 1717 3167 separans.

21 3200 65 3252 ςι
108 3174 323 3234 Deﬂexio
385 3177 589 3234 omnis
632 3178 726 3233 his
800 3179 1047 3252 capitur.
1091 3180 1253 3236 Unde
1315 3181 1531 3239 Joanes
1591 3183 1718 3239 ait:

112 3266 182 3323 Vae
206 3268 579 3324 habitantibus
608 3269 669 3323 in
697 3272 845 3324 terra
870 3269 1050 3341 (Apoc.
1083 3285 1206 3337 νιιι,
1240 3270 1326 3341 13)
1361 3271 1373 3325 l
1427 3272 1552 3328 Non
1603 3274 1714 3328 uti-
1748 3265 1791 3331 C

107 3369 199 3425 que
222 3372 413 3414 omnes
443 3357 724 3414 homines
768 3359 1227 3430 comprehendit,
1287 3360 1385 3432 qui
1419 3366 1559 3417 tunc
1588 3362 1716 3418 vitae

106 3441 255 3514 hujus
278 3461 521 3503 cursum
552 3446 900 3503 conﬁcerent
928 3448 1091 3519 (sunt
1118 3448 1275 3503 enim
1341 3453 1400 3503 et
1430 3448 1488 3504 in
1544 3450 1716 3506 terris

108 3532 249 3602 positi
276 3551 534 3606 quorum
567 3536 928 3592 conversatio
957 3536 1018 3591 in
1055 3536 1218 3593 caelis
1282 3542 1415 3605 est),
1450 3539 1552 3594 sed
1618 3555 1718 3595 eos

106 3634 228 3690 quos
285 3628 529 3681 terrente
594 3625 1050 3681 conversationis
1116 3625 1379 3693 aﬂ‘ectus,
1433 3643 1500 3682 ac
1539 3627 1718 3699 hujus

110 3711 273 3767 saeculi
298 3713 502 3771 vicerit
555 3712 765 3786 gratia.
799 3714 947 3786 Ergo
1004 3731 1121 3770 non
1171 3713 1555 3782 habitatores,
1615 3717 1717 3772 sed

106 3798 280 3855 accolae
308 3818 523 3858 sumus
550 3806 720 3858 terrae
748 3802 947 3874 hujus.
976 3802 1186 3859 Accola
1213 3803 1370 3859 enim
1426 3808 1716 3876 tempora-

106 3882 167 3940 lis
190 3886 472 3947 diversorii
510 3905 677 3962 spem
715 3890 900 3963 gerit;
972 3891 1268 3948 habitator
1334 3896 1530 3949 autem
1602 3910 1720 3949 om-

107 3987 216 4030 nem
240 3981 401 4051 atque
430 3995 613 4035 usum
644 3995 762 4034 suae
791 3978 911 4034 illic
957 3980 1298 4035 substantiae
1346 3980 1535 4037 locare
1563 3981 1717 4037 vide-

108 4063 203 4129 tur,
230 4066 320 4122 ubi
351 4067 743 4125 habitandum
774 4067 1085 4139 putaverit.
1121 4073 1323 4141 Itaque
1355 4069 1453 4142 qui
1485 4073 1573 4127 est
1601 4074 1719 4126 ter-

107 4165 168 4206 ris
192 4156 394 4226 accola,
426 4156 731 4213 habitator
759 4157 885 4212 coeli
917 4160 1005 4213 est
1038 4175 1050 4213 :
1101 4158 1201 4229 qui
1235 4163 1435 4215 autem
1494 4160 1719 4216 habita-

106 4243 182 4294 tor
208 4246 381 4311 terrae,
404 4260 721 4318 possessor
751 4249 840 4302 est
870 4246 1097 4301 mortis.

165 4339 242 4394 42.
305 4342 625 4399 Numeravit
683 4343 882 4398 Abram
946 4348 1206 4400 trecentos
1245 4343 1426 4400 decem
1496 4349 1549 4401 et
1611 4350 1719 4402 octo

109 4432 393 4486 vernaculos
422 4447 572 4498 suos,
603 4435 656 4486 et
691 4434 956 4503 percussit
1020 4449 1107 4488 eos
1139 4431 1269 4504 (l5),
1302 4435 1352 4487 et
1411 4440 1723 4505 persecutus

107 4522 349 4590 estusque
376 4520 580 4589 Choba,
615 4533 743 4592 quae
762 4525 840 4576 est
880 4518 950 4574 ad
978 4520 1226 4575 demtram
1276 4523 1527 4578 Damasci
1568 4522 1718 4595 (Gen.
1770 4512 1773 4517 ⁴

105 4618 202 4673 xw,
234 4609 294 4662 i4
322 4613 378 4664 et
408 4610 522 4680 15).
556 4609 622 4663 Et
651 4624 931 4664 numerus
959 4608 1156 4664 vitalis
1176 4613 1284 4665 est.
1318 4615 1383 4665 In
1405 4611 1533 4683 ipso
1565 4613 1722 4668 enim
1753 4627 1800 4691 D

107 4691 222 4762 vita,
250 4695 298 4752 si
318 4698 631 4754 credamus
688 4697 745 4752 in
777 4697 1050 4771 passione
1104 4697 1164 4753 in
1198 4699 1434 4755 nomine
1491 4701 1723 4757 Domini

105 4779 242 4839 Jesu.
273 4786 417 4842 Nam
449 4786 575 4842 haec
603 4789 692 4843 est
717 4786 974 4842 nominis
1030 4786 1428 4860 interpretatio
1496 4789 1674 4861 hujus
1708 4808 1721 4857 ;

106 4873 237 4941 quod
263 4874 521 4932 diximus
552 4874 747 4931 Choba
775 4874 898 4949 (lib.
925 4894 943 4931 ι
995 4876 1063 4931 de
1090 4876 1383 4945 Abraham,
1418 4895 1466 4933 c.
1529 4882 1603 4947 2),
1665 4879 1721 4934 id

104 4964 180 5013 est
203 4962 335 5018 vita.
372 4965 507 5036 Ipsa
544 4964 614 5019 ad
647 4964 942 5021 dexteram
974 4960 1242 5022 Damasci
1299 4966 1543 5037 pulchre
1599 4985 1726 5023 esse

105 5045 314 5106 dicitur.
335 5052 492 5124 Agni
509 5052 666 5108 enim
693 5053 767 5108 ad
787 5053 1106 5120 dexteram,
1133 5053 1265 5108 hzeli
1297 5055 1369 5110 ad
1402 5054 1723 5111 sinistram.

104 5134 210 5192 Scit
234 5142 546 5201 exercitata
576 5157 744 5197 mens
766 5158 915 5213 quos
945 5142 1017 5199 ad
1038 5141 1301 5213 praelium
1321 5159 1729 5201 consumman-

165 5272 294 5350 (14'_)
317 5273 420 5350 _Sic
452 5290 595 5331 mss.
628 5288 855 5350 omnes.
898 5277 973 5331 At
995 5276 1162 5350 _edit.,
1223 5276 1386 5332 nulla
1440 5282 1678 5350 excepta
1711 5296 1724 5334 :

104 5342 349 5419 Quaesivit
377 5349 850 5419 statumprimum
875 5348 1184 5419 sapientiae.

164 5415 270 5492 (15)
296 5414 430 5492 Haec
482 5414 675 5484 verba,
708 5427 760 5473 et
801 5414 1089 5492 percussit
1137 5434 1245 5485 eos,
1313 5423 1365 5475 et
1414 5424 1732 5492 persecutus

105 5486 190 5557 est,
216 5502 340 5557 qua:
372 5488 434 5542 in
464 5504 607 5544 mss.
636 5505 703 5544 ac
726 5486 936 5557 priscis
1002 5490 1147 5547 edit.
1182 5486 1431 5554 desunt;
1476 5493 1733 5547 restituit

103 5554 452 5632 edit.'Rom.,
484 5576 601 5616 non
631 5554 802 5615 male.
837 5559 1036 5632 Neque
1064 5561 1221 5616 enim
1252 5562 1481 5617 abunde
1514 5563 1728 5618 factum

110 5630 396 5696 putamus,
430 5636 494 5687 ut
530 5630 961 5699 omitterentur,
994 5632 1109 5688 nisi
1139 5632 1278 5704 quia
1306 5632 1556 5759 scriptor
1582 5650 1733 5690 eom-

110 5698 301 5759 Dendio
334 5699 419 5756 uti
449 5702 649 5759 volens
680 5703 1000 5759 indicasset
1031 5708 1239 5759 caetera
1267 5720 1418 5759 sunn
1444 5704 1594 5759 enda
1638 5722 1733 5759 us—

104 5698 301 5765 pendio
334 5699 419 5756 uti
449 5702 649 5760 volens
680 5703 1000 5761 indicasset
1031 5698 1239 5761 caetera
1267 5698 1594 5776 supplenda
1638 5722 1733 5762 us—

1842 601 2061 673 quibus
2091 602 2265 659 ducat
2288 604 2532 661 vexillis.
2567 606 2692 662 Non
2736 604 3068 678 aquilarum
3092 604 3491 679 prmfertima-

1843 689 2011 763 gines
2042 690 2176 763 (16),
2211 709 2316 748 nec
2348 694 2632 750 dracones
2667 713 2679 750 :
2715 696 2815 752 sed
2849 695 2908 751 in
2940 712 3110 752 cruce
3168 694 3402 761 Christi,
3433 698 3493 751 et

1841 779 1901 834 in
1924 780 2063 836 Jesu
2097 781 2331 838 nomine
2362 783 2731 855 progreditur
2761 785 2832 840 ad
2866 784 3154 857 praelium,
3178 784 3287 841 hoc
3312 784 3481 856 signo

1840 867 2027 936 fortis,
2067 868 2177 925 hoc
2202 870 2407 926 vexillo
2440 871 2655 928 ﬁdelis.
2699 873 2900 929 Merito
2932 890 3072 946 ergo
3106 889 3273 930 mens
3329 889 3488 930 exer-

1840 956 2036 1024 citata,
2070 973 2194 1029 qua:
2226 959 2441 1031 recepit
2467 977 2663 1017 veram
2734 962 3086 1034 sapientiam
3144 962 3293 1033 justi
3356 961 3485 1019 viri.

1837 1045 2077 1102 Justitia
2105 1050 2300 1103 autem
2327 1048 2508 1105 solers
2539 1051 2921 1122 correptionis
2953 1055 3136 1116 est,ac
3183 1051 3479 1124 arguendo

1840 1137 2067 1193 revooat
2088 1140 2439 1206 peccatores,
2475 1140 2529 1192 et
2561 1137 2800 1211 stringit
2828 1140 3172 1211 passionum
3204 1140 3482 1211 impetus.

1909 1224 2672 1298 43.1doodicitScriptura,
2730 1226 2870 1299 quia
2923 1231 3195 1284 revocavit
3251 1244 3473 1287 omnem

1838 1314 2137 1383 equitatum
2179 1313 2553 1381 Sodomorum,
2587 1315 2696 1371 hoc
2761 1321 2870 1384 est,
2928 1318 3189 1374 habenas
3260 1316 3468 1385 tenuit,

1837 1401 2001 1457 frena
2032 1402 2275 1458 rationis
2304 1403 2608 1474 imposuit,
2639 1405 2926 1461 revocavit
2964 1406 3219 1477 culpam,
3277 1405 3479 1463 stravit

1839 1505 2113 1545 errorem.
2149 1491 2349 1562 Equus
2371 1491 2528 1547 enim
2558 1496 2712 1547 stare
2742 1494 2951 1561 nescit,
2982 1493 3149 1549 velox
3178 1494 3250 1549 ad
3296 1494 3479 1566 impe-

1836 1580 1985 1645 tum,
2017 1577 2295 1634 cervicem
2327 1578 2587 1635 exultans
2637 1597 2825 1648 suam,
2856 1581 3131 1638 hinniens
3181 1582 3251 1637 ad
3285 1580 3479 1639 libidi-

1838 1682 1992 1722 nem.
2027 1667 2174 1733 Quid
2207 1672 2325 1723 tam
2358 1667 2549 1724 simile
2570 1669 2787 1741 peccati
2819 1669 2846 1723 ’ἶ
2875 1671 3072 1726 Fervet
3101 1670 3257 1726 enim
3294 1671 3481 1742 primo

1837 1754 2011 1827 culpa
2039 1755 2265 1828 impetu
2306 1762 2362 1813 et
2392 1774 2624 1813 omnem
2660 1758 2798 1815 recti
2828 1759 3239 1831 cogitationem
3269 1775 3480 1832 praeve-

1839 1846 1943 1911 nit,
1975 1848 2254 1916 motuque
2319 1845 2635 1902 immaturo
2665 1846 2872 1912 exsilit,
2922 1852 2987 1903 ut
3050 1864 3178 1904 eam
3246 1847 3482 1905 difﬁcile

1835 1933 1979 1989 ratio
2018 1948 2287 1988 revocare
2318 1934 2527 2006 possit.
2572 1935 2773 1990 Fertur
2804 1936 2860 1989 in
2894 1953 3168 2007 praeceps,
3201 1940 3257 1992 et
3285 1953 3482 1993 ascen-

1835 2037 2027 2077 sorem
2058 2038 2232 2076 suum
2256 2022 2489 2093 projicit
2516 2023 2576 2077 in
2636 2040 2796 2079 mare
2826 2024 2983 2080 istud
3016 2023 3191 2095 hujus
3260 2025 3477 2093 saeculi,

1833 2109 2052 2165 cervice
2083 2110 2310 2165 tumida
2338 2127 2615 2167 recusans
2635 2112 2848 2184 jugum
2881 2112 3279 2184 correptionis.
3324 2116 3471 2173 am

1836 2198 1934 2254 Est
1963 2197 2236 2271 specialis
2257 2200 2522 2270 quaedam
2554 2201 2740 2256 forma
2798 2199 3082 2269 libidinis,
3113 2218 3244 2273 quae
3280 2220 3477 2260 vocem

1836 2291 2025 2342 mutet
2055 2287 2332 2353 hominis,
2364 2289 2541 2344 verba
2571 2288 2826 2345 amantis
2858 2294 3183 2361 corumpat,
3235 2279 3478 2364 suisque

1835 2391 1896 2431 se
1928 2376 2136 2447 prodat
2167 2378 2279 2447 (17)
2312 2377 2705 2434 sermonibus.
2738 2378 2998 2450 Denique
3028 2379 3099 2435 ad
3123 2380 3159 2457 ³Ι
3169 2380 3345 2436 udam
3377 2398 3479 2453 per

1832 2464 2145 2520 Jeremiam
2178 2463 2324 2520 dicit
2381 2465 2667 2521 Dominus
2733 2467 2934 2523 Deus:
3004 2469 3160 2523 Nunc
3204 2469 3478 2529 videbitur

1833 2553 2143 2621 ignominia
2167 2561 2279 2621 tua,
2313 2563 2367 2609 et
2391 2554 2728 2610 adulterium
2765 2559 2939 2622 tuum,
2973 2563 3024 2611 et
3081 2558 3355 2624 hinnitus,
3425 2562 3475 2613 et

1831 2642 2098 2698 alienatio
2174 2644 2563 2713 [ornicationis
2621 2650 2734 2700 tua:
2791 2660 2959 2715 supra
3021 2646 3184 2701 colles
3251 2645 3469 2716 (Jerem.

1831 2747 1954 2796 xm,
1986 2733 2077 2799 26,
2107 2733 2219 2799 27).
2256 2731 2419 2787 Hunc
2479 2732 2680 2802 justus
2748 2732 3036 2788 revocavit
3098 2733 3423 2805 equitatum
3459 2753 3470 2789 ε

1832 2836 2024 2875 mores
2064 2835 2295 2891 quoque
2337 2818 2685 2875 declinantis
2725 2821 3029 2889 convertit,
3072 2827 3130 2877 et
3167 2822 3238 2877 ad
3280 2838 3343 2878 se
3385 2838 3477 2878 vo-

1831 2907 2025 2974 cavit,
2068 2913 2133 2963 ut
2170 2909 2492 2965 imitatores
2544 2910 2635 2964 sui
2714 2910 2919 2965 tierent
2952 2951 2965 2975 ,
3043 2911 3145 2981 qui
3216 2910 3468 2969 deﬂexe-

1831 3001 1962 3053 rant
1994 3016 2006 3052 :
2043 2997 2182 3069 quia
2219 3015 2431 3054 sensus
2471 2999 2654 3055 nostri
2696 2999 2768 3054 ad
2827 2998 3200 3071 disciplinam
3263 3000 3476 3057 mentis

1831 3091 2156 3143 recurrunt.

1902 3176 1988 3230 44.
2022 3175 2428 3231 Substantiam
2461 3190 2697 3247 quoque
2742 3176 2976 3248 recepit.
3009 3177 3133 3232 Non
3189 3178 3473 3248 patrimo-

1828 3263 1992 3321 nium
2033 3264 2234 3335 utique
2273 3264 2583 3336 signiﬁcat,
2625 3264 2724 3320 sed
2782 3263 3013 3319 vitalem
3070 3264 3279 3323 animae
3333 3254 3471 3321 sub-

1826 3353 2125 3420 stantiam,
2168 3352 2227 3407 in
2270 3369 2386 3424 qua
2424 3352 2501 3408 sit
2558 3353 2850 3424 pretiosus
2907 3369 3137 3419 census,
3184 3370 3297 3410 non
3367 3354 3468 3410 sti-

1826 3441 1983 3514 pula,
2018 3458 2134 3496 non
2155 3442 2349 3497 fenum
2386 3459 2399 3507 ;
2433 3441 2491 3496 in
2524 3459 2638 3513 qua
2668 3441 2858 3497 ﬁdelis
2889 3441 2966 3497 sit
3001 3440 3241 3514 alloquii
3271 3441 3468 3516 splen-

1826 3532 1950 3600 dor,
1984 3529 2042 3585 in
2077 3547 2193 3602 qua
2222 3535 2432 3586 1108th
2464 3547 2675 3586 census
2703 3529 2988 3587 subsistat
3017 3532 3160 3603 spei.
3193 3532 3324 3588 Haec
3381 3536 3473 3589 est

1826 3620 1983 3676 enim
2005 3636 2139 3675 vera
2164 3624 2365 3674 nostra
2396 3618 2727 3675 substantia
2760 3636 2773 3674 :
2846 3637 2972 3692 quae
3022 3625 3111 3677 est
3168 3621 3469 3694 sapientiae

1827 3708 1986 3765 dives
2017 3708 2220 3781 copiis,
2255 3708 2374 3764 haec
2406 3708 2759 3767 immortalis
2789 3709 3122 3765 substantia
3154 3727 3166 3764 :
3212 3710 3471 3783 corporis

1829 3802 2046 3865 autem,
2079 3797 2164 3853 vel
2197 3797 2583 3853 accidentium
2616 3797 2863 3855 diurnus
2891 3798 3079 3871 magis
3115 3816 3294 3871 quam
3344 3801 3472 3855 diu-

1828 3889 2040 3942 turnus
2072 3903 2236 3941 usus.
2271 3886 2433 3942 Unde
2464 3887 2705 3957 quidam
2728 3891 2880 3943 recte
2913 3904 3027 3943 non
3060 3892 3269 3959 putant
3298 3888 3474 3960 patri-

1828 3974 2010 4031 monii
2041 3974 2155 4030 dici
2186 3975 2599 4030 substantiam.
2634 3977 2758 4031 Non
2821 3977 2977 4032 enim
3028 3976 3466 4032 subsisistimus

1828 4064 1887 4118 in
1917 4080 2004 4129 eo,
2039 4078 2172 4117 cum
2204 4066 2261 4117 et
2290 4062 2406 4117 illis
2439 4064 2655 4134 quibus
2687 4064 2837 4119 desit
2868 4063 3135 4135 pecunia,
3185 4064 3314 4119 vitae
3377 4068 3469 4120 ta-

1831 4168 1963 4208 men
1996 4168 2108 4207 non
2141 4151 2292 4207 desit
2321 4151 2672 4208 substantia.

2442 4239 2672 4294 CAPUT
2718 4240 2857 4296 VIll.

1830 4314 1998 4368 Discit
2035 4328 2186 4367 mens
2214 4314 2402 4366 nostra
2434 4312 2491 4365 in
2546 4310 2922 4384 Melchisedech
2962 4311 3295 4368 devotionem
3344 4328 3476 4384 erga

1903 4385 2000 4438 Dei
2072 4384 2298 4449 cultum,
2343 4387 2397 4437 in
2474 4398 2600 4450 rege
2674 4382 3028 4438 Sodomorum
3102 4382 3472 4452 tentationem,

1904 4456 2077 4510 etiam
2104 4462 2392 4525 postquam
2422 4455 2563 4509 vicia
2620 4455 2712 4521 sit,
2768 4453 2942 4509 adhuc
2988 4455 3353 4525 metuendam,
3414 4458 3474 4511 in

1904 4526 2212 4582 Abrahamo
2254 4527 2565 4595 contagium
2611 4527 3047 4598 intemperantia:
3093 4527 3479 4582 declinandum

1903 4601 2082 4666 Quare
2113 4598 2241 4652 huic
2267 4613 2469 4653 merces
2500 4601 2715 4653 tantum
2742 4601 2861 4668 post
2890 4600 3176 4655 victoriam
3192 4601 3479 4670 promitta-

1906 4674 2036 4724 tur:
2071 4671 2220 4741 isque
2242 4670 2572 4741 posteritatis
2600 4686 2793 4724 curam
2818 4672 3085 4741 praeferat
3112 4670 3139 4724 ?
3181 4670 3260 4725 Ad
3300 4672 3475 4726 extre-

1905 4757 2057 4795 mum
2085 4739 2271 4813 eodem
2318 4740 2625 4813 Abrahamo
2654 4741 2722 4813 ab
2770 4739 3105 4813 aruspicinae
3141 4741 3480 4813 superstitio-

1905 4813 2068 4865 nibus
2097 4810 2335 4884 de/‘enso,
2365 4812 2631 4881 sacriﬁcii
2658 4812 2725 4867 ab
2756 4814 2871 4883 ipso
2901 4810 3071 4868 oblati
3088 4810 3378 4884 multiplex
3397 4812 3482 4866 in-

1903 4884 2219 4955 terpretatio
2248 4883 2626 4954 subjungitur.

1904 4972 1992 5025 45.
2027 4971 2105 5025 De
2149 4969 2565 5026 Melchisedech
2600 4970 2657 5023 in
2681 4973 2931 5025 tractatu
2968 4969 3170 5025 morali
3191 4970 3363 5041 plene
3392 4971 3482 5028 di-

1834 5058 2030 5139 ximus
2061 5058 2183 5129 (lib.
2212 5075 2231 5112 1
2261 5057 2327 5113 de
2365 5058 2658 5122 Abraham,
2691 5074 2740 5111 c.
2772 5059 2848 5128 3),
2900 5058 2960 5111 in
2992 5074 3106 5128 quo
3162 5062 3218 5113 et
3266 5063 3481 5130 myste-

1836 5147 1989 5202 rium
2021 5161 2394 5217 nequaquam
2428 5145 2784 5216 prmteritum
2808 5161 2874 5200 ac
2886 5144 3345 5217 praetermissum
3372 5151 3479 5202 est.

1838 5280 2284 5358 queadvocem
2316 5277 2512 5331 Choba.
2565 5347 2579 5358 ‘
2664 5347 2674 5358 _
2763 5348 2773 5358 ο
2877 5348 2887 5358 ⁸
3214 5354 3221 5358 _
3385 5346 3394 5358 .

1910 5352 2022 5423 (16)
2052 5350 2216 5423 Apud
2246 5353 2535 5423 Romanos
2565 5347 2810 5423 legionis
2841 5348 3078 5423 signum
3109 5354 3233 5404 erat
3261 5346 3480 5423 aquila,

1910 5364 2022 5423 (to)
2052 5364 2095 5406 Α
2143 5364 2216 5405 ua
2246 5364 2535 5404 uomanos
2566 5364 2810 5475 legionis
2841 5364 3033 5474 signui

1841 5423 2020 5503 draco
2038 5368 2313 5503 cohortis.
2346 5420 2547 5503 Yog‘et.
2580 5418 2618 5473 li
2664 5459 2680 5476 .
2715 5437 2791 5503 xi,
2816 5435 2867 5486 c,
2932 5421 2984 5474 3.
3024 5493 3033 5503 ‘

1910 5494 2183 5564 (17)Mss.
2229 5508 2329 5549 sex
2360 5490 2506 5547 Gall.
2558 5507 2691 5564 cum
2728 5494 2890 5564 iAm.,
2943 5493 3159 5562 suisque
3197 5507 3253 5546 se
3288 5492 3487 5564 probat

1843 5562 2046 5637 (Long.
2076 5566 2285 5636 probet)
2318 5563 2680 5619 sermonibus.
2708 5563 2964 5637 fVerum,
2991 5578 3192 5637 ‘quam
3236 5562 3487 5634 proclive

1844 5634 1921 5691 Sit
1952 5634 2174 5692 ciilaino
2206 5636 2357 5691 inter
2376 5652 2543 5691 voces
2570 5636 2777 5706 prodat
2800 5638 2857 5691 et
2880 5634 3075 5705 probat
3092 5649 3283 5691 errare
3314 5650 3486 5691 nemo

1846 5724 1962 5763 non
1993 5707 2172 5764 videt.
