3878 6208
447 406 564 473 499

1909 410 1973 472 S.
2021 405 2395 473 AMBROSII

3703 420 3788 486 500

447 547 565 604 Hoc
593 545 721 607 loco
751 555 945 608 autem
977 551 1122 610 satis
1142 560 1230 611 est
1298 552 1438 610 illud
1494 553 1812 609 admonere
1870 545 2083 616 solum,
2117 543 2173 612 Α
2202 551 2426 605 mentes
2457 544 2772 607 invitantur
2835 546 3165 624 promissis,
3233 550 3532 626 erigantur
3585 562 3786 629 speratis

449 640 603 712 quod
634 658 801 699 mens
831 641 998 716 plena
1036 644 1357 717 prudentia
1408 642 1770 716 justitiaque
1829 638 2088 696 devotior

450 731 527 786 sit
550 747 684 803 erga
697 732 796 788 Dei
816 733 1059 801 cultum,
1083 739 1140 790 et
1157 735 1416 791 decimas
1442 741 1603 790 terra
1626 729 1926 805 gignentia
1976 728 2088 799 (18)

451 818 512 875 in
542 820 851 888 fructibus,
874 822 1044 892 juxta
1071 822 1335 879 altiorem
1368 823 1739 895 prudentiam
1781 822 1840 876 in
1869 836 1935 876 eo
1974 816 2088 873 sol-

448 911 546 963 vat
576 926 590 976 ;
622 913 686 964 ut
705 911 1116 982 perfectionem
1142 913 1408 969 omnium
1439 928 1723 968 sensuum
1754 915 1927 980 atque
1955 922 2088 978 ope-

452 1013 584 1052 rum
616 1014 857 1055 suorum
887 1000 1001 1056 Deo
1036 1001 1277 1067 deferat,
1312 1000 1456 1056 nihil
1490 999 1600 1057 sibi
1653 1003 1902 1069 arroget,
1964 1012 2090 1066 quas

449 1101 514 1142 se
538 1103 735 1160 regere
767 1105 881 1145 non
915 1095 1125 1161 potest,
1156 1091 1353 1147 divino
1384 1090 1498 1146 nisi
1534 1090 1727 1145 favore
1776 1085 1924 1141 fulta
1978 1083 2080 1139 sit.

453 1172 714 1248 Denique
747 1179 847 1234 ubi
868 1196 931 1233 se
959 1178 1166 1236 vicisse
1196 1184 1382 1252 putat,
1413 1184 1673 1236 tentatur
1703 1181 1877 1248 atque
1912 1174 2094 1229 inces-

452 1262 626 1320 situr.
666 1266 784 1321 Hoc
813 1268 1085 1340 exprimit
1110 1274 1167 1325 et.
1210 1270 1377 1326 docet
1428 1270 1618 1335 lectio,
1674 1266 1814 1338 quia
1863 1276 2093 1333 semper

454 1353 762 1410 adversum
796 1357 1097 1428 passiones
1120 1360 1377 1429 corporis
1401 1375 1565 1414 mens
1588 1362 1787 1413 nostra
1809 1358 2090 1424 tanquam

453 1439 511 1496 in
543 1444 802 1500 excubiis
832 1445 1003 1501 debet
1032 1448 1405 1517 pratendere.
1437 1448 1584 1513 Quid
1614 1447 1771 1502 enim
1803 1448 1893 1499 est
1936 1437 2090 1512 quod

450 1530 579 1586 ait:
612 1534 742 1599 Rex,
779 1533 989 1605 inquit,
1040 1535 1395 1591 Sodomorum
1442 1538 1612 1592 exivit
1658 1537 1873 1592 obviam
1913 1535 2090 1597 Abrae,

454 1628 506 1674 et
533 1620 679 1675 dixit
704 1641 726 1675 .·
752 1623 830 1677 Da
860 1624 996 1678 mihi
1044 1625 1307 1691 homines,
1353 1642 1517 1698 equos
1564 1630 1746 1681 autem
1791 1640 1943 1680 sume
1994 1624 2094 1678 tibi

453 1707 608 1777 (Gen.
641 1726 756 1777 xxv,
792 1712 877 1781 tl)
912 1730 926 1777 ;
960 1712 1071 1768 nisi
1102 1714 1257 1785 quod
1291 1721 1424 1785 post
1454 1715 1559 1771 has
1624 1713 1866 1769 luxuria
1916 1713 2091 1767 victo-

454 1795 575 1852 rias
611 1798 699 1853 vis
720 1800 987 1870 quadam
1020 1801 1281 1857 libidinis
1314 1808 1503 1875 potest
1550 1802 1880 1859 rationabili
1930 1818 2092 1858 men-

451 1884 529 1940 tis
557 1886 893 1959 subrepere,
932 1894 998 1945 ut
1034 1890 1305 1947 infundat
1332 1892 1383 1947 ei
1414 1892 1841 1949 irrationabiles
1872 1891 2091 1964 passio-
2126 1913 2176 1978 Β
2206 1887 2483 1957 bonitate,
2526 1888 2621 1943 cui
2650 1887 3014 1944 devovendas
3057 1887 3286 1943 animas
3335 1904 3478 1943 suas
3532 1889 3799 1944 aestimave-

454 1990 560 2030 nes
587 1974 616 2029 ?

525 2064 618 2119 46.
658 2064 769 2120 Sed
822 2067 1082 2137 perfecta
1150 2069 1363 2125 mentis
1409 2075 1517 2133 est,
1551 2070 1699 2125 nihil
1723 2071 1795 2125 de
1826 2069 2093 2137 terrenis,

453 2150 601 2206 nihil
629 2152 701 2209 de
721 2155 1121 2225 corporalibus
1146 2157 1435 2213 illecebris
1462 2174 1782 2223 assumere,
1804 2158 2098 2214 abstinere

454 2256 490 2295 a
516 2241 783 2297 terrenis.
816 2244 951 2299 Ideo
978 2244 1268 2301 Abraham
1299 2247 1440 2301 dicit
1472 2263 1485 2301 :
1554 2248 1714 2302 Nihil
1765 2264 1985 2303 sumam
2030 2248 2099 2302 ab

454 2328 706 2384 omnibus
733 2334 846 2385 tuis
874 2333 1032 2403 (Ibid.
1080 2335 1192 2400 23).
1223 2335 1399 2400 Quasi
1448 2335 1784 2408 contagium
1843 2335 2098 2391 declinat

456 2417 610 2474 832
642 2417 1122 2491 intemperantia,
1157 2422 1323 2495 quasi
1355 2423 1543 2479 labem
1583 2423 1798 2495 refugit
1826 2441 2101 2496 corpora-

454 2503 604 2562 lium
635 2522 939 2577 sensuum,
1002 2509 1415 2569 delectationes
1464 2514 1669 2569 mundi
1706 2512 1914 2584 rejicit,
1948 2530 2101 2585 qua-

455 2608 591 2650 rens
632 2612 759 2667 qua
790 2614 969 2667 supra
1008 2601 1295 2656 mundum
1319 2606 1477 2669 sunt,
1510 2602 1619 2658 hoc
1649 2608 1759 2668 est,
1792 2602 2101 2658 extendere

452 2698 669 2739 manus
700 2685 772 2740 ad
804 2686 1371 2745 Dominum.Manus
1428 2690 1695 2762 operaria
1760 2690 1948 2746 virtus
2012 2694 2103 2745 est

454 2771 684 2828 anima.
718 2773 877 2829 Hanc
906 2792 1021 2830 non
1052 2777 1124 2832 ad
1156 2782 1397 2833 terrena
1426 2779 1651 2836 arboris
1700 2796 1964 2851 pomum,
1998 2779 2098 2835 sed

455 2859 527 2914 ad
555 2860 869 2917 Dominum
901 2864 1157 2920 extendit
1191 2882 1204 2919 :
1260 2868 1365 2934 Qui
1401 2868 1548 2937 fecit,
1584 2868 1792 2939 inquit,
1835 2869 2031 2924 calum
2051 2876 2104 2924 et

454 2950 664 3003 terram
699 2949 864 3019 (Ibid.
901 2951 1016 3018 22),
1050 2951 1160 3008 hoc
1194 2959 1302 3019 est,
1336 2954 1765 3029 intelligibilem
1796 2961 1853 3013 et
1900 2957 2101 3013 visibi-

405 3050 409 3055 '
461 3033 577 3091 lem
612 3036 1029 3095 substantiam.
1065 3040 1454 3114 Intelligibilis
1511 3045 1668 3107 enim
1694 3045 1838 3097 οὐσίαι
1892 3044 2101 3101 calum

458 3127 593 3181 est:
632 3124 879 3183 visibilis
918 3128 1006 3184 vel
1064 3130 1359 3187 sensibilis
1425 3133 1759 3189 substantia
1811 3139 1966 3190 terra
1994 3138 2103 3190 est.

457 3212 608 3285 Ergo
646 3214 938 3286 signiﬁcat
968 3218 1125 3289 quod
1156 3219 1427 3276 virtutem
1453 3222 1661 3277 anima
1684 3239 1804 3278 sua
1829 3224 1901 3278 ad
1930 3238 2100 3294 supe-

459 3300 612 3358 riora
641 3305 931 3373 extendat,
965 3311 1032 3362 ut
1087 3324 1156 3363 ex
1204 3307 1304 3364 illa
1362 3309 1715 3383 intelligibili
1766 3310 2103 3367 substantia

458 3389 785 3447 theoretica
818 3394 943 3450 vitae
976 3396 1179 3452 induat
1246 3397 1640 3467 altitudinem,
1665 3405 1937 3471 spectans
1989 3416 2103 3455 non

460 3476 562 3533 illa
599 3495 725 3550 qua
752 3480 1044 3551 videntur,
1076 3486 1177 3540 sed
1209 3503 1337 3557 qua
1382 3504 1495 3542 non
1528 3487 1815 3555 videntur,
1848 3489 1956 3545 hoc
1994 3493 2102 3554 est,

468 3583 584 3621 non
614 3571 864 3634 terrena,
901 3588 1015 3626 non
1044 3575 1387 3645 corporalia,
1436 3593 1551 3632 non
1612 3578 1940 3649 prasentia,
2002 3576 2104 3631 sed

462 3653 870 3727 incorporalia,
893 3664 1125 3729 aterna,
1149 3662 1405 3719 caelestia
1444 3682 1457 3721 :
1492 3666 1563 3720 de
1595 3666 1709 3721 ista
1746 3671 1940 3721 autem
1962 3665 2107 3720 visi-

464 3738 568 3797 bili
601 3744 934 3802 substantia
963 3751 1304 3819 operatoria
1336 3756 1512 3824 atque
1545 3753 1731 3810 civilis
1782 3754 2103 3827 disciplina

463 3836 733 3903 capessat
751 3834 1020 3906 gratiam.

532 3921 621 3988 47,
655 3921 963 3979 Subtexuit
985 3924 1078 3982 his
1139 3928 1440 3984 oraculum
1508 3930 1739 3986 Domini
1804 3932 2099 3988 dicentis:

458 4009 585 4064 Noli
598 4011 1039 4083 timere,Abram,
1070 4032 1167 4083 ego
1187 4021 1463 4088 protegam
1480 4023 1762 4083 temwrces
1785 4030 1882 4076 tua
1928 4022 2103 4076 multa

458 4098 1031 4171 critvalde(Gen.xv,
1064 4107 1143 4175 1).
1184 4105 1384 4169 Quare
1427 4124 1532 4163 cur
1562 4114 1694 4180 post
1742 4109 1875 4165 belli
1927 4125 2102 4165 even-

460 4193 582 4241 tum
601 4187 1006 4261 ?Spondenda
1038 4194 1324 4251 mercedis
1355 4194 1518 4252 locus
1540 4214 1695 4252 nunc
1724 4201 1870 4253 erat.
1907 4197 2101 4253 Minus

457 4273 613 4330 enim
646 4277 912 4334 mirabile
938 4280 1171 4348 faceret,
1205 4283 1255 4338 si
1307 4289 1544 4341 secutus
1593 4286 1953 4356 promissum
1998 4285 2099 4340 Dei

456 4368 613 4420 esset
639 4364 867 4422 hostem
897 4368 1163 4426 adorsus.
1224 4371 1487 4428 Victoria
1517 4390 1756 4429 securus
1802 4390 2097 4446 processe-

459 4453 550 4504 rat
578 4451 651 4506 ad
683 4453 1048 4526 triumphum
1079 4459 1269 4531 magis
1313 4460 1608 4526 invitatus,
1666 4479 1845 4532 quam
1905 4480 2098 4534 prom-

460 4541 596 4608 ptus
626 4540 700 4594 ad
728 4541 997 4611 gloriam,
1031 4546 1114 4601 Vel
1144 4547 1215 4601 ad
1251 4548 1648 4605 ulciscendum
1678 4534 1906 4621 pietatis
1938 4550 2095 4606 dolo-

456 4640 580 4680 rem
613 4635 874 4698 paratus.
927 4633 1296 4705 Pr0positum
1330 4636 1436 4707 pia
1497 4638 1712 4694 mentis
1774 4640 2096 4695 mercedem
2133 4642 2177 4707 1)
2207 4636 2486 4709 corporis,
2521 4641 2577 4691 et
2607 4633 2912 4707 angustias
2940 4633 3135 4688 carnis
3161 4633 3510 4703 operientis,
3557 4649 3625 4689 ac
3675 4622 3818 4700 Spiri-

460 4729 575 4769 non
607 4718 843 4787 expetit,
885 4721 984 4775 sed
1017 4737 1119 4791 pro
1188 4724 1452 4780 mercede
1518 4725 1694 4782 habet
1759 4727 1894 4782 boni
1961 4729 2091 4784 facti

457 4803 899 4872 conscientiam,
932 4812 990 4863 et
1048 4810 1199 4880 justi
1229 4811 1421 4882 operis
1485 4815 1775 4870 alfectum.
1818 4821 2097 4890 Angusta

525 4948 639 5020 (18)
668 4948 833 5026 Rom.
868 4948 1030 5026 edi_t.,
1067 4958 1225 5008 terra
1254 4955 1620 5026 gignentium.
1655 4957 1792 5013 Alia
1824 4976 1889 5015 ac
1947 4977 2091 5019 mss.

451 5035 679 5102 omnes,
718 5022 881 5077 terra:
906 5023 1208 5102 gignentia.
1241 5022 1341 5102 Est
1372 5032 1564 5102 autem
1612 5028 1690 5102 ibi
1720 5029 1944 5102 ellipsis
1972 5031 2094 5088 dic-

452 5092 703 5174 tionum,
728 5108 853 5173 igua
882 5102 1033 5174 sunt,
1065 5096 1152 5150 vel
1180 5098 1409 5153 scilicet.
1439 5098 1570 5174 Yox
1608 5092 1838 5174 etiam,f
1861 5104 2091 5174 gignen-

450 5166 550 5245 tia_,
584 5163 1115 5245 passive-sumitur
1170 5184 1272 5245 pro
1320 5170 1554 5245 genitis,
1598 5163 2089 5245 quemadmodum

449 5235 666 5361 vegetos
739 5235 951 5290 dicitur
1024 5254 1057 5292 a
1133 5235 1389 5310 probatis
1464 5235 1798 5297 auctoribus
1876 5245 1933 5299 in
1991 5248 2089 5317 qui

449 5323 515 5361 ve
561 5324 695 5361 iur.

449 5323 695 5362 venitur.

387 5445 404 5456 _
521 5378 633 5447 (t9)
662 5375 896 5456 l‘iullam
926 5376 1040 5456 hoc
1064 5378 1187 5436 loco
1213 5382 1602 5456 ditior-entiam
1638 5400 1777 5441 mss.
1801 5385 1888 5440 vel
1946 5388 2083 5444 edit.

449 5464 564 5517 pra
596 5463 659 5502 se
685 5448 896 5529 ferunt,
931 5448 1232 5529 nisi-quod
1266 5454 1364 5508 ubi
1396 5471 1600 5529 omnes
1630 5456 1781 5529 edit.
1810 5461 1867 5512 et
1915 5458 2090 5529 pleri-

447 5534 561 5599 que
590 5533 737 5599 mss.
779 5518 1205 5599 habentlju—siis
1234 5526 1532 5599 erroribus,
1565 5527 1731 5581 Corb.
1769 5518 1932 5599 legit:
1964 5530 2085 5597 jus-

447 5588 518 5641 tis
612 5587 911 5666 doloribus.
974 5587 1159 5666 Magis
1203 5596 1529 5666 commode,
1582 5612 1717 5651 cum
1766 5587 1857 5653 del
1890 5587 2087 5654 dolore

446 5673 562 5739 quo
591 5659 921 5739 patriarcha
948 5660 1021 5714 ob
1055 5664 1249 5739 fratris
1279 5663 1466 5719 [ilium
1497 5672 1733 5737 captum
1766 5674 1940 5739 atque
1983 5670 2082 5725 ab-

437 5729 670 5801 juctum
702 5727 942 5783 affectus
985 5737 1126 5802 erat,
1157 5732 1251 5789 hic
1316 5727 1585 5805 agatur.‘
1625 5737 1802 5808 Atqui
1847 5727 2087 5798 'videtur

2197 636 2607 695 mercedibus:
2641 640 2794 696 bona
2844 657 3010 697 mens
3059 658 3188 713 qua
3240 642 3370 699 sine
3416 647 3666 717 responsi
3709 667 3787 707 cea-
3850 676 3851 701 ι

2198 726 2361 783 lestis
2391 729 2726 802 syngrapha
2754 729 3042 788 ceriamen
3073 732 3342 803 arripuit,
3375 734 3613 804 gemina
3641 733 3787 797 laudis

2200 817 2454 873 fructum
2480 819 2730 891 acquirit
2753 819 2863 875 sibi
2898 837 2911 874 :
2941 825 3006 877 ut
3042 824 3101 877 et
3130 820 3628 880 confidentissima
3661 828 3789 884 forti-

2201 907 2445 972 tudinis,
2477 914 2532 963 et
2580 908 2933 980 plenissima
2993 909 3316 967 devotionis
3371 913 3614 984 gratiam
3657 915 3786 971 locet.

2201 995 2364 1059 Quod
2396 997 2467 1052 de
2495 1003 2697 1053 sancto
2730 998 3025 1055 Abraham
3053 998 3332 1056 astimari
3365 1003 3660 1059 convenit:
3687 1007 3791 1077 quia
3850 1028 3851 1083 ι

2201 1088 2258 1140 et
2286 1084 2548 1142 divinum
2607 1086 2860 1142 favorem
2894 1104 3007 1144 non
3072 1088 3292 1161 despici
3319 1106 3381 1146 se
3435 1092 3613 1161 justis
3667 1093 3791 1148 duxit

2201 1173 2502 1230 doloribus
2532 1176 2665 1246 (19),
2700 1181 2757 1231 et
2786 1176 3013 1233 hostem
3048 1176 3297 1249 perculit
3353 1178 3625 1250 despectu
3678 1180 3791 1251 peri-
3850 1173 3851 1239 ἶ

2201 1262 2340 1329 culi,
2372 1265 2527 1335 quod
2574 1264 2837 1337 gloriosa
2870 1266 2982 1322 sibi
3026 1283 3127 1337 pro
3159 1266 3381 1323 ultione
3412 1267 3643 1339 pietatis
3686 1270 3789 1324 sub-

2200 1354 2460 1409 eundum
2524 1357 2767 1427 putavit.
2801 1355 2903 1411 Dei
2969 1372 3202 1428 quoque
3265 1355 3325 1411 in
3357 1372 3425 1412 eo
3496 1358 3795 1429 pradicatur

2193 1442 2447 1512 justitia,
2472 1444 2573 1515 qui
2606 1443 3133 1501 remunerationem
3166 1444 3278 1517 piis
3312 1445 3602 1501 mentibus
3630 1462 3726 1500 non
3746 1462 3792 1500 ex

2203 1531 2544 1586 necessitate
2569 1531 2860 1602 promissi,
2895 1534 2993 1587 sed
3027 1549 3095 1588 ex
3122 1533 3417 1605 aquitatis
3445 1550 3563 1589 sua
3588 1540 3796 1589 contem-

2202 1619 2459 1691 platione
2488 1620 2752 1692 largitur,
2803 1620 3080 1692 judicans
3111 1621 3355 1693 dignum
3397 1622 3519 1678 fore
3569 1622 3707 1694 quod
3756 1622 3795 1675 hi

2202 1710 2303 1780 qui
2337 1709 2612 1765 millitant
2643 1711 2770 1766 sine
2791 1710 2989 1782 aliqua
3017 1710 3302 1766 mercedis
3327 1709 3598 1767 humana
3651 1727 3794 1767 rennr

2203 1800 2501 1855 neratione
2565 1800 2886 1871 repositum
2926 1798 3181 1855 habeant
3257 1799 3564 1871 praemium
3603 1799 3657 1854 in
3703 1799 3797 1870 ejus

2208 1977 2344 2032 rint.
2379 1976 2567 2033 Simul
2598 1976 2738 2049 quia
2768 1976 2998 2033 adoreis
3027 1975 3253 2032 bellicis
3280 1992 3350 2032 ex
3384 1992 3500 2033 usu
3532 1977 3706 2050 ipsius
3742 1976 3797 2029 vi-
3850 1975 3851 2050 ξ

2205 2066 2526 2122 ctoria.aut
2554 2065 2859 2121 hominum
2889 2065 3077 2138 gratia
3105 2068 3375 2136 paratum
3405 2065 3797 2138 estpramium:

2205 2154 2440 2227 pietatis
2470 2159 2689 2222 autem,
2723 2160 2780 2211 et
2822 2154 3215 2227 parcimonia,
3267 2154 3567 2225 puritatis,
3626 2160 3802 2209 catera-
3850 2162 3851 2227 γ

2207 2260 2455 2315 rumque
2484 2242 2642 2299 velut
2673 2243 3029 2316 privatarum
3061 2243 3346 2299 virtutum
3371 2262 3407 2299 a
3435 2243 3558 2299 Deo
3587 2242 3800 2300 solvitur.

2206 2332 2342 2397 Qua
2374 2332 2686 2389 manifesta
2712 2336 2852 2388 sunt
2879 2332 3242 2400 hominibus,
3300 2332 3413 2403 ipsi
3474 2346 3804 2389 remuneran-

2207 2425 2327 2477 tur.
2367 2421 2579 2477 Omnia
2607 2424 2807 2476 autem
2838 2420 3170 2486 manifesta,
3212 2420 3314 2476 sed
3346 2419 3465 2475 alia
3525 2419 3806 2478 manifesta,

2209 2508 2325 2565 alia
2353 2509 2594 2578 incerta,
2626 2514 2683 2564 et
2714 2509 2964 2564 maxime
2988 2507 3214 2564 occulta
3243 2509 3456 2564 cordis.
3496 2508 3657 2565 Unde
3683 2504 3808 2563 etille

2210 2599 2292 2653 ait
2322 2615 2335 2652 :
2369 2600 2581 2655 Incerta
2608 2606 2660 2654 et
2683 2599 2894 2654 occulta
2922 2596 3103 2655 cordis
3148 2597 3262 2668 (20)
3291 2598 3663 2667 manifestasti
3706 2594 3808 2649 mihi

2210 2689 2383 2757 (Paul.
2418 2705 2467 2754 L,
2523 2689 2601 2758 8),
2634 2703 2881 2758 quorum
2917 2689 3213 2757 spectator
3259 2690 3317 2740 et
3344 2689 3636 2741 scrutator
3695 2683 3809 2739 Deus

2211 2779 2319 2832 est.
2365 2775 2489 2831 Non
2554 2792 2691 2848 ergo
2756 2790 3033 2847 magnam
3096 2773 3427 2829 mercedem
3488 2772 3815 2846 promisisset

2213 2822 2319 2832 """
2366 2822 2489 2831 "V"
2557 2822 2689 2848 "O"
2758 2822 3033 2847 ’“⁴”ῠ“”’“’“
3097 2822 3427 2829 ""'""'-'
3488 2822 3772 2846 εντ’-’ππ-

2209 2863 2475 2928 Abraha,
2508 2864 2619 2918 nisi
2653 2879 2861 2936 puram
2891 2862 3152 2919 animam
3183 2864 3255 2917 ab
3288 2860 3450 2917 omni
3504 2857 3817 2931 contagione
3814 2822 3852 3007 λ

2211 2952 2555 3007 delictorum
2580 2950 2929 3007 iudicasset.

2211 2952 2555 3009 delictorum
2578 2950 2929 3023 judicasset.

2284 3042 2377 3096 48.
2418 3043 2641 3097 Sancta
2680 3047 2876 3097 tamen
2902 3046 2959 3096 et
3025 3040 3375 3113 prepheticee
3432 3038 3644 3135 mentis
3706 3038 3852 3141 aut:

2215 3134 2403 3201 major
2431 3128 2787 3202 posteritatis
2819 3132 3106 3200 perpetua
3136 3132 3244 3184 est.
3278 3128 3486 3183 Partus
3533 3126 3691 3182 enim
3746 3126 3834 3178 sa:

2218 3218 2445 3292 pientia
2476 3219 2628 3276 388
2660 3223 2717 3273 et
2747 3218 2882 3273 fidei
2916 3217 3314 3273 hareditatem
3346 3215 3661 3272 desiderat.
3718 3204 3852 3268 Ideol

2214 3310 2337 3365 ait:
2375 3307 2515 3376 Quid
2544 3309 2684 3363 mihi
2738 3306 2893 3362 dabis
2923 3310 2949 3359 .9
3010 3309 3130 3373 Ego
3193 3309 3376 3361 autem
3436 3304 3688 3360 dimittor
3732 3302 3822 3355 sine

2213 3398 2347 3467 ﬁliis
2376 3396 2527 3468 (Gen.
2559 3414 2651 3463 xv,
2683 3398 2764 3466 2).
2823 3393 3088 3451 Ecclesia
3145 3393 3409 3450 sobolem
3466 3390 3809 3451 desiderabat,
3850 3430 3851 3468 ᾗ

2213 3503 2340 3542 eam
2373 3486 2771 3541 sucessionem
2802 3484 3033 3556 petebat
3062 3500 3189 3555 qua
3222 3500 3337 3538 non
3394 3487 3558 3540 esset
3614 3475 3812 3539 servilis,
3850 3528 3851 3531 η

2214 3575 2317 3631 sed
2347 3574 2528 3630 libera
2557 3591 2570 3630 :
2608 3591 2722 3629 non
2752 3573 3078 3629 secundum
3109 3588 3365 3636 carnem,
3401 3572 3507 3628 sed
3540 3566 3813 3627 secundum
3850 3586 3851 3636 γ

2214 3663 2485 3735 gratiam.
2526 3663 2776 3734 ldeoque
2806 3659 3147 3733 hujusmodi
3176 3676 3538 3731 responsum
3599 3656 3814 3714 divinum

2214 3751 2535 3818 resultavit,
2584 3768 2699 3823 quo
2743 3751 2985 3807 edoctus
3027 3748 3248 3806 audivit
3301 3750 3462 3821 (2t):
3528 3749 3730 3819 Respice
3776 3743 3817 3794 in

2209 3842 2430 3907 calum,
2460 3845 2514 3895 et
2559 3855 2791 3895 numera
2846 3839 3053 3907 stellas,
3110 3839 3161 3893 si
3203 3844 3351 3909 potes
3413 3849 3721 3893 numerare.
3770 3832 3817 3884 Et

2210 3930 2373 3985 dixit.
2404 3928 2495 3983 Sic
2519 3930 2624 3984 erit
2642 3943 2823 3983 semen
2867 3931 3044 3982 tuum.
3092 3929 3156 3981 Et
3199 3925 3440 3981 credidit
3483 3926 3683 3981 Abram
3724 3920 3817 3978 Deo.

2209 4020 2603 4089 elreputulum
2631 4019 2709 4071 est
2760 4017 2815 4072 ei
2866 4014 2937 4070 ad
2983 4016 3270 4086 justitiam
3296 4012 3460 4080 (Gen.
3524 4030 3616 4068 xv.
3671 4011 3721 4075 3,
3762 4007 3817 4070 6).

2208 4106 2355 4172 Quid
2387 4104 2686 4161 credidit?
2712 4105 2830 4160 Hoc
2858 4107 2967 4172 est,
3006 4118 3121 4157 non
3154 4101 3347 4158 solum
3415 4099 3818 4158 multitudinem

2209 4194 2559 4267 populorum
2597 4193 2655 4248 in
2695 4192 2993 4249 Christum
3060 4190 3455 4257 credentium,
3517 4190 3619 4246 sed
3675 4186 3812 4242 etiam

2208 4283 2455 4338 calestis
2484 4281 2681 4353 gratia
2721 4280 3113 4352 splendorem,
3145 4285 3202 4334 et
3233 4279 3722 4336 resurrectionem
3763 4270 3819 4324 ἢ·

2209 4369 2649 4426 taimmortalis
2681 4369 2864 4425 soboli
2916 4367 3185 4423 Ecclesia
3243 4367 3651 4424 deferendam.
3704 4358 3813 4428 Quid

2205 4469 2294 4517 est
2322 4468 2516 4516 autem
2545 4458 2701 4531 quod
2731 4458 2813 4513 ait
2854 4473 2867 4510 :
2897 4457 3099 4513 Eduxit
3128 4473 3256 4512 eum
3318 4459 3478 4528 foras
3524 4454 3682 4527 (Ibid.
3730 4452 3776 4518 5)
3802 4446 3820 4497 1’

2205 4550 2510 4620 Tanquam
2543 4547 2697 4603 foras
2726 4544 2996 4601 educitur
3025 4543 3325 4617 propheta,
3388 4550 3459 4601 ut
3487 4548 3655 4601 exeat
3707 4541 3819 4594 fores

2207 4733 2302 4782 tus
2332 4724 2518 4780 sancti
2552 4724 2924 4779 inlusionem.
2957 4726 3016 4777 et
3043 4722 3203 4776 velut
3252 4722 3587 4793 quamdam
3628 4720 3819 4775 descen-

2203 4814 2426 4870 sionem
2474 4814 2682 4867 videat.
2727 4812 2965 4883 Oportet
3003 4825 3109 4865 nos
3156 4826 3390 4881 quoque
3442 4810 3607 4866 exire
3643 4824 3707 4864 ex
3752 4801 3819 4859 his

2204 4955 2373 5012 ulcus
2394 4953 2630 5025 aliquod
2664 4951 2725 5008 in
2757 4950 2888 5007 aliis
2921 4951 3179 5025 vocibus
3206 4948 3575 5025 delitescere
3608 4970 3620 5019 ;
3656 4957 3819 5025 neque

2204 5026 2358 5084 enim
2391 5022 2594 5096 aptum
2650 5039 2890 5096 sensum
2921 5022 3058 5096 hinc
3090 5022 3314 5096 elicias,
3346 5022 3395 5077 si
3438 5023 3731 5096 despirice,
3779 5022 3820 5068 in

2200 5093 2519 5169 despexisse,
2553 5101 2657 5169 aut
2699 5095 2951 5150 divin-um
2994 5095 3258 5162 facerent,
3293 5094 3351 5148 in
3411 5093 3611 5151 divino
3650 5099 3821 5164 lavare.

2204 5167 2315 5225 non
2354 5167 2696 5222 mutaveris.

2272 5241 2384 5310 (20)
2410 5240 2754 5313 Constanter
2782 5235 2838 5313 ᾗ)
2874 5235 3077 5290 Bibliis
3095 5234 3334 5313 legitur,
3358 5236 3591 5313 incerta
3621 5244 3821 5313 etnoqﬂ'
3850 5234 3851 5297 1

2199 5304 2287 5368 ltu'
2305 5304 2595 5382 sapientia
2622 5318 2754 5382 tua.
2781 5308 2997 5382 Tamen
3021 5311 3156 5382 ante
3204 5306 3601 5382 (Ambrosium
3625 5376 3637 5382 _
3658 5304 3819 5382 Origéj-
3850 5312 3851 5382 ᾗ

2200 5400 2304 5438 nes
2334 5373 2491 5436 hunc
2524 5379 2714 5434 locum
2740 5377 3000 5434 laudavit
3029 5376 3165 5434 etin
3197 5381 3376 5433 textu.
3430 5376 3671 5435 Videsis
3720 5373 3821 5430 Phi-
3850 5378 3851 5441 1

2196 5452 2412 5510 localia
2442 5468 2569 5520 cap.
2605 5450 2693 5503 18.
2820 5519 2861 5520 η
2907 5517 2916 5520 Α
3347 5518 3379 5520 Α
3692 5518 3699 5520 _
3850 5450 3851 5485 1

2266 5526 2380 5593 (21)
2412 5517 2551 5578 Mss.
2585 5522 2786 5585 'I‘orn.,
2816 5517 2976 5593 Vale.
3009 5523 3070 5575 et
3126 5523 3266 5593 ant._
3292 5518 3473 5593 edit.,_
3496 5535 3629 5593 Aqua
3655 5518 3820 5593 electus

2194 5584 2424 5651 audivit.
2460 5594 2650 5655 Rom.,
2697 5584 2837 5661 quOd
2893 5591 3093 5646 electus
3155 5590 3393 5658 audivit,
3454 5584 3600 5648 Més.
3658 5584 3817 5646 Βοιὼ-ν

2197 5667 2399 5737 Long.,
2431 5664 2592 5721 Colb.
2625 5668 2682 5718 et
2711 5662 2880 5729 Maz.,
2910 5677 3016 5734 quo
3044 5661 3259 5717 edoctus
3288 5668 3399 5716 etc.
