3878 6208
169 324 256 389 501

1376 311 1478 379 ne
1522 309 1904 415 ABBAHAM
1944 312 2094 380 us.
2139 313 2215 382 ιι.

3372 313 3492 382 502

168 454 414 521 diversorii
440 453 617 515 nostri
647 448 959 529 angustiis,
980 450 1263 510 mundare
1293 452 1500 509 anima:
1534 456 1743 508 nostra
1774 453 1830 518 Α
1856 457 2074 515 animal
2102 456 2300 533 generi
2327 472 2456 518 esse
2485 442 2747 518 humano
2788 454 3094 533 reperitur,
3128 454 3498 532 quandoqn}.

167 552 319 608 locum
362 548 425 605 ab
479 545 634 605 omni
690 544 1155 618 inquinamento,
1207 542 1486 615 projicere
1543 541 1744 597 sordes

169 637 543 702 malevolentiae,
588 634 638 692 si
688 634 961 690 volumus
1018 632 1291 706 Spiritum
1341 632 1595 703 recipere
1653 647 1745 686 sa-

163 728 347 802 pientiae
390 725 519 799 quia
547 724 604 780 in
637 722 980 779 malevolam
1015 723 1272 778 animam
1322 738 1437 776 non
1485 719 1749 775 introibit

164 818 415 895 sapientia.
447 813 696 870 Credidit
734 818 930 867 autem
962 810 1277 877 Abraham,
1304 826 1418 864 non
1451 809 1599 874 auri,
1632 825 1747 863 non

162 907 339 979 argenti
387 903 602 959 illectus
631 900 966 958 testimonio
998 918 1010 956 :
1047 900 1145 954 sed
1178 899 1318 971 quia
1366 899 1535 953 corde
1563 897 1746 953 credi—

160 995 223 1051 dit
246 996 304 1049 ad
337 991 614 1063 justitiam
646 992 704 1045 in
738 1006 852 1061 quo
902 989 1213 1061 probatum
1263 993 1351 1043 est
1398 989 1525 1057 ejus
1577 985 1746 1041 meri-

160 1090 275 1149 tum,
304 1082 351 1137 in
381 1099 441 1137 eo
469 1078 833 1153 persolutum
864 1082 955 1134 est
980 1076 1307 1149 praemium.

211 1174 281 1227 49.
310 1170 549 1242 Denique
579 1169 778 1225 statim
812 1167 945 1222 ﬁdei
972 1168 1100 1237 ejus
1131 1164 1532 1220 testimonium
1569 1162 1753 1218 Domi-

158 1278 243 1317 nus
267 1261 404 1315 dedit
432 1259 630 1314 dicens
667 1274 681 1312 :
721 1258 834 1330 Ego
877 1273 999 1310 sum
1028 1256 1290 1310 Dominus
1321 1256 1459 1308 Deus
1504 1256 1629 1307 tuus
1658 1252 1754 1323 qui

158 1351 287 1405 eduxi
318 1360 361 1404 te
386 1349 446 1404 de
469 1357 614 1403 terra
663 1345 1057 1410 Clmldzeorum,
1093 1353 1149 1398 ut
1189 1343 1376 1397 darem
1408 1342 1507 1396 tibi
1540 1350 1748 1395 terram

156 1442 278 1505 hanc,
306 1446 359 1493 ut
400 1438 570 1494 luL’res
615 1452 755 1491 esses
793 1436 909 1505 ejus
950 1433 1102 1505 (Gen.
1133 1450 1228 1498 xv,
1257 1435 1336 1500 7).
1372 1431 1434 1485 Et
1465 1429 1603 1501 quia
1654 1428 1752 1482 (le-

155 1533 382 1600 posuerat
420 1524 711 1581 Abraham
761 1522 1027 1578 studium
1080 1520 1505 1586 Chaldaeorum,
1550 1518 1757 1589 quaerit

156 1634 276 1671 nunc
305 1633 315 1670 :
348 1614 628 1683 Quomodo,
663 1610 877 1683 inquit,
912 1610 1221 1681 intelligam
1267 1610 1399 1681 quia
1444 1609 1612 1663 haeres
1641 1609 1756 1679 ejus

152 1724 244 1760 sum
272 1705 412 1777 (lbul.
443 1704 536 1773 8)?
567 1703 677 1757 hoc
712 1705 818 1757 est.
849 1700 985 1755 Jam
1030 1698 1415 1754 divinationes
1449 1713 1753 1769 magorum

154 1794 422 1867 repudiavi,
452 1794 607 1849 doce.
650 1807 741 1846 me
773 1789 1065 1862 quomodo
1111 1787 1291 1843 sciam
1349 1803 1440 1842 mo
1491 1786 1752 1840 futurum

150 1890 278 1939 terrae
316 1885 434 1955 ejus
483 1881 796 1937 haeredem.
831 1877 936 1941 Qui
986 1876 1195 1948 quaerit
1242 1875 1532 1948 quomodo
1586 1873 1750 1939 sciat,

151 1990 240 2027 non
294 1973 542 2035 dubitat,
604 1968 1013 2024 manifestante
1075 1966 1221 2032 Deo,
1282 1979 1632 2036 cognoscere
1694 1979 1755 2017 se

150 2077 332 2133 posse:
375 2060 471 2116 sed
529 2059 774 2115 formam
822 2054 944 2110 vult
991 2053 1357 2126 acquirendae
1407 2051 1755 2123 cognitionis

149 2151 414 2205 advertere.
448 2150 598 2204 Nam
631 2153 687 2203 et
729 2145 786 2200 in
832 2142 1142 2215 Evangelio
1177 2141 1359 2197 Maria
1389 2158 1524 2196 cum
1558 2140 1757 2196 audis-

149 2244 215 2293 set
240 2240 300 2294 ab
329 2237 530 2309 angelo
579 2236 718 2308 quia
748 2233 907 2306 virgo
941 2232 1202 2305 paritura
1249 2235 1404 2286 esset
1434 2229 1641 2293 ﬁlium,
1676 2246 1758 2284 re-

149 2328 346 2399 spondit
374 2344 385 2381 :
423 2326 697 2395 Quomodo
727 2326 818 2395 ﬁet
850 2322 1011 2389 istud,
1040 2322 1298 2392 quoniam
1332 2321 1510 2374 virum
1542 2335 1646 2372 non
1678 2334 1760 2372 co-

147 2418 281 2483 guovi
325 2416 470 2486 (Luc.
508 2434 552 2480 ι,
599 2412 728 2484 3'4)?
758 2413 829 2467 Et
878 2412 1013 2482 jure
1072 2408 1391 2481 respondit,
1448 2408 1557 2462 hoc
1613 2412 1702 2461 cst
1742 2423 1755 2459 :

150 2505 262 2559 Cum
292 2506 343 2559 id
374 2505 532 2576 quod
575 2506 793 2558 naturae
839 2504 949 2566 est,
982 2516 1097 2553 non
1150 2501 1443 2569 suppetat,
1476 2496 1615 2567 quia
1645 2513 1759 2550 non

150 2592 265 2647 solet
292 2610 481 2665 parere
516 2609 645 2663 qua:
686 2590 805 2645 viro
860 2604 972 2643 non
1023 2586 1197 2642 fuerit
1244 2583 1532 2657 copulata,
1565 2600 1760 2656 quaero

150 2683 399 2751 quomodo
433 2688 643 2754 praeter
674 2678 943 2733 instituta
975 2682 1194 2730 naturae
1223 2672 1441 2745 possim
1475 2673 1632 2745 virgo
1664 2689 1760 2745 ge-

149 2786 316 2825 nerare
340 2776 361 2827 Ρ

198 2861 275 2914 50.
307 2863 459 2916 Dixit
507 2863 697 2913 autem
742 2856 831 2911 illi
882 2854 1144 2910 Dominus
1194 2854 1334 2907 Deus
1366 2871 1383 2905 :
1414 2855 1578 2906 Sume
1627 2851 1767 2905 mihi

149 2949 343 3003 vitulum
370 2951 624 3011 trimum,
658 2954 709 3001 et
751 2960 973 3016 atpram
1013 2943 1254 3008 trimam,
1289 2944 1337 2995 et
1366 2942 1634 2995 orientem
1665 2941 1765 2994 tri-

147 3054 285 3106 mum,
331 3044 377 3094 et
429 3040 726 3101 turturem,
756 3039 805 3088 et
852 3031 1155 3087 columbum
1186 3031 1350 3101 (Cen.
1382 3046 1474 3092 xv,
1507 3028 1584 3099 9).
1622 3028 1765 3082 Prae-

149 3126 344 3182 terirem
375 3123 723 3197 hujusmodi
754 3118 1292 3192 interpretationem
1329 3117 1622 3181 sacriticii,
1657 3117 1768 3172 nisi

147 3214 463 3284 quibusdam
497 3210 849 3284 scrupulum
901 3209 1035 3263 hinc
1085 3206 1243 3262 nasci
1290 3207 1648 3261 adverterem
1700 3222 1765 3260 eo

148 3296 271 3373 quod
299 3302 648 3375 aruspicinae
683 3298 949 3371 quaedam
989 3296 1166 3352 scribi
1197 3295 1461 3349 videatur
1490 3294 1764 3349 solemni-

148 3396 232 3457 tas,
262 3393 408 3464 quod
437 3395 580 3464 post
610 3387 1071 3444 immolationem
1094 3383 1277 3439 divisa
1300 3387 1438 3437 sunt
1466 3381 1764 3449 animalia,

146 3486 189 3534 et
214 3486 396 3536 contra
426 3479 642 3536 faciem
675 3476 1023 3532 alterutrum
1055 3473 1260 3545 posita,
1289 3476 1342 3526 et
1363 3471 1626 3527 consedit
1652 3470 1768 3526 illis

145 3567 421 3625 Abraham.
462 3567 585 3625 Sed
640 3566 691 3621 si
747 3565 863 3619 vim
924 3560 1398 3632 interrogationis
1457 3560 1769 3633 praemissa:

147 3663 190 3710 et
234 3657 425 3713 futura
484 3651 894 3728 responsionis
952 3650 1411 3715 consideremus,
1475 3649 1771 3703 advertere

148 3745 433 3814 poterimus
465 3744 599 3819 spei
641 3746 849 3798 nostris
883 3745 940 3795 et
970 3738 1103 3793 ﬁdei
1135 3739 1289 3793 334
1320 3738 1627 3793 convenire
1661 3738 1768 3793 hu-

142 3834 223 3901 jus
250 3836 505 3891 sacriﬁcii
555 3830 951 3904 disciplinam.
984 3827 1220 3881 Vitulus
1251 3825 1406 3881 enim
1457 3826 1772 3881 aratorium

150 3921 334 3978 animal
364 3930 470 3993 est,
497 3922 768 3979 deditum
801 3923 1029 3973 terreno
1062 3915 1265 3971 labori.
1287 3914 1472 3986 Capra
1502 3915 1570 3969 ad
1605 3932 1780 3986 aqua-

152 4026 257 4065 rum
279 4010 731 4068 similitudinem
759 4024 862 4079 per
882 4005 1191 4077 aenigmata
1216 4003 1599 4074 ﬁguratur,eo
1624 4005 1779 4075 quod

151 4105 213 4165 αἲξ
237 4100 412 4157 Graece
462 4110 604 4172 παρὰ
634 4108 690 4154 τὸ
719 4105 905 4156 αῐσσειν
955 4109 1165 4148 nomen
1226 4093 1530 4162 acceperit,
1584 4094 1655 4148 ab
1715 4110 1780 4148 eo

152 4189 285 4256 quod
309 4193 394 4245 est
424 4190 654 4261 impetu
682 4186 837 4241 ferri.
855 4182 945 4237 Sic
970 4180 1123 4236 enim
1151 4179 1333 4234 currit
1355 4178 1507 4235 sicut
1529 4185 1585 4235 et
1610 4198 1781 4253 aqua.

152 4274 447 4333 Possumus
478 4276 575 4333 vel
615 4276 684 4330 de
718 4271 1025 4329 ﬂuviorum
1058 4285 1221 4333 sono,
1256 4284 1451 4335 cursu,
1485 4268 1571 4324 vel
1606 4269 1787 4327 maris

150 4363 393 4422 violentis
425 4365 723 4423 mstimare
764 4360 1060 4417 ﬂuctibus.
1083 4355 1213 4413 Acri
1256 4362 1450 4412 autem
1482 4374 1787 4431 compara—

154 4458 233 4505 tur
262 4456 429 4521 aries,
462 4454 610 4527 quia
656 4450 931 4509 omnibus
982 4445 1382 4503 animantibus
1433 4446 1635 4503 utilius
1682 4448 1791 4504 hoc

1858 1265 2020 1326 tura,

1862 1351 2013 1406 aeris
2044 1351 2221 1422 hujus
2253 1352 2494 1424 spiritus
2524 1352 2714 1407 vitalis
2744 1357 2851 1418 est,
2885 1357 2951 1406 ut
2977 1348 3276 1406 masculus
3306 1352 3509 1404 auctor

1862 1444 1919 1494 et
1948 1457 2126 1495 causa
2173 1441 2561 1513 gignentium,
2596 1457 2834 1497 movens
2875 1446 3164 1494 terrarum
3210 1435 3505 1510 genitalia,

1863 1534 1920 1583 et
1974 1529 2134 1585 velut
2181 1531 2433 1602 quadam
2478 1547 2537 1586 se
2587 1530 2839 1586 miscens
2868 1528 3097 1599 copula.
3146 1525 3323 1581 Aliud
3370 1540 3509 1598 ergo

1853 550 1986 604 dem
2016 554 2073 605 et
2102 550 2276 607 vestis
2308 550 2474 608 nobis
2514 568 2689 609 usum
2726 550 2977 617 exhibet,
3010 549 3163 607 sicut
3192 563 3291 605 aer
3319 546 3500 619 hujus

1854 638 2096 710 spiritus
2118 640 2353 697 vitalem
2389 642 2558 698 nobis
2591 642 2883 698 ministrat
2907 636 3500 697 substantiam.Unde

1855 733 1911 783 et
1938 728 2095 784 hunc
2140 731 2403 786 ordinem
2453 734 2669 786 factum
2719 734 2879 803 puto,
2914 733 2981 784 ut
3024 728 3189 800 prius
3235 726 3498 782 diceret:

1857 817 2036 873 Sume
2077 817 2221 873 mihi
2267 818 2512 875 vitulum
2545 824 2601 874 et
2631 836 2887 888 capram,
2919 823 2976 874 et
3022 815 3190 873 tertio
3239 815 3364 872 loco
3411 812 3499 869 di-

1856 910 2009 963 ceret
2033 907 2294 973 arietem,
2325 925 2391 964 eo
2423 909 2575 981 quod
2624 909 2811 981 prima
2851 908 2970 972 illa,
3005 907 3112 963 hoc
3143 910 3252 970 est,
3280 902 3502 960 vitulus

1857 1000 1913 1051 et
1943 1012 2118 1067 capra
2146 996 2318 1053 terris
2365 1002 2424 1053 et
2466 997 2613 1052 mari
2646 996 3044 1052 materialihus
3091 996 3505 1065 comparentur

1858 1084 2181 1151 elementis,
2214 1090 2269 1141 et
2298 1086 2438 1157 quia
2470 1086 2719 1141 feminea
2747 1085 3019 1141 dicantur
3052 1101 3065 1139 :
3099 1087 3160 1139 at
3187 1099 3320 1138 vero
3350 1081 3502 1137 aries

1862 1174 2191 1229 masculum
2246 1176 2541 1247 quoddam
2592 1175 2809 1231 animal
2866 1178 2974 1241 est,
3023 1173 3336 1228 vehemens
3395 1186 3503 1225 na-

2086 1269 2142 1317 et
2213 1263 2529 1319 violentum
2596 1264 2893 1319 cornibus.
2963 1261 3247 1318 Similiter
3309 1264 3503 1315 autem

1867 1617 1936 1671 ad
1982 1624 2219 1686 terram,
2254 1618 2410 1674 aliud
2461 1620 2531 1674 ad
2578 1635 2762 1687 mare,
2795 1618 2952 1673 aliud
3007 1617 3078 1672 ad
3128 1632 3319 1672 aerem
3368 1614 3509 1670 vita-

1865 1704 1978 1761 lem
2012 1706 2254 1779 mystice
2298 1709 2584 1780 ﬁguratur
2633 1708 2841 1765 horum
2887 1707 3068 1762 trium
3117 1702 3507 1761 animantium

1863 1811 2071 1866 genus.

1932 1887 2021 1940 51.
2056 1887 2183 1941 Haec
2214 1887 2449 1944 traditio
2471 1886 2754 1944 naturalis
2784 1891 2869 1940 est
2893 1903 2906 1940 :
2931 1886 3030 1941 sed
3064 1883 3301 1941 moralis
3331 1881 3509 1939 etiam

1864 1976 2159 2030 concurrit
2189 1980 2245 2031 et
2275 1976 2550 2048 suppetit.
2577 1978 2634 2032 In
2670 1976 2944 2031 omnibus
2983 1974 3141 2030 enim
3172 1970 3512 2029 hominibus

1865 2081 2020 2130 caro,
2078 2081 2311 2129 sensus,
2360 2070 2417 2120 et
2463 2066 2703 2120 verbum
2751 2069 2857 2120 est.
2891 2064 3034 2119 Caro
3084 2065 3285 2117 nostra
3330 2058 3513 2114 vitula

1866 2160 1957 2209 est
1989 2172 2001 2208 :
2034 2152 2280 2217 laborat,
2315 2158 2379 2208 ut
2424 2159 2605 2213 serat;
2648 2153 2891 2218 laborat,
2927 2156 2989 2207 ut
3039 2150 3303 2221 colligat;
3352 2148 3512 2204 labo-

1868 2247 1975 2307 rat,
2008 2248 2072 2297 ut
2101 2242 2316 2313 pariat;
2349 2242 2675 2298 innumeris
2704 2242 2981 2314 fatigatur
3007 2239 3329 2296 laboribus.
3351 2236 3515 2294 Unde

1867 2339 1924 2386 et
1974 2331 2151 2386 Graeci
2183 2340 2342 2402 δάμαν
2372 2332 2643 2387 dixerunt
2688 2330 2933 2387 vitulam
2981 2332 3092 2401 (22)
3121 2338 3217 2386 ἀπὸ
3244 2338 3330 2385 τοῦ
3361 2335 3515 2397 δαμεῖ-

1868 2428 1979 2479 σῡαί
2034 2445 2091 2489 με
2121 2428 2294 2487 αὐτήν.
2353 2438 2420 2473 eo
2487 2421 2645 2491 quod
2706 2422 2977 2476 dometur
3042 2418 3299 2485 injuriis.
3363 2415 3516 2471 Mas-

1870 2509 2135 2565 culorum
2190 2510 2366 2565 boum
2421 2509 2637 2573 labore,
2691 2513 2906 2576 aratro,
2938 2511 2993 2563 et
3033 2509 3181 2579 jugo
3230 2505 3515 2578 fungitur,

1873 2599 2154 2653 femineos
2202 2604 2404 2669 partus
2455 2601 2830 2669 repraesentat
2880 2614 3015 2653 cum
3072 2595 3257 2651 multo
3314 2593 3515 2649 ubere.

1871 2688 2014 2743 Caro
2046 2704 2279 2759 quoque
2309 2692 2507 2742 nostra
2536 2686 2663 2741 vitae
2691 2687 2861 2742 istius
2892 2686 3245 2757 subiugatur
3275 2680 3521 2739 necessi-

1872 2777 2115 2838 tatibus.
2148 2776 2369 2831 crebris
2417 2776 2679 2846 quatitur
2722 2773 3045 2841 doloribus,
3094 2778 3151 2827 et
3198 2770 3518 2827 multarum

1873 2882 2271 2920 earumearum
2304 2865 2558 2936 quodam
2609 2867 2845 2919 curvata
2874 2868 3044 2934 partu
3090 2861 3358 2918 senescit.
3387 2860 3520 2916 Jam

1874 2954 2017 3009 illud
2052 2952 2185 3023 quis
2210 2954 2457 3023 ignorat,
2481 2954 2633 3024 quod
2663 2952 3063 3008 vehementior
3087 2951 3166 3007 sit
3189 2950 3374 3007 virtus
3405 2948 3526 3006 ani-

1878 3060 2006 3105 mae,
2039 3043 2128 3098 cui
2163 3041 2319 3096 velut
2370 3046 2551 3113 nupta
2580 3040 2836 3097 adhazret
2864 3041 2922 3096 in
2955 3041 3127 3096 istius
3175 3038 3302 3095 vita:
3344 3054 3522 3094 cursu

1876 3130 2195 3203 corporalis
2225 3129 2599 3186 substantia?
2629 3146 2840 3185 sensus
2878 3133 3075 3184 autem
3107 3125 3289 3184 nostri
3321 3142 3526 3197 capra-

1878 3237 2010 3274 rum
2045 3220 2216 3274 modo
2259 3217 2417 3273 velut
2461 3218 2612 3274 saltu
2663 3219 2919 3289 quodam
2968 3216 3264 3280 exsiliunt,
3317 3219 3373 3270 et
3421 3230 3521 3285 pa-

1875 3313 2122 3364 scuntur
2169 3306 2671 3378 praeruptioribus,
2704 3307 2927 3377 impetu
2967 3321 3074 3361 suo
3118 3304 3232 3376 ipsi
3263 3318 3524 3359 commo-

1874 3398 2065 3452 tiones
2093 3397 2410 3451 excitantes
2457 3395 2687 3461 animzs,
2720 3399 2777 3450 et
2824 3394 3225 3449 concutientes
3256 3408 3406 3447 eam.
3438 3390 3524 3446 Ad

1877 3501 2110 3541 omnem
2137 3484 2497 3539 occasionem
2524 3488 2735 3554 praesto
2765 3487 2923 3549 sunt,
2942 3481 3029 3538 vel
3070 3498 3317 3537 occursu
3356 3478 3524 3536 femi-

1879 3591 1999 3630 neae
2042 3572 2516 3644 pulchritudinis,
2541 3571 2626 3627 vel
2678 3572 2852 3628 odore
2901 3570 3207 3627 suavitatis
3250 3568 3524 3639 alicujus.

1878 3662 2094 3718 Auditu
2144 3661 2363 3731 pariter
2391 3665 2447 3715 et
2496 3666 2655 3715 tactu
2708 3665 3012 3716 moventur
3056 3658 3350 3724 velociter,
3398 3656 3533 3728 qui-

1880 3753 1994 3806 bus
2026 3750 2200 3806 etiam
2223 3750 2431 3804 animae
2458 3750 2765 3805 inflectunt
2794 3749 3210 3814 constantiam,
3231 3751 3288 3803 et
3315 3745 3472 3801 velut
3501 3761 3536 3800 a

1884 3844 2095 3895 natura
2147 3838 2237 3893 sui
2287 3837 2545 3892 alienant
2591 3854 2743 3893 eam.
2785 3838 2947 3893 Unde
2994 3842 3049 3891 et
3099 3835 3359 3906 plerique
3385 3841 3535 3905 ἀφορ-

1888 3937 1986 3999 μήν
2016 3926 2127 3997 (23)
2170 3926 2385 3980 dictam
2428 3930 2653 3996 putant.
2679 3926 2818 3997 quia
2844 3933 2976 3997 ὁρμή
3006 3924 3261 3995 impetus
3304 3921 3537 3988 dicitur,

1889 4034 1955 4071 eo
1987 4015 2137 4087 quod
2177 4031 2244 4067 ex
2277 4014 2527 4084 quodam
2584 4014 2803 4085 impetu
2855 4027 3163 4076 sensuum,
3210 4008 3541 4065 inﬂexionis

1891 4110 2063 4173 atque
2095 4101 2465 4157 alienationis
2498 4108 2707 4156 nostra:
2751 4117 2929 4156 causa
2959 4102 3251 4155 nascatur.
3288 4095 3543 4154 Feminei

1893 4198 2088 4247 autem
2122 4205 2327 4243 sexsus
2350 4189 2599 4259 speciem
2625 4188 2816 4250 habet,
2842 4185 3105 4241 utetiam
3129 4200 3340 4240 sensus
3361 4180 3545 4239 nostri

1896 4288 2140 4345 αἰσθήσεις
2191 4276 2384 4331 Graece
2441 4276 2720 4330 dicuntur
2778 4274 3026 4330 femineo
3075 4271 3354 4328 vocabulo
3409 4270 3543 4344 (24).

1899 4370 2213 4425 Etl‘etarum
2277 4366 2448 4420 modo
2487 4364 2851 4419 animantum
2884 4363 2996 4419 cito
3052 4365 3394 4426 vacuantur,
3446 4359 3549 4417 ubi

1906 4460 2107 4530 partus
2156 4472 2272 4510 sure
2321 4452 2734 4526 genera'ionis,
2767 4450 3284 4523 delectationisque
3331 4449 3549 4506 eﬂ'ude-

212 4571 317 4649 (22)
352 4575 587 4649 Desunt
629 4569 688 4623 in
723 4583 883 4649 μεθ.
917 4562 1164 4649 aliquot,
1196 4561 1376 4649 acnin
1414 4563 1571 4649 ‘edit.
1598 4565 1792 4649 omni:
1822 4549 1869 4614 D
1907 4573 2155 4643 impetu,
2191 4570 2245 4649 id
2279 4570 2432 4624 enim
2480 4569 2535 4649 in
2571 4568 2945 4649 spiritalibus
2975 4585 3042 4649 ea
3080 4584 3189 4623 vox
3238 4565 3554 4649 signiﬁcat,

156 4631 269 4703 bus,
300 4631 415 4695 haec
467 4642 669 4706 verba,
700 4638 962 4693 dixerunt
990 4631 1241 4689 vitulum.
1270 4631 1427 4696 Quod
1476 4639 1675 4706 autem
1726 4637 1796 4691 ad

156 4707 362 4768 Grzrcas
394 4729 592 4777 voces,
628 4703 725 4766 eas
754 4711 883 4764 Am.
908 4721 1144 4778 eximes.
1179 4719 1295 4773 quo
1326 4703 1563 4778 propius
1591 4708 1798 4778 potuit,

155 4780 402 4838 imitatus
424 4788 520 4839 est
546 4801 560 4838 :
582 4775 789 4837 verum
815 4795 947 4834 cum
971 4776 1082 4831 illa:
1103 4779 1301 4844 utpote
1325 4775 1542 4829 vitiosae
1577 4775 1797 4834 limem.

155 4850 608 4923 displicuissent,
642 4853 766 4924 ipse
809 4850 984 4924 aliam
1026 4845 1473 4924 originationem
1506 4864 1800 4905 commen-

157 4917 352 4980 tus'est
392 4924 452 4980 in
506 4917 682 4981 hunc'
712 4923 953 4979 modum
989 4936 999 4973 :
1038 4917 1214 4974 Graeci
1252 4924 1463 4985 δάμαλιν
1486 4926 1582 4975 ἀπό
1604 4932 1690 4976 τοῦ
1721 4930 1803 4978 δα-

157 5002 479 5066 μᾶεξθαιλίαν,
513 5012 577 5051 eo
620 4996 759 5066 quod
803 4993 1067 5066 demetur,
1098 4988 1509 5066 nimis._0uani
1563 4992 1802 5066 phrasin

159 5056 252 5118 etsi
284 5056 561 5121 mutilam
597 5056 908 5137 sequentes
958 5061 1109 5137 edit.
1154 5056 1435 5137 amplexa!
1483 5056 1637 5137 sunt.
1690 5064 1805 5120 Nos

158 5151 275 5189 vero
308 5137 505 5193 locum
544 5138 601 5192 in
634 5129 832 5190 codice
863 5133 1030 5191 Corb.
1064 5136 1120 5185 et
1152 5129 1280 5184 aliis
1312 5132 1612 5185 nonnullis
1643 5151 1804 5191 scru-

157 5206 415 5281 pulosius
476 5208 885 5281 inspicientes,
933 5203 1241 5281 lectionem
1295 5207 1555 5281 nostram
1600 5206 1806 5262 elicui-

159 5272 301 5351 hius.
338 5279 518 5335 Porro
550 5272 763 5335 (leniori
813 5277 1038 5351 injuriis
1069 5272 1178 5351 -hic
1231 5288 1341 5325 non
1392 5273 1617 5351 videtur
1649 5278 1805 5334 aliud

159 5348 507 5420 signiﬁcare,
545 5368 721 5420 quam
754 5344 977 5405 domari
1010 5344 1207 5420 labore
1232 5359 1298 5397 ac
1327 5345 1685 5420 verberibus.

354 5424 506 5501 Cum
544 5414 719 5477 dictio
745 5417 1166 5501 hqzec_mend‘osc
1196 5414 1252 5501 in
1277 5415 1627 5501 quibusdam
1664 5437 1806 5477 mss,

158 5493 206 5543 et
232 5484 443 5565 primis
477 5509 722 5565 operum
761 5494 962 5547 Ambr.
1010 5487 1152 5542 edit.
1198 5484 1505 5565 legeretur,
1539 5492 1665 5547 Era.
1722 5512 1807 5549 re-

160 5564 347 5618 nosuit
376 5582 445 5637 ex
480 5564 818 5637 cbnjectura
846 5568 1137 5637 ὁρμητικήν,
1170 5564 1345 5636 Atqui
1380 5581 1520 5637 mss.
1553 5565 1812 5622 melioris

161 5638 295 5701 potae
328 5636 479 5692 satis
512 5631 709 5707 aperte
760 5631 1076 5709 praeferunt
1106 5631 1354 5708 ἀηξορμῆγι,
1386 5636 1494 5692 hoc
1541 5642 1648 5705 est,
1684 5638 1810 5694 sine

1910 4637 2039 4699 cum
2108 4642 2306 4696 eadem
2368 4637 2722 4694 contrarium
2788 4645 2954 4696 sonet
3018 4639 3077 4694 in
3134 4637 3549 4710 corporalibus.

1912 4715 2027 4769 Erit
2058 4713 2237 4784 igitur
2284 4728 2521 4767 sensum
2556 4714 2812 4766 animam
2846 4712 2975 4784 ideo
3008 4712 3263 4784 impetus
3313 4726 3380 4784 ac
3407 4724 3553 4784 _mo-

1908 4793 2006 4840 tus
2037 4778 2111 4838 ex'
2137 4791 2343 4838 natura
2373 4800 2482 4837 sua
2528 4799 2765 4838 vacuam
2800 4783 2936 4845 dici,
2970 4778 3121 4852 quod
3157 4797 3268 4836 non
3313 4781 3373 4833 in
3405 4778 3554 4852 ipsa,

1912 4858 2010 4912 δρᾶ
2047 4857 2105 4909 in
2138 4871 2377 4926 corpore
2423 4856 2761 4909 earumdem
2803 4849 3070 4909 motuum
3121 4853 3250 4907 fons
3297 4856 3355 4907 et
3395 4849 3558 4920 origo

1914 4928 2184 4983 resideat.

1985 4998 2243 5071 (ﬁliam.
2279 5012 2412 5049 cum
2448 4995 2668 5071 aliquot
2692 4997 2950 5071 _mss._,_et
2979 4994 3145 5071 eligm
3170 5006 3361 5071 seysus
3386 4992 3565 5071 nostri

1918 5055 2130 5124 eestotis
2180 5066 2376 5130 Curre,
2408 5071 2515 5121 etc.
2545 5055 2707 5129 Quod
2760 5055 2995 5136 quidem
3049 5065 3174 5120 Era.
3207 5055 3558 5130 e'mendavit,

1916 5144 1971 5195 et
2038 5138 2306 5209 reliqum,
2339 5140 2539 5209 postea
2605 5136 2741 5191 edit.
2779 5134 3056 5209 'reposita
3094 5148 3243 5209 voce
3298 5140 3558 5209 αἱᾳθήεξεις,

1917 5227 2042 5282 qua:
2074 5204 2517 5282 infmelio—ribus
2565 5224 2706 5282 mss.
2758 5204 3062 5282 reperitur.
3092 5206 3326 5282 Tamen
3363 5205 3421 5259 in
3447 5204 3563 5282 _hi_s

1919 5275 2198 5337 nonnulla
2240 5279 2544 5333 verborum
2590 5275 2896 5333 diversitas
2944 5281 3053 5342 est,
3104 5276 3189 5333 sic
3235 5276 3393 5332 enim
3444 5275 3564 5341 isti,

1917 5364 1975 5409 ul
2034 5354 2195 5407 etiam
2254 5366 2441 5404 sensus
2496 5351 2668 5403 nostri
2717 5352 2921 5413 imm-rt,
2964 5355 3220 5416 αἰσθήσεις,
3270 5352 3404 5415 etc.,
3464 5347 3564 5404 ubi

1919 5428 2070 5478 certe
2130 5419 2705 5493 elzbintelligendum
2746 5420 2977 5493 videtur
3044 5421 3248 5493 species
3301 5421 3566 5493 femineo.

1919 5498 2145 5574 Rursus
2200 5493 2295 5547 ubi
2348 5495 2577 5574 cunctae
2618 5492 2756 5574 edit.
2808 5492 3028 5574 legunt,
3070 5491 3362 5574 ‘eﬁ'eturum
3411 5491 3567 5574 modo

1918 5569 2251 5627 animarum,
2306 5562 2515 5619 melius
2566 5562 2780 5635 legitur
2821 5562 2890 5620 in'
2930 5562 3157 5621 cunctis
3206 5579 3395 5619 mss...
3441 5564 3567 5618 ani-

1915 5641 2185 5695 montum.
