3878 6208
329 318 444 413 sos

1706 371 1715 377 ’
1792 352 1855 415 8.
1904 350 2280 416 AMBROSll

3624 352 3729 418 504

330 483 469 555 rint,
501 486 559 540 et
596 481 811 542 iterum
844 480 995 543 835
1029 482 1288 543 excitatis
1334 482 1753 558 cupiditatibus
1802 502 1980 543 novos
2008 487 2063 555 Α
2092 485 2271 561 nique
2298 484 2461 546 Plato
2492 503 2732 546 currum
2757 484 3050 546 volucrem
3081 484 3227 545 dixit
3253 501 3383 545 esse
3413 485 3645 558 omium,
3673 505 3731 547 ex

330 574 592 631 referunt
620 574 896 648 impetus.

398 665 487 719 52.
522 664 585 719 In
619 664 795 720 ariete
824 681 956 720 vero
980 665 1139 720 verbi
1171 681 1236 721 ac
1269 665 1558 721 sermonis
1589 666 1773 722 nostri
1806 665 1978 721 habe-

328 756 426 807 tur
466 752 809 821 similitudo,
842 753 993 825 quod
1027 753 1103 809 sit
1136 753 1469 821 vehemens,
1504 754 1658 810 sicut
1699 759 1755 810 et
1785 771 1978 810 sermo

328 844 526 897 noster
553 842 755 897 efficax
798 842 1172 914 operationis,
1206 847 1262 898 et
1311 843 1579 916 quaedam
1611 847 1851 900 ornatus
1883 861 1980 899 no-

328 930 430 985 stri
464 933 519 986 et
545 931 823 1003 tegminis
855 948 1034 988 causa
1067 930 1162 988 sit.
1197 932 1359 988 Aries
1389 948 1492 1005 per
1521 949 1694 988 usum
1727 934 1978 988 vestium

328 1019 530 1075 ordine
560 1021 813 1091 quodam
846 1037 1083 1093 gregem
1114 1021 1355 1087 ducens,
1390 1022 1539 1078 sicut
1570 1023 1710 1077 ordo
1738 1022 1977 1094 quidam

326 1108 457 1164 vitae
493 1125 759 1181 ususque
797 1109 981 1165 nostri
1011 1110 1185 1165 verbo
1215 1110 1555 1183 explicatur.
1583 1111 1848 1167 Arbitror
1878 1128 1979 1167 au-

328 1201 446 1253 tem
469 1197 623 1270 quod
652 1197 795 1253 illud
820 1199 1062 1254 verbum
1086 1199 1273 1271 magis
1298 1198 1619 1271 intelligere
1641 1199 1981 1267 debeamus,

330 1287 484 1359 quod
518 1290 609 1342 est
634 1286 887 1342 Verbum
937 1287 1057 1353 Dei,
1091 1304 1224 1343 cum
1269 1305 1384 1359 quo
1415 1288 1566 1343 aries
1614 1289 1722 1343 iste
1767 1289 1980 1345 habere

329 1375 600 1430 videatur
642 1392 756 1430 non
810 1375 1162 1431 mediocrem
1195 1376 1621 1447 cegnationem.
1647 1378 1809 1440 Quod
1842 1377 1981 1432 Ver-

330 1463 469 1519 bum
503 1480 610 1519 nos
655 1479 787 1519 vere
834 1464 1090 1536 tegmine
1135 1464 1364 1520 velleris
1414 1466 1505 1520 sui
1552 1465 1802 1531 vestivit,
1836 1471 1893 1521 et
1922 1466 1982 1522 in

328 1552 567 1609 domum
606 1551 929 1609 introduxit
958 1557 1184 1609 aeternae
1216 1553 1445 1609 salutis.
1483 1556 1588 1622 Qui
1617 1571 1673 1609 se
1698 1571 1798 1625 pro
1828 1557 1985 1610 nobis

329 1641 728 1697 immolandum
773 1643 990 1713 obtulit,
1017 1644 1115 1714 qui
1144 1652 1403 1714 tanquam
1437 1645 1551 1698 ovis
1597 1644 1669 1698 ad
1709 1646 1988 1699 victimam

328 1730 521 1786 ductus
551 1736 649 1799 est,
680 1734 729 1787 et
758 1732 894 1786 sicut
943 1733 1090 1786 aries
1117 1748 1301 1789 coram
1328 1732 1583 1787 tondente
1611 1748 1667 1787 se
1695 1735 1814 1788 sine
1840 1748 1985 1818 voce,

2085 593 2152 633 eo
2198 578 2353 649 quod
2414 578 2697 652 propheta
2751 579 2976 635 dixerat
3022 594 3035 633 :
3080 576 3215 633 Cum
3260 579 3405 634 irent
3449 578 3728 646 animalia,

2087 667 2240 723 ibant
2262 671 2316 722 el
2345 675 2479 725 rotae
2534 670 2834 737 coniuncta
2892 668 3010 723 illis
3028 685 3047 729 ;
3086 672 3140 724 et
3187 683 3313 722 cum
3364 667 3641 723 elevarent
3684 685 3737 725 se

2086 758 2359 812 animalia
2400 775 2435 812 a
2479 764 2646 825 terra,
2698 758 3059 814 elevabantur
3108 760 3240 813 rotm
3286 757 3447 827 (Ibid.
3487 757 3603 827 24).
3635 756 3732 814 Sed

2088 846 2369 918 propheta
2421 864 2535 902 nun
2569 845 2779 902 coelum
2832 845 3028 920 ipsum
3079 860 3243 901 avem
3278 845 3389 915 (26)
3423 844 3590 911 dixit,
3644 847 3732 902 sed

2088 952 2221 991 aves
2274 952 2401 991 esse
2456 936 2515 990 in
2567 934 2731 991 coelo.
2772 935 3035 1007 Denique
3093 939 3151 990 et
3209 933 3389 990 David
3444 933 3528 989 ait
3568 950 3582 987 :
3620 934 3735 990 Cotti

2087 1027 2349 1080 enarrant
2390 1025 2626 1095 gloriam
2667 1026 2767 1080 Dei
2797 1026 2970 1096 (Psal.
3003 1040 3170 1092 xvm,
3198 1026 3276 1094 2),
3303 1022 3414 1078 hoc
3442 1026 3552 1091 est,
3587 1029 3736 1096 pote-
3821 1084 3827 1091 ,

2089 1118 2265 1169 states
2294 1111 2574 1180 caelestes,
2607 1112 2765 1168 velut
2794 1129 2928 1168 cum
2970 1116 3266 1185 spectatur
3296 1110 3614 1184 pulchrum
3643 1111 3738 1168 ele~

2090 1206 2376 1266 mentum,
2411 1202 2759 1273 praedicatur
2789 1206 3077 1274 operator.
3113 1201 3385 1256 Animam
3418 1206 3618 1256 autem
3649 1202 3737 1257 de-

2091 1290 2295 1346 scribit
2341 1290 2644 1362 propheta,
2678 1290 2848 1361 cujus
2899 1294 3094 1346 motus
3143 1294 3283 1344 sunt
3311 1292 3566 1362 quatuor
3595 1289 3741 1345 velut

2091 1379 2252 1450 equi,
2323 1387 2612 1450 λογιστικὸν,
2676 1388 2961 1450 Θυμητιιὸν,
3027 1386 3388 1449 ἐπιθυμητικὸν,
3453 1387 3741 1451 διορατιιὸν,

2092 1469 2222 1523 Haec
2251 1468 2405 1525 836
2436 1467 2712 1523 animalia
2743 1472 3015 1540 quatuor,
3038 1467 3098 1521 id
3126 1471 3216 1524 est
3246 1467 3420 1524 homo
3447 1475 3743 1539 λογιστικὸν,

2094 1556 2183 1613 leo
2213 1567 2495 1629 θυμητιιιὸν,
2527 1556 2745 1612 vitulus
2803 1564 3166 1629 ἐπιθυμητικὸν,
3216 1555 3413 1629 aquila
3453 1565 3743 1630 διορατιιόν.

2096 1644 2228 1701 Ideo
2288 1645 2435 1701 ratio
2494 1645 2798 1717 praemissa
2854 1648 2972 1714 est,
3036 1648 3099 1700 ut
3158 1643 3403 1718 reliquia
3460 1648 3745 1702 rationem

2096 1738 2439 1807 sequantur.
2498 1734 2631 1789 Ideo
2685 1749 2820 1789 cum
2869 1733 3109 1790 homine
3156 1751 3191 1790 a
3237 1733 3454 1790 dextris
3501 1738 3597 1791 est
3640 1734 3745 1802 leo,

326 1821 409 1875 sic
436 1836 543 1875 non
592 1822 813 1893 aperuit
861 1837 917 1876 os
967 1837 1127 1875 suum
1180 1822 1303 1892 (lsa.
1340 1838 1455 1885 Lm,
1486 1822 1563 1893 7).
1596 1822 1677 1877 Ex
1728 1838 1843 1894 quo
1892 1838 1983 1878 or-
2016 1857 2065 1923 B
2093 1823 2153 1879 id
2195 1828 2302 1890 est,
2336 1839 2469 1879 cum
2520 1822 2742 1878 ratione
2773 1822 3086 1879 commotio
3133 1839 3169 1878 a
3219 1823 3439 1879 dextris
3488 1827 3604 1880 est.
3638 1824 3749 1880 Ista

329 1907 525 1964 dinem
585 1911 900 1982 quemdam
941 1909 1286 1965 substantiae
1345 1909 1637 1966 habemus
1695 1916 1753 1968 et
1808 1928 1985 1967 sacrae

327 1997 769 2070 redemptionis,
802 1999 957 2071 quod
991 2015 1094 2071 per
1121 1998 1319 2070 ipsum
1347 1998 1563 2054 conditi
1597 2016 1662 2055 ac
1695 1998 1988 2073 redempti

328 2104 558 2144 sumus.
595 2087 814 2160 Duplex
845 2088 1024 2160 igitur
1052 2104 1230 2143 causa
1280 2104 1381 2159 per
1430 2087 1710 2153 Verbum,
1743 2093 1983 2145 natura-

326 2177 400 2232 lis
432 2182 490 2233 et
520 2177 794 2233 moralis:
830 2176 1115 2232 naturalis
1144 2194 1260 2249 qua
1291 2177 1570 2246 condidit,
1599 2174 1838 2233 mof'alis
1869 2196 1985 2251 qua

329 2267 595 2323 redemit.
616 2265 994 2339 Philosophia
1014 2282 1246 2339 quoque
1267 2265 1591 2339 germinum
1615 2269 1866 2339 speciem
1890 2268 1981 2323 sui

329 2355 636 2412 constituit
665 2356 723 2411 in
754 2355 948 2422 verbo,
982 2354 1307 2411 naturalem
1354 2360 1411 2411 et
1446 2355 1746 2412 moralem.
1784 2357 1979 2413 Ratio-

329 2444 543 2501 nabilis
593 2444 747 2501 enim
800 2445 1106 2516 utriusque
1136 2444 1321 2516 portio
1361 2448 1467 2500 est.
1497 2444 1834 2500 Naturalem
1889 2462 1978 2501 se-

327 2535 586 2590 cundum
619 2534 823 2589 mundi
855 2534 1230 2601 creationem,
1254 2550 1432 2605 quam
1464 2534 1637 2590 verbo
1670 2534 1931 2606 assignat
1963 2553 1976 2591 :

326 2623 607 2679 moralem
652 2623 980 2680 secundum
1021 2622 1338 2694 justitiam,
1370 2626 1427 2678 et
1475 2622 1865 2694 aequalitatem
1896 2624 1977 2679 vi-

323 2713 517 2780 vendi,
549 2713 718 2783 cujus
748 2713 867 2767 vita
897 2717 954 2767 et
984 2712 1132 2767 ratio
1163 2713 1234 2767 de
1262 2712 1458 2768 verbo.

395 2802 485 2856 53.
520 2803 643 2867 Qua
672 2817 852 2856 causa
884 2816 1018 2855 cum
1050 2799 1173 2855 dies
1205 2799 1594 2873 quadraginta
1624 2801 1978 2874 compleren-

326 2895 425 2947 tur
445 2890 556 2962 (25)
578 2906 646 2945 ex
666 2890 858 2944 Mariae
880 2887 1136 2961 Virginis
1158 2893 1348 2960 partu,
1372 2888 1635 2945 tulerunt
1662 2890 1975 2948 Dominum

327 2984 595 3037 nostrum
625 2979 829 3035 Jesum
859 2978 918 3033 in
949 2976 1298 3048 Jerusalem,
1331 2981 1397 3033 ut
1426 2979 1698 3035 offerrent
1726 2980 1975 3038 Domino

328 3069 653 3124 secundum
681 3066 890 3141 legem,
919 3071 978 3123 et
1018 3070 1083 3122 ut
1113 3067 1318 3123 darent
1365 3067 1615 3124 hostiam
1650 3086 1756 3140 par
1784 3073 1973 3125 turtu-

328 3175 480 3229 rum,
504 3160 604 3215 aut
645 3158 795 3212 duos
835 3155 1026 3228 pullos
1058 3155 1463 3211 columbarum
1506 3157 1655 3228 (Luc.
1682 3175 1741 3223 ιι,
1765 3161 1970 3229 22-24),

2099 1911 2377 1968 animalia
2406 1912 2639 1984 quando
2682 1910 3000 1978 elevantur,
3033 1910 3336 1967 elevantur
3363 1912 3543 1968 etiam
3592 1917 3747 1969 rota.

2098 2001 2245 2057 Rota
2274 2004 2467 2057 autem
2499 1999 2616 2056 vita
2662 2003 2753 2054 est
2798 2014 2974 2071 super
3020 2004 3257 2067 terram,
3309 2015 3427 2072 qua
3472 1999 3745 2057 vivimus.

2096 2090 2156 2147 Si
2212 2089 2418 2146 anima:
2468 2093 2678 2145 nostrai
2737 2091 2934 2144 motus
2981 2092 3233 2158 quatuor
3278 2087 3607 2157 elevantur,
3639 2090 3748 2145 ele-

2092 2183 2262 2235 vatur
2316 2182 2372 2235 et
2419 2178 2537 2233 vita
2592 2181 2810 2233 nostra.
2863 2176 3115 2249 Ideoque
3169 2177 3441 2233 addidit:
3479 2179 3750 2246 Quoniam

2091 2270 2319 2340 spiritus
2372 2269 2524 2333 vitae,
2588 2265 2799 2339 inquit,
2854 2269 2973 2322 erat
3031 2268 3089 2321 in
3148 2268 3281 2321 rotis
3312 2268 3527 2335 (Ezech.
3562 2286 3606 2338 ι,
3638 2268 3746 2339 20).

2089 2358 2301 2414 Anima
2330 2373 2435 2429 ego
2486 2354 2674 2428 magis
2705 2371 2914 2411 currus
2944 2359 3054 2421 est,
3087 2371 3213 2427 quae
3263 2354 3345 2410 ait
3392 2355 3451 2410 in
3483 2356 3749 2413 Canticis

2090 2446 2445 2503 canticorum
2486 2462 2503 2498 :
2544 2445 2785 2500 Posuisti
2828 2460 2916 2499 me
2959 2459 3156 2499 currus
3205 2443 3514 2499 Atninadab
3564 2446 3745 2517 (Cant.

2088 2552 2165 2601 vr,
2200 2536 2308 2607 11),
2342 2534 2399 2589 id
2452 2536 2559 2600 est,
2592 2532 2825 2589 Domini
2870 2532 3076 2589 nostri.
3127 2532 3249 2587 Non
3298 2548 3435 2605 ergo
3486 2533 3749 2605 philoso-

2087 2622 2236 2695 phiae
2267 2622 2566 2678 traditioni
2593 2620 2907 2693 descriptio
2938 2620 3231 2676 concurrit
3257 2620 3623 2693 prophetica.
3651 2624 3752 2679 De-

2087 2713 2267 2784 nique
2311 2728 2509 2767 vocem
2563 2710 2790 2766 alarum
2839 2709 3078 2766 audisse
3126 2726 3191 2766 se
3238 2709 3379 2766 dicit
3436 2711 3752 2784 propheta.

2088 2802 2213 2857 Ista:
2245 2799 2346 2856 alae
2377 2800 2620 2855 virtutes
2650 2802 2790 2855 sunt
2818 2798 2931 2870 (27)
2965 2800 3117 2870 (qua:
3147 2799 3403 2854 maxime
3432 2805 3491 2855 et
3519 2801 3752 2873 duplici

2087 2890 2296 2963 plausu
2329 2887 2671 2958 prudentiae,
2704 2887 3092 2957 fortitudinis,
3120 2887 3544 2960 temperantiae,
3569 2891 3757 2960 justi-

2086 2980 2177 3035 tiae
2220 2994 2460 3036 suavem
2509 2976 2949 3045 decorem,vitae
3000 2974 3353 3033 cantilenam
3402 2975 3749 3047 resultant].

2085 3067 2246 3124 Plato
2277 3071 2474 3124 autem
2503 3065 2705 3122 dulces
2732 3066 3020 3139 quosdam
3052 3065 3285 3121 sonitus
3316 3065 3576 3122 siderum
3610 3083 3753 3123 mu-

2084 3158 2267 3214 tuavit
2288 3156 2527 3231 sphaerae
2546 3155 2797 3212 caelestis
2819 3154 3084 3229 generari
3110 3155 3750 3226 conversione,famam

325 3264 391 3305 eo
423 3228 578 3320 quod
607 3246 668 3302 in
700 3245 973 3301 columba
1002 3244 1286 3317 spiritalis
1317 3245 1503 3317 gratia
1535 3246 1629 3311 sit,
1654 3247 1713 3301 in
1743 3228 1972 3305 turture
2002 3228 2045 3295 (ἶ
2086 3245 2273 3319 magis
2303 3228 2361 3301 et
2389 3262 2687 3318 pompam,
2716 3228 2894 3316 quam
2941 3243 3243 3299 veritatem
3296 3248 3556 3301 secutus.
3599 3246 3750 3302 Nam

323 3337 673 3408 incorruptae
726 3334 1117 3407 generationis
1175 3339 1412 3401 natura,
1466 3333 1552 3390 vel
1610 3336 1973 3393 immaculati

322 3424 582 3497 corporis
636 3422 1001 3479 castimonia.
1050 3423 1253 3479 Merito
1311 3438 1446 3495 ergo
1500 3426 1572 3479 ad
1616 3425 1971 3481 sacriﬁcium

314 3514 604 3586 jubentur
630 3515 763 3582 post
811 3511 1049 3566 arietem
1095 3515 1290 3566 turtur
1319 3516 1376 3568 et
1405 3511 1675 3568 columba
1723 3514 1878 3569 sumi
1909 3518 1975 3570 ut

321 3602 511 3658 Verbo
561 3600 852 3655 adhaerere
909 3599 1201 3671 intelligas
1250 3600 1651 3672 incorruptam
1701 3603 1972 3659 castimo-

323 3692 508 3758 niam,
534 3693 592 3745 et
640 3685 961 3760 spiritalem
1002 3688 1270 3760 gratiam.
1304 3690 1374 3744 Et
1418 3689 1527 3744 hoc
1575 3690 1703 3762 ipso
1735 3691 1971 3762 quidem

324 3780 480 3853 quod
514 3794 649 3834 aves
680 3775 897 3849 posuit,
928 3774 1251 3847 intelligere
1299 3793 1617 3848 possumus
1650 3778 1970 3835 ccelestium

323 3868 668 3926 meritorum
716 3865 962 3921 volatus.
991 3865 1140 3920 Sunt
1185 3864 1340 3921 enim
1382 3865 1646 3923 volucres
1687 3867 1812 3923 coeli
1845 3885 1971 3941 quae

321 3958 565 4015 veniunt
593 3961 652 4013 et
681 3955 951 4011 habitant
979 3955 1037 4008 in
1085 3953 1265 4009 ramis
1314 3955 1442 4026 ejus
1489 3955 1714 4012 arboris
1744 3973 1870 4028 quae
1901 3959 1970 4014 de

318 4063 499 4122 grano
530 4044 754 4118 sinapis
784 4043 1119 4111 surrexerit,
1139 4043 1229 4100 cui
1250 4043 1525 4100 caelorum
1559 4061 1802 4119 regnum
1820 4064 1972 4103 com-

318 4140 560 4210 paratur
609 4134 818 4206 (Matth.
858 4151 979 4203 xm,
1009 4133 1121 4205 32).
1157 4133 1223 4188 Et
1264 4133 1523 4190 Ezechiel
1577 4140 1809 4206 apertos
1857 4137 1967 4191 sibi

321 4225 497 4281 ccelos
530 4224 691 4289 dicit,
715 4228 771 4279 et
793 4223 1008 4280 vidisse
1040 4223 1191 4278 inter
1220 4222 1334 4277 alia
1363 4224 1537 4277 etiam
1572 4229 1757 4279 rotam
1789 4241 1965 4281 unam

316 4329 494 4385 super
557 4317 773 4368 terram
841 4313 1213 4384 conjunctam
1292 4310 1648 4367 animalibus
1717 4316 1970 4384 quatuor

313 4401 531 4471 (Exerit.
564 4416 604 4468 ι,
637 4402 745 4472 15).
778 4402 848 4456 Et
892 4401 1045 4455 intra
1089 4417 1101 4454 :
1155 4399 1472 4467 Audiebam,
1525 4400 1735 4472 inquit,
1787 4418 1967 4457 vocem

312 4491 533 4546 alarum
578 4505 785 4557 eorum,
828 4491 968 4545 sicut
1009 4505 1189 4543 vocem
1238 4505 1511 4559 aquarum
1560 4491 1884 4561 multarum,
1915 4496 1967 4547 et

2081 3330 2217 3391 licet
2244 3334 2521 3406 Origenes
2551 3349 2782 3405 quoque
2813 3336 3031 3397 noster,
3061 3332 3172 3387 hoc
3202 3336 3313 3399 est,
3344 3332 3750 3391 ecclesiastico

2080 3424 2169 3479 vir
2191 3423 2382 3480 officio
2405 3421 2662 3491 deditus,
2691 3421 3056 3494 planetarum
3088 3420 3393 3477 stellarum
3416 3424 3744 3494 quamdam

2082 3510 2532 3568 inenarrabilem
2590 3515 2753 3565 motu
2802 3508 3171 3566 harmoniam
3222 3524 3352 3566 esse
3401 3510 3751 3568 suavissimi

2081 3600 2240 3657 illius
2298 3599 2427 3656 soni
2479 3598 2729 3655 ccelestis
2779 3602 3025 3667 asserat,
3059 3602 3256 3654 tamen
3307 3599 3489 3657 etiam
3547 3600 3753 3673 ipsum

2082 3690 2403 3764 plurimum
2437 3687 2737 3760 indulgere
2768 3686 3252 3760 philosophorum
3281 3688 3595 3745 traditioni
3630 3689 3752 3762 ple-

2081 3797 2263 3854 raque
2302 3781 2431 3851 ejus
2483 3775 2701 3849 scripta
2728 3780 3054 3843 testantur;
3089 3777 3243 3849 quod
3293 3792 3359 3833 eo
3409 3777 3659 3850 scripsi,
3694 3782 3758 3832 ut

2081 3874 2138 3926 et
2164 3869 2235 3925 ab
2267 3866 2611 3940 aruspicinae
2643 3870 2699 3921 et
2727 3883 2761 3921 a
2792 3864 3177 3939 philosophiae
3207 3865 3529 3922 traditione
3563 3866 3757 3923 sacri-

2076 3959 2196 4023 ﬁcii
2227 3957 2401 4014 istius
2430 3954 2969 4027 interpretationem
3000 3969 3383 4010 secernerem.
3412 3954 3627 4012 Velint
3658 3954 3760 4011 alii

2078 4047 2406 4103 doctrinam
2438 4044 2683 4117 probare
2709 4059 2912 4111 suam;
2945 4059 3050 4116 ego
3087 4044 3260 4113 juxta
3287 4044 3655 4114 Apostolum
3688 4045 3764 4100 ti-

2079 4137 2274 4192 midus
2322 4133 2495 4209 male,
2529 4148 2707 4204 quam
2755 4132 2961 4187 doctus
3009 4130 3213 4199 videri,
3247 4131 3348 4203 qui
3393 4131 3476 4187 ait
3511 4151 3525 4188 :
3568 4134 3766 4191 Videte

2077 4243 2147 4281 ne
2176 4226 2296 4296 quis
2328 4240 2414 4278 vos
2465 4220 2810 4293 depraedetur
2836 4237 2936 4291 per
2959 4219 3363 4292 philosophiam
3411 4225 3465 4277 et
3517 4224 3765 4279 inanem

2074 4315 2438 4371 selluctiom’m
2471 4310 2769 4367 secundum
2799 4310 3160 4365 traditionem
3203 4309 3516 4377 hominum,
3553 4329 3765 4369 secun-

2074 4405 2205 4459 dum
2234 4403 2559 4458 elementum
2587 4399 2751 4470 hujus
2781 4397 3000 4466 mundi,
3031 4401 3081 4453 et
3110 4414 3221 4454 non
3249 4399 3562 4456 secundum
3596 4403 3767 4460 clm;

2073 4497 2220 4549 stum
2247 4490 2469 4561 (Coloss.
2507 4505 2565 4542 ιι.
2596 4488 2673 4559 8).

310 4594 491 4635 vocem
518 4577 768 4655 sublimis
796 4579 935 4633 Dei:
959 4585 1009 4633 et
1036 4594 1161 4631 cum
1191 4578 1352 4645 irent,
1386 4585 1444 4632 ut
1474 4593 1579 4634 vox
1608 4579 1784 4647 verbi,
1816 4581 1957 4636 sicut
1988 4600 2033 4665 ι)
2137 4584 2226 4637 55.
2260 4579 2423 4644 Quod
2464 4581 2661 4633 autem
2711 4576 2793 4632 ait
2844 4592 2856 4630 :
2912 4577 3109 4631 Divisit
3152 4576 3428 4632 Abraham
3478 4594 3764 4652 corpora,

308 4682 489 4724 vocem
517 4652 821 4721 castrorum
846 4665 1005 4738 (Ibid.
1040 4666 1153 4734 214).

378 4758 470 4812 54.
501 4754 665 4812 Unde
701 4754 944 4826 quidam
976 4753 1048 4809 ad
1099 4752 1279 4808 libros
1310 4752 1689 4826 philosophus
1735 4757 1958 4813 deriva-

310 4850 469 4914 runt,
502 4862 570 4903 eo
601 4845 755 4917 quod
790 4845 984 4917 ipsum
1011 4843 1219 4899 coelum
1253 4840 1471 4898 volucri
1500 4843 1691 4901 simile
1722 4846 1816 4902 sit.
1853 4846 1960 4903 Dc-

380 5046 497 5115 (25)
530 5044 639 5100 Ms.
673 5043 866 5111 Corb.,
900 5059 1025 5098 cum
1053 5042 1167 5097 dies
1197 5046 1310 5115 octo
1338 5042 1757 5115 complerentur,
1790 5046 1899 5099 etc.

382 5047 476 5115 (25
530 5046 639 5100 Ms.
673 5046 866 5111 Corb.,
900 5059 1025 5098 cum
1053 5046 1167 5097 dies
1197 5046 1310 5098 octo
1338 5046 1756 5109 complerentur,
1790 5046 1899 5099 etc.

382 5046 497 5187 (26g
528 5116 673 5195 Mss:
702 5116 894 5195 Corb.,
940 5117 1142 5195 Long,
1188 5113 1593 5195 Qolbw‘Mazq
1623 5113 1961 5195 dictionem,

308 5185 483 5255 avem,
517 5187 856 5258 restituunt,
890 5205 1023 5244 cum
1065 5185 1124 5241 in
1173 5185 1305 5242 aliis
1352 5188 1531 5257 atque
1580 5186 1638 5239 in
1687 5187 1961 5242 omnibus

308 5260 448 5315 edit.
483 5260 804 5314 omittatur.

380 5331 494 5399 (27)
527 5329 1020 5385 Desiderabantur
1048 5328 1107 5383 in
1134 5329 1271 5385 edit.
1297 5345 1424 5399 quae
1448 5332 1781 5398 sequuntur
1810 5328 1961 5385 inter

380 5345 494 5399 (2/)
528 5345 1020 5385 ucsineranantur
1048 5346 1107 5383 1n
1134 5345 1271 5385 emt.
1340 5346 1424 5383 ua:
1448 5345 1781 5398 sequuntur
1810 5345 1961 5385 inter

310 5398 460 5471 duos
520 5401 766 5471 uncinos
826 5400 1268 5471 comprehensa,
1297 5345 1741 5471 (legebaturque
1798 5399 1962 5456 locus

306 5468 421 5541 hoc
445 5469 617 5523 modo
652 5487 665 5524 :
705 5473 933 5541 Virtutes
963 5468 1090 5525 Sunt
1131 5487 1254 5541 qua?
1300 5470 1364 5525 de
1385 5468 1464 5525 'te
1514 5468 1824 5541 poscuntur.
1852 5472 1959 5526 Sed

308 5540 532 5611 omissa
561 5541 785 5611 primus
834 5540 1095 5595 exhibuit
1138 5540 1268 5595 (till.
1304 5543 1362 5595 in
1394 5542 1570 5596 variis
1616 5540 1963 5597 lectionibus

308 5613 377 5667 ad
413 5610 633 5666 calcem
665 5628 781 5666 suae
827 5611 991 5679 edit.,
1022 5613 1367 5667 auctoritate
1410 5613 1661 5666 duorum
1693 5612 1961 5668 codicum

306 5681 737 5754 antiquissima:
779 5697 1013 5746 manus,
1036 5682 1256 5738 scilicet
1292 5681 1629 5752 Dionysiani
1661 5700 1725 5738 ac
1756 5684 1962 5740 Sorbe-

2071 4676 2123 4728 et
2151 4668 2389 4727 consedit
2436 4666 2554 4722 illis
2594 4665 2750 4737 (Gen.
2782 4680 2876 4734 xv,
2914 4665 3021 4736 10),
3060 4680 3129 4721 ne
3177 4664 3311 4737 quis
3355 4665 3769 4740 extisPicium

2072 4763 2257 4834 putet,
2298 4754 2634 4828 aruspicina
2663 4754 2841 4812 verba
2887 4770 3016 4811 esse
3063 4771 3179 4810 non
3212 4770 3386 4827 nego;
3438 4754 3533 4811 sic
3591 4758 3766 4814 enim

2071 4846 2288 4906 audio:
2330 4844 2430 4901 sed
2481 4842 2829 4899 divisionem
2889 4858 3199 4914 corporum
3247 4842 3770 4916 quadrupedum,

2071 5044 2208 5101 nici.
2241 5044 2357 5099 Nos
2386 5056 2517 5097 vero
2547 5040 2749 5096 eadem
2794 5038 2855 5094 in
2899 5042 3127 5110 textum
3172 5037 3584 5110 restituimus,
3626 5043 3769 5100 freti

2073 5134 2218 5172 mss.
2250 5113 2445 5180 Gorb.,
2499 5111 2701 5184 Long.,
2741 5110 2923 5179 Colb.,
2974 5115 3031 5166 et
3078 5109 3246 5176 Maz.,
3301 5127 3570 5184 qu_orum
3640 5115 3767 5184 pri-

2073 5205 2206 5243 mus
2249 5187 2355 5241 800
2411 5200 2597 5239 annos
2627 5182 2857 5255 aequat,
2914 5186 3015 5238 aut
3068 5185 3323 5255 superat.
3358 5182 3429 5255 Et
3485 5182 3771 5255 quidem

2070 5257 2461 5314 Ambrosiana
2513 5270 2642 5329 esse
2698 5252 2942 5329 minime
3000 5252 3268 5329 negabit,
3327 5252 3768 5329 quine—tylum,

2074 5330 2330 5385 materiae
2386 5324 2790 5399 cognationem
2849 5328 3031 5399 atque
3070 5322 3771 5399 ordinem’diligéntius

2073 5392 2503 5467 introspexerit.
2538 5397 2640 5452 His
2681 5396 2831 5467 adde
2855 5392 3035 5467 quod
3086 5392 3377 5467 nonnulla
3408 5392 3706 5456 citintur
3737 5418 3773 5456 a

2072 5472 2227 5527 Bart.
2264 5465 2539 5526 Urbinate
2583 5467 2640 5522 in
2693 5465 3050 5538 Milleloquio
3098 5465 3485 5538 Ambrosiauo
3524 5471 3617 5526 ad
3663 5489 3769 5527 vo-

2072 5559 2220 5610 cem,
2251 5543 2482 5601 ccelum;
2513 5540 2669 5617 unde
2698 5536 2945 5610 colligas
2971 5537 3079 5617 hoc
3103 5536 3414 5617 fragmenti
3449 5537 3512 5593 in
3564 5541 3767 5599 Italiae

2072 5608 2305 5688 quoque
2339 5629 2480 5669 mss.
2514 5611 2732 5682 quibus
2763 5608 2905 5665 usus
2933 5614 3041 5675 est,
3074 5608 3386 5665 exstitisse.
