3878 6208
192 388 315 455 5Οό

1483 394 1586 457 DE
1632 388 2018 456 ABRAHAM
2061 388 2210 453 LIB.
2256 387 2335 454 II.

3485 387 3606 449 506

194 543 334 585 cum
363 525 542 587 lectio
568 531 785 592 factam
815 530 1056 601 astruat,
1091 545 1205 588 non
1241 530 1452 586 factam
1483 526 1697 597 avium,
1732 524 1843 583 uti-
1874 527 1930 593 Α
1956 534 2107 595 τικὸν,
2140 524 2250 581 hoc
2308 525 2416 593 est,
2466 521 2765 600 superiora
2796 522 2932 605 (29).,
2980 523 3146 598 quasi
3182 520 3332 582 oculi
3365 522 3621 598 quidam.

195 634 313 690 que
333 618 381 674 si
414 619 704 692 inspectio
734 622 945 678 fuisset
973 620 1244 688 istorum,
1268 619 1443 679 etiam
1475 618 1665 673 avium
1700 616 1850 671 facta

191 711 352 763 esset
380 708 618 777 divisio,
651 716 717 767 ut
757 712 922 768 fieret
964 709 1269 782 inspectio.
1303 708 1449 772 Quid
1500 706 1550 762 si
1581 706 1715 762 ﬁdei
1748 722 1849 761 no-

191 800 329 851 strae
358 796 470 853 hoc
491 800 804 856 convenit?
833 802 901 855 Et
921 799 1050 855 ideo
1072 799 1227 870 quod
1252 813 1431 870 supra
1454 795 1848 869 aruspicinam

190 884 391 942 verbis
424 887 597 943 nobis
628 889 728 944 dat
756 888 993 943 traditio
1022 888 1414 960 requiramus.
1446 885 1716 942 Diximus
1752 900 1850 940 su-

192 989 305 1046 pra
354 974 498 1046 quia
548 975 607 1030 in
655 976 839 1032 vitula
892 981 1107 1032 terram
1156 974 1501 1047 accipimus,
1560 974 1620 1029 in
1679 989 1853 1044 capra

193 1078 441 1133 aquam,
474 1064 534 1119 in
567 1065 747 1121 ariete
776 1082 991 1131 aerem,
1024 1065 1179 1137 quod
1206 1064 1331 1136 ipso
1365 1064 1599 1119 nomine
1629 1060 1850 1134 colligi-

190 1155 317 1215 tur,
348 1153 504 1223 quod
536 1152 711 1209 trima
740 1155 812 1209 ad
843 1154 1193 1209 sacriﬁcium
1221 1154 1375 1209 sumi
1399 1150 1853 1224 jubentur,quia

194 1242 358 1294 terra
388 1239 519 1311 ipsa
548 1239 700 1296 inter
730 1245 849 1296 tres
881 1240 1161 1296 dividitur
1190 1239 1534 1312 speciessui
1555 1242 1675 1306 ;aut
1696 1238 1850 1293 enim

193 1326 531 1396 continens,
564 1334 665 1384 aut
693 1327 906 1396 insula,
938 1333 1037 1384 aut
1058 1327 1368 1402 peninsula
1389 1332 1476 1385 est
1509 1345 1522 1382 :
1555 1326 1856 1400 aquaipsa

192 1414 259 1470 in
292 1416 430 1485 tria,
465 1416 605 1487 quia
650 1421 752 1473 aut
793 1433 953 1472 mare
998 1421 1105 1485 est,
1158 1422 1259 1472 aut
1307 1417 1487 1483 fluvii,
1519 1420 1620 1472 aut
1668 1416 1853 1482 lacus;

193 1520 345 1560 nam
373 1505 586 1575 fontes,
619 1511 720 1561 aut
746 1506 906 1578 putei
935 1507 1160 1579 privata
1208 1507 1442 1577 negotia
1481 1521 1855 1577 nequaquam

194 1593 386 1666 digna
414 1592 697 1650 divisione
751 1594 1006 1667 generali
1059 1598 1115 1651 et
1150 1593 1412 1673 publica};
1460 1593 1621 1667 putei
1652 1593 1857 1661 latent,

195 1682 398 1738 fontes
443 1681 571 1739 aliis
616 1682 897 1756 originem
944 1688 1240 1757 praestant.
1274 1687 1387 1739 Aer
1418 1699 1652 1756 quoque
1683 1684 1861 1739 habet

195 1770 525 1827 divisiones
552 1776 884 1844 temporum
913 1772 1085 1841 veris,
1117 1772 1858 1841 mstatis,autumni,hiber-

1958 613 2252 681 contrarii,
2286 612 2628 681 rationabile
2657 618 2745 670 est
2776 618 2832 670 et
2878 612 3298 670 irrationabile.
3333 612 3606 670 Rationa-

1955 703 2074 759 bile
2114 704 2310 776 ipsum
2350 704 2633 759 dividitur
2670 703 2825 759 circa
2864 707 3116 760 mentem
3158 707 3214 758 et
3253 719 3603 760 sermonem.

1958 792 2245 850 Sensibilc
2303 793 2431 863 ejus
2486 792 2546 847 in
2608 793 2873 848 auditum
2906 798 2963 848 et
2992 792 3205 859 visum,
3236 793 3453 865 quibus
3481 792 3609 848 vitta

1958 883 2136 954 hujus
2166 879 2501 937 cumulatur
2528 882 2888 953 gratia.Nam
2916 882 3058 938 odor
3087 887 3145 938 et
3173 887 3382 955 gustus
3412 881 3611 938 vitalis

1958 988 2105 1027 usus
2134 971 2406 1025 videntur
2445 970 2838 1026 necessarium
2888 972 3142 1043 premere
3192 971 3608 1028 ministerium.
3680 960 3701 970 ’

1958 1061 2140 1115 Nares
2180 1059 2310 1131 jugi
2366 1059 2504 1114 flatu
2537 1059 2952 1131 aspirationem
2994 1060 3322 1133 recipiendo
3353 1060 3609 1130 vitalem,

1960 1148 2299 1205 continuato
2332 1148 2586 1219 quodam
2622 1149 3013 1205 substantiam
3046 1149 3304 1205 hominis
3339 1150 3468 1205 cibo
3511 1167 3613 1223 pa-

1962 1240 2154 1293 scunt.
2217 1236 2440 1291 Gustus
2493 1240 2687 1291 autem
2739 1241 2878 1308 potu
2926 1236 3234 1310 epulisque
3281 1243 3611 1310 generatur.

1962 1324 2209 1389 Quintus
2242 1340 2373 1379 vero
2404 1340 2636 1391 sensus,
2667 1324 2777 1380 hoc
2826 1329 2935 1393 est,
2966 1330 3177 1395 tactus,
3220 1326 3375 1383 velut
3421 1326 3615 1383 admi-

1964 1419 2092 1469 stus
2122 1417 2212 1469 est
2243 1411 2361 1468 illis
2392 1417 2664 1484 quatuor.
2698 1414 2851 1469 Odor
2881 1418 2938 1469 ct
2965 1423 3174 1486 gustus
3201 1416 3467 1488 quaedam
3492 1433 3614 1472 ma-

1965 1502 2052 1575 gis
2088 1502 2365 1557 alimenta
2422 1506 2562 1558 sunt
2617 1503 2895 1574 corporis,
2923 1503 3137 1575 quibus
3196 1505 3374 1575 hujus
3424 1506 3617 1561 carnis

1968 1590 2177 1647 militia
2207 1582 2677 1647 subsistit.Visus
2710 1608 2842 1647 vero
2872 1597 2929 1647 et
2958 1593 3199 1649 auditus
3231 1597 3487 1649 mentem
3522 1594 3620 1650 ad-

1960 1681 2189 1752 juvant.
2223 1680 2317 1735 Hae
2349 1684 2488 1736 sunt
2518 1679 2834 1735 divisiones
2866 1698 2993 1752 quae
3024 1682 3347 1741 secundum
3381 1699 3615 1739 carnem

1970 1773 2232 1825 nostram
2278 1769 2655 1841 animamque
2712 1786 2745 1823 a
2802 1786 3034 1825 summo
3084 1776 3383 1843 operatore
3420 1770 3618 1829 divisae

194 1859 292 1927 ni;
330 1863 390 1915 et
420 1861 539 1917 haec
570 1862 872 1918 mundana
900 1862 1109 1918 divisio
1142 1866 1250 1919 est.
1273 1863 1395 1927 Quo
1426 1861 1534 1917 hoc
1568 1861 1861 1933 proﬁciat?
1894 1898 1940 1963 B
1972 1860 2128 1912 sunt.

197 1951 276 2007 Ut
308 1968 736 2024 cognoscamus
763 1952 944 2007 Deum
976 1970 1105 2009 esse
1135 1953 1344 2008 horum
1387 1956 1684 2007 auctorem
1734 1967 1862 2006 mo-

198 2041 654 2114 deratoremque
684 2042 973 2111 omnium,
1009 2042 1108 2113 qui
1141 2040 1415 2097 omnibus
1465 2041 1729 2096 ordinem
1775 2056 1858 2095 re-

197 2129 323 2185 bus
355 2128 599 2198 dederit,
632 2134 690 2186 et
720 2148 785 2186 ea
818 2121 1100 2186 divisione
1131 2129 1483 2191 distinxerit,
1516 2136 1580 2183 ut
1610 2129 1703 2185 his
1752 2127 1866 2184 col-

196 2216 363 2290 ligas
394 2235 563 2290 posse
592 2219 700 2275 tibi
731 2219 914 2275 Deum
945 2220 1205 2276 conferre
1236 2236 1363 2291 qua:
1391 2219 1484 2290 pie
1515 2217 1867 2290 postulas,et

198 2307 462 2380 spondet
484 2307 746 2381 implere.

274 2396 432 2451 337
467 2396 555 2451 56.
588 2396 791 2469 Itaque
844 2396 1139 2452 Abraham
1175 2396 1315 2468 quia
1361 2395 1723 2467 promittenti
1754 2395 1863 2451 Do-

198 2484 374 2540 mino
406 2488 569 2540 terra:
600 2484 999 2541 haereditatem
1033 2485 1410 2556 responderat
1443 2503 1454 2539 :
1494 2484 1639 2542 Unde
1665 2501 1865 2554 cogno-

197 2590 360 2630 scam
402 2576 531 2646 quia
587 2574 756 2629 haeres
804 2591 895 2630 ero
944 2583 1108 2631 terra:
1153 2574 1317 2645 hujus
1348 2572 1499 2644 (Gen.
1532 2592 1625 2642 xv,
1658 2574 1735 2644 8),
1768 2590 1870 2646 per

201 2661 348 2718 illas
379 2662 602 2735 species
634 2662 961 2719 hostiarum
989 2663 1432 2730 informatur,ut
1462 2663 1658 2717 credat
1684 2663 1867 2718 Deum

202 2767 346 2807 esse
377 2768 556 2823 supra
586 2751 1004 2823 mundum,qui
1036 2752 1308 2807 universa
1340 2767 1470 2822 qua:
1499 2751 1703 2805 mundi
1732 2755 1871 2806 sunt

204 2840 460 2912 provida
488 2839 862 2896 distinctione
890 2839 1153 2896 diviserit
1185 2857 1199 2897 :
1233 2839 1331 2896 sed
1365 2856 1432 2895 ea
1462 2856 1588 2912 quae
1610 2844 1749 2895 sunt
1781 2838 1867 2895 di-

203 2929 346 2984 visa
394 2927 601 2985 resolvi
646 2934 870 3001 postea,
903 2946 971 2984 ea
1018 2933 1215 2984 autem
1263 2946 1388 3001 quae
1439 2945 1555 2984 non
1596 2933 1736 2984 sunt
1781 2928 1870 2983 di-

211 3017 353 3073 visa
382 3018 537 3088 (aves
582 3017 761 3083 enim,
793 3017 903 3072 hoc
951 3020 1060 3084 est,
1098 3021 1384 3073 turturem
1431 3022 1488 3073 et
1535 3016 1870 3073 columbam

206 3123 338 3163 non
391 3106 607 3177 divisit)
650 3121 955 3178 nunquam
1014 3105 1243 3175 resolvi,
1278 3106 1423 3162 ﬁdes
1470 3108 1628 3162 enim
1676 3112 1875 3163 manet

207 3196 471 3266 integra,
494 3212 621 3267 quae
654 3194 937 3251 columbae
971 3211 1131 3251 more
1152 3195 1209 3250 in
1243 3194 1496 3251 sublime
1526 3195 1867 3268 subrigitur.

2042 1948 2129 2001 58.
2159 1945 2321 2002 Unde
2353 1948 2580 2019 oportet
2628 1962 2732 2001 nos
2776 1946 3044 2019 colligere
3095 1947 3235 2019 quia
3282 1948 3457 2005 etiam
3510 1948 3623 2006 iste

1973 2036 2232 2091 mundus
2287 2034 2446 2091 velut
2497 2052 2601 2107 per
2650 2036 2915 2092 membra
2961 2038 3228 2109 quaedam
3268 2037 3525 2111 gemina,
3565 2042 3625 2095 et

1971 2129 2253 2197 tanquam
2318 2132 2664 2197 ἀντιπρόσωποι
2718 2125 3071 2182 distributus
3127 2131 3217 2183 est
3276 2143 3288 2181 :
3350 2131 3505 2184 terra
3562 2127 3622 2185 in

1974 2218 2203 2269 montes
2231 2218 2289 2269 et
2316 2213 2375 2268 in
2408 2231 2665 2286 campos,
2695 2218 2761 2269 ut
2790 2218 2928 2270 sunt
2954 2219 3150 2287 partes
3195 2215 3379 2272 nostri
3417 2233 3624 2290 corpo-

1975 2303 2056 2359 ris
2087 2303 2355 2360 clatiores
2386 2303 2532 2370 alias,
2554 2303 2678 2359 alia
2711 2303 3022 2376 planiores.
3048 2305 3320 2361 Eminent
3347 2305 3623 2380 scapulaa,

1976 2398 2032 2448 et
2062 2393 2275 2465 pedum
2307 2394 2631 2465 superiora,
2663 2392 2749 2448 vel
2795 2411 3078 2449 manuum
3115 2413 3126 2450 :
3171 2393 3353 2451 latera
3397 2412 3531 2452 vero
3570 2399 3627 2452 et

1976 2481 2250 2538 inferiora
2280 2481 2541 2548 cervicis,
2570 2481 2730 2537 velut
2759 2482 2935 2538 valles
2966 2483 3103 2538 trita
3126 2488 3183 2539 et
3214 2500 3460 2541 concava
3491 2485 3622 2557 (30).

1978 2572 2138 2637 Quod
2188 2575 2244 2626 et
2292 2571 2362 2625 de
2405 2570 2535 2627 vola
2580 2588 2793 2627 manus
2844 2571 3163 2645 intelligere
3202 2571 3356 2629 licet.
3388 2573 3532 2629 Nam
3564 2572 3624 2628 in

1978 2660 2105 2732 ipso
2131 2658 2401 2716 calcaneo
2432 2660 2599 2732 pedis
2628 2659 2884 2716 eminere
2915 2659 3048 2729 alia,
3076 2661 3270 2717 media
3300 2666 3495 2717 autem
3543 2662 3626 2718 si-

1979 2754 2158 2804 nuata
2194 2765 2323 2805 esse
2361 2749 2494 2820 quis
2534 2748 2805 2805 dubitat?
2844 2754 3015 2821 Aqua
3053 2748 3111 2804 in
3154 2750 3301 2805 mari
3340 2750 3515 2818 salsa,
3566 2749 3625 2805 in

1980 2837 2222 2917 flumine
2260 2836 2468 2905 dulcis,
2512 2836 2600 2893 vel
2640 2837 2701 2893 in
2757 2836 3037 2893 fontibus.
3081 2839 3179 2893 Est
3234 2854 3332 2894 aer
3382 2838 3628 2895 hiberno

1981 2925 2414 2998 frigidus,veris
2446 2925 2748 2982 mensibus
2781 2927 3395 2999 temperatus,calidus
3417 2931 3625 2985 astate.

1981 3014 2129 3086 Ergo
2160 3014 2274 3069 ista
2303 3014 2499 3070 divisit
2524 3019 2809 3087 operator.
2837 3015 3088 3072 Mentem
3119 3020 3317 3073 autem
3344 3020 3626 3084 nostram,

1983 3120 2112 3176 quas
2162 3104 2334 3160 modo
2379 3103 2595 3172 avium,
2642 3105 2924 3160 virtutum
2975 3106 3130 3161 338
3180 3105 3544 3163 diversarum
3576 3112 3632 3162 et

1982 3192 2198 3265 vigoris
2257 3193 2346 3248 sui
2403 3196 2566 3249 vecta
2622 3192 2903 3266 remigiis,
2946 3210 3123 3265 super
3160 3194 3369 3250 ccelum
3422 3194 3628 3263 evolat,

209 3265 484 3341 lustrans
512 3265 789 3357 superna,
839 3288 894 3340 et
942 3283 1305 3356 spiritalibus
1337 3283 1563 3340 alarum
1614 3265 1874 3357 remigiis
1906 3265 1948 3332 C
1987 3299 2102 3337 non
2143 3281 2360 3349 divisit,
2403 3282 2541 3353 quia
2577 3282 2843 3337 Trinitati
2885 3282 3140 3357 adhaeret
3187 3282 3465 3338 dividenti
3505 3299 3628 3338 om-

207 3372 435 3430 cmlum
483 3372 931 3429 circumvolans.
977 3373 1215 3429 Turturi
1269 3390 1501 3446 quoque
1551 3390 1717 3429 mens
1776 3373 1876 3430 illa

210 3462 536 3529 confertur,
569 3478 698 3534 quae
729 3462 850 3517 avis
896 3479 1008 3518 usu
1060 3461 1232 3518 istius
1265 3463 1502 3518 secretis
1553 3461 1749 3531 alitur,
1783 3462 1872 3516 ir.-

206 3549 583 3624 telligibilem
607 3549 770 3607 illam
803 3555 858 3606 et
888 3550 1198 3607 indivisam
1248 3567 1514 3623 quaerens
1567 3550 1873 3607 Trinitatis

208 3637 942 3713 substantiam,refugiens
971 3639 1200 3712 plebem
1229 3640 1547 3711 quamdam
1579 3643 1873 3695 creatura-

207 3744 351 3784 rum
401 3731 459 3783 et
504 3744 791 3800 corporeae
841 3746 902 3784 se
952 3745 1067 3785 non
1119 3728 1373 3785 miscens
1416 3729 1870 3801 congregationi,

209 3816 505 3889 atque'ab
537 3817 698 3873 omni
731 3817 1073 3888 passionum
1105 3818 1236 3873 labe
1259 3834 1588 3874 secernens.
1622 3819 1739 3873 Hoc
1781 3835 1871 3873 sa-

209 3905 507 3962 crificium
539 3906 610 3962 de
642 3910 696 3962 te
727 3906 1006 3978 poscitur.
1053 3907 1161 3970 Qui
1213 3906 1360 3963 tales
1413 3908 1581 3963 offert
1629 3907 1873 3975 hostias,

212 3996 396 4052 fidem
420 4000 478 4051 et
496 3995 909 4052 castimoniam
942 3995 1580 4068 mentis,simplicitatis
1602 3998 1872 4070 gratiam,

210 4082 530 4141 charitatis
560 4088 617 4141 et
647 4082 810 4157 pacis
832 4084 1258 4157 aifectum,ipse
1290 4102 1352 4140 se
1383 4085 1562 4141 beato:
1588 4084 1747 4141 illius
1770 4089 1878 4141 ter-

212 4190 295 4229 ra:
318 4173 587 4246 agnoscit
617 4173 1086 4231 haeredemmicut
1105 4175 1281 4231 etiam
1308 4175 1594 4232 Dominus
1618 4176 1876 4247 apertius

211 4262 275 4316 in
310 4260 625 4335 Evangelio
657 4262 972 4319 declaravit
1000 4263 1198 4319 dicens
1229 4281 1244 4318 ι
1278 4266 1433 4320 Beati
1476 4265 1716 4336 paciﬁci,
1750 4281 1878 4336 quo-

210 4354 384 4408 niam
413 4353 521 4424 ipsi
544 4352 904 4423 possidebunt
929 4360 1130 4408 terram.
1160 4354 1271 4425 (28)
1296 4354 1500 4424 (Matth.
1533 4371 1588 4422 ν,
1619 4354 1694 4424 9).

287 4441 381 4494 57.
417 4439 628 4513 Accipe
660 4440 835 4496 aliam
869 4441 1234 4497 divisionem.
1270 4442 1415 4498 Caro
1469 4459 1702 4514 quoque
1734 4460 1874 4500 nos-

211 4535 309 4585 tra
341 4529 472 4601 ipsa
502 4528 605 4585 Dei
636 4529 1000 4586 ordinatione
1030 4530 1217 4587 divisa
1243 4530 1417 4586 habet
1450 4533 1712 4588 membra
1750 4549 1874 4588 om-

1982 3370 2099 3439 nia,
2152 3370 2261 3426 soli
2312 3370 2591 3426 indivisa).
2658 3370 2820 3427 Unde
2877 3369 3207 3444 philosophi
3268 3371 3629 3444 superiorem

1982 3460 2189 3515 mundi
2247 3460 2427 3532 hujus
2483 3460 2878 3517 substantiam
2915 3477 3096 3532 quam
3137 3461 3352 3518 aethera
3398 3466 3627 3527 vocant,

1982 3566 2099 3605 non
2131 3564 2199 3605 ex
2228 3553 2565 3604 caeterorum
2597 3548 3018 3605 elementorum
3049 3550 3253 3606 volunt
3283 3549 3631 3607 admistione

1981 3642 2248 3695 constare
2283 3657 2295 3695 :
2329 3638 2431 3694 sed
2472 3637 2860 3709 splendidam,
2911 3643 2968 3694 et
3012 3638 3197 3696 multo
3249 3639 3630 3713 refulgentem

1983 3726 2225 3796 lumine,
2273 3744 2397 3800 quae
2455 3745 2571 3783 non
2623 3732 2788 3784 terrae
2833 3728 3159 3798 sordidum,
3201 3745 3306 3785 nec
3345 3745 3633 3802 aquarum

1984 3815 2317 3886 humidum,
2352 3832 2457 3872 nec
2486 3816 2635 3873 aeris
2668 3817 3039 3884 nebulosum,
3088 3835 3192 3874 nec
3244 3818 3398 3891 ignis
3446 3818 3634 3890 ipsius

1983 3906 2228 3961 rutilum
2288 3905 2609 3977 quidquam
2679 3907 2939 3978 recipiat,
2983 3924 3051 3962 ex
3113 3907 3319 3980 quinta
3376 3907 3633 3978 quadam

1982 4003 2130 4067 αὖσίᾳ
2160 4012 2287 4051 esse
2326 3999 2679 4065 asserunt,et
2701 3995 2861 4052 velut
2890 3997 3183 4051 volucrem
3216 3996 3421 4050 mundi
3454 3994 3634 4066 hujus

1984 4087 2237 4139 mentem
2266 4083 2605 4140 velociorem
2638 4085 3051 4156 purioremque
3080 4099 3208 4139 esse
3238 4083 3460 4138 caeteris
3502 4100 3633 4155 par-

1982 4172 2162 4227 tibus.
2195 4172 2341 4227 Nam
2374 4172 2498 4227 aliae
2531 4172 2716 4228 mistaa
2748 4173 2859 4228 sibi
2912 4177 2967 4228 et
3015 4175 3293 4229 concretae
3326 4175 3485 4227 sunt.
3516 4172 3633 4227 Nos

1984 4265 2179 4317 autem
2202 4260 2347 4316 nihil
2376 4261 2690 4317 materialis
2711 4261 3153 4333 compositionis
3174 4260 3438 4315 immune
3459 4263 3636 4331 atque

1985 4349 2242 4406 alienum
2274 4353 2572 4422 putamus,
2606 4354 2814 4422 praeter
2859 4349 3022 4405 illam
3074 4348 3261 4405 solam
3294 4349 3633 4404 venerandae

1982 4437 2284 4495 Trinitatis
2314 4438 2723 4507 substantiam,
2760 4456 2886 4512 qua:
2921 4454 3051 4495 vere
3080 4455 3229 4511 pura
3276 4454 3339 4493 ac
3385 4437 3637 4511 simplex

1985 4528 2222 4584 sincerae
2254 4528 2749 4601 impermistaeque
2780 4533 2999 4584 naturae
3026 4532 3132 4584 est:
3160 4527 3429 4600 quamvis
3453 4527 3636 4601 aliqui

212 4618 341 4674 nia.
369 4623 492 4674 Duo
525 4618 691 4683 oculi
722 4623 880 4686 sunt,
914 4619 1062 4675 bina:
1108 4636 1300 4690 aures,
1333 4621 1461 4677 duae
1490 4637 1671 4694 genae,
1705 4638 1877 4678 nares
1910 4640 1952 4704 υ
1985 4621 2189 4691 putent
2238 4618 2310 4673 de
2362 4617 2462 4674 illa
2511 4618 2719 4690 quinta
2748 4629 2893 4690 οὺσιᾳ
2926 4616 3118 4674 lucem
3147 4634 3275 4672 esse
3306 4615 3632 4683 clariorem,

214 4703 446 4774 divisae,
477 4707 743 4764 dentium
793 4708 1125 4781 geminatus
1173 4710 1335 4777 ordo,
1371 4710 1570 4782 ubera,
1603 4710 1873 4783 scapulae,

217 4812 461 4863 manus,
532 4795 736 4865 latera,
806 4798 1044 4863 femora,
1131 4814 1342 4872 genua,
1412 4815 1605 4867 crura,
1676 4800 1875 4872 pedes,

219 4900 419 4940 nonne
450 4883 589 4940 bina
618 4886 835 4953 omnia,
868 4890 933 4942 ut
962 4886 1212 4943 subnixa
1239 4886 1552 4960 geminatis
1594 4887 1878 4944 subsidiis

218 4972 425 5030 omnia
454 4977 655 5030 nostra
677 4975 836 5031 obire
865 4975 1172 5032 videantur
1200 4975 1433 5031 ofﬁcia?
1461 4976 1673 5032 Anima
1700 4975 1876 5032 etiam

221 5062 572 5119 divisionem
602 5080 846 5120 suarum
878 5064 1097 5136 patitur
1125 5064 1481 5137 portionum.
1533 5065 1679 5121 Nam
1717 5073 1878 5139 διορα-

292 5223 410 5295 (28)
438 5224 527 5281 Ita
575 5241 719 5299 mss.
770 5225 964 5299 Gorb.,
1015 5226 1222 5299 Long.,
1273 5224 1434 5299 Colb.
1476 5229 1533 5281 et
1572 5225 1725 5292 Maz;
1779 5225 1879 5282 alii

218 5309 383 5359 vero,
431 5297 742 5368 etpriscee
786 5296 947 5364 edit.,
992 5296 1167 5353 Beati'
1192 5296 1434 5368 paciﬁci,
1483 5300 1743 5368 quoniam
1776 5299 1883 5367 ipsi

218 5367 707 5439 Deumﬂvidebunt,
741 5370 820 5425 vel
850 5370 1112 5439 quoniam
1143 5370 1251 5439 ipsi
1274 5369 1624 5439 possidebunt
1651 5373 1877 5424 terram.

220 5440 272 5494 Α
303 5438 523 5509 quibus
555 5439 833 5496 omnibus
861 5438 1175 5496 discedens
1215 5438 1380 5495 Rem.
1415 5439 1589 5495 habet
1629 5444 1691 5494 ut
1738 5439 1881 5494 Vul-

220 5513 381 5637 gsta,
409 5512 573 5566 Beazi
600 5510 803 5566 mundo
852 5511 1027 5576 corde,
1059 5514 1319 5581 quoniam
1366 5512 1473 5581 ipsi
1516 5512 1687 5566 Deum
1734 5509 1880 5567 vide-

297 5588 379 5637 nt.
409 5582 496 5637 vel
523 5582 668 5637 beati
713 5585 891 5637 mites.
919 5585 1178 5637 (monium
1225 5584 1334 5637 ipsi
1378 5582 1725 5637 possidebunt
1772 5585 1878 5637 ter-

297 5588 379 5651 ιιι,
409 5582 496 5637 vel
523 5582 668 5639 beati
713 5585 891 5650 mites,
919 5585 1178 5655 quoniam
1225 5584 1334 5654 ipsi
1375 5582 1725 5653 possidebunt
1772 5585 1878 5637 ter-

222 5669 366 5708 ram.

294 5706 406 5796 (29)
442 5724 762 5796 Superiora,
798 5725 1029 5799 supple,
1063 5706 1474 5795 animae'cujus
1521 5724 1649 5779 ideo
1690 5727 1882 5795 partes

1984 4707 2055 4763 de
2111 4724 2228 4780 qua
2257 4706 2464 4763 dixerit
2510 4707 2686 4764 David
2722 4708 2876 4780 quod
2909 4707 3062 4762 Deus
3110 4706 3187 4762 sit
3214 4705 3637 4773 circumdatus,

1985 4795 2177 4852 lucem
2208 4796 2362 4852 sicut
2386 4797 2975 4870 vestimentum(Psal.
2999 4813 3097 4879 cu,
3126 4797 3201 4863 2),
3234 4800 3292 4851 et
3321 4793 3635 4867 Apostolus

1986 4885 2288 4957 scripserit
2318 4886 2389 4940 de
2420 4886 2548 4958 ipso
2580 4885 2979 4958 omnipotente
3005 4885 3138 4953 Deo,
3173 4884 3329 4957 quod
3362 4883 3509 4939 solus
3535 4882 3636 4937 ha-

1988 4975 2106 5031 beat
2146 4975 2634 5043 immortalitatem,
2666 4977 2717 5029 et
2764 4975 2938 5030 lucem
2969 4974 3176 5029 habitet
3202 4971 3637 5028 inaecessibilem

1994 5066 2040 5136 (I
2069 5065 2201 5118 Tim.
2234 5080 2310 5130 v1,
2342 5063 2451 5131 46).

1989 5221 2321 5294 superiores
2347 5235 2485 5294 esse
2512 5218 3021 5294 dicit,facul_tate_m
3054 5220 3346 5294 cogitandi
3380 5220 3640 5294 aeratio-

1990 5289 2310 5361 ciriandi,et
2341 5291 2673 5346 facultatem
2704 5289 3162 5360 sentiendi,quia
3190 5290 3284 5345 bis
3314 5292 3639 5361 passiones,

1991 5367 2110 5420 sive
2142 5362 2455 5419 facultates
2476 5361 2766 5416 irascendi
2787 5365 2844 5416 et
2864 5361 3314 5432 concupiscendi
3336 5362 3641 5419 inferiores

1988 5440 2132 5493 sunt
2173 5451 2240 5490 ac
2289 5432 2895 5505 minusunecessarire.
2928 5432 3045 5505 _Sub
3084 5441 3349 5505 διορατικῷΔ
3396 5450 3528 5505 vero
3580 5434 3639 5489 id

1991 5508 2147 5580 quod
2176 5512 2454 5580 λεγεᾳτικόν
2484 5503 2748 5580 dixerat,_
2773 5503 2882 5580 hoc
2930 5503 3055 5559 loco
3100 5503 3635 5580 comprehenditur.

2063 5579 2173 5651 (30)
2205 5574 2354 5651 Edit.
2388 5591 2613 5639 omnes,
2636 5575 2807 5651 valles
2837 5579 3004 5632 terrae
3053 5580 3103 5632 et
3151 5574 3400 5644 concava,
3438 5574 3642 5631 contra

1994 5646 2136 5707 mss.
2168 5647 2432 5706 omnium
2465 5646 2893 5705 auctoritatem.
