3862 6210
304 276 421 341 507

306 502 499 559 derint
546 520 725 575 supra
777 501 963 559 divisa
1015 517 1257 574 corpora
1286 499 1500 566 vitulaa,
1530 516 1737 572 caprea,
1769 505 1945 573 atque

306 594 503 649 arietis
528 593 681 659 (Gen.
713 610 806 658 xv,
844 594 950 655 ll),
984 608 1095 647 non
1144 590 1308 646 facile
1352 589 1597 663 reperio,
1649 588 1760 644 nisi
1788 588 1944 661 quod

306 682 503 738 omnia
547 687 794 745 terrena,
831 680 1142 746 maritima,
1177 685 1351 751 atque
1398 679 1526 750 ipsa
1567 679 1723 733 aeria
1777 678 1947 749 plena

307 776 447 827 sunt
477 771 821 826 insidiarum
854 787 917 824 ac
953 768 1768 840 perturbaticnum.Videntur
1789 768 1942 822 enim

306 877 441 917 aves
497 861 620 915 ista:
669 859 778 913 cibi
833 875 1009 912 causa
1047 857 1422 913 descendisse
1447 874 1627 929 supra
1682 872 1943 927 corpora.

305 948 652 1004 Naturaliter
682 953 877 1003 autem
907 945 1273 1002 violentiores
1319 946 1687 1017 potioresque
1726 945 1947 1000 viribus

304 1055 481 1109 super
512 1037 861 1092 inﬁrmiores
896 1036 1148 1103 irruunt,
1181 1041 1236 1089 et
1267 1034 1433 1106 quasi
1465 1034 1713 1089 mortuis
1744 1050 1946 1105 corpo-

304 1127 469 1182 ribus
526 1126 896 1186 incumbunt,
948 1141 1014 1178 ex
1070 1123 1386 1193 improviso
1444 1123 1805 1195 frequentius
1869 1121 1944 1175 ir-

306 1220 543 1269 ruentes
586 1230 597 1268 :
640 1212 749 1277 vel,
791 1212 943 1283 quod
1008 1212 1200 1266 verius
1262 1216 1422 1282 puto,
1483 1211 1621 1283 quia
1679 1210 1946 1283 princeps

308 1303 509 1358 mundi
562 1302 762 1373 hujus,
795 1306 851 1356 et
893 1302 1155 1356 volucres
1205 1300 1352 1365 coeli,
1402 1300 1797 1372 spiritualium
1848 1315 1947 1353 ne-

306 1393 499 1463 quitia)
534 1409 659 1463 quae
694 1396 830 1446 sunt
863 1392 919 1445 in
951 1390 1302 1455 coelestibus,
1354 1406 1452 1445 eos
1499 1391 1597 1461 qui
1648 1389 1948 1443 mundana

306 1480 701 1535 sollicitudine
735 1496 989 1551 curaqne
1021 1478 1192 1534 dtvisi
1221 1478 1543 1551 sunt,gravi
1568 1481 1727 1533 motu
1760 1477 1944 1532 inces-

304 1576 513 1627 sant,ct
542 1568 698 1624 velut
727 1569 1008 1623 cadavera
1040 1572 1401 1623 mortuorum
1432 1566 1749 1622 dilacerent
1777 1566 1947 1621 dente

302 1675 527 1730 aspero.
560 1658 639 1713 De
672 1657 763 1712 his
792 1657 947 1712 enim
981 1656 1202 1711 dictum
1234 1662 1324 1712 est
1357 1673 1369 1711 :
1407 1658 1667 1727 Relinque
1704 1662 1947 1710 mortuos

301 1748 531 1818 sepelire
572 1748 809 1801 mortuos
863 1762 987 1800 suos
1044 1746 1193 1815 (Luc.
1248 1763 1320 1809 IX,
1368 1745 1482 1811 60),
1516 1745 1655 1816 quia
1700 1749 1838 1799 sunt
1875 1743 1945 1797 de

302 1851 478 1907 regno
509 1834 723 1890 diaboli
771 1834 871 1905 qui
919 1832 977 1888 in
1017 1835 1278 1905 seipsum
1311 1833 1533 1889 divisus
1564 1839 1670 1890 est.
1704 1833 1809 1898 Qui
1840 1849 1942 1887 au-

300 1929 420 1979 tem
453 1929 592 1979 sunt
622 1923 692 1978 de
720 1940 895 1995 regno
922 1923 1267 1995 Dei,quibus
1299 1923 1441 1977 dicit
1470 1922 1644 1977 Jesus
1670 1939 1682 1976 :
1708 1924 1946 1992 Regnum

299 2014 398 2068 Dei
449 2014 599 2067 intra
650 2028 736 2067 vos
781 2017 859 2068 est
914 2013 1064 2080 (Luc.
1116 2029 1252 2076 xvu,
1301 2012 1415 2079 21),
1446 2011 1505 2065 hi
1540 2028 1653 2066 non
1686 2015 1825 2066 sunt
1855 2011 1941 2065 di-

297 2101 427 2167 visi,
463 2101 603 2173 quia
628 2101 926 2157 adhaarent
952 2106 1083 2167 Deo,
1117 2102 1377 2171 quoniam
1426 2102 1520 2170 qui
1560 2100 1804 2155 adimeret
1832 2115 1943 2154 me-

299 2192 509 2257 retrici,
543 2207 717 2244 unum
761 2207 951 2261 COI‘pl—S
982 2193 1059 2243 est
1091 2208 1112 2243 ,ο
1145 2191 1317 2243 Erunt
1363 2190 1531 2255 enim,
1585 2190 1787 2261 inquit,
1838 2188 1945 2243 duo

300 2282 359 2334 in
388 2296 554 2334 carne
586 2296 716 2333 una.
748 2280 852 2346 Qui
880 2283 1064 2333 autem
1112 2277 1351 2333 adhaeret
1406 2279 1633 2332 Domino
1664 2293 1805 2331 unus
1832 2279 1942 2348 spi-

298 2370 439 2423 ritus
469 2374 546 2422 est
576 2368 621 2437 (1
652 2367 771 2421 Cor.
822 2384 900 2433 vr,
954 2366 1019 2421 l6
1063 2371 1119 2421 et
1175 2369 1254 2420 l7.
1308 2366 1406 2421 Isti
1456 2382 1591 2438 ergo
1643 2383 1756 2422 non
1806 2369 1945 2421 sunt

299 2461 531 2511 mortua
565 2472 828 2527 corpora,
862 2461 927 2510 ut
971 2454 1230 2510 volucres
1287 2453 1412 2510 ορειὶ
1464 2455 1775 2511 comedant
1822 2471 1943 2520 eos,

298 2544 398 2600 sed
433 2549 572 2599 sunt
602 2543 865 2615 spiritus,
908 2544 1044 2598 facit
1088 2544 1263 2599 etiam
1315 2544 1468 2599 Deus
1518 2542 1757 2616 angelos
1807 2560 1946 2598 suos

298 2631 831 2705 spiritus.Denique
854 2650 1032 2704 supra
1055 2634 1387 2688 columbam
1420 2637 1477 2687 et
1506 2635 1795 2687 turturem
1829 2648 1945 2687 non

297 2719 888 2791 descenderunt,quia
918 2720 1111 2776 divisa:
1143 2720 1267 2777 istae
1298 2736 1429 2775 aves
1461 2737 1573 2775 non
1602 2726 1786 2775 erant.
1821 2721 1945 2776 Non

299 2815 439 2866 sunt
468 2809 623 2864 enim
657 2809 826 2863 divisi
852 2810 1000 2879 justi
1033 2809 1250 2880 quibus
1282 2808 1520 2877 dicitur,
1556 2812 1620 2863 ut
1654 2809 1773 2864 sint
1804 2809 1944 2865 sim-

300 2896 477 2970 plices
527 2897 679 2952 sicut
724 2896 1011 2951 columba:
1040 2896 1250 2967 (Matth.
1291 2914 1345 2963 x,
1386 2899 1489 2964 16).
1520 2896 1770 2968 Ideoque
1808 2897 1951 2952 dicit

298 2983 499 3050 David,
530 2983 667 3055 quia
694 2990 746 3039 et
776 2999 964 3055 passer
994 2986 1201 3039 invenit
1247 2984 1354 3039 sibi
1397 2985 1636 3052 domum,
1668 2989 1719 3040 et
1766 2989 1951 3040 turtur

300 3072 494 3127 nidum
518 3072 627 3127 sibi
658 3072 753 3127 ubi
783 3076 1007 3143 reponat
1032 3071 1213 3144 pullos
1243 3088 1364 3127 suos
1396 3072 1563 3143 (Psal.
1609 3090 1840 3140 uxxm,
1871 3073 1947 3143 4).

1765 272 1827 339 S.
1879 269 2252 340 AMBROSII

375 413 464 468 50.
499 411 623 479 Qua
652 414 847 470 autem
879 409 1101 469 ratione
1130 406 1337 468 dixerit
1357 407 1510 483 quod
1543 425 1678 467 aves
1710 410 1946 467 descen-
1973 412 2029 477 Α

3580 277 3681 341 508

2705 405 2931 485 CAPUT
2969 406 3064 470 IX.

2056 497 2256 574 Quare,
2278 500 2529 574 ceciderit
2568 514 2813 574 accessus
2840 516 2905 559 ac
2947 503 3143 560 timore
3188 515 3352 574 super
3397 499 3685 564 Abraham;

2127 573 2259 643 quid
2266 591 2326 628 re
2357 572 2627 630 redditum
2666 573 2843 630 eidem
2870 574 3153 631 oraculum
3180 572 3398 630 de'sua:
3420 576 3685 644 posterita-

2128 646 2258 699 tatis
2313 646 2757 716 peregrinatione
2810 651 2865 702 et
2921 647 3181 701 servitute
3231 646 3291 700 in
3352 645 3595 715 rEgypto,
3634 644 3688 698 de

2126 719 2297 788 morte
2343 718 2587 786 propria,
2616 716 2785 787 deque
2834 717 3161 772 liberatione
3182 717 3519 788 posteritatis
3562 717 3686 788 ejus-

2127 787 2249 842 dem
2277 789 2581 859 signiﬁcet?
2602 789 2713 856 Quo
2734 788 2834 844 den
2844 790 2965 860 ique
2988 789 3125 844 visio
3147 787 3386 858 flammae
3410 792 3572 859 atque
3592 788 3685 857 for-

2127 860 2278 913 nacis
2303 861 2574 931 pertineat
2592 863 2619 912 .9

2127 949 2216 1002 61.
2243 947 2505 1020 Denique
2534 963 2712 1019 quam
2743 947 2851 1004 hoc
2876 948 3169 1003 Abraham
3199 945 3453 1019 spiritali
3483 951 3541 1003 et
3570 962 3684 1018 pro-

2058 1035 2287 1107 phetico
2319 1036 2527 1091 all‘ectu
2562 1036 2758 1092 fecerit
2788 1036 3093 1109 sequentia
3125 1036 3353 1091 docent.
3389 1036 3535 1091 Nam
3576 1035 3687 1090 solis

2056 1141 2245 1181 occasu
2276 1142 2521 1181 excessus
2549 1125 2743 1181 cecidit
2770 1142 2935 1198 super
2962 1141 3087 1181 eum
3114 1143 3132 1179 :
3163 1131 3215 1181 et
3246 1140 3365 1180 ecce
3396 1127 3564 1180 timor
3589 1141 3687 1178 ma-

2056 1231 2197 1283 gnus
2226 1218 2279 1269 et
2308 1216 2618 1271 tenebrosus
2650 1215 2897 1270 incubuit
2924 1230 3086 1286 super
3113 1230 3237 1269 eum
3266 1214 3422 1280 (Gen.
3458 1231 3553 1281 xv,
3596 1213 3687 1283 12).

2056 1303 2340 1359 Excessus
2371 1304 2670 1376 prophetis
2702 1304 2827 1359 ﬁeri
2860 1303 3027 1367 solet,
3062 1303 3213 1358 sicut
3244 1302 3427 1358 babes
3462 1300 3691 1373 Pmphe-

2057 1397 2177 1446 tam
2208 1392 2426 1448 dixisse
2459 1409 2472 1447 :
2508 1395 2624 1464 Ego
2652 1392 2777 1447 diri
2804 1394 2863 1446 in
2883 1408 3103 1447 excessu
3132 1407 3249 1447 meo
3282 1408 3300 1445 :
3334 1390 3527 1445 Jmnis
3555 1390 3690 1443 homo

2054 1480 2292 1537 mendax
2321 1482 2489 1551 (Psal.
2524 1481 2731 1552 cxv,2).
2764 1481 2995 1536 Excedit
3024 1480 3178 1536 enim
3215 1495 3382 1535 mens
3413 1477 3690 1551 propheta:

2057 1569 2215 1625 velut
2247 1571 2391 1625 lines
2433 1570 2721 1642 quosdam
2764 1568 3035 1624 humanas
3080 1568 3424 1641 prudentiae,
3476 1566 3694 1640 quando

2056 1657 2315 1730 repletur
2341 1657 2480 1714 Deo.
2516 1659 2581 1713 Et
2605 1662 2740 1713 ante
2770 1662 3010 1713 evacuat
3052 1673 3114 1712 se
3158 1654 3613 1729 cogitationibus
3650 1658 3697 1708 et

2058 1746 2582 1819 disceptationibus
2614 1745 2811 1802 saeculi
2843 1746 3115 1817 hujus,ut
3145 1744 3484 1801 advenienti
3517 1743 3698 1815 gratia:

2056 1836 2306 1908 spiritali
2339 1853 2548 1909 puram
2581 1853 2643 1892 se
2669 1842 2723 1892 et
2755 1834 3111 1892 exinanitam
3144 1834 3420 1906 praebeat,
3443 1847 3699 1904 superve-

2056 1927 2197 1991 niat,
2230 1926 2289 1981 in
2321 1941 2449 1981 eam
2483 1924 2736 1998 Spiritus
2768 1930 3008 1981 sanctus
3061 1939 3276 1995 magna
3326 1938 3389 1977 se
3421 1922 3479 1976 vi
3513 1921 3694 1977 inlun-

2054 2014 2309 2079 dens,ita
2336 2019 2398 2069 ut
2429 2030 2595 2070 mens
2624 2013 2883 2070 hominis
2913 2013 3106 2069 subito
3136 2012 3430 2067 turbetur.
3449 2010 3698 2081 Denique

2054 2102 2299 2175 angelus
2343 2102 2500 2158 venit
2545 2102 2617 2159 ad
2670 2102 2936 2167 Mariam,
2982 2106 3039 2157 et
3085 2116 3219 2156 cum
3272 2098 3592 2156 sedulitate
3644 2102 3693 2153 et

2056 2192 2243 2263 gratia
2273 2192 2446 2257 venit,
2480 2196 2536 2246 et
2564 2196 2761 2247 tamen
2806 2189 2986 2245 Maria
3035 2195 3193 2245 mota
3234 2192 3325 2244 est
3372 2188 3433 2243 in
3469 2188 3697 2243 introitu

2055 2282 2204 2350 ejus.
2240 2279 2401 2336 Unde
2430 2279 2672 2353 angelus
2704 2280 2786 2335 ait
2816 2279 2888 2335 ad
2918 2295 3044 2335 eam
3080 2296 3093 2334 :
3125 2282 3206 2336 Ne
3245 2280 3462 2346 timeas,
3514 2277 3699 2343 Maria,

2054 2371 2316 2425 invenisti
2343 2372 2493 2424 enim
2522 2370 2762 2439 gratiam
2790 2368 2935 2439 apud
2964 2369 3133 2423 Deum
3163 2386 3182 2421 :
3208 2371 3261 2422 et
3289 2382 3408 2422 ecce
3436 2367 3701 2436 concipias

2057 2461 2117 2515 in
2165 2467 2336 2526 utero,
2388 2461 2439 2514 et
2476 2459 2663 2530 paries
2708 2457 2889 2527 ﬁlium
2935 2457 3087 2525 (Luc.
3122 2473 3161 2522 1,
3195 2457 3282 2522 30,
3316 2456 3433 2527 31).
3487 2455 3700 2527 Cogno-

2056 2548 2279 2604 scimus
2332 2563 2470 2620 ergo
2521 2546 2662 2619 quia
2707 2546 2942 2618 quando
2987 2545 3143 2600 venit
3183 2546 3371 2616 gratia
3401 2544 3505 2600 Dei
3538 2558 3703 2615 super

2056 2636 2453 2709 prepheticam
2505 2639 2781 2704 mentem,
2829 2634 3023 2690 subito
3078 2632 3268 2695 irruit.
3299 2636 3358 2688 et
3386 2632 3525 2688 inde
3557 2631 3702 2687 incu-

2055 2725 2254 2782 buisse
2281 2730 2340 2781 et
2371 2724 2651 2781 cecidisse
2681 2740 2857 2795 super
2885 2723 3201 2795 prophetas
3245 2721 3525 2794 Spiritum
3579 2737 3702 2776 san-

2056 2820 2216 2870 ctum
2241 2813 2514 2886 legimus,
2547 2811 2684 2885 quia
2709 2827 3014 2868 excessum
3056 2810 3294 2883 patitur,
3325 2814 3381 2866 et
3412 2810 3699 2870 turbatur,

2056 2908 2112 2959 et
2142 2902 2328 2969 timet,
2360 2909 2416 2958 et
2446 2900 2800 2974 quibusdam
2843 2898 3185 2973 ignorantiae
3212 2903 3269 2955 et
3298 2897 3702 2970 imprudentia:

2056 2991 2315 3047 tenebris
2347 2990 2701 3057 offunditur;
2735 2989 2890 3045 sicut
2920 2995 2975 3045 et
3006 2988 3066 3043 in
3097 2988 3343 3044 Actibus
3387 2985 3700 3059 aspostolo-

2060 3097 2192 3136 rum
2222 3079 2472 3152 legimus
2500 3083 2634 3151 (Aet.
2668 3095 2745 3145 Ix,
2776 3079 2830 3143 3,
2855 3076 2911 3148 4)
2943 3076 3083 3148 quia
3112 3074 3505 3132 circumfulsit
3534 3090 3707 3146 super

301 3162 433 3218 Haec
462 3161 763 3233 spectabat
795 3160 1111 3227 Abraham,
1147 3161 1267 3216 haec
1300 3161 1585 3234 profundo
1612 3166 1669 3217 et
1699 3160 1946 3233 spiritali
1980 3150 2023 3217 C
2061 3150 2304 3226 διαιυαὶ
2335 3169 2407 3224 de
2436 3150 2600 3230 caelo.
2629 3171 2685 3223 et
2714 3165 2940 3233 cecidit,
2973 3171 3031 3221 et
3072 3165 3311 3220 horrore
3359 3164 3544 3219 animi
3586 3167 3705 3217 tur-

301 3250 708 3306 considerabat
739 3249 975 3305 intuitu.

367 3340 457 3395 60.
492 3339 740 3411 Ideoque
771 3339 1059 3411 scriptum
1108 3343 1196 3394 est
1246 3357 1258 3394 :
1313 3339 1557 3395 Consedit
1587 3340 1701 3395 illis
1743 3339 1948 3394 Abram

301 3428 453 3498 (Gen.
486 3445 579 3495 xv,
611 3428 717 3496 10),
753 3444 868 3483 non
900 3428 1067 3499 quasi
1099 3427 1465 3500 aruspicinae,
1499 3430 1597 3484 sed
1633 3428 1801 3500 quasi
1834 3445 1945 3485 cae-

301 3515 464 3571 lestis
497 3515 866 3571 revelationis
898 3516 1204 3587 interpres,
1229 3516 1397 3589 signa
1428 3516 1635 3572 divinae
1667 3516 1948 3589 operatio-

303 3604 395 3659 nis
425 3603 752 3676 explorans.
789 3605 952 3661 Mens
982 3606 1138 3661 enim
1171 3606 1390 3661 directa
1438 3607 1509 3661 ad
1553 3606 1766 3662 Christi
1816 3623 1946 3678 gra-

302 3693 442 3748 tiam
473 3693 707 3747 videbat
737 3693 891 3748 hunc
924 3694 1211 3749 mundum
1244 3694 1481 3765 plenum
1514 3712 1641 3750 esse
1668 3695 1946 3766 iniquita-

304 3782 401 3845 tis,
435 3798 562 3852 qu.e
594 3780 748 3836 velut
778 3798 811 3836 a
841 3798 1073 3837 summo
1104 3782 1227 3837 cceli
1264 3782 1570 3849 volaret,et
1594 3784 1950 3855 opprimeret

305 3870 572 3926 infirmus
605 3875 767 3925 terra:
804 3887 816 3924 ς
853 3870 1195 3942 pudicitiam
1227 3876 1443 3940 autem,
1478 3872 1671 3938 tidem,
1706 3872 1946 3928 sinceri-

307 3964 484 4015 tatem
520 3958 697 4014 nullis
727 3978 855 4015 esse
881 3959 1160 4015 obnoxias
1192 3959 1566 4031 passionibus
1592 3978 1604 4016 :
1630 3962 1785 4017 389
1815 3978 1946 4017 ava-

306 4048 496 4104 ritiam
530 4065 683 4113 vero,
716 4054 771 4104 et
802 4047 1229 4104 sollicitudines
1274 4048 1469 4105 szeculi
1517 4049 1733 4122 quibus
1772 4050 1948 4106 sull‘o-

306 4141 514 4193 cantur
543 4138 639 4209 qui
671 4139 891 4194 habent
920 4137 1242 4211 voluptates
1273 4138 1626 4207 divitiarum,
1647 4138 1950 4195 dilacerari

307 4242 370 4281 ac
404 4226 602 4280 dividi.
634 4227 794 4283 Unde
825 4232 880 4282 et
906 4228 1118 4283 divitia:
1150 4227 1316 4282 dicta:
1347 4234 1488 4282 sunt
1517 4244 1667 4283 curae
1698 4233 1755 4283 et
1794 4227 1949 4300 cogi-

308 4315 554 4369 tationes
607 4315 811 4370 mundi
861 4315 1039 4385 hujus
1092 4317 1204 4389 (31)
1256 4317 1441 4373 Matth.
1475 4334 1595 4383 xm,
1630 4317 1742 4388 22),
1795 4317 1948 4388 quod

310 4406 566 4457 mentem
597 4403 874 4468 dividant,
899 4411 1074 4477 atque
1105 4405 1161 4459 in
1194 4406 1487 4461 diversum
1520 4406 1873 4472 scindant,et
1893 4405 1952 4460 in

310 4495 503 4561 partes
548 4491 800 4558 trahant,
853 4510 957 4547 nec
1004 4493 1202 4548 sinant
1257 4493 1655 4566 incorruptam
1713 4510 1841 4549 esse
1898 4498 1957 4549 et

310 4579 618 4649 integram.
651 4578 752 4633 Vir
781 4596 917 4651 ergo
948 4581 1199 4651 pacifica:
1247 4582 1459 4637 mentis
1507 4580 1864 4647 considebat,
1898 4586 1954 4637 et

310 4666 716 4722 considerabat
744 4676 1032 4739 quatenus
1057 4669 1359 4740 prohibere
1379 4670 1648 4725 cominus
1679 4675 1875 4741 posset
1891 4686 1959 4725 ea

311 4754 486 4821 mala,
518 4772 645 4827 quae
678 4756 1017 4813 hominibus
1047 4758 1430 4828 invehuntur;
1484 4775 1651 4814 mens
1682 4759 1836 4814 enim
1869 4775 1957 4813 sa-

310 4844 524 4921 pientis
557 4845 663 4900 viri
713 4863 779 4900 ac
821 4846 971 4916 justi
1016 4847 1231 4902 mederi
1266 4847 1462 4903 studet
1498 4846 1778 4903 humanis
1810 4846 1957 4903 easi-

310 4935 503 5002 bus,ct
539 4934 845 5007 prohibere
876 4952 943 4991 ac
973 4952 1230 4991 resecare
1261 4935 1589 4991 animarum
1622 4941 1957 4991 nostrarum

310 5023 559 5080 labores.

383 5165 495 5239 (3])
525 5167 864 5239 Amsatque
896 5169 1051 5235 Era.,
1087 5167 1234 5224 Unde
1278 5176 1327 5222 et
1375 5167 1565 5239 divisae
1608 5167 1770 5223 dictae
1806 5172 1955 5235 sunt,

311 5236 473 5308 quod,
505 5240 612 5292 etc.
655 5236 811 5305 Gilll,
856 5239 1003 5295 Unde
1049 5243 1101 5295 et
1143 5239 1356 5295 divitiae
1401 5238 1565 5294 dictae
1611 5242 1739 5293 sunt
1785 5254 1956 5308 curae,

314 5306 473 5374 quod,
507 5313 615 5362 etc.
649 5309 813 5363 Rom.
847 5310 1085 5375 omittit,
1119 5325 1289 5366 cura
1322 5310 1606 5364 Videntur
1635 5314 1828 5365 autem
1866 5306 1960 5365 hic

315 5376 643 5456 signiﬁcare
688 5382 1069 5456 Ambrosium
1122 5397 1341 5449 vocem,
1392 5381 1623 5456 divitas},
1676 5398 1710 5456 ξι
1763 5381 1958 5448 verbo,

315 5445 517 5525 (εἶ’ζδίάρν
549 5448 801 5502 "Oluisse
831 5452 1163 5525 deductam,
1196 5445 1337 5525 curn
1363 5445 1619 5525 minime
1643 5445 1960 5525 obscurum

317 5520 396 5568 sit
426 5520 609 5593 vjrrm
645 5526 911 5575 sanctum
946 5522 1204 5594 alludere
1252 5524 1322 5578 ad
1367 5521 1557 5577 locum
1608 5539 1638 5578 e
1685 5522 1963 5594 parabole

320 5592 633 5651 seminum,
668 5605 838 5658 quem
873 5592 1493 5649 notavimusNostram
1527 5592 1722 5649 autem
1756 5593 1961 5650 lectio-

2058 3259 2232 3315 batus
2274 3262 2383 3327 est,
2415 3264 2469 3312 et
2527 3255 2752 3311 audivit
2805 3270 3003 3311 vocem
3057 3254 3127 3309 de
3179 3252 3318 3308 caelo
3368 3252 3702 3308 dicentem:

2055 3347 2244 3414 Saule,
2267 3346 2454 3411 Saule,
2487 3344 2620 3417 quid
2649 3360 2737 3399 me
2764 3343 3103 3416 persequeris
3146 3341 3308 3415 (Ibid.
3342 3341 3442 3413 4)?
3489 3339 3707 3396 Desinit

2056 3435 2213 3492 enim
2262 3434 2455 3491 videre
2502 3432 2824 3501 saecularia,
2857 3432 2958 3504 qui
3002 3429 3206 3502 incipit
3252 3430 3460 3486 audire
3490 3428 3703 3484 divina.

2057 3524 2219 3581 Unde
2248 3528 2306 3580 et
2335 3522 2605 3578 timorem
2652 3519 2897 3577 Abrahaa
2946 3523 3004 3575 et
3055 3520 3323 3575 tenebras
3357 3517 3564 3573 mirari
3599 3534 3705 3573 non

2056 3613 2251 3680 debes,
2300 3609 2470 3683 quasi
2520 3613 2725 3682 printer
2776 3608 3050 3662 virtutem
3102 3611 3204 3661 aut
3252 3604 3534 3660 meritum
3585 3604 3707 3675 ejus

2056 3700 2395 3765 acciderint,
2446 3714 2580 3753 cum
2632 3696 3047 3769 prophetarum
3095 3692 3512 3749 consuetudini
3572 3709 3699 3748 con.

2056 3805 2263 3865 gruere
2307 3789 2593 3856 advertas,
2626 3785 2861 3856 quando
2910 3785 3207 3855 adjuncta,
3240 3786 3302 3837 ut
3352 3783 3706 3854 cognoscant

2057 3880 2253 3933 futura
2282 3877 2414 3947 (32).
3498 3868 3505 3873 ’

2127 3967 2218 4022 62.
2268 3963 2557 4019 Continuo
2599 3966 2797 4018 autem
2857 3960 3079 4016 dictum
3136 3958 3317 4015 habes
3372 3958 3447 4013 ad
3506 3974 3645 4014 eum
3692 3975 3704 4011 :

2059 4054 2285 4112 Sciendo
2326 4054 2462 4108 scies
2510 4050 2652 4123 quod
2690 4050 3054 4122 peregrinum
3099 4049 3205 4103 erit
3250 4063 3433 4103 semen
3466 4055 3625 4101 tuum
3658 4047 3711 4099 in

2058 4153 2205 4201 terra
2232 4159 2343 4198 non
2383 4157 2505 4206 sua,
2553 4148 2604 4195 et
2652 4140 2874 4194 servitio
2919 4138 3316 4209 opprimentur,
3349 4140 3403 4192 et
3448 4136 3715 4191 nocebunt

2058 4235 2161 4300 eis,
2218 4235 2270 4287 et
2328 4228 2701 4286 humiliabunt
2749 4243 2837 4283 eos
2884 4228 3046 4283 annis
3103 4225 3524 4297 quadringentis
3564 4223 3713 4296 (Gen.

2060 4339 2152 4387 xv,
2186 4320 2297 4389 l3).
2330 4318 2535 4374 Merito
2581 4316 2927 4372 tenebrosus
2958 4316 3111 4372 340
3140 4314 3346 4369 horror
3375 4318 3433 4368 et
3465 4329 3719 4386 magnus

2061 4411 2250 4466 factus
2279 4410 2387 4473 est,
2421 4406 2560 4478 quia
2588 4420 2803 4477 magna
2832 4404 3068 4460 oracula
3114 4402 3552 4469 deferebantur,
3585 4416 3716 4456 eum

1985 4514 2032 4580 D
2064 4499 2135 4554 de
2182 4494 2400 4570 populo
2447 4492 2797 4551 saeculorum
2847 4492 3097 4548 dabatur
3145 4494 3527 4580 praeceptum.
3562 4490 3716 4554 Quo-

2066 4586 2238 4642 modo
2272 4589 2392 4640 tam
2423 4582 2590 4639 facile
2621 4596 2825 4655 capere
2855 4580 3012 4636 istud
3048 4596 3214 4636 mens
3246 4579 3513 4635 humana
3560 4583 3715 4650 pote-

2065 4679 2174 4742 rat,
2207 4673 2459 4729 maxime
2488 4687 2615 4742 quis
2646 4669 3088 4737 admonebatur,
3123 4674 3188 4724 ut
3217 4668 3276 4723 in
3308 4666 3418 4723 hac
3464 4664 3715 4739 peregri—

2067 4765 2306 4818 naretur
2348 4759 2541 4815 terra?
2571 4759 2697 4815 Non
2746 4757 2902 4813 enim
2950 4763 3068 4813 tam
3117 4774 3241 4828 qua:
3290 4756 3506 4811 futura;
3555 4756 3719 4811 erant

2066 4850 2531 4915 declarabantur,
2564 4864 2691 4920 quae
2721 4845 3250 4919 praescribebantur
3277 4861 3405 4913 quae
3453 4842 3720 4899 facienda

2067 4940 2238 4996 nobis
2264 4939 2455 4996 forent
2487 4954 2500 4992 :
2533 4937 2918 5005 Peregrinum,
2951 4934 3165 5006 inquit,
3198 4936 3305 4989 erit
3330 4948 3520 4988 semen
3540 4937 3716 4995 tuum,

2068 5029 2187 5085 sive
2213 5027 2353 5100 quia
2382 5042 2586 5082 omnes
2616 5023 2883 5081 homines
2911 5022 3199 5096 peregrini
3222 5038 3352 5078 esse
3375 5021 3717 5085 debeamus,

2069 5186 2204 5225 nem
2234 5159 2603 5225 constituunt
2631 5183 2747 5223 non
2777 5164 2950 5236 modo
2972 5180 3073 5236 sex
3097 5179 3397 5236 mss.quos
3424 5159 3718 5236 consului-

2069 5258 2224 5309 mus,
2257 5240 2357 5297 sed
2398 5237 2598 5305 etiam,
2626 5242 2772 5309 teste
2801 5235 2954 5309 AGill.
3007 5235 3068 5290 in
3114 5233 3291 5309 variis
3340 5233 3713 5309 lectionibus,

2069 5302 2235 5369 Sorb'.
2284 5302 2599 5378 exemplar,
2650 5313 2708 5364 et
2752 5304 3431 5378 Dion.7vetustissimum
3486 5321 3613 5377 quae
3658 5302 3713 5356 in

2070 5383 2202 5439 istis
2233 5377 2601 5439 bibliotbecis
2619 5380 2744 5451 jam
2778 5395 2893 5433 non
2924 5377 3322 5451 inveniuntur.

2142 5455 2254 5527 (32)
2284 5453 2501 5508 Omnes
2529 5447 2667 5527 edit.
2701 5466 2833 5527 cum
2866 5448 3058 5504 tribus
3086 5465 3253 5527 mss...
3285 5447 3508 5527 quando
3526 5458 3714 5527 cogno-

2069 5518 2246 5582 scunt'
2272 5527 2489 5595 futuaa.
2534 5523 2676 5579 Mss.
2711 5522 2994 5595 quinque,
3025 5519 3563 5595 quandeadjuncm,
3608 5518 3711 5571 etc.

2071 5592 2668 5667 Subintelligendum,
2696 5592 2826 5648 sunt
2849 5593 3018 5649 timor
3034 5592 3089 5648 et
3119 5592 3379 5658 tenebrae,
3413 5594 3526 5645 etc.
3577 5626 3585 5634 ι
