3878 6208
175 5043 185 5052 -
248 5015 351 5065 etc.
408 5012 554 5068 Item

192 400 342 466 ‘509

1500 394 1599 456 DE
1638 392 2029 457 'ABRAHAM
2074 392 2219 455 LIB.
2266 392 2342 454 II.

3506 393 3625 453 510

230 533 287 593 in
312 533 420 593 hac
446 539 624 600 terra,
658 530 920 591 omnium
952 526 1165 588 etenim
1198 529 1361 604 pater
1409 532 1497 586 est
1536 526 1862 584 Abraham:
1898 528 1953 595 Α
1983 530 2363 601 sumpserunt
2392 527 2463 585 ab
2493 526 2775 602 .Egyptiis
2808 530 3029 585 mutuo.
3061 526 3148 584 vel
3185 546 3377 596 aurea,
3410 528 3620 600 inquit,

231 625 343 683 sive
372 624 513 697 quia
544 640 749 679 verum
780 618 1237 678 semenAbrahie
1266 618 1741 693 peregrineturin
1760 617 1868 673 hoc

238 715 474 770 mundo‘.
501 712 651 768 Illud
693 711 849 768 enim
881 726 1081 766 verum
1130 725 1331 765 semen
1377 712 1486 773 est,
1539 710 1607 763 de
1639 723 1753 779 quo
1785 707 1867 761 di-

238 810 388 859 ctum
421 805 512 858 est
541 820 555 857 :
590 801 647 856 In
698 802 850 856 Isaac
898 801 1001 855 erit
1020 813 1201 853 semen
1251 801 1402 851 tuam
1436 796 1583 869 (Gen.
1609 814 1722 861 χχι,
1758 797 1866 867 12).

233 892 482 963 Denique
516 891 617 962 qui
645 907 707 946 se
737 888 983 944 Abrahae
1016 886 1307 942 hmrcdem
1362 886 1715 959 agnoscebat
1749 884 1866 940 ait:

226 981 440 1038 Advena
484 995 585 1048 ego
628 995 753 1034 sum
803 980 858 1032 in
907 978 1007 1033 hac
1043 984 1190 1031 terra
1238 984 1289 1031 et
1338 977 1679 1047 peregrinus,
1707 975 1869 1047 isic-ut

228 1086 405 1126 omnes
432 1072 622 1140 patres
650 1069 760 1123 mci
791 1067 957 1139 (Psal.
991 1083 1220 1131 xxxvm,
1255 1065 1361 1137 13).
1411 1063 1519 1130 Qui
1567 1064 1724 1119 enim
1772 1079 1870 1135 pe-

231 1157 496 1231 regrinus
528 1156 626 1212 hic
658 1156 852 1221 fuerit,
903 1154 1043 1210 civis
1093 1155 1153 1210 in
1202 1154 1335 1209 caelo
1382 1158 1489 1221 est,
1543 1154 1642 1225 qui
1677 1156 1871 1208 autem

231 1249 283 1303 in
316 1247 421 1303 hac
454 1252 615 1302 terra
644 1262 878 1301 omnem
910 1245 1117 1300 anima:
1149 1261 1267 1299 suae
1302 1242 1691 1299 substantiam
1736 1259 1870 1296 con-

231 1336 587 1393 stituendam
620 1333 927 1408 putaverit,
961 1333 1478 1404 haareditatemque
1496 1331 1676 1402 hujus
1710 1336 1871 1386 terra:

232 1424 650 1497 acquirendam
684 1421 1062 1479 exsultaverit
1088 1422 1219 1492 (33),
1253 1439 1287 1477 θ,
1317 1422 1417 1477 Dei
1476 1437 1654 1492 regno
1681 1419 1870 1475 exclu-

231 1514 416 1570 detur.
451 1512 618 1569 Unde
646 1511 961 1585 Apostolus
991 1511 1059 1566 ad
1093 1509 1292 1566 fideles
1323 1510 1498 1579 viros,
1521 1514 1576 1565 et
1606 1509 1758 1565 cives
1786 1511 1872 1563 Je~

233 1603 484 1659 rusalem
519 1601 682 1657 illius
713 1619 839 1673 qua:
874 1602 928 1655 in
979 1598 1120 1656 coelo
1152 1605 1260 1667 est,
1318 1604 1374 1655 et
1424 1598 1689 1655 Ecclesiae
1723 1597 1875 1654 filios

231 1691 406 1747 dicit:
442 1693 589 1760 Ergo
612 1691 737 1762 jam
766 1704 874 1744 non
920 1691 1047 1745 estis
1095 1688 1315 1744 advenae
1359 1691 1522 1759 atque
1545 1689 1828 1761 peregrini
1860 1704 1871 1741 :

228 1780 316 1836 sed
358 1782 487 1836 estis
537 1781 682 1834 cives
728 1781 1061 1844 sanctorum,
1112 1787 1162 1832 et
1207 1777 1486 1833 domestici
1538 1779 1629 1833 Dei
1659 1777 1873 1849 (Ephes.

226 1887 284 1938 ιι,
317 1869 428 1940 19).
462 1868 599 1924 Non
628 1885 765 1941 ergo
796 1868 918 1966 haec
949 1872 1104 1924 terra
1136 1871 1335 1966 nostra
1367 1871 1474 1936 est,
1513 1867 1582 1966 de
1624 1884 1739 1937 qua
1769 1883 1869 1966 po-
1907 1901 1954 1966 Β

228 1963 337 2014 test
366 1957 654 2030 princeps
676 1956 883 2012 mundi
918 1957 1098 2027 hujus
1127 1956 1318 2012 dicere
1346 1956 1659 2011 ostendens
1681 1956 1877 2011 omnia

231 2063 405 2119 regna
454 2046 627 2102 orbis
669 2051 873 2101 terras:
925 2046 1038 2101 Tibi
1089 2046 1226 2101 dabo
1270 2048 1586 2117 potestatem
1633 2045 1792 2112 hanc,
1829 2046 1878 2099 si

227 2135 514 2208 providens
545 2135 861 2191 adoravcris
884 2152 967 2191 me
998 2134 1211 2206 (Matth.
1244 2151 1317 2201 ιν,
1353 2135 1407 2205 8)
1434 2153 1446 2189 :
1480 2139 1652 2191 erunt
1683 2134 1880 2188 omnia

232 2233 327 2280 tua
355 2241 485 2296 qua:
520 2223 641 2280 sibi
672 2223 844 2279 alieni
866 2224 1183 2291 vindicant,
1209 2228 1263 2278 et
1285 2223 1516 2279 servitio
1538 2222 1879 2294 opprimunt

232 2313 509 2386 populum
552 2312 673 2377 Dei,
706 2318 772 2368 ut
800 2314 983 2369 servis
1013 2313 1141 2384 ejus
1190 2329 1416 2381 nocere,
1460 2317 1518 2368 et
1565 2311 1877 2367 humiliare

232 2407 510 2458 conentur
548 2406 782 2458 sanctos
812 2401 935 2457 Dei.
960 2402 1223 2473 Denique
1252 2400 1377 2473 ipse
1408 2401 1589 2456 Filius
1610 2400 1706 2455 Dei
1733 2399 1879 2455 nihil

233 2491 336 2548 sibi
368 2508 438 2548 ex
468 2491 587 2547 hoc
617 2491 836 2545 mundo
864 2490 1276 2546 vindicandum
1313 2491 1556 2562 putavit,
1580 2490 1735 2545 unde
1757 2490 1874 2545 ait:

238 2584 383 2638 Venit
410 2580 615 2636 mundi
643 2581 806 2651 hujus
832 2582 1106 2651 princeps,
1140 2587 1191 2634 et
1236 2582 1297 2634 in
1340 2595 1424 2634 me
1470 2580 1707 2634 inveniet
1734 2581 1878 2635 nihil

231 2671 404 2740 (Joan.
434 2686 561 2735 xxv,
607 2669 726 2738 30).
774 2668 994 2724 Diversi
1043 2685 1179 2739 ergo
1229 2668 1451 2724 domini
1511 2668 1569 2722 in
1602 2669 1881 2724 servitute

238 2776 339 2815 nos
393 2759 608 2815 volunt
663 2764 881 2822 tenere,
939 2758 1192 2812 incessat
1250 2756 1541 2823 diabolus,
1599 2757 1881 2813 infestant

234 2848 421 2922 angeli
465 2848 605 2920 ejus
664 2846 966 2919 passiones
1027 2851 1337 2917 motusque
1404 2847 1663 2917 corporis
1726 2846 1883 2902 velut

237 2936 540 2994 domestici
577 2938 751 3007 atque
779 2934 1043 2990 intestini
1089 2935 1287 2991 hostes
1339 2935 1684 3007 inquietant.
1719 2936 1882 2991 Foris

238 3042 458 3098 pugnae,
496 3025 664 3079 intus
697 3024 978 3079 timores:
1014 3023 1155 3078 foris
1191 3040 1420 3095 pugnae,
1473 3023 1632 3079 intus
1663 3024 1882 3096 cupidi-

237 3118 400 3170 tates.
432 3113 647 3169 Aliena
676 3118 766 3168 est
794 3111 949 3167 enim
984 3112 1195 3167 interni
1244 3111 1504 3184 corporis
1548 3113 1883 3168 substantia

239 3201 472 3274 puritati
505 3200 725 3268 cordis,
760 3206 815 3256 et
844 3200 973 3256 ideo
1016 3200 1341 3273 impugnat,
1395 3200 1482 3256 vel
1525 3207 1677 3257 certe
1708 3217 1881 3273 repu-

1981 616 2063 673 vel
2098 625 2371 691 argentea
2401 619 2617 690 quibus
2645 620 2717 674 ad
2767 624 3002 692 tempus
3054 624 3377 687 uterentur,
3422 637 3621 676 secum

1979 724 2048 763 au
2061 708 2327 773 ferant,et
2352 709 3367 782 depraedentur.£g3'ptios(Excitat”,
3395 712 3485 776 35,
3508 712 3621 777 36).

1980 796 2107 852 Haec
2135 815 2271 853 vasa
2301 803 2647 870 acceperunt
2696 798 2990 855 voluntate
3028 799 3280 866 Domini,
3334 804 3390 855 et
3422 817 3622 856 secum

1980 904 2047 941 ea
2079 887 2369 953 auferunt,
2405 887 2543 959 quia
2573 889 3017 944 resurrectionis
3051 888 3153 943 filii
3204 893 3362 954 sunt,
3408 890 3624 961 quibus

1981 975 2226 1030 dicitur:
2256 977 2401 1033 34]
2440 979 2554 1032 Non
2600 979 2805 1049 peribit.
2840 980 3071 1049 capillus
3119 979 3183 1034 de
3229 981 3406 1051 capite
3455 982 3626 1035 vestro

1982 1065 2133 1135 (Lac.
2168 1082 2283 1131 xxu,
2319 1066 2426 1135 18).
2461 1066 2616 1121 Vasa
2666 1067 2787 1121 haec
2841 1067 3090 1139 [Egyptii
3149 1068 3454 1135 dederunt,
3499 1085 3624 1139 quae

1984 1155 2053 1209 de
2081 1164 2232 1209 terra
2279 1154 2613 1210 afﬂictionis
2657 1161 2797 1210 sunt
2843 1163 3183 1228 assumpta;
3236 1163 3293 1212 et
3342 1162 3482 1213 sunt
3512 1158 3627 1213 alia

1984 1260 2179 1311 aurea,
2216 1243 2328 1298 alia
2358 1251 2649 1315 argentea,
2687 1244 2825 1316 quia
2845 1246 3036 1301 omnis
3058 1247 3425 1302 creaturaDei
3450 1248 3620 1310 bona,

1983 1339 2038 1387 et
2071 1331 2321 1387 maxime
2354 1332 2611 1390 hominis
2642 1334 2697 1388 in
2727 1335 2894 1389 terris
2914 1335 3420 1407 praestantissima,
3449 1352 3623 1409 quam

1983 1420 2288 1476 honoravit
2319 1422 2494 1488 Deus,
2530 1427 2592 1477 ut
2613 1424 2925 1494 inspiraret
2956 1425 3011 1478 in
3042 1424 3250 1480 faciem
3283 1426 3413 1495 ejus
3456 1425 3625 1497 Spiri-

1983 1514 2108 1564 tum
2177 1508 2326 1575 vitie,
2388 1516 2444 1566 et
2499 1512 2774 1567 omnibus
2830 1514 3144 1583 prmlieerct
3203 1514 3625 1569 animantibus.

1984 1598 2112 1652 Haec
2143 1598 2244 1653 illa
2273 1604 2413 1654 sunt
2437 1617 2577 1656 vasa
2608 1601 2677 1655 de
2704 1600 2920 1672 quibus
2953 1602 3090 1655 dicit
3120 1602 3436 1672 Apostolus
3462 1619 3474 1657 :
3522 1606 3628 1658 Ha~

1987 1689 2169 1743 bemus
2201 1688 2521 1744 thesaurum
2554 1692 2613 1744 in
2642 1692 2787 1745 vasis
2837 1691 3099 1760 ﬁctilibus
3150 1693 3220 1761 (II
3279 1694 3402 1748 Cor.
3439 1710 3515 1760 ιν,
3548 1695 3623 1764 7).

1988 1776 2114 1831 Ηωο
2146 1782 2235 1832 est
2263 1778 2440 1833 vestis
2497 1777 2895 1850 .Egyptiorum
2956 1796 3073 1851 qua
3128 1780 3372 1836 vestitur
3435 1782 3632 1837 anima

1989 1870 2208 1930 nostra,
2241 1871 2305 1920 ut
2332 1865 2678 1939 locupletior
2702 1867 2839 1923 hinc
2871 1870 3122 1936 recedat,
3157 1874 3215 1925 et
3245 1886 3360 1940 quo
3389 1869 3484 1925 hic
3536 1887 3629 1926 ve-

1989 1952 2294 2010 hementer
2326 1955 2651 2025 laborabat,
2692 1955 2991 2013 liberetur.
3029 1959 3153 2014 Non
3212 1959 3403 2015 solum
3470 1958 3627 2015 enim

1988 2045 2179 2099 omnis
2208 2047 2477 2101 creatura
2506 2045 2859 2117 ingemiscit,
2893 2051 2948 2101 et
2993 2049 3261 2118 parturit,
3310 2049 3409 2103 sed
3454 2047 3629 2103 etiam

1989 2151 2116 2203 nos,
2149 2134 2331 2189 donec
2363 2133 2554 2189 veniat
2597 2134 2918 2207 redemptio
2960 2137 3219 2207 corporis
3259 2139 3464 2194 nostri.
3521 2141 3631 2195 Ha-

1989 2224 2083 2278 bet
2104 2224 2388 2278 Dominus
2411 2240 2609 2278 curam
2630 2224 2825 2295 operis
2847 2224 2960 2292 sui,
2994 2225 3169 2281 habet
3190 2230 3412 2282 naturis
3444 2246 3633 2301 prom-

1988 2318 2098 2385 ptae
2128 2312 2185 2365 in
2219 2311 2532 2383 plerisque,
2567 2312 2636 2366 ad
2681 2313 2964 2369 rationem
3016 2314 3131 2384 (36)
3190 2332 3255 2371 ac
3287 2316 3625 2375 benevolen-

1989 2398 2153 2453 tiam.
2187 2398 2383 2469 Neque
2415 2399 2571 2453 enim
2602 2397 2787 2454 excidi
2810 2404 2865 2455 et
2886 2401 3072 2471 perire
3097 2402 3352 2472 patimur
3373 2405 3630 2469 arbores.

1990 2504 2241 2559 quarum
2273 2487 2429 2542 circa
2460 2487 2682 2558 primos
2713 2490 2939 2545 fructus
2964 2491 3132 2547 nobis
3158 2492 3351 2548 fetura
3372 2510 3635 2566 prorum-

1990 2576 2094 2648 pit,
2130 2575 2178 2630 si
2210 2575 2527 2647 posteriore
2557 2581 2724 2632 aetate
2754 2595 2853 2634 eas
2884 2582 3206 2635 autventus
3230 2582 3506 2650 decutiat,
3535 2590 3635 2640 aut

1991 2664 2077 2720 sol
2108 2665 2334 2733 adurat,
2371 2670 2471 2720 aut
2497 2665 2841 2721 sul’ficienda
2884 2672 2940 2721 et
2987 2669 3491 2727 subministranda
3518 2673 3629 2728 vir-

1989 2756 2111 2809 tute
2137 2753 2504 2810 siccitatibus
2533 2754 2765 2809 deﬁciat
2796 2756 3130 2812 substantia
3164 2758 3273 2829 (37)
3300 2776 3313 2813 :
3357 2761 3457 2815 sed
3513 2778 3632 2817 me-

1990 2842 2237 2898 lioribus
2297 2843 2458 2898 auris
2517 2843 2845 2900 differimus
2903 2846 3343 2903 examinandas.
3391 2849 3461 2903 Et
3507 2850 3634 2906 ideo

1991 2930 2275 2985 Dominus
2306 2930 2460 2986 Deus
2494 2936 2690 2986 noster
2732 2933 2893 2987 bona:
2950 2932 3263 2992 voluntatis
3298 2952 3633 2994 remunera-

1990 3024 2101 3085 tor,
2134 3018 2311 3074 etiam
2370 3019 2574 3091 primae
2628 3020 2825 3076 fetura:
2875 3026 3051 3093 atque
3100 3023 3317 3080 indolis
3363 3025 3474 3097 (38)
3508 3043 3636 3082 con-

1993 3107 2435 3179 templationem
2461 3108 2685 3165 habens
2716 3127 2888 3165 omne
2923 3110 3120 3183 colligi
3166 3114 3386 3184 patitur
3421 3117 3634 3171 animae

1996 3201 2206 3252 nostra:
2232 3196 2649 3268 patrimonium
2681 3203 2737 3254 et
2786 3199 3083 3266 reservari,
3131 3202 3311 3257 futuri
3352 3203 3635 3261 adventus

239 3263 390 3364 .gnat.
424 3288 659 3346 Bellum
689 3263 825 3378 ergo
856 3263 1263 3360 quotidianum
1293 3263 1401 3360 est,
1433 3293 1490 3345 et
1508 3289 1658 3344 intra
1692 3263 1883 3345 castra
1915 3263 1957 3330 C
1998 3283 2139 3378 illud
2171 3263 2523 3378 edebaturus
2555 3287 2853 3378 temperie.

242 3381 434 3436 eadem
465 3396 649 3453 grave
682 3377 967 3450 praelium,
1000 3379 1183 3435 donec
1214 3379 1367 3434 Deus
1399 3377 1733 3435 misericors
1760 3378 1883 3433 dia-

242 3466 432 3523 bolum
494 3471 679 3538 atque
744 3466 1048 3522 ministros
1113 3468 1243 3539 ejus
1278 3466 1526 3538 judicet,
1578 3466 1883 3538 passiones

138 3572 151 3587 ο
242 3556 591 3629 restinguat,
622 3571 687 3610 ac
720 3556 996 3626 subjiciat
1023 3558 1203 3611 menti
1227 3555 1441 3612 sedula:
1465 3556 1595 3627 (3i),
1620 3557 1887 3628 exquirat

242 3644 462 3701 animas
498 3648 736 3700 nostras
765 3644 837 3700 de
867 3644 1142 3701 omnibus
1171 3644 1531 3714 offensionis,
1564 3650 1621 3700 et
1642 3644 1884 3717 periculi

245 3735 417 3789 nostri
450 3734 818 3800 auctoribus,
853 3734 952 3806 qui
993 3733 1110 3789 ait:
1170 3734 1503 3805 Sanguinem
1554 3734 1887 3790 animarum

243 3827 545 3879 vestrarum
573 3825 869 3892 exquiram
894 3822 959 3877 de
995 3823 1247 3878 manibus
1293 3825 1543 3879 omnium
1590 3824 1887 3879 bestiarum

246 3910 386 3982 (Gen.
419 3930 504 3979 1x,
538 3911 616 3982 5).
649 3911 719 3965 Et
746 3911 1003 3968 Joannes
1054 3911 1200 3966 vidit
1242 3916 1299 3966 et
1329 3911 1509 3968 dixit:
1571 3912 1712 3980 Quia
1740 3929 1885 3969 mors

243 4004 292 4055 et
342 4002 603 4073 infernus
656 4002 815 4055 missi
867 4004 993 4056 sunt
1051 4003 1109 4055 in
1159 4010 1422 4071 stagnum
1485 4003 1631 4071 ignis
1697 4003 1882 4073 (Apoc.

244 4090 483 4161 111,14).
539 4128 545 4141 .

305 4179 390 4234 63.
425 4185 640 4250 Itaque
668 4176 1102 4249 exibuntjusti,
1137 4184 1201 4233 ut
1226 4178 1372 4233 nihil
1424 4179 1497 4233 de
1545 4195 1651 4234 suo
1684 4177 1883 4235 dimit-

244 4269 361 4322 tant
390 4269 446 4323 in
486 4266 597 4322 hac
630 4273 818 4323 terra:
852 4284 925 4323 ne
956 4267 1143 4339 spolia
1173 4284 1373 4323 eorum
1408 4267 1699 4323 residcant
1728 4270 1881 4340 apud

244 4354 461 4412 incolas
493 4361 552 4411 et
579 4371 950 4426 possessores
982 4355 1152 4412 istius
1196 4360 1380 4412 terrae.
1429 4356 1537 4420 Qui
1587 4356 1763 4413 etiam
1797 4358 1881 4413 sic

246 4444 490 4500 abibunt
519 4444 590 4499 de
648 4451 806 4500 terra
860 4444 1087 4517 {Egypti
1152 4446 1288 4511 ista,
1321 4451 1385 4500 ut
1417 4462 1554 4500 vasa
1606 4446 1717 4517 (35)
1753 4462 1878 4517 quae

310 4584 417 4665 (33)
451 4585 620 4640 Rom.
651 4585 811 4651 edit.,
874 4586 1269 4665 inquirentium
1322 4587 1429 4641 sibi
1484 4588 1881 4665 existimaverit

2063 3374 2155 3428 64.
2190 3374 2413 3429 Memor
2441 3373 2636 3446 itaque
2664 3374 2756 3429 sui
2790 3376 3053 3432 muneris
3101 3378 3251 3449 quod
3308 3378 3637 3438 immortale

1993 3459 2175 3517 voluit
2204 3478 2333 3517 esse
2363 3462 2565 3534 aequis,
2600 3463 2698 3518 sed
2733 3463 2780 3519 si
2814 3463 2984 3537 culpa
3016 3482 3132 3521 non
3181 3466 3531 3539 obrepsisset
3580 3474 3638 3525 et

1994 3549 2184 3623 gravis
2217 3568 2340 3621 quae
2371 3551 2505 3607 fecit
2531 3555 2592 3606 ut
2622 3568 2736 3607 non
2770 3554 3067 3625 expediret.
3095 3554 3363 3612 homines
3411 3557 3510 3613 diu
3551 3558 3633 3612 vi-

1996 3654 2143 3705 vere,
2180 3638 2259 3693 ait
2305 3638 2375 3694 ad
2429 3639 2767 3697 Abraham:
2833 3646 2911 3697 Tu
2957 3647 3141 3698 autem
3198 3645 3302 3699 ibis
3331 3648 3400 3701 ab
3425 3662 3633 3715 paren-

1995 3737 2073 3782 tes
2101 3731 2223 3782 tuos
2253 3744 2375 3782 cum
2398 3745 2546 3800 pace,
2596 3732 2838 3786 nutritas
2886 3733 2944 3786 in
2981 3742 3250 3789 senectute
3300 3735 3436 3791 bona
3476 3736 3632 3808 (Gen.

1994 3833 2085 3882 xv,
2126 3817 2227 3886 15).
2263 3815 2484 3871 Patitur
2516 3834 2619 3873 nos
2642 3818 2937 3876 discedere
2980 3821 3093 3893 (39)
3143 3840 3209 3877 ex
3258 3823 3366 3880 hoc
3401 3826 3632 3895 sesculo,

1996 3910 2051 3960 et
2083 3905 2415 3962 secessione
2447 3907 2654 3962 anima:
2689 3908 2797 3964 hoc
2830 3926 3041 3981 corpus
3078 3911 3403 3971 resolvatur
3431 3915 3486 3970 in
3521 3920 3635 3971 ter-

1996 4010 2121 4048 ram
2155 4011 2345 4059 suum,
2376 4000 2432 4049 et
2465 3996 2564 4050 ﬁat
2595 3996 2726 4051 finis
2758 3999 3009 4069 peccati:
3061 4000 3269 4055 deinde
3313 4019 3413 4072 per
3442 4020 3635 4059 resur-

1996 4082 2310 4138 rectionem
2358 4084 2706 4140 refermetur
2745 4086 2952 4141 divina:
3002 4086 3371 4144 liberalitatis
3424 4094 3632 4163 gratia.

1993 4170 2243 4241 Ideoque
2272 4170 2412 4225 dicit
2442 4174 2511 4227 ad
2538 4173 2866 4228 Abraham:
2905 4176 2975 4229 Ta
3008 4176 3111 4229 ibis
3153 4176 3221 4230 ad
3262 4187 3447 4248 patres
3495 4185 3631 4238 tuos.

1993 4257 2266 4315 Nonnulli
2300 4264 2647 4330 putaverunt
2678 4265 2872 4333 patres
2901 4280 3029 4318 esse
3063 4263 3370 4334 elementa,
3404 4284 3475 4322 ex
3505 4270 3635 4341 qui-

1992 4348 2102 4403 bus
2133 4352 2361 4403 eonstat
2391 4366 2524 4403 caro
2555 4354 2755 4405 nostra
2785 4351 2927 4406 dum
2981 4352 3245 4419 vivimus,
3298 4363 3354 4412 et
3406 4356 3464 4412 in
3508 4375 3635 4430 quae

1990 4435 2352 4492 resolvimur.
2386 4438 2495 4493 Sed
2530 4455 2634 4493 nos
2667 4438 2765 4511 qui
2792 4440 3170 4499 meminimus
3195 4453 3438 4502 matrem
3468 4448 3636 4504 nobis

2064 4580 2174 4654 (37)
2208 4581 2366 4635 Hane
2395 4580 2698 4637 lectionem
2760 4600 2887 4654 quae
2947 4586 3123 4639 trium
3192 4604 3333 4642 mss.
3399 4605 3463 4643 ac
3496 4590 3632 4644 edit.

248 4640 377 4711 Aliae
402 4640 616 4712 bmnes
638 4673 769 4711 cum
799 4640 961 4712 'mss.‘
980 4640 1319 4712 omnibus...
1353 4640 1755 4713 emanauerit:
1777 4640 1881 4714 iiii;
1915 4640 1961 4702 ί)
1992 4640 2256 4706 οῐῐὶῐιίίῖῐη
2292 4657 2398 4719 θεῖ,
2435 4670 2500 4707 ΘΟ
2534 4640 2856 4710 Γθὶίηϐῐηιυε
2882 4658 3035 4724 (ἶυοά
3071 4660 3184 4712 alia
3216 4640 3331 4714 τίοῆ
3373 4640 3640 4715 (laser—Fat

247 4732 433 4801 autem
471 4743 683 4801 sensus
711 4745 840 4783 esse
884 4735 1095 4798 potest,
1148 4727 1521 4784 exsultaverit
1570 4730 1726 4801 quod
1770 4730 1879 4785 sibi

245 4799 593 4865 requirenda
622 4800 720 4865 sit,
754 4806 864 4854 etc.

345 4815 593 4855 uirenaa
622 4815 720 4865 sit,
754 4815 864 4854 etc.

304 4815 421 4951 (ξω)
474 4868 1030 4951 Item,_ed_.'t.‘sola,
1085 4872 1259 4951 inanti
1296 4869 1533 4951 feriatae.
1584 4872 1657 4951 Et
1672 4876 1883 4951 gentem

246 4941 332 4994 cui
376 4942 615 5013 servient
646 4941 903 5013 judicabo
949 4957 1045 5010 ego
1078 4942 1224 5013 dicit
1289 4941 1566 4996 Dominus.
1617 4944 1883 5013 Exquirth

616 5017 747 5082 post
803 5011 1026 5084 aliquot
1075 5011 1260 5084 lineas
1314 5014 1377 5065 in
1433 5021 1688 5079 stagnum
1709 5011 1879 5083 ignis.

247 5085 369 5206 (gat
398 5084 669 5206 hectvero
700 5083 1039 5139 revertentur
1067 5083 1169 5139 huc
1194 5100 1320 5139 cum
1356 5084 1684 5156 supellectili
1706 5086 1883 5141 multa

329 5168 450 5206 aue.
484 5169 515 5206 ρ
544 5170 595 5206 e.

363 5170 450 5209 ue.
484 5158 595 5209 etc.

315 5196 603 5297 (335),Edit.
632 5241 837 5281 omnes
866 5242 1001 5280 cum
1034 5225 1229 5280 tribus
1262 5241 1428 5291 mss.,
1472 5228 1607 5294 Quae
1663 5229 1883 5282 etiamsi

248 5292 471 5369 abibant
498 5296 565 5351 de
592 5304 737 5352 terra
769 5299 877 5352 ista
909 5313 1060 5369 vasa,
1094 5303 1227 5361 etc.,
1261 5292 1558 5369 mendose.
1591 5302 1707 5352 Nos
1737 5315 1879 5369 qua-

250 5367 377 5420 tuor
404 5383 547 5423 mss.
608 5368 953 5423 auctoritate
985 5368 1178 5423 locum
1209 5368 1613 5424 correctiorem
1645 5367 1878 5424 damus.

316 5435 429 5522 (3t?)
462 5437 541 5522 Ita
582 5439 777 5522 cuncti
830 5455 987 5522 mss...
1027 5443 1083 5494 et
1130 5444 1243 5522 vet;
1289 5439 1429 5522 edit.
1466 5444 1671 5522 printer
1702 5456 1878 5522 quam

253 5507 401 5575 quod
433 5508 529 5591 ubi
565 5510 745 5565 nostri
872 5512 1161 5591 rationem.
1197 5509 1325 5592 Vat:
1358 5507 1492 5565 cum
1527 5510 1665 5565 edit.
1718 5507 1880 5583 legit,

252 5575 318 5630 ad
345 5585 662 5654 orationem
709 5580 1093 5654 Subintoltige
1134 5582 1462 5654 utrobique,
1524 5594 1713 5654 caram
1752 5586 1883 5654 post

253 5648 480 5706 verbum
512 5653 689 5707 habet.
721 5654 793 5708 At
823 5652 962 5708 edit.
994 5648 1161 5712 Rom.
1195 5648 1419 5723 imprae
1447 5669 1509 5707 se
1530 5653 1682 5720 fert,
1722 5648 1882 5710 habet

256 5722 459 5776 naturae
484 5725 730 5794 propriae
760 5727 815 5780 in
844 5725 1119 5797 plerisque
1148 5722 1437 5795 rationem,
1472 5729 1580 5779 etc.

1995 4725 2377 4801 einemlatior.
2422 4725 2647 4781 Etenim
2696 4743 2840 4801 mss.
2888 4729 3083 4801 Dom,
3136 4731 3336 4801 Long.,
3390 4732 3548 4787 Colb.
3584 4737 3640 4787 et

1995 4793 2139 4848 Maz.
2174 4794 2257 4849 sic
2284 4795 2517 4861 habent,
2569 4802 2629 4851 ut
2688 4799 2769 4852 sol
2829 4798 3067 4855 adauxit:
3127 4802 3219 4856 scd
3249 4793 3635 4858 melioribus...

1993 4868 2413 4939 omaniinaiulas,
2439 4875 2498 4922 ut
2519 4868 2841 4939 sufﬁcientia
2865 4874 2914 4924 et
2937 4873 3411 4928 subministranda
3437 4876 3640 4929 virtute

1992 4937 2340 5010 siccitatibus
2370 4937 2589 5010 deﬁciat
2624 4942 2838 5010 vestris,
2891 4944 3092 4997 anima:
3138 4943 3355 5010 deﬁciat
3382 4945 3638 4999 substan-

1994 5008 2107 5085 iia._
2156 5009 2310 5085 Colb‘.
2368 5026 2433 5064 ac
2492 5009 2635 5085 Maz.
2692 5009 2815 5065 loco
2876 5012 3073 5085 primi,
3132 5008 3372 5082 deﬁciat,
3405 5014 3635 5085 legunt,

1991 5076 2249 5161 desiecat...
2277 5079 2409 5142 Quae
2441 5080 2677 5149 quidem
2731 5076 2926 5161 aperte
2975 5076 3206 5161 vitiosa
3231 5076 3371 5161 sunt
3399 5076 3518 5140 etwa
3550 5076 3637 5141 re;

1992 5149 2347 5204 cautioribus
2404 5167 2547 5205 mss.
2599 5168 2664 5205 ac
2695 5149 2832 5205 edit.
2869 5152 2947 5207 ita
2998 5153 3287 5209 dissident
3319 5159 3382 5209 ut
3430 5162 3639 5212 neutra

1990 5217 2159 5292 lectio
2192 5237 2472 5292 germana
2499 5237 2627 5276 esse
2655 5222 2937 5277 videatur.
2971 5225 3028 5278 Si
3063 5226 3195 5291 quis
3213 5241 3405 5281 veram
3430 5233 3636 5284 nactus

1991 5289 2346 5351 fueritfeam
2384 5292 2624 5361 publica:
2658 5292 2892 5348 utilitati
2927 5311 3038 5349 non
3074 5289 3349 5351 invideat.

2063 5362 2174 5438 (38)
2209 5362 2423 5438 Omnss
2453 5363 2592 5416 edit.
2627 5380 2692 5417 ac
2724 5368 2841 5438 tres
2879 5381 3023 5421 mss.
3074 5370 3273 5438 primae
3316 5370 3518 5438 [alarm
3549 5372 3635 5423 in-

1989 5429 2256 5506 d_ulis,ut
2308 5432 2482 5487 etiam
2544 5450 2723 5505 supra
2767 5434 2991 5506 aliquot
3052 5429 3202 5495 retro
3263 5429 3453 5506 lineis,
3482 5444 3638 5497 nobis

1988 5503 2187 5579 [utam
2216 5503 2753 5579 prorumpunt.‘Seil
2788 5503 3038 5576 quatuor
3069 5528 3213 5566 mss.
3245 5503 3500 5568 melioris
3535 5530 3634 5568 n0-

1991 5576 2062 5635 tae
2096 5576 2288 5630 locum
2322 5578 2660 5631 restituunt.

2063 5647 2573 5728 (39)_ltoin.._edit:,
2601 5648 2697 5728 iiia
2729 5649 2925 5728 vicere.
2959 5653 3182 5707 Patitur
3211 5670 3308 5709 nos
3346 5654 3632 5716 discedere,

1991 5718 2231 5780 omissis
2260 5718 2500 5776 vocibus
2533 5719 2913 5779 intermediis.
