3862 6210
302 371 410 432 5H

1762 373 1824 436 S.
1871 371 2240 438 AMBROSII

3585 383 3702 446 512

303 527 432 568 esse
462 507 808 578 Jerusalem,
845 523 969 582 quae
1003 523 1238 565 sursum
1270 509 1380 576 est,
1435 522 1562 581 quis
1617 505 1800 566 libera
1828 511 1939 577 est,
1973 509 2026 577 Α
2057 523 2293 565 summa
2342 505 2666 583 prudentiae
2711 511 2922 584 qnarto
2970 513 3208 571 aetatum
3269 511 3472 572 ordine
3522 515 3698 576 venit.

303 619 430 675 qua:
465 607 551 657 est.
582 605 768 656 mater
797 600 1062 656 omnium
1093 601 1385 665 nostrum,
1419 598 1573 654 sicut
1602 598 1743 654 dicit
1793 599 1940 672 Apo-

301 691 488 748 stolus
519 691 719 760 (Galat.
777 708 850 756 1v,
900 691 1013 760 26),
1060 689 1192 744 illos
1247 689 1568 745 asserimus
1617 693 1810 760 patres
1844 691 1941 762 qui

298 782 427 836 vitae
460 781 664 836 merito
697 785 752 834 et
783 779 984 834 ordine
1018 782 1458 850 praecesserunt.
1487 779 1624 833 Erat
1653 777 1772 832 illic
1803 778 1941 835 Abel

299 871 393 943 pia
423 871 676 931 victima,
715 874 836 924 erat
867 869 999 939 pius
1033 872 1089 923 et
1115 872 1356 922 sanctus
1388 867 1605 935 Enoch,
1640 872 1763 923 erat
1802 868 1939 935 Noe,

298 962 369 1016 ad
429 977 528 1016 eos
576 958 939 1032 promittitur
989 957 1283 1012 Abraham
1344 956 1650 1012 transitus.
1711 957 1944 1012 Transit

296 1049 449 1105 enim
480 1053 586 1121 qut
615 1049 684 1104 de
717 1048 824 1103 hac
855 1048 975 1102 vita
1008 1047 1285 1101 recedens
1318 1047 1388 1100 ad
1439 1045 1616 1100 vitam
1653 1045 1942 1119 demigrat

297 1141 560 1206 alteram,
595 1156 711 1211 qua
739 1137 880 1193 vivit
911 1154 1078 1192 mens
1111 1135 1396 1208 sapientis
1425 1139 1481 1191 et
1504 1135 1652 1206 justi
1698 1135 1804 1189 viri
1838 1135 1936 1206 qui

296 1229 555 1286 nutritus
585 1229 760 1296 estfin
795 1243 954 1298 pace.
987 1227 1130 1280 Nam
1163 1225 1446 1297 insipiens
1479 1224 1538 1280 in
1571 1222 1720 1279 bello
1753 1224 1938 1279 nutri-

293 1324 393 1374 tur
422 1323 478 1374 et
507 1319 566 1373 in
598 1315 938 1372 discordiis:
966 1316 1167 1386 justus
1216 1316 1273 1369 in
1330 1317 1626 1370 senectute
1675 1313 1822 1368 bona
1853 1313 1936 1368 vi-

294 1411 394 1465 vit.
428 1409 552 1463 Non
585 1407 729 1461 dixit
761 1405 953 1477 longa,
988 1405 1087 1459 sed
1130 1404 1275 1459 bona
1328 1403 1476 1472 (Gen.
1511 1420 1600 1468 xv,
1657 1404 1763 1470 15),
1799 1403 1937 1474 quia

287 1501 489 1572 justus
557 1498 702 1551 bene
754 1493 1038 1550 senescit:
1092 1494 1447 1564 injustorum
1502 1495 1696 1547 autem
1741 1507 1933 1560 nemo,

293 1587 562 1661 quamvis
593 1584 775 1640 cervis
803 1583 1102 1638 vivacibus
1151 1581 1518 1636 diuturniora
1562 1581 1681 1636 vita
1710 1580 1932 1636 vixerit.

291 1679 437 1734 Nam
468 1675 568 1731 diu
601 1674 788 1730 vivere
817 1687 1129 1728 commune
1173 1671 1540 1742 sapientibus
1585 1674 1758 1742 atque
1792 1670 1934 1726 insi-

292 1767 589 1840 pientibus
621 1770 745 1820 est:
783 1764 928 1818 bene
959 1764 1152 1816 autem
1184 1761 1373 1816 vivere
1424 1759 1673 1832 speciale
1703 1758 1932 1831 sapien-

289 1858 365 1913 tis
391 1860 500 1921 est,
535 1855 702 1925 cujus
751 1854 1021 1906 senectus
1065 1849 1433 1915 venerabilis,
1489 1853 1544 1904 et
1588 1853 1724 1904 mtas
1765 1865 1930 1904 sene-
1965 1883 2010 1946 Β

288 1946 466 2002 elutis
491 1945 610 1999 vita
639 1941 1014 1997 immaculata
1041 1956 1053 1995 :
1085 1957 1199 1995 non
1234 1938 1532 2006 diuturna,
1569 1937 1780 2010 inquit,
1833 1955 1931 1992 ne-

291 2053 403 2109 que
457 2049 700 2089 numero
747 2047 1036 2087 annorum
1094 2032 1453 2100 computata,
1524 2044 1628 2083 nec
1704 2026 1933 2099 capillis

288 2121 453 2183 canis
511 2123 666 2180 842
720 2122 779 2175 in
832 2120 1040 2192 capite,
1103 2119 1205 2175 sed
1249 2116 1523 2173 sensibus
1555 2117 1706 2188 (Sep.
1744 2135 1816 2184 1v,
1848 2117 1927 2188 8).

291 2215 388 2272 llle
417 2229 552 2285 ergo
579 2211 727 2267 bene
758 2207 1026 2274 senescit,
1059 2207 1159 2278 qui
1191 2208 1337 2262 bene
1370 2205 1639 2260 senserit.

357 2305 446 2359 65.
499 2303 702 2370 Quarta
751 2303 936 2353 autem
983 2298 1332 2365 generatione
1380 2302 1719 2350 revertentur
1773 2294 1927 2364 (Gen.

287 2411 381 2461 xv,
416 2393 526 2456 16).
583 2388 836 2444 Historia
885 2386 1121 2458 quidem
1169 2385 1239 2439 de
1279 2385 1498 2440 Judaais
1541 2383 1772 2439 videtur
1801 2400 1934 2439 con-

285 2480 502 2546 venire,
536 2477 636 2550 qui
678 2477 734 2531 in
784 2477 1092 2547 ZEgyptum
1134 2473 1513 2538 transierunt,
1561 2476 1618 2528 et
1655 2473 1726 2528 de
1755 2476 1930 2545 Egy-

284 2577 382 2644 pto
415 2569 696 2626 exierunt.
730 2564 1149 2636 Quadringenti
1198 2563 1354 2617 enim
1403 2568 1461 2617 et
1508 2561 1748 2634 triginta
1793 2561 1929 2616 anni

284 2677 485 2717 eorum
520 2657 638 2712 illic
669 2653 853 2710 exacti
885 2658 1043 2709 sunt.
1074 2653 1184 2708 Sed
1229 2668 1343 2708 non
1394 2667 1599 2706 omnes
1631 2653 1926 2716 centenos,

284 2755 336 2806 et
373 2752 511 2820 quot
536 2747 875 2812 excurrunt,
921 2759 1107 2797 annos
1154 2741 1444 2807 vixerunt,
1498 2739 1650 2795 sicut
1676 2739 1926 2810 Moyses,

284 2843 384 2894 aut
431 2837 603 2892 Jesus
651 2834 825 2898 Nave,
881 2836 946 2885 ut
999 2834 1220 2901 quartoe
1252 2827 1647 2902 generationis
1694 2832 1927 2898 tempus

283 2925 610 2983 conveniat.
669 2921 834 2975 Unde
903 2919 1216 2990 mysticum
1293 2916 1513 2989 aliquid
1594 2915 1783 2988 magis
1838 2930 1926 2970 re—

283 3017 611 3091 quiramus,
644 3026 710 3066 eo
741 3008 897 3080 quod
938 3011 1116 3062 tetras
1168 3007 1277 3077 (40)
1336 3005 1610 3061 omnibus
1668 3003 1929 3060 numeris

284 3111 419 3180 apta
450 3102 546 3167 sit,
581 3105 637 3156 et
667 3099 831 3154 radix
863 3096 1130 3169 quaadam
1179 3095 1418 3151 decimae
1475 3111 1538 3150 ac
1581 3094 1927 3150 fundamen-

282 3201 429 3262 tum,
464 3187 848 3248 hebdomadis
872 3202 1103 3257 quoque
1135 3185 1345 3240 media.
1381 3184 1640 3256 Denique
1671 3198 1923 3254 nonage-

2056 599 2379 671 Meritoque
2411 604 2476 656 ut
2533 600 2582 658 si
2615 601 2749 674 quis
2782 605 2917 660 ante
2952 602 3061 660 sub
3119 619 3251 676 rege
3301 606 3525 678 Egypti
3570 607 3699 678 fuit,

2055 688 2394 743 maturioris
2424 693 2622 746 tamen
2655 689 2884 746 consilii
2913 691 3030 748 exit
3070 693 3141 749 de
3171 697 3456 764 potestate
3486 697 3618 767 ejus
3647 702 3703 753 et

2053 775 2240 848 legem
2275 777 2387 832 sibi
2415 779 2682 850 agnoscit
2710 782 3093 852 sequendam.
3128 783 3289 838 Tunc
3323 783 3388 838 fit
3437 784 3490 840 ei
3533 786 3700 842 istius

2057 866 2188 921 vitaz
2221 883 2380 922 mare
2401 867 2912 939 pervium.Similis
2943 871 3089 927 ratio
3113 871 3203 926 his
3227 888 3354 944 qua:
3377 873 3701 946 gignuntur

2052 955 2196 1010 solo.
2229 956 2333 1012 Ubi
2378 973 2577 1013 semen
2629 976 2903 1030 sparsum
2953 960 3146 1026 fuerit,
3199 960 3444 1017 solvitur
3473 963 3693 1022 humo:

2051 1048 2109 1098 et
2139 1045 2327 1116 primo
2358 1046 2690 1119 prorumpit
2715 1047 2774 1102 in
2807 1047 3062 1106 radicem
3111 1049 3344 1116 deinde,
3382 1051 3695 1122 germinat,

2049 1132 2334 1188 formatur
2362 1134 2610 1203 fructus,
2661 1140 2718 1192 et
2762 1141 2964 1208 postea
3023 1138 3382 1195 maturescit.
3449 1140 3697 1198 Arbores

2050 1238 2283 1293 quoque
2313 1223 2450 1294 ipsis
2482 1224 2741 1297 primum
2771 1225 3028 1282 fructum
3056 1227 3271 1294 ferunt,
3318 1227 3536 1286 deinde
3577 1230 3696 1301 ipse

2048 1311 2323 1368 adolescit
2349 1313 2375 1368 Γ
2375 1317 2593 1382 ructus,
2639 1330 2877 1371 accessu
2910 1317 3188 1386 temporis
3211 1321 3399 1374 mutat
3417 1317 3694 1388 colorem,

2047 1405 2254 1472 quarto
2284 1402 2488 1458 ordine
2520 1409 2984 1472 consummatur,
3035 1404 3143 1460 hoc
3188 1411 3298 1471 est,
3351 1406 3692 1462 novissimo.

2045 1489 2132 1545 lta
2163 1507 2299 1562 ergo
2331 1495 2388 1547 et
2428 1507 2534 1547 nos
2564 1492 2622 1547 in
2675 1497 2826 1548 terra
2875 1493 2985 1548 hac
3032 1493 3362 1550 afﬂictionis
3396 1495 3696 1568 fugiamus

2045 1577 2255 1634 lateres
2287 1580 2570 1636 formare:
2607 1581 2708 1636 sed
2742 1580 3016 1654 lacrymis
3045 1587 3102 1639 et
3161 1584 3382 1655 gemitu
3425 1600 3695 1656 provoce-

2048 1685 2182 1723 mus
2210 1667 2440 1724 Domini
2473 1668 2960 1737 misericordiam,
2995 1675 3058 1725 ut
3107 1671 3304 1727 mittat
3333 1673 3504 1730 nobis
3549 1673 3701 1746 Moy-

2045 1772 2148 1812 sen
2179 1760 2236 1812 et
2265 1760 2480 1824 Aaron,
2514 1757 2623 1814 hoc
2653 1763 2762 1827 est,
2808 1758 2996 1832 legem
3047 1763 3106 1816 et
3133 1761 3517 1819 sacerdotem
3545 1779 3559 1816 :
3594 1763 3694 1821 sed

2046 1843 2212 1900 illum
2245 1862 2446 1902 verum
2476 1848 2842 1904 Sacerdotem
2861 1852 2918 1904 et
2939 1849 3309 1906 sacerdotum
3332 1850 3690 1924 principem,

2045 1935 2145 2005 qui
2206 1933 2338 1991 licet
2404 1934 2554 1991 inter
2602 1935 2870 1994 homines
2921 1943 3268 2008 versaretur,
3341 1939 3693 1997 dicebatur:

2043 2025 2173 2078 Ecce
2213 2025 2442 2095 spiritus
2488 2028 2614 2080 ante
2659 2027 2863 2097 faciem
2913 2031 3156 2082 nostram
3207 2027 3454 2084 Christus
3505 2031 3692 2086 Domi-

2041 2129 2144 2166 nus
2176 2112 2390 2183 (Thren.
2425 2131 2499 2181 ιν,
2531 2115 2622 2186 20)
2649 2119 2752 2182 pet
2783 2114 2988 2171 liberet
3016 2132 3122 2172 nos
3151 2116 3222 2173 de
3251 2120 3409 2174 terra
3437 2118 3691 2191 Egypti,

2042 2205 2108 2256 ut
2136 2201 2354 2272 pascha
2387 2203 2616 2258 Domini
2645 2201 3028 2260 celebremus.
3061 2209 3337 2261 Feramus
3362 2206 3546 2264 etiam
3579 2209 3694 2262 fru-

2041 2295 2202 2346 ctum
2237 2291 2366 2347 ﬁdei
2401 2291 2653 2364 ab.ipsa
2703 2293 2972 2364 pueritia,
3013 2310 3336 2366 augeamus
3385 2295 3446 2352 in
3486 2296 3690 2352 adole-

2042 2380 2282 2449 scentia,
2315 2379 2644 2438 coleremus
2673 2383 2826 2439 848
2851 2383 2909 2438 in
2930 2383 3262 2454 juventute,
3285 2385 3692 2456 compleamus

2039 2467 2100 2523 in
2131 2473 2447 2526 senectute.
2479 2471 2612 2526 Jam
2641 2471 2800 2528 enim
2832 2471 3056 2528 securis
3089 2473 3158 2528 ad
3185 2473 3438 2530 radicem
3459 2475 3690 2531 arboris

2040 2557 2231 2630 posita
2261 2563 2368 2627 est,
2403 2564 2469 2614 ut
2507 2560 2608 2631 qui
2657 2559 2816 2627 facit,
2866 2561 3123 2617 fructum
3172 2562 3336 2618 ferat.
3405 2563 3687 2620 Adultam

2038 2647 2216 2702 etiam
2249 2652 2659 2721 maturamque
2681 2653 2935 2722 segetem
2985 2655 3245 2706 nostram
3270 2669 3497 2708 messor
3538 2653 3690 2709 inve-

2039 2735 2184 2804 niat,
2218 2741 2281 2792 ut
2311 2741 2574 2793 maturos
2606 2738 2832 2794 fructus
2865 2738 2923 2794 in
2955 2739 3252 2810 apothecis
3284 2741 3584 2809 recondat,
3619 2760 3689 2798 ne

2039 2825 2387 2882 immaturos
2444 2825 2634 2883 hiems
2683 2826 3102 2899 deprehendat,
3150 2834 3361 2885 ventus
3403 2830 3683 2897 decutiat,

2039 2913 2236 2986 pluvia
2266 2919 2622 2987 corrumpat.

2108 3004 2198 3058 66.
2231 3006 2349 3076 Ego
2400 3007 2594 3060 tamen
2638 3003 2888 3060 arbitror
2934 3004 3253 3076 significari
3303 3005 3490 3079 magis
3534 3006 3687 3063 inter

2039 3093 2353 3150 adventum
2383 3093 2616 3150 Domini
2646 3094 2924 3165 priorem,
2947 3097 3004 3150 et
3032 3094 3360 3150 secundum
3391 3095 3486 3166 qui
3522 3096 3681 3154 futu-

2037 3198 2138 3238 rus
2169 3181 2490 3253 estjudicii
2522 3181 2668 3251 dies,
2701 3185 2936 3254 tempus
2967 3182 3248 3239 medium.
3285 3183 3418 3240 Ideo
3438 3185 3597 3240 enim
3630 3191 3684 3241 et

282 3254 470 3342 simus
502 3281 710 3336 tertius
741 3254 1314 3350 psalmus—scribitur
1339 3254 1828 3345 quarta—Sabbati,
1861 3287 1926 3327 eo
1958 3254 2000 3322 C
2038 3271 2110 3327 ad
2143 3269 2285 3326 solis
2317 3283 2589 3327 occasum
2619 3273 2740 3327 viro
2771 3271 3111 3343 hujusmodi
3143 3273 3330 3328 factus
3379 3278 3468 3330 est
3507 3291 3686 3346 pavor

283 3373 435 3446 quod
469 3371 563 3426 hic
597 3383 880 3424 numerus
913 3364 1144 3420 medius
1176 3364 1253 3418 sit
1284 3362 1544 3435 priorum
1576 3365 1635 3418 et
1673 3378 1922 3432 sequen-

282 3463 453 3519 tium.
487 3461 631 3516 Tres
657 3457 813 3512 enim
845 3454 1179 3528 praecedunt
1207 3468 1363 3520 eum,
1423 3452 1672 3524 primus,
1715 3466 1922 3506 secun-

281 3552 411 3618 dus,
437 3546 682 3610 tertius;
735 3548 792 3599 et
837 3547 954 3597 tres
999 3545 1346 3612 sequuntur,
1394 3539 1656 3611 quintus,
1699 3543 1918 3605 sextus,

281 3637 587 3710 septimus.
635 3631 742 3698 Qui
793 3630 949 3684 hunc
999 3628 1293 3700 psalmum
1347 3626 1522 3692 canit,
1572 3626 1730 3682 velut
1769 3625 1922 3698 aptis

279 3726 545 3783 numeris
577 3721 752 3776 vitam
787 3718 960 3773 istius
992 3717 1196 3772 mundi
1228 3717 1520 3788 transigit,
1547 3716 1714 3788 quasi
1744 3720 1922 3771 tetra-

279 3831 489 3888 gonus,
523 3817 578 3867 et
609 3806 860 3874 stabilis,
893 3810 1068 3877 atque
1094 3805 1404 3877 perfectus.
1459 3805 1519 3858 In
1565 3808 1816 3876 quatuor
1846 3803 1921 3858 li-

281 3905 403 3960 bris
437 3901 672 3975 plenum
700 3894 1074 3966 Evangelium
1102 3900 1276 3965 atque
1300 3895 1619 3965 perfectum
1644 3897 1751 3948 est.
1777 3894 1924 3958 Qua-

277 3998 410 4049 tuor
439 3987 718 4048 animalia
745 3984 989 4057 mystica
1027 3989 1185 4039 sunt.
1238 3982 1441 4037 Mundi
1491 3999 1723 4054 quoque
1750 3983 1919 4038 istius

278 4087 472 4155 partes
516 4082 768 4151 quatuor
816 4077 974 4141 sunt,
1029 4088 1096 4127 ex
1155 4071 1370 4143 quibus
1433 4071 1763 4143 congregati
1818 4071 1921 4126 lilii

276 4169 543 4227 Ecclesiae
575 4180 819 4238 regnum
872 4161 1086 4217 Christi
1137 4159 1603 4217 sacratissimum
1636 4177 1919 4234 propaga-

278 4264 431 4325 runt,
483 4256 778 4312 venientes
829 4252 898 4307 ab
949 4252 1180 4306 Oriente
1228 4255 1402 4321 atque
1451 4251 1778 4316 Occidente,
1821 4252 1919 4306 Se-

276 4347 604 4420 ptentrione
634 4350 691 4398 et
737 4341 993 4399 Meridie.
1043 4339 1476 4412 Quadripartito
1527 4340 1706 4412 igitur
1743 4339 1921 4395 latere

276 4442 480 4492 sancta
539 4431 789 4488 surrexit
841 4429 1117 4484 Ecclesia.
1171 4429 1352 4484 Decas
1400 4445 1632 4501 quoque
1687 4445 1754 4483 ex
1808 4429 1920 4484 isto

279 4541 523 4581 numero
556 4520 829 4592 assurgit.
875 4519 929 4574 Si
963 4519 1120 4573 enim
1154 4521 1464 4573 conuectas
1489 4519 1560 4572 ab
1593 4534 1708 4572 uno
1733 4534 1921 4589 usque

2035 3376 2306 3431 magnus,
2350 3359 2489 3432 quia
2519 3360 2815 3416 occidente
2845 3361 2964 3432 jam
2996 3351 3239 3430 mu'ndo,
3273 3361 3541 3419 futurum
3592 3381 3684 3421 sa-

2036 3447 2321 3504 crificium
2355 3449 2783 3516 declarabatur,
2823 3465 2940 3520 quo
2971 3450 3231 3506 mundus
3269 3451 3683 3524 redimeretur,

2035 3538 2181 3594 ﬁdes
2236 3541 2392 3594 esset
2448 3537 2666 3605 hostia,
2711 3555 2838 3610 qua
2897 3555 3011 3593 non
3068 3538 3426 3595 divideretur
3469 3557 3504 3595 a
3547 3541 3684 3597 ﬁliis
3732 3564 3750 3586 ο

2031 3625 2298 3682 Abrahae.
2332 3625 2477 3682 Nam
2505 3625 2604 3698 qui
2636 3643 2765 3682 eam
2797 3625 3082 3696 dividunt,
3118 3645 3231 3684 non
3263 3631 3403 3684 sunt
3437 3630 3684 3687 Abrahae

2035 3714 2162 3772 ﬁlii.
2199 3715 2367 3772 Fides
2392 3719 2765 3787 comparatur
2795 3731 2971 3788 regno
3011 3714 3328 3772 calorum:
3362 3718 3566 3774 Simile
3613 3728 3690 3774 est

2035 3804 2192 3860 enim
2257 3819 2488 3876 regnum
2562 3805 2823 3860 caelorum
2889 3821 3061 3875 grano
3122 3806 3401 3878 sinapis...
3467 3807 3678 3877 (Matth.

2035 3911 2155 3963 xm,
2187 3893 2316 3961 31);
2351 3897 2408 3948 et
2437 3893 2630 3950 Simile
2659 3902 2737 3949 est
2766 3910 3005 3967 regnum
3059 3895 3316 3950 calorum
3370 3899 3686 3963 negotianti

2045 3982 2203 4054 (Ibid.
2233 3982 2323 4054 45)
2351 3981 2451 4053 qui
2481 3983 2624 4038 emit
2648 3998 2876 4054 agrum,
2909 3987 2966 4038 et
3004 3983 3226 4039 invenit
3256 3984 3314 4038 in
3347 4000 3412 4040 eo
3446 4000 3682 4059 marga-

2041 4072 2214 4127 ritam
2248 4071 2587 4143 pretiosam.
2621 4075 2885 4144 Regnum
2907 4071 3184 4128 scelerum
3213 4072 3536 4130 indivisum
3571 4079 3683 4141 est,

2036 4159 2174 4232 quia
2205 4175 2451 4232 regnum
2481 4159 2782 4216 Trinitatis
2809 4177 2992 4216 unum
3023 4165 3131 4216 est.
3165 4161 3299 4217 Ideo
3331 4166 3684 4234 perpetuum

2033 4253 2208 4319 atque
2242 4252 2546 4315 aeternum,
2598 4249 2737 4320 quia
2781 4248 3135 4315 indivisum;
3185 4266 3358 4307 omne
3398 4252 3560 4308 enim
3593 4269 3682 4308 re-

2033 4353 2216 4410 gnum
2248 4337 2503 4393 divisum
2538 4337 2704 4394 facile
2725 4338 3076 4394 destruetur.
3105 4338 3308 4395 Hostia
3326 4339 3504 4396 etiam
3540 4343 3687 4396 foret

2034 4426 2317 4498 pudicitia
2345 4425 2615 4482 Trinitati
2663 4427 2873 4497 dicata,
2918 4432 3052 4498 post
3101 4427 3247 4482 illud
3299 4429 3682 4496 sacriﬁcium,

2033 4515 2225 4571 vitula:
2258 4532 2488 4588 quoque
2519 4533 2622 4588 pro
2652 4514 2975 4581 laboribus,
3007 4515 3146 4587 quia
3176 4517 3563 4574 sacerdotalis
3597 4522 3688 4574 est

277 4615 348 4670 ad
393 4617 662 4684 quatuor,
716 4609 823 4663 hoc
852 4607 1022 4662 modo
1061 4606 1348 4661 decimam
1395 4607 1592 4662 facies.
1639 4606 1923 4678 Computa
1953 4626 2001 4690 Ι)
2032 4605 2305 4660 victima:
2341 4621 2525 4677 caprae
2559 4610 2774 4673 autem,
2827 4605 2966 4676 quia
3006 4621 3110 4677 pro
3159 4607 3414 4678 peccatis
3445 4605 3681 4662 hostia:

277 4717 482 4766 unum,
516 4698 664 4755 adde
696 4695 779 4751 illi
839 4697 975 4760 duo,
1010 4695 1160 4749 fiunt
1189 4699 1307 4750 tres
1335 4712 1347 4749 :
1384 4695 1533 4750 adde
1559 4695 1751 4750 tribus
1783 4699 1921 4762 tres,

277 4795 425 4847 {lunt
454 4805 591 4846 sex:
625 4794 683 4843 et
713 4786 783 4842 ad
815 4801 915 4840 sex
958 4785 1104 4840 adde
1155 4788 1426 4856 quatuor,
1486 4784 1635 4838 ﬁunt
1701 4784 1921 4840 decem.

273 4881 476 4936 Tetras
505 4876 686 4949 igitur
717 4874 914 4930 decem
946 4871 1172 4945 implet,
1226 4873 1396 4928 decas
1443 4887 1754 4926 numerum
1799 4887 1923 4926 om-

275 4987 407 5026 nem
441 4965 869 5038 complectitur.
903 4966 1410 5034 Quatuorquoque
1431 4965 1628 5016 mtates
1657 4964 1796 5015 sunt
1825 4961 1925 5016 ho-

275 5060 471 5127 minis,
507 5055 776 5130 pucritia,
809 5051 1219 5116 adolescentia,
1247 5051 1554 5120 juventus,
1587 5049 1920 5105 maturitas.

275 5147 558 5204 Paulatim
615 5143 873 5214 assurgit
926 5146 983 5196 et
1025 5140 1325 5195 fundatur.
1379 5137 1677 5209 Sapientia
1725 5137 1924 5210 itaque

343 5369 476 5438 (AO).
511 5367 607 5438 Sic
647 5382 789 5419 mss.
841 5367 1172 5438 omn_es,_et
1218 5360 1661 5438 edit.___excepti_s
1697 5360 1920 5438 ultimis

275 5431 480 5502 Pa‘risL,
513 5437 730 5507 quibus
759 5451 818 5489 eo
847 5436 988 5506 quod
1016 5436 1174 5500 trias,
1207 5438 1321 5507 etc._
1349 5431 1589 5486 Vitiose.
1615 5432 1740 5486 Non
1764 5432 1920 5487 enim

273 5505 820 5572 ternario‘numero,
855 5505 953 5559 sed
991 5505 1363 5576 quaternario
1410 5520 1535 5574 quae
1567 5508 1915 5574 sequuntur,

277 5583 524 5650 possunt
559 5577 880 5650 convenire.
1009 5648 1012 5649 ν

347 5649 456 5717 (41)
503 5645 941 5717 Colb.,_bong.,
991 5646 1157 5700 Corb.
1204 5651 1260 5699 et
1309 5645 1476 5714 Maz.,
1520 5662 1619 5716 pro
1666 5647 1798 5716 ipsis
1827 5662 1919 5702 ae-

277 5712 398 5788 riis,
433 5712 546 5773 non
603 5712 755 5771 male
797 5712 942 5770 (him
991 5717 1146 5770 enim
1196 5732 1374 5787 supra
1430 5712 1558 5787 cap.
1616 5712 1776 5784 8,'n.
1825 5719 1916 5786 50,

2035 4693 2255 4761 arietis,
2288 4693 2427 4765 quia
2458 4709 2562 4765 pro
2601 4693 2761 4750 omni
2795 4694 3034 4762 mundo,
3068 4698 3126 4749 et
3157 4711 3260 4766 pro
3307 4693 3456 4768 ipsis
3486 4695 3686 4752 arieti-

2036 4783 2152 4839 bus
2186 4784 2299 4853 (41)
2327 4781 2413 4839 vel
2441 4781 2796 4849 coelestibus,
2828 4799 2945 4839 non
2968 4783 3158 4839 solum
3183 4800 3288 4856 pro
3315 4783 3681 4850 hominibus,

2037 4888 2142 4928 nec
2173 4871 2363 4928 solum
2397 4888 2500 4944 pro
2532 4871 2720 4945 agnis,
2771 4872 2872 4928 sed
2922 4871 3097 4928 etiam
3145 4889 3250 4944 pro
3293 4873 3476 4929 haedis
3535 4891 3684 4946 quos

2036 4961 2374 5033 peccatricis
2415 4960 2811 5033 generationis
2858 4961 3038 5016 fetore
3088 4963 3264 5016 exuit.
3310 4961 3684 5017 Testiﬁcatur

2035 5049 2335 5106 oraculum
2369 5049 2601 5106 futuros
2633 5049 2827 5105 adhuc
2857 5049 2916 5104 in
2948 5053 3104 5106 terra
3132 5049 3470 5106 afﬂictionis
3501 5051 3679 5107 Abra-

2034 5139 2119 5194 hae
2155 5138 2396 5205 tilios,ut
2424 5137 2482 5193 in
2514 5154 2740 5211 agnone
2770 5137 3090 5194 multorum
3120 5144 3177 5194 et
3197 5139 3467 5212 gravium
3493 5144 3681 5196 certa-

2031 5378 2223 5434 aerem
2255 5377 2357 5434 per
2375 5361 2630 5434 arietem
2645 5360 2966 5434 signiﬁcari
2986 5361 3284 5434 scripserit
3310 5360 3677 5434 Ambrosius,

2032 5378 2223 5419 aerem
2327 5378 2357 5415 r
2375 5377 2618 5417 arietem
2645 5378 2692 5417 SI
2782 5377 2966 5418 mean
2986 5377 3284 5434 scripserit
3310 5377 3677 5428 AmDI‘OSlHB,

2032 5432 2223 5513 potuit
2244 5377 2672 5513 Ezcyocabulo
2699 5377 3300 5513 gsignareangelos,
3328 5434 3484 5513 unde
3513 5432 3679 5513 addi:

2035 5504 2141 5572 dit,
2172 5504 2256 5576 uel
2284 5505 2724 5576 celestibusteo
2768 5505 2925 5576 quod
2974 5509 3041 5559 ut
3088 5504 3275 5572 Philo,
3326 5510 3530 5560 auctor
3565 5504 3678 5576 ipsi

2038 5574 2564 5632 familiarissimus.
2608 5574 2710 5630 lib.
2751 5575 2816 5630 de
2873 5574 3216 5654 Gigantilms,
3255 5576 3474 5654 tradit;
3525 5574 3680 5654 cuia!

2029 5654 2080 5720 ξι
2110 5653 2488 5720 μίσιβιατὰ-τὸγ
2539 5654 2666 5718 ἀέρα
2720 5647 3002 5720 acclinavit.
3059 5647 3217 5704 Idem
3285 5648 3518 5720 gemina
3585 5647 3678 5701 his

2027 5718 2204 5776 habet
2227 5718 2330 5775 lib.
2364 5718 2429 5776 de
2458 5718 2792 5789 Con/“iesione
2820 5718 3164 5783 linguarum.
