3862 6210
165 315 272 377 513

1448 309 1551 369 DE
1592 308 1975 369 ABRAHAM
2021 306 2165 369 LIB.
2216 308 2291 368 ll.

3429 314 3544 373 5H

166 448 383 504 minum
414 461 476 501 se
505 444 775 517 probent,
805 447 863 500 et
902 442 985 501 ita
1013 458 1147 498 cum
1207 440 1395 498 multa
1450 440 1798 514 supellectili
1826 441 1881 509 Α
1912 444 2018 507 Qui
2050 442 2306 497 futuram
2340 440 2584 513 gloriam
2609 441 3129 511 demonstraverat,
3152 445 3351 502 debuit
3369 446 3548 502 etiam

167 548 463 594 aureorum
494 537 553 590 et
582 537 994 607 argenteorum
1025 548 1300 589 vasorum
1330 530 1537 604 spoliis
1582 530 1796 604 opimis

167 627 361 683 exeant
379 627 433 679 et
453 626 817 679 revertantur
834 621 1064 688 anima,
1085 624 1263 694 atque
1290 622 1498 678 exeant
1544 618 1799 692 pretiosa

165 712 519 788 possidentes
540 726 786 783 corpora
812 710 1173 767 diversarum
1203 709 1507 777 virtutum,
1538 711 1598 764 et
1646 724 1797 779 pra-

166 806 325 876 cipne
355 799 710 857 castimonia
750 799 1190 872 pessossionum
1235 798 1513 855 thesauro
1555 797 1795 870 repleta,

167 895 477 964 sumptura
499 889 678 947 etiam
699 887 1157 961 Cbristijudie‘io
1187 888 1260 944 de
1287 886 1540 954 diabolo,
1573 888 1631 944 et
1670 887 1798 958 ejus

164 979 464 1048 ministris,
492 977 835 1051 caterisque
884 978 987 1049 qui
1036 977 1150 1034 sibi
1204 976 1514 1034 voluerunt
1573 991 1798 1043 nocere,

163 1069 490 1125 vindictam.
521 1068 685 1124 Tunc
714 1066 826 1123 erit
864 1082 1044 1139 pavor
1083 1079 1337 1140 magnus
1389 1065 1566 1122 etiam
1605 1065 1799 1137 justo-

166 1174 311 1215 rum.
343 1156 523 1214 Nemo
553 1156 714 1213 enim
744 1155 871 1213 sine
914 1159 1172 1228 peccato.
1230 1154 1447 1211 Omnes
1503 1152 1805 1210 habebunt

172 1247 318 1321 quod
346 1247 611 1314 timeant,
634 1244 774 1317 quia
806 1245 1047 1317 impleta
1074 1248 1315 1316 peccata
1342 1246 1533 1300 erunt.
1570 1242 1638 1299 Et
1666 1258 1800 1298 cum

168 1333 718 1409 superabundaverit
781 1329 1105 1406 peccatum,
1166 1332 1673 1406 superabundabit
1746 1336 1805 1389 et

168 1424 345 1499 gratia
374 1424 511 1497 (42.)

230 1513 314 1567 67.
347 1512 565 1568 lterum
593 1527 717 1567 eum
735 1512 866 1583 jam
893 1511 973 1568 sol
1011 1515 1144 1567 esset
1165 1510 1238 1566 ad
1275 1525 1549 1575 occasum,
1581 1512 1807 1580 flamma

167 1604 305 1674 facta
333 1606 412 1657 est
437 1620 456 1655 :
488 1609 540 1657 et
567 1617 691 1658 ecce
718 1602 932 1672 fama:
954 1599 1380 1674 fumigabunda,
1425 1603 1475 1654 et
1525 1599 1806 1671 lampades

169 1693 307 1762 ignis
325 1706 449 1762 quae
475 1692 920 1762 pertransierunt
946 1706 1046 1761 per
1070 1690 1265 1746 media
1289 1689 1468 1745 divisa
1498 1687 1613 1744 illa
1645 1688 1801 1760 (Gen.

168 1797 253 1845 xv,
286 1782 392 1849 17).
422 1778 667 1836 Etiamsi
700 1779 1070 1835 dubitaretur
1098 1779 1169 1834 de
1199 1777 1621 1851 superioribus,
1663 1793 1805 1834 con-
1839 1814 1885 1878 B

170 1870 464 1926 ﬁrmarent
494 1869 822 1942 sequentia,
857 1868 1094 1940 quando
1129 1868 1426 1923 ﬂammam
1470 1868 1684 1923 factam
1733 1868 1806 1923 ad

170 1973 431 2015 occasum
486 1956 763 2032 legimus,
838 1974 967 2029 qua
1048 1955 1409 2013 illuminaret
1479 1956 1810 2029 vespertina

171 2047 363 2102 mundi
395 2050 667 2119 tempora
691 2049 747 2102 et
776 2045 1026 2119 fulgeret
1054 2046 1112 2100 in
1144 2045 1427 2114 tenebris,
1477 2062 1543 2101 ac
1591 2044 1805 2101 revela-

172 2139 250 2192 ret
276 2135 538 2192 latentia.
572 2134 835 2206 Denique
865 2134 1142 2190 continuo
1170 2133 1298 2190 visa
1327 2137 1417 2190 est
1467 2134 1672 2189 fornax
1720 2134 1808 2188 lu-

172 2223 543 2297 migabunda,
567 2224 737 2295 cujus
759 2222 1150 2279 similitudine
1169 2222 1417 2295 exprimi
1436 2223 1668 2279 videtur
1694 2222 1811 2279 vita

171 2312 413 2369 humane
450 2311 753 2386 implicata
782 2312 1192 2385 iniquitatibus
1218 2310 1413 2368 saeculi
1431 2312 1604 2369 istius
1635 2316 1811 2384 atque

174 2400 445 2471 involuta,
468 2416 583 2457 non
614 2399 839 2456 habens
862 2401 978 2456 veri
1007 2399 1253 2473 fulgoris
1289 2399 1722 2469 claritudinem,
1754 2405 1812 2457 et

173 2492 539 2565 splendorem
589 2490 798 2547 sinceri
840 2489 1103 2546 luminis.
1155 2490 1318 2546 Intus
1384 2491 1554 2563 quasi
1607 2491 1812 2547 fornax

174 2582 368 2637 astuat
396 2579 648 2636 diversis
679 2579 1121 2652 cupiditatibus,
1153 2583 1211 2635 et
1251 2579 1607 2652 quibusdam
1652 2579 1812 2635 desi-

178 2669 465 2749 deriorum
491 2668 725 2726 anhelat
742 2668 976 2741 ignibus
1000 2686 1013 2725 :
1040 2668 1180 2725 foris
1199 2667 1354 2725 velut
1374 2668 1627 2741 quodam
1652 2669 1813 2725 fumo

177 2760 464 2828 attexitur,
502 2774 575 2814 ne
604 2758 798 2814 videat
826 2757 1083 2814 veritatis
1135 2760 1292 2814 844
1318 2758 1549 2814 faciem.
1601 2756 1815 2813 Obum-

178 2848 409 2904 brantur
452 2848 656 2919 itaque
706 2852 766 2902 et
819 2847 1196 2903 obducuntur
1250 2846 1506 2919 quadam
1565 2845 1814 2918 caligine

178 2936 322 2992 oculi
352 2936 587 3005 anima,
620 2940 686 2992 ut
715 2934 1111 2992 confundatur
1140 2935 1311 3008 globo
1340 2935 1597 3008 quodam
1638 2935 1814 2991 fumi-

180 3025 363 3098 gantis
393 3024 690 3083 nubicula
721 3025 936 3081 mentis
975 3031 1267 3098 aspectus,
1320 3039 1393 3081 ne
1437 3041 1585 3097 pura
1632 3024 1818 3096 possit

1906 531 2257 587 conferenda
2295 530 2578 586 virtutum
2613 531 2819 588 merita
2847 531 3128 604 polliceri.
3158 535 3287 607 Ipse
3316 536 3472 593 enim
3496 540 3553 593 et

1908 619 2146 690 adjutor
2174 618 2593 687 laborantium,
2625 624 2681 676 et
2702 626 3104 678 remunerator
3153 624 3550 682 innocentium

1906 713 2012 765 est.
2046 708 2325 782 Egyptus
2355 708 2450 765 hic
2484 726 2698 765 nomen
2732 727 2847 765 non
2879 711 3153 784 regionis,
3204 713 3306 769 sed
3349 712 3549 771 ﬂumi-

1907 797 2138 881 nis'est.
2193 797 2288 854 Sic
2336 798 2495 855 enim
2551 804 2773 856 veteres
2825 798 3022 856 Nilum
3078 803 3383 871 vocabant,
3433 803 3551 860 sive

1909 886 2065 959 quod
2095 886 2220 959 ipse
2249 886 2473 960 regioni
2502 904 2712 944 nomen
2753 889 3028 957 dedisset,
3090 890 3210 947 sive
3261 893 3416 964 quod
3455 910 3549 950 re~

1908 975 2099 1049 gionis
2147 976 2467 1047 accepisset
2522 978 2893 1034 vocabulum.
2957 978 3217 1053 Denique
3270 986 3328 1037 et
3384 986 3554 1053 poeta

1908 1068 2141 1120 Gracus
2172 1065 2517 1120 testiﬁcatur
2547 1065 2626 1120 ita
2655 1082 2804 1131 esse,
2837 1066 3038 1122 dicens
3066 1085 3079 1122 :

1909 1164 2075 1223 Στῆσα
2102 1161 2144 1211 δ’
2175 1162 2226 1210 ἐν
2255 1161 2479 1227 Αἰγύπτῳ
2507 1165 2711 1225 ποταμῷ
2740 1164 2849 1221 νέας
2875 1163 3210 1227 ἀμφιελίσσας.

2621 1227 2900 1297 (Homer.,
2933 1227 3144 1298 0dyss.,
3172 1229 3233 1300 Ξ)

1913 1332 2242 1405 Angustum
2276 1337 2473 1388 autem
2504 1336 2560 1387 et
2586 1331 2697 1387 vile
2723 1338 2832 1400 est,
2866 1337 2930 1388 ut
2960 1338 3237 1405 putemus
3266 1337 3422 1408 quod
3448 1353 3553 1394 cce-

1912 1420 2161 1477 lestibus
2186 1420 2372 1492 signis
2400 1423 2630 1477 terrena
2668 1423 3063 1494 spoponderit.
3115 1424 3319 1497 Itaque
3363 1426 3554 1483 consi-

1914 1510 2188 1566 deremus
2218 1526 2290 1566 ne
2316 1510 2460 1565 forte
2492 1510 2803 1582 perfectam
2847 1510 3266 1569 beatitudinem
3315 1518 3372 1570 et
3418 1531 3556 1572 con-

1914 1600 2370 1654 summationem
2432 1599 2718 1654 bonorum
2785 1601 3146 1671 meritorum,
3199 1603 3553 1674 promiserit.

1915 1687 2171 1743 Perfecta
2218 1687 2373 1743 enim
2434 1687 2732 1743 beatitudo
2792 1705 2857 1743 ex
2899 1689 3089 1746 tribus
3138 1690 3267 1747 istis
3330 1693 3560 1749 videtur

1915 1775 2254 1845 subsistere,
2282 1777 2563 1849 corporis,
2596 1786 2767 1849 atque
2799 1779 3028 1847 animae,
3061 1782 3118 1834 et
3158 1779 3560 1839 accidentibus

1918 1866 2108 1934 bonis,
2142 1883 2272 1939 qua
2303 1866 2481 1922 (ἔπεεοὶ
2521 1874 2691 1923 ἐνόντα
2732 1866 3020 1934 dixerunt,
3073 1873 3137 1925 ut
3178 1869 3258 1927 sit
3301 1873 3560 1944 corporis

1918 1954 2283 2023 castimonia,
2317 1954 2618 2028 patientia,
2654 1956 2737 2012 vel
2772 1957 3178 2030 temperantia,
3228 1959 3308 2016 sit
3352 1961 3559 2019 anima

1920 2045 2231 2117 prudentia
2259 2049 2434 2117 atque
2472 2045 2724 2115 justitia.
2770 2046 3050 2118 rlﬂgyptus
3109 2047 3289 2121 igitur
3340 2049 3559 2108 ﬂumen

1926 2132 2251 2205 corporalia
2280 2134 2508 2189 videtur
2552 2135 2900 2207 signiﬁcare.
2956 2135 3118 2192 Unde
3148 2140 3206 2193 et
3243 2137 3401 2195 Geon
3448 2140 3560 2213 (43)

1919 2222 2072 2293 (Gen.
2106 2238 2167 2291 ιι,
2202 2222 2292 2294 43)
2324 2222 2515 2278 dictus
2544 2226 2634 2279 est
2678 2223 2801 2295 ipse
2850 2223 3081 2292 tluvius,
3118 2225 3258 2298 quia
3295 2228 3367 2283 de
3407 2232 3563 2285 terra

1919 2311 2208 2384 ﬁguratus
2245 2315 2333 2368 est
2388 2310 2582 2368 homo.
2636 2312 2962 2386 Euphrates
2996 2320 3192 2370 autem
3247 2332 3373 2388 qua
3422 2322 3563 2374 sunt

1921 2401 2151 2469 anima,
2184 2417 2249 2457 eo
2282 2402 2435 2473 quod
2470 2401 2599 2456 fons
2629 2401 2706 2457 sit
2727 2402 2959 2472 justitia
2999 2407 3334 2460 caterarum
3386 2405 3560 2462 virtu-

1922 2495 2070 2558 tum,
2105 2507 2234 2562 qua
2265 2489 2508 2546 virtutes
2537 2489 2681 2547 alias
2713 2490 3022 2548 illuminet.
3059 2493 3375 2550 Prudentia
3402 2494 3558 2551 enim

1921 2579 2047 2636 sine
2072 2578 2304 2651 justitia
2335 2583 2537 2635 nocet:
2573 2579 2850 2636 fortitudo
2880 2597 3112 2654 quoque
3144 2582 3256 2638 nisi
3297 2599 3425 2639 eam
3460 2585 3563 2655 ju-

1923 2668 2083 2724 stitia
2117 2671 2417 2741 temperet,
2453 2667 2838 2725 intolerabilis
2872 2670 3183 2727 insolentia
3220 2676 3328 2740 est,
3382 2673 3562 2731 furori

1922 2773 2100 2830 quam
2125 2755 2331 2813 rationi
2364 2757 2616 2829 propior,
2649 2758 3039 2815 dominationi
3072 2776 3249 2832 quam
3287 2760 3559 2832 libertati,

1924 2846 2218 2903 Sobrietas
2249 2850 2306 2901 et
2328 2845 2719 2918 temperantia
2757 2847 2981 2920 privata
3037 2850 3190 2906 bona
3247 2856 3407 2917 sunt,
3458 2868 3564 2910 nec

1926 2935 2030 2991 ulli
2064 2935 2195 2991 usui
2227 2934 2360 3006 (44),
2384 2934 2499 2990 nisi
2523 2936 2687 3007 justa
2715 2952 2854 3010 erga
2883 2937 3066 2993 Deum
3121 2939 3459 3009 reverentia,
3510 2946 3568 2997 et

1925 3023 2058 3079 ﬁdei
2091 3027 2285 3079 mente
2314 3023 2586 3096 pietatem
2624 3025 2801 3081 colas.
2832 3026 3073 3083 Justitia
3122 3026 3247 3083 sola
3301 3033 3391 3084 est
3437 3047 3564 3102 qua

182 3120 432 3188 spectare
466 3113 723 3188 negotia,
754 3114 939 3170 donec
957 3112 1220 3169 calestes
1252 3112 1554 3187 lampades
1601 3112 1819 3186 dirigat
1867 3187 1874 3188 ί
1924 3112 2168 3168 virtutes
2196 3128 2400 3168 omnes
2431 3113 2919 3185 complectitur,et
2948 3118 3559 3175 comrnendatomnes.

185 3187 460 3260 Dominus
518 3187 709 3272 Jesus,
764 3202 873 3258 hoc
931 3206 1038 3270 est,
1100 3201 1385 3276 fulgorem
1435 3201 1631 3284 gloria
1675 3191 1817 3271 sua,
1849 3187 1892 3254 C
1924 3200 2255 3264 Accidentia
2275 3217 2508 3273 quoque
2543 3208 2681 3258 sunt
2712 3204 3153 3276 negotiationes,
3208 3211 3566 3275 mercatura,

181 3295 425 3364 quando,
456 3292 677 3364 inquit,
707 3307 818 3347 non
846 3291 1170 3363 indigebunt
1192 3292 1318 3347 luce
1350 3290 1610 3359 lucerna,
1638 3295 1691 3347 et
1728 3290 1819 3346 lu-

179 3383 315 3438 mine
339 3384 479 3438 satis
506 3397 519 3436 :
548 3382 816 3452 quoniam
846 3383 961 3452 ipse
989 3380 1253 3436 Dominus
1284 3382 1390 3436 erit
1420 3381 1519 3435 tua
1562 3381 1817 3437 omnibus

182 3472 348 3543 (Apoc.
370 3472 527 3540 XXII,
560 3470 637 3541 5),
669 3473 727 3526 et
778 3470 903 3542 ipse
961 3468 1317 3525 illuminabit
1367 3469 1566 3525 omnia
1613 3469 1819 3525 mundi

186 3557 362 3627 istius,
406 3574 668 3633 quorum
726 3574 908 3631 supra
959 3556 1189 3629 cognita
1243 3561 1334 3613 est
1381 3544 1610 3628 divisio,
1664 3572 1819 3613 nunc

186 3648 488 3706 mani-festa
519 3648 578 3703 in
610 3646 855 3713 lumine,
901 3662 1015 3701 non
1067 3662 1170 3719 per
1211 3646 1518 3718 speculum
1570 3646 1628 3701 in
1676 3644 1820 3701 ani-

186 3742 387 3807 gmate,
411 3752 527 3794 nec
555 3735 615 3791 in
650 3740 832 3808 parte,
867 3735 967 3791 sed
1000 3734 1146 3791 facie
1184 3735 1254 3790 ad
1309 3734 1514 3791 faciem
1560 3734 1822 3791 veritatis

186 3823 455 3898 soliditas,
492 3829 675 3898 atque
714 3823 858 3881 illud
904 3824 1062 3897 quod
1106 3823 1428 3897 perfectum
1477 3826 1585 3893 est,
1637 3822 1823 3897 possit

187 3914 372 3970 videri.

830 4000 1063 4057 CAPUT
1106 4001 1174 4056 V.

191 4089 313 4146 Cum
336 4092 553 4149 dicitur
607 4091 900 4158 Abraham,
960 4089 1183 4146 Semini
1240 4092 1340 4146 tuo
1397 4088 1549 4146 dabo
1607 4092 1823 4146 terram

251 4162 397 4244 hanc
426 4164 591 4244 (Gen.
625 4180 718 4230 xv,
755 4164 858 4244 l8),
889 4163 942 4218 ei
977 4177 1126 4244 cera"
1149 4160 1417 4244 beatitudo
1454 4162 1821 4244 promittitur,

249 4233 642 4306 magis'tamen
667 4233 1063 4306 praﬁguratur
1082 4233 1343 4306 Ecclesia,
1372 4233 1530 4305 cujus
1552 4237 1717 4305 typus
1765 4235 1826 4289 in

253 4303 393 4363 Sara
421 4306 628 4371 sterili,
661 4303 721 4361 ut
739 4303 1058 4377 syuagogaeg
1074 4306 1235 4377 atque
1277 4303 1550 4362 haeresum
1583 4303 1649 4359 ‘ih
1681 4306 1828 4374 Agar

253 4322 393 4363 cara
421 4322 628 4371 sterni,
661 4322 721 4361 ut
739 4322 889 4377 agna
934 4322 1047 4373 oga
1074 4322 1235 4375 atque
1277 4322 1550 4362 naresum
1590 4322 1649 4359 ιη
1681 4322 1824 4374 agar

251 4379 451 4450 ancilla
476 4379 836 4450 exprimitur.
870 4322 997 4444 (fuat
1025 4375 1211 4450 debeat
1226 4391 1350 4450 esse
1362 4378 1647 4450 sapientis
1666 4377 1824 4450 pigi-

253 4448 465 4521 tentia;
489 4446 563 4505 εί
586 4447 717 4521 quid
748 4449 842 4521 sit,
893 4447 1309 4521 quodﬁbraghae
1352 4447 1492 4503 Deus
1536 4446 1826 4521 pollicetur

252 4520 365 4577 illis
392 4516 606 4588 verbis,
631 4519 868 4592 Augebo
898 4516 957 4574 te
980 4516 1145 4575 valde
1168 4516 1321 4589 (Gen.
1354 4534 1490 4588 xvu,
1520 4516 1598 4591 6),
1638 4522 1750 4575 etc.

251 4626 336 4683 68.
366 4628 505 4686 Post
535 4627 659 4684 hac
687 4630 954 4683 secutum
985 4630 1076 4682 est
1095 4625 1400 4683 oraculum
1421 4625 1524 4682 Dei
1544 4626 1823 4682 dicentis:

192 4712 389 4790 δαηίηὶ
419 4721 516 4774 tuo
567 4715 703 4771 dabo
761 4722 969 4772 terram
1028 4714 1185 4786 hanc,
1234 4731 1269 4770 a
1323 4716 1553 4787 ﬂumine
1607 4714 1831 4788 ngypti

189 4820 347 4878 usque
374 4806 445 4863 ad
469 4807 677 4877 [tamen
714 4820 977 4876 magnum
1006 4802 1325 4876 Euphraten
1373 4803 1526 4875 (Gen.
1577 4820 1671 4872 xv,
1702 4804 1822 4873 18).

255 4995 362 5079 (At?)
414 4996 601 5054 Iidem
658 5016 829 5065 mss.,
879 5002 941 5054 ut
984 5015 1106 5055 cum
1164 5015 1357 5070 sup....

190 5074 746 5212 ξἶνῗλξῒᾉωὶηιοείιλξι
777 5140 872 5197 hic
902 5144 959 5196 et
990 5139 1091 5196 lib.
1131 5139 1199 5196 de
1223 5139 1425 5196 Parad.
1460 5155 1510 5195 c.
1541 5140 1595 5206 3,
1627 5156 1685 5194 n.
1737 5140 1824 5205 14,

195 5206 357 5289 docet
377 5210 891 5289 Nilumeumdem
913 5227 1040 5289 esse
1072 5228 1139 5268 ac
1168 5211 1531 5289 Groon_que_m
1564 5227 1633 5266 ex
1668 5227 1830 5289 para-

194 5278 313 5358 diso
343 5283 605 5358 terrestri
640 5284 818 5340 ﬂuere
856 5278 1595 5358 ScripturaLtradit'.__Qua_
1630 5278 1828 5358 opinio

194 5352 294 5439 etsi
320 5354 474 5438 apud
497 5351 1099 5439 .I’atrecscpmf‘nunior
1127 5353 1238 5439 sit,‘
1275 5353 1347 5436 ab
1397 5351 1692 5439 aliquibus
1724 5357 1829 5439 'ta—

194 5436 318 5479 men
350 5423 630 5495 rejicitur.
662 5425 806 5482 Vide
850 5425 1171 5499 Patavium,
1200 5424 1459 5481 Animad.
1492 5423 1555 5480 in
1576 5423 1772 5499 Epiph.
1805 5443 1828 5491 ;

195 5490 572 5569 Scaliger-um,
601 5497 669 5569 de
688 5497 899 5554 mead.
939 5498 1118 5569 Temp.
1151 5499 1207 5552 et
1236 5493 1399 5569 alios.
1550 5565 1561 5569 _
1656 5565 1666 5569 _

259 5510 548 5652 δίὶῗῇὲἓῗ
557 5510 909 5652 ἴε.ῗῆπῖἔὸ
938 5510 1399 5652 έὲξῗῗξᾳῗωαξλοέί
1443 5565 1826 5652 antiquiores,

194 5649 287 5694 nec
309 5637 484 5700 ullius
512 5640 571 5698 vi
591 5657 610 5701 :
633 5637 885 5719 quodut
913 5637 1298 5703 amandarent
1334 5637 1705 5713 recentiores,
1737 5637 1827 5701 iné

1421 4997 1830 5070 superabundet

1927 3293 1985 3345 et
2013 3288 2403 3362 agricultura,
2434 3292 2825 3363 competentia
2853 3301 3112 3363 quastus
3142 3293 3407 3350 laborum
3439 3313 3570 3369 ope-

1929 3395 2176 3451 rumque
2210 3378 2514 3435 ruralium.
2549 3380 2699 3435 Sunt
2727 3380 2902 3436 etiam
2943 3382 3201 3454 corporis
3249 3384 3569 3443 accidentia

1928 3467 2265 3535 salubritas,
2300 3472 2359 3523 et
2405 3468 2555 3525 3-15
2613 3470 2996 3527 commoditas
3044 3471 3419 3541 valetudinis,
3466 3476 3564 3532 de-

1929 3556 2388 3627 cus,fortitudo,
2422 3574 2550 3630 qua
2578 3574 2647 3613 ex
2678 3562 2936 3631 tempore
2987 3561 3280 3632 accidunt,
3329 3565 3386 3618 et
3431 3580 3565 3620 cum

1886 3706 1891 3709 _
1929 3649 2096 3701 atate
2127 3648 2450 3702 mutantur.

1998 3734 2088 3789 69.
2121 3735 2245 3791 Non
2276 3734 2628 3791 mediocrem
2663 3736 2812 3792 hanc
2844 3737 3130 3810 triplicem
3162 3742 3411 3812 gratiam
3461 3760 3566 3815 pu-

1928 3827 2038 3880 tes.
2073 3823 2261 3879 Habes
2292 3824 2449 3880 enim
2482 3825 2892 3897 perfectionem
2925 3828 3241 3899 perfectam
3282 3830 3339 3885 in
3386 3832 3567 3888 Evan-

1931 3911 2099 3986 gelio.
2134 3912 2279 3967 Nam
2314 3929 2449 3968 cum
2489 3913 2632 3969 dixit
2683 3914 2966 3971 Dominus
3013 3916 3187 3973 Jesus
3236 3917 3568 3990 legisperito

1928 4000 2054 4056 illi:
2115 4002 2320 4073 Diliges
2375 4003 2665 4058 Dominum
2725 4004 2894 4059 Deum
2947 4006 3105 4059 tuum
3181 4006 3389 4077 (Matth.
3430 4025 3569 4080 xxii,

1929 4090 2043 4156 37,,
2085 4089 2295 4145 anima
2334 4090 2628 4160 justitiam
2675 4092 2914 4147 mandat
2962 4093 3293 4149 tenendam.
3326 4095 3571 4152 Etiamsi

1932 4178 2204 4234 honorari
2226 4182 2496 4250 parentes
2512 4182 2740 4251 justum
2760 4184 2868 4247 est,
2894 4185 3112 4253 quanto
3138 4182 3326 4254 magis
3350 4184 3574 4255 parenti

1934 4267 2196 4324 omnium
2221 4267 2442 4323 del’erre
2474 4268 2643 4324 debet
2673 4268 3152 4325 honoriﬁcentia?
3182 4272 3407 4328 Rursus
3437 4289 3573 4332 cum

1933 4355 2107 4413 didit:
2169 4358 2290 4413 Non
2345 4356 2566 4424 occides,
2624 4373 2736 4413 non
2790 4357 3153 4425 adulterium,
3206 4378 3317 4417 non
3360 4344 3577 4435 furtum

1932 4447 2120 4518 facies,
2152 4462 2262 4501 non
2308 4446 2515 4516 falsum
2570 4448 2942 4503 testimonium
2985 4447 3134 4505 dices
3191 4450 3397 4522 (Matth.
3458 4470 3573 4509 xxx.

1855 4557 1903 4622 Β
1938 4535 2045 4608 18),
2077 4535 2324 4591 virtutes
2350 4534 2607 4608 corporis
2641 4536 2954 4592 servandas
2997 4537 3292 4596 admonet.
3346 4541 3408 4596 In
3440 4558 3579 4614 pos-

1936 4624 2249 4681 terioribus
2281 4640 2412 4680 vero
2444 4623 2666 4690 dicens,
2698 4625 2861 4681 Nemo
2891 4629 2973 4682 est
3000 4628 3100 4699 qui
3145 4628 3434 4702 relinquat
3477 4631 3582 4688 do-

1934 4730 2086 4769 mum
2126 4714 2237 4785 (45)
2302 4720 2398 4767 aut
2450 4714 2732 4783 parentes,
2799 4716 2897 4767 aut
2962 4729 3211 4781 uxorem,
3277 4722 3377 4771 aut
3438 4716 3583 4786 ﬁlios

1930 4810 2156 4875 propter
2182 4818 2414 4871 regnum
2446 4802 2566 4869 Dei,
2605 4809 2655 4858 et
2693 4817 2805 4858 non
2849 4804 3079 4874 recipiat
3123 4804 3323 4874 septies
3367 4808 3581 4860 tantum

1938 4996 2250 5064 duxerunt,
2282 5011 2380 5050 nec
2408 4995 2583 5051 ullius
2616 4996 2711 5052 vis.
2748 4995 2859 5051 Sed
2892 4994 2999 5051 etsi
3034 5010 3209 5050 sensu
3244 5012 3355 5051 non
3391 5001 3585 5052 careat

1937 5065 2283 5132 emendatio,
2329 5071 2588 5124 nostram
2632 5071 2827 5122 tamen
2875 5066 3117 5122 totidem
3162 5066 3393 5121 litteris'
3421 5067 3584 5123 exhi-

1939 5138 2074 5193 bent
2105 5137 2475 5209 probationes
2503 5155 2669 5209 mssﬁ.,
2699 5154 2899 5193 verum
2932 5138 3372 5209 itagconjunctis
3422 5138 3581 5195 voci-

1938 5207 2316 5292 bus,._‘uthin_
2349 5225 2566 5291 .earum
2622 5208 2865 5292 lectione
2918 5207 3269 5290 hallu‘cinuri
3314 5228 3580 5292 pronum

1936 5279 2134 5335 fuerit.
2178 5279 2246 5333 Et
2302 5279 2438 5334 hinc
2497 5281 2882 5336 recentiorum
2940 5282 3087 5336 mss.’
3141 5297 3207 5336 ac
3264 5279 3401 5337 edit.
3464 5299 3584 5339 cor-

1937 5367 2003 5406 ru
2016 5350 2150 5406 otio.

2016 5369 2660 5493 gégnﬂiclocusupaulo
2707 5419 2875 5477 aliter
2932 5421 3297 5493 habeturrin
3356 5423 3580 5491 Bibliis,

1937 5490 2079 5569 seda
2105 5490 2394 5569 Cypriane
2425 5490 2657 5569 iisdem
2691 5492 2881 5569 verbis
2933 5497 3138 5569 quater
3175 5492 3404 5553 citetur.
3439 5490 3582 5554 Vide

1937 5563 2040 5622 lib.
2074 5562 2240 5643 illud
2268 5562 2494 5637 Quirin.
2526 5577 2653 5641 cap.
2682 5562 2773 5624 46.
