3878 6208
284 321 400 376 515

1746 315 1811 372 S.
1856 313 2226 373 AMBllOSll

3573 314 3688 376 516

281 469 426 506 nunc
481 452 541 505 in
599 452 698 505 hoc
753 455 1014 521 tempore,
1073 450 1130 503 in
1185 448 1386 504 sacculo
1438 450 1623 500 autem
1700 454 1924 500 venturo
1953 449 2113 512 Αιγ,
2149 447 2252 514 10),
2295 445 2555 517 Denique
2603 448 2772 518 quasi
2831 447 3120 504 inerudito
3180 448 3568 520 respondetur
3619 450 3670 504 ei

278 544 445 596 vitam
475 543 746 597 aeternam
775 538 1070 610 possidebit
1101 539 1249 602 (Luc.
1285 552 1442 599 xw",
1475 537 1565 601 ‘29,
1585 535 1698 602 30,.
1734 551 1925 588 nonne

281 630 639 685 incrementa
667 630 953 683 bonorum
982 627 1369 680 accidentium
1391 641 1524 678 cum
1556 623 1765 678 anima:
1798 641 1914 677 cor-

279 719 555 790 porisque
587 716 1054 772 remuneratione
1084 713 1420 786 promittit?

347 809 438 860 70.
477 807 604 861 llaec
637 823 763 876 quae
795 803 1162 875 simplicibus
1193 802 1381 857 verbis
1411 818 1579 856 sacra
1628 799 1928 872 Scriptura

279 895 571 965 exprimit,
634 910 844 964 magno
902 892 1158 963 quodam
1229 891 1516 945 cothurno
1586 885 1926 942 Aristoteles

277 983 400 1053 (lib.
436 983 659 1039 [Et/lic.
693 999 744 1045 c,
780 995 808 1035 δ
816 1011 831 1052 λ
862 987 920 1036 et
952 979 1315 1051 Peripatetici
1368 982 1704 1050 personant,
1751 980 1925 1046 atque

276 1071 582 1128 extollunt.
607 1069 1056 1142 Pythagoricum
1089 1083 1323 1138 quoque
1364 1069 1580 1138 dogma
1608 1083 1737 1120 esse
1768 1065 1922 1120 testi-

277 1163 528 1215 ficantur
556 1161 670 1214 sui.
715 1160 821 1213 Sed
865 1157 1000 1228 quis
1047 1156 1282 1211 illorum
1334 1155 1582 1226 mquavit
1627 1155 1920 1209 Abraham

274 1255 537 1319 tempore
559 1247 586 1301 ?
618 1247 760 1311 Quis
791 1246 1136 1301 auctoritate
1167 1251 1224 1299 et
1254 1244 1540 1314 sapientia
1586 1243 1918 1307 Dominum,

275 1340 445 1405 cuius
477 1327 711 1390 oraculo
741 1334 1037 1388 Abraham
1073 1333 1316 1404 triplicis
1349 1332 1526 1402 hujus
1553 1332 1750 1403 gratia:
1791 1347 1918 1384 niu-

277 1443 386 1480 uus
419 1423 730 1495 agnoscit?

345 1515 436 1569 7t.
473 1519 690 1568 Dantur
725 1519 920 1567 autem
977 1512 1029 1565 ei
1089 1519 1369 1582 tanquam
1428 1510 1487 1564 in
1545 1507 1917 1580 disciplinam

274 1603 615 1676 alienigena:
639 1600 927 1671 nationes,
954 1608 1017 1655 ut
1040 1618 1206 1654 mens
1227 1599 1376 1671 arqui
1399 1596 1919 1654 observantissima

274 1695 490 1748 recidat
520 1692 675 1758 vitia,
707 1691 977 1747 emendet
1006 1697 1212 1746 errata.
1244 1690 1426 1760 Magis
1457 1694 1650 1744 tamen
1681 1689 1917 1743 evidens

247 1777 536 1838 Ecclesiae
563 1781 892 1836 declaratur
925 1779 1288 1850 mysterium,
1319 1779 1456 1850 quia
1487 1794 1587 1849 per
1618 1778 1916 1849 apostolos
1949 1811 1995 1875 Β

272 1874 400 1940 ejus
432 1871 532 1942 qui
564 1875 702 1924 sunt
731 1867 1024 1932 Israelita»,
1057 1884 1306 1939 quorum
1343 1872 1558 1937 patres,
1591 1872 1647 1920 et
1671 1883 1740 1920 ex
1777 1865 1911 1936 qui-

273 1963 382 2014 bus
415 1961 678 2032 patribus
707 1958 974 2034 Christus
1004 1957 1329 2011 secundum
1362 1970 1594 2010 carnem
1630 1955 1741 2010 sub
1790 1953 1916 2025 lege

275 2051 462 2104 factus
487 2053 594 2114 est,
637 2045 1043 2118 congreganda
1091 2043 1346 2100 Ecclesia
1405 2044 1550 2098 foret
1607 2041 1916 2098 credituris

273 2137 504 2209 populis
532 2135 842 2192 nationum
874 2136 1006 2205 (46).
1031 2134 1186 2198 Quos
1219 2150 1332 2186 non
1368 2133 1549 2187 otiOse
1580 2132 1778 2186 decem
1813 2149 1914 2186 nu-

274 2243 433 2280 mero
465 2224 834 2296 significavit,
867 2224 970 2278 sed
1005 2227 1066 2276 ut
1096 2221 1428 2276 ostenderet
1453 2221 1606 2290 quod
1649 2218 1731 2272 illi
1783 2226 1917 2274 ante

273 2313 502 2386 partit-li,
553 2313 654 2366 ubi
705 2329 1042 2366 mensuram
1095 2309 1329 2380 pietatis
1380 2308 1744 2380 implessent,
1783 2325 1914 2379 pro-

274 2409 418 2458 fecto
451 2406 646 2456 essent
676 2401 786 2470 (-17,
822 2400 952 2454 fidei
987 2397 1251 2470 adepturi
1274 2414 1565 2452 Coronam.

339 2494 428 2546 72.
464 2489 723 2560 Denique
754 2487 1020 2559 sequitur
1079 2487 1217 2558 quia
1275 2488 1418 2540 Sara
1477 2503 1622 2540 uxor
1668 2486 1913 2541 Abrahaa

272 2579 489 2636 sterilis
523 2580 712 2633 fuerat
737 2576 886 2648 (Gen.
919 2594 1074 2631 xxvr.
1111 2580 1197 2648 l):
1233 2580 1356 2629 erat
1380 2580 1574 2630 autem
1607 2579 1664 2629 et
1701 2574 1914 2630 ancilla

271 2669 536 2742 Aip’yptia
565 2667 660 2724 cui
691 2684 903 2722 nomen
925 2668 1098 2738 Agar,
1132 2666 1287 2736 quod
1319 2665 1390 2720 ad
1425 2663 1741 2720 Ecclesium
1783 2681 1913 2735 per-

272 2761 456 2813 tinere
505 2757 563 2812 in
597 2773 664 2812 ea
719 2755 1078 2826 expositione
1109 2771 1286 2824 quam
1319 2754 1390 2808 de
1421 2752 1740 2808 moralibus
1772 2753 1913 2808 scri-

281 2849 554 2916 psimus,
612 2842 947 2916 apostolicis
1003 2842 1313 2897 docuimus
1383 2840 1666 2912 exemplis
1715 2841 1844 2908 (lib.
1896 2859 1916 2896 ι

269 2937 332 2990 (ιε
362 2934 656 2990 Abraham.
690 2949 740 2987 c.
801 2933 876 3002 4).
918 2929 1174 2985 Ecclesia
1219 2931 1374 2984 enim
1436 2929 1652 2984 sterilis
1684 2929 1914 2984 videtur

274 3027 325 3078 in
361 3025 470 3078 hoc
503 3021 733 3089 saeculo,
768 3020 907 3092 quia
951 3036 1066 3072 non
1123 3017 1422 3074 saecularia
1477 3017 1748 3089 parturit,
1808 3034 1913 3072 nec

273 3111 595 3184 przesentia,
625 3111 724 3165 sed
784 3112 1000 3173 l'utura,
1033 3107 1140 3162 hoc
1193 3113 1299 3171 est,
1356 3123 1470 3162 non
1531 3125 1598 3162 ea
1652 3123 1778 3176 quas
1829 3107 1910 3160 vi-

2037 535 2192 604 quod
2219 535 2548 590 erudiretur
2579 553 2613 590 a
2641 537 2926 598 Domino:
2971 543 3088 608 Ego
3117 539 3369 608 aperiam
3397 553 3457 593 os
3493 542 3673 606 tuum,

2033 627 2084 677 ct
2117 626 2395 678 iustruam
2441 633 2491 679 te
2517 625 2658 696 quod
2683 625 2872 681 debeas
2903 628 3055 698 loqui
3083 626 3243 694 (Ibid.
3279 627 3387 684 12).

2105 713 2196 766 74.
2230 711 2578 768 Praeclarum
2608 720 2801 770 autem
2836 715 3201 788 mysterium,
3235 717 3392 786 quod
3425 713 3519 770 lex
3561 733 3675 772 non

2036 801 2180 856 satis
2210 800 2384 871 plena
2411 807 2572 869 erat;
2607 812 2668 858 ut
2697 805 3074 875 persuaderet
3102 804 3358 876 populis,
3390 807 3448 860 et
3477 807 3681 876 gentes

2032 895 2282 956 vocaret,
2309 889 2395 944 vel
2427 891 2565 962 quia
2595 892 2793 948 clausa
2821 893 2968 948 foret
3000 911 3185 966 usque
3214 895 3286 948 ad
3319 893 3536 950 Christi
3579 894 3680 950 ad-

2031 980 2412 1050 ventum,qui
2443 997 2738 1052 exponens
2795 982 2964 1037 nobis
3019 981 3360 1054 prophetica
3415 980 3674 1050 oracula,

2032 1071 2089 1122 et
2113 1068 2410 1139 proferens
2464 1069 2755 1126 Lectionis
2809 1070 3020 1126 veteris
3075 1069 3432 1135 testimonia,
3493 1069 3675 1126 veluti

2031 1157 2324 1227 quoddam
2355 1175 2420 1212 os
2451 1156 2596 1229 legis
2621 1159 2866 1230 aperuit,
2892 1165 2956 1214 ut
2985 1159 3118 1214 tidei
3148 1157 3371 1214 clamor
3395 1159 3455 1214 in
3485 1163 3675 1215 totum

2030 1245 2350 1315 perveniret
2407 1247 2630 1302 urbem.
2715 1247 2877 1302 Unde
2922 1253 2981 1303 et
3037 1248 3279 1320 mystice
3343 1247 3425 1304 ait
3494 1247 3671 1304 Sara:

2031 1332 2306 1389 Conclusit
2334 1352 2420 1390 me
2475 1337 2735 1391 Dominus
2789 1341 2848 1391 ut
2893 1353 3002 1392 non
3055 1337 3318 1409 panum;
3352 1338 3502 1392 intra
3547 1353 3675 1407 ergo

2027 1421 2096 1476 ad
2117 1424 2376 1478 ancillam
2410 1441 2609 1492 meam,
2641 1433 2690 1479 et
2718 1425 2900 1495 ﬁlium
2927 1428 3096 1496 facies
3125 1443 3196 1480 ea:
3225 1426 3324 1480 illa
3353 1426 3512 1496 (Gen.
3555 1442 3671 1493 XVI,

2027 1512 2102 1581 2).
2136 1515 2257 1576 Quo
2289 1519 2567 1584 agnoscat
2595 1513 2654 1568 in
2687 1514 3196 1586 praedestinatione
3233 1514 3414 1570 fuisse
3443 1531 3676 1586 semper

2030 1601 2341 1656 Ecclesium
2401 1601 2522 1668 Dei,
2583 1608 2640 1657 et
2695 1608 2960 1674 paratam
3024 1603 3158 1658 fidei
3217 1602 3669 1670 fecunditatem,

2027 1690 2260 1760 quando
2282 1691 2515 1761 juberet
2547 1690 2830 1747 Dominus
2879 1707 3275 1762 prorumpere,
3320 1691 3424 1746 sed
3465 1689 3672 1748 volun-

2026 1783 2143 1833 tate
2173 1779 2405 1834 Domini
2435 1787 2588 1834 cei-to
2619 1786 2973 1835 reservatam
3005 1780 3270 1851 tempori.
3303 1779 3568 1851 Denique
3587 1778 3672 1835 sic

2025 1867 2305 1937 scriptum
2333 1873 2422 1922 est
2446 1885 2458 1922 :
2493 1868 2740 1939 Tempore
2767 1870 2980 1940 accepto
3003 1868 3263 1923 exaudiui
3289 1875 3366 1936 te,
3397 1872 3451 1924 et
3496 1870 3558 1922 in
3584 1868 3673 1924 die

2024 1955 2218 2010 salutis
2275 1956 2460 2026 αλλ]αυὶ
2514 1966 2562 2011 te
2609 1958 2736 2026 (Isa.
2777 1973 2928 2024 xux,
2997 1956 3073 2028 δ).
3124 1956 3498 2012 Advertimus
3556 1957 3672 2013 ita-

2026 2059 2139 2114 que
2169 2045 2324 2116 quod
2357 2046 2674 2100 festinabat
2711 2045 2856 2101 fides
2907 2045 3193 2112 Ecclesiae,
3244 2046 3344 2102 sed
3390 2045 3672 2102 conclusa

2025 2140 2147 2189 erat
2200 2136 2327 2204 ejus
2387 2134 2735 2190 fecunditas.
2795 2136 2917 2200 Quo
2977 2136 3150 2190 verbo
3224 2135 3670 2191 demonstratur

2026 2222 2303 2294 quoniam
2351 2225 2724 2295 exspectabat
2779 2228 2986 2295 partus
3040 2223 3133 2279 sui
3181 2228 3465 2296 tempora,
3526 2224 3670 2296 quia

2025 2312 2182 2383 quod
2214 2311 2556 2367 conclusum
2584 2317 2673 2366 est
2702 2311 2860 2382 aperi
2887 2310 3052 2367 solet.
3085 2313 3212 2376 Qua
3256 2311 3480 2368 ratione
3529 2329 3668 2368 con-

2025 2399 2188 2454 clusa
2214 2399 2403 2464 fuerit,
2455 2400 2624 2454 docet
2672 2404 2728 2456 te
2772 2399 3088 2472 Apostolus
3131 2400 3376 2457 dicens:
3432 2401 3668 2458 Conclu-

2022 2491 2096 2544 sit
2121 2505 2269 2544 enim
2310 2491 2450 2543 Deus
2501 2490 2687 2544 omnia
2735 2491 2794 2542 in
2848 2487 3254 2555 incredulitate,
3302 2498 3362 2544 ut
3410 2489 3667 2545 erunibus

2023 2580 2436 2634 misereatur....
2469 2578 2643 2647 (Rom.
2676 2595 2753 2643 χι,
2785 2578 2896 2648 32).
2938 2577 3012 2633 Ut
3054 2593 3166 2632 non
3216 2578 3444 2634 talentis
3490 2594 3664 2651 neque

2023 2669 2320 2734 currentis,
2359 2667 2452 2722 sed
2499 2668 2813 2723 miserantis
2870 2667 2965 2722 Dei
3008 2667 3182 2736 (Rom.
3246 2683 3327 2734 ιχ,
3367 2666 3461 2737 16)
3507 2672 3664 2723 esset

2023 2756 2247 2828 gratia;
2281 2771 2354 2810 ne
2411 2761 2467 2810 te
2531 2755 2728 2826 ipsum
2757 2754 3136 2825 justiﬁcares,
3168 2755 3271 2810 sed
3317 2755 3515 2811 omnia
3553 2755 3664 2810 tri-

2024 2847 2234 2901 bueres
2265 2844 2381 2900 Deo
2403 2844 2498 2915 qui
2533 2850 2589 2900 te
2645 2845 2890 2900 vocavit.
2948 2845 3130 2900 Nemo
3187 2859 3323 2918 ergo
3372 2843 3664 2916 pigrescat

2023 2939 2078 2989 et
2106 2931 2539 2988 excusationem
2573 2933 2893 3001 praetendat
2930 2931 3168 2987 desidite
3213 2949 3354 2999 sum,
3405 2947 3520 3002 quo
3570 2948 3661 2989 se-

2023 3021 2147 3078 rius
2203 3021 2419 3085 credat,
2479 3022 2618 3092 quia
2687 3021 2972 3092 scriptum
3039 3027 3129 3076 est
3197 3038 3314 3076 non
3388 3019 3660 3088 volentis,

2023 3126 2212 3182 neque
2243 3109 2530 3164 currentis
2575 3125 2723 3164 esse.
2775 3109 3111 3164 Consideret
3159 3109 3316 3164 enim
3365 3110 3512 3181 quid
3558 3109 3659 3166 ad-

271 3176 501 3256 dentur.
550 3200 736 3270 llujus
795 3196 1008 3253 ancilla
1037 3201 1126 3252 est
1182 3195 1506 3268 Synagoga,
1563 3193 1647 3248 vel
1705 3211 1910 3250 omnes
1940 3176 1982 3242 (ἶ
2021 3176 2210 3254 (litum
2241 3199 2338 3262 sit,
2369 3197 2471 3253 Sed
2517 3198 2852 3266 miserantis,
2906 3197 3118 3269 inquit,
3176 3199 3298 3254 Dei.
3359 3176 3561 3254 'l‘alem
3607 3203 3664 3254 te

273 3293 538 3354 haereses,
571 3305 697 3361 quae
729 3303 945 3353 servos,
997 3302 1112 3341 non
1158 3284 1373 3340 liberos
1419 3290 1595 3339 creat.
1661 3285 1909 3355 Ideoque

272 3389 424 3450 Agar
453 3379 668 3434 dicitur
721 3377 1008 3431 habitatio.
1070 3373 1295 3429 Etenim
1353 3374 1693 3444 temporalis
1743 3389 1909 3444 spem

272 3475 440 3533 iuvet,
473 3484 588 3523 non
633 3469 924 3538 perpetuae
975 3462 1366 3535 possessionis
1421 3461 1672 3534 gratiam
1728 3466 1906 3517 tenet.

275 3559 471 3628 Itaque
504 3561 566 3610 ut
596 3571 708 3608 non
739 3551 998 3607 insolens
1025 3556 1194 3623 partu
1229 3567 1502 3621 corporeo
1549 3551 1651 3604 ﬁat
1697 3549 1911 3605 ancilla

271 3650 421 3715 eius,
455 3645 634 3714 etjus
685 3641 947 3696 Ecclesia:
1007 3641 1119 3694 sibi
1178 3640 1450 3707 vindicet,
1511 3639 1726 3694 dicitur
1783 3639 1905 3693 ibi:

270 3736 412 3799 liiice
443 3730 713 3787 ancillam
741 3737 791 3784 et
817 3728 1004 3800 ﬁlium
1031 3730 1152 3798 ejus
1173 3747 1194 3782 .·
1233 3744 1341 3783 ηοη
1387 3729 1536 3782 enim
1582 3727 1759 3784 haeres
1805 3731 1910 3783 erit

268 3824 303 3892 [ἱ
315 3824 420 3876 lius
458 3819 682 3875 ancillae
711 3835 839 3874 cum
866 3818 982 3888 ﬁlio
1012 3831 1128 3871 meo
1162 3817 1308 3871 Isaac
1338 3815 1488 3887 (Gen.
1521 3833 1636 3882 xm,
1673 3816 1780 3884 10).

335 3915 420 3965 τό.
457 3911 569 3965 Sed
600 3908 776 3964 etiam
810 3907 868 3961 in
902 3904 1152 3978 singulis
1181 3906 1320 3959 Sara
1349 3909 1456 3968 est,
1480 3909 1539 3958 et
1569 3903 1626 3958 in
1661 3903 1909 3976 singulis

265 4004 437 4071 Agar.
472 3999 617 4054 Sara
647 3996 833 4052 virtus
863 4011 997 4052 vera
1034 3998 1144 4062 est,
1202 4010 1332 4048 vera
1387 3992 1706 4064 sapientia:
1757 3995 1910 4066 Agar

267 4095 461 4145 autem
494 4091 581 4144 est
637 4083 912 4149 versutia,
953 4088 1235 4154 tanquam
1285 4080 1497 4136 ancilla
1548 4081 1908 4153 perfectioris

267 4177 518 4233 virtutis.
543 4175 671 4232 Alia
693 4175 849 4230 enim
883 4171 1170 4244 sapientia
1199 4169 1503 4243 spiritalis.
1536 4171 1652 4226 alia
1681 4169 1909 4242 sapien-

269 4271 347 4322 κίκι
379 4267 556 4335 hujus
606 4265 831 4318 mundi.
894 4262 1026 4316 Ideo
1056 4261 1232 4316 etiam
1292 4260 1553 4331 Egyptia
1609 4259 1905 4326 scribitur,

267 4356 402 4427 quia
444 4351 844 4426 philosophica
889 4349 1136 4404 eruditio
1186 4349 1500 4403 abundavit
1537 4348 1596 4402 in
1643 4349 1905 4420 Egyptu.

267 4443 524 4514 Denique
550 4444 606 4496 et
633 4441 860 4512 Moyses
889 4437 1155 4492 eruditus
1182 4440 1306 4492 erat
1334 4435 1394 4490 in
1424 4434 1584 4490 omni
1621 4436 1908 4508 sapientia

2017 3304 2155 3360 ergo
2185 3287 2374 3360 praebe
2401 3285 2568 3342 bonis
2595 3286 2808 3342 studiis
2837 3290 2895 3342 et
2925 3292 3197 3358 prompta
3222 3288 3359 3354 fide,
3389 3291 3452 3342 ut
3505 3287 3660 3343 Deus

2015 3377 2102 3432 tui
2133 3376 2498 3439 misereatur,
2529 3380 2586 3430 et
2617 3380 2778 3430 vocet
2810 3380 2861 3430 te
2893 3374 3046 3430 sicut
3079 3373 3393 3432 Ecclesiam
3425 3377 3660 3432 vocabit

2016 3465 2216 3520 dicens
2241 3481 2254 3518 :
2286 3465 2484 3518 Palam
2511 3466 2686 3533 factus
2716 3479 2840 3518 sum
2859 3481 2971 3519 non
3000 3467 3367 3536 quaerentibus
3395 3480 3484 3519 me
3525 3465 3658 3537 (48),

2016 3555 2251 3625 apparui
2281 3555 2351 3608 iis
2383 3554 2480 3623 qui
2497 3552 2564 3606 de
2592 3569 2676 3608 me
2705 3569 2814 3608 non
2842 3553 3551 3623 interrogabaatglsamxv,
3587 3556 3658 3624 1).

2087 3643 2253 3698 7.3.Et
2279 3647 2429 3696 recte
2462 3641 2764 3714 prannissa
2792 3646 2930 3696 sunt
2960 3641 3254 3713 inferiora,
3305 3647 3369 3698 ut
3415 3642 3660 3700 meliora

2017 3737 2413 3802 sequerentur.
2448 3729 2675 3801 Peperit
2695 3727 2908 3785 ancilla
2937 3746 3152 3797 servos,
3178 3734 3241 3784 ut
3267 3747 3367 3786 eos
3398 3731 3664 3788 Ecclesia

2014 3819 2229 3876 liberos
2259 3822 2490 3886 faceret,
2525 3823 2581 3874 et
2609 3819 2681 3874 de
2711 3818 2986 3874 servitute
3011 3819 3257 3891 pepulos
3303 3819 3374 3874 ad
3422 3818 3662 3876 liberta-

2015 3915 2132 3965 tem
2157 3913 2403 3974 vocaret,
2437 3907 2508 3962 de
2534 3907 2705 3979 culpa
2735 3907 2807 3962 ad
2850 3907 3266 3972 innocentiam,
3316 3909 3387 3963 de
3437 3909 3665 3966 offensa

2017 3998 2088 4054 ad
2122 3995 2392 4070 gratiam.
2426 3995 2801 4069 Singulorum
2836 4012 3070 4068 quoque
3101 3996 3407 4052 hominum
3428 3997 3480 4053 si
3526 4015 3662 4070 spe-

2017 4091 2138 4143 etes
2168 4085 2455 4156 ordinem,
2489 4101 2605 4141 non
2637 4101 2840 4141 omnes
2869 4103 2902 4141 a
2931 4085 3200 4157 perfectis
3221 4085 3664 4160 inclinaverunt,

2017 4191 2122 4232 nec
2170 4175 2324 4247 apud
2359 4191 2561 4230 omnes
2594 4179 2854 4246 tempore
2900 4173 3090 4246 prima
3137 4180 3247 4232 est.
3279 4175 3400 4233 .sed
3453 4177 3665 4234 merito

2019 4263 2313 4335 antiquior
2341 4264 2596 4335 perfecta
2623 4263 2828 4317 virtus.
2857 4261 3166 4318 Prudentis
3223 4263 3404 4334 igitur
3451 4265 3668 4321 mentis

2017 4357 2107 4410 est
2146 4351 2539 4418 considerare,
2589 4352 2849 4424 qnandiu
2902 4351 2961 4406 in
3019 4354 3271 4423 perfecta
3316 4357 3408 4408 est
3445 4354 3664 4419 anima,

2017 4456 2146 4514 qua:
2179 4444 2322 4494 sunt
2350 4455 2550 4494 secum
2592 4437 2891 4508 deliberet,
2925 4443 2991 4494 ut
3019 4438 3104 4495 vel
3137 4439 3196 4495 in
3245 4441 3668 4512 posterioribus

272 4530 689 4603 .J‘Igyptiorum,
723 4528 824 4583 sed
871 4525 1082 4596 abjecit
1132 4540 1262 4580 eam
1311 4525 1620 4596 praeferens
1677 4524 1906 4598 ZEgypti
1939 4544 1985 4608 D
2017 4547 2078 4585 se
2107 4532 2370 4585 exerceat
2414 4527 2698 4583 virtutum
2751 4526 3106 4600 disciplinis,
3163 4529 3348 4585 donec
3406 4531 3664 4587 exercitii

270 4617 564 4676 thesauris
603 4615 978 4688 opprobrium
1033 4630 1136 4685 pro
1185 4613 1341 4668 8:6
1389 4612 1604 4668 Christi
1655 4613 1908 4670 nomine.

271 4709 413 4764 Nam
447 4705 496 4763 si
549 4703 710 4760 illam
760 4703 1088 4774 judicasset
1145 4701 1399 4771 alicujus
1454 4701 1738 4757 momenti
1785 4719 1914 4758 esse

269 4794 641 4870 sapientiam,
677 4808 789 4847 non
822 4791 1023 4864 urique
1081 4789 1356 4846 dixisset:
1409 4791 1608 4845 Precor
1661 4791 1911 4859 Domine,

269 4903 377 4940 non
405 4900 528 4938 sum
567 4881 763 4952 lignus
791 4889 922 4936 ante
951 4879 1256 4935 hesternam
1303 4883 1356 4935 et
1411 4879 1912 4936 nudiustertianam

267 4978 338 5030 dii
358 4992 430 5039 ιη,
462 4989 636 5045 neque
664 4988 733 5026 ea:
761 4987 864 5042 quo
888 4971 1099 5039 ctcpisti
1125 4970 1277 5040 loqui
1321 4985 1476 5023 servo
1526 4973 1658 5032 tuo;
1715 4971 1916 5039 gracili

268 5066 417 5119 enim
439 5063 796 5118 collocatione
821 5062 870 5115 et
898 5059 1142 5114 tardiore
1165 5059 1357 5129 lingua
1403 5073 1497 5128 ego
1543 5074 1670 5113 sum
1718 5057 1910 5128 (Exod.

342 5277 448 5345 illi)
477 5275 601 5331 νοτ..
635 5275 796 5340 edit.,
829 5273 1138 5345 crediturus
1182 5272 1418 5345 populus
1474 5273 1782 5345 nationum.
1837 5272 1915 5345 Et

277 5343 476 5415 paucis
523 5347 791 5400 versibus
839 5343 1426 5415 interiectisgemdem
1487 5343 1650 5415 e_dit.,
1710 5343 1914 5398 sterilis

270 5413 469 5484 fuerat.
501 5416 642 5486 quod
674 5415 744 5469 ad
775 5420 917 5480 Bm,
966 5421 1075 5486 etc.
1141 5413 1460 5486 Utrumque
1513 5413 1706 5469 locum
1766 5431 1908 5470 mss.

271 5432 469 5484 (uerat.
497 5432 642 5539 quoa
674 5432 744 5469 aa
775 5432 917 5480 ist-(2.,
966 5432 1075 5468 etc.
1143 5432 1460 5486 Utrumque
1513 5432 1706 5469 iocum
1766 5432 1804 5470 η

271 5487 462 5550 Corb.,
493 5555 514 5557 _
543 5501 700 5557 ong.,
733 5486 898 5557 Colb.,
925 5490 982 5539 et
1012 5485 1154 5540 Maz.
1188 5484 1361 5541 nobis
1396 5487 1804 5540 restituerunt.

364 5558 453 5627 47)
485 5555 652 5627 item;
686 5557 814 5627 cod.
848 5556 1015 5619 Maz.,
1045 5557 1282 5627 perfecta
1312 5565 1507 5612 essent.

341 5576 424 5703 241
489 5576 652 5610 nom.
688 5576 814 5637 ςοα.
849 5576 1015 5619 Μειῑη
1045 5576 1282 5627 per/ecta
1312 5576 1507 5612 θδδσηι.

364 5576 454 5703 ιδέ
483 5625 611 5686 Vet.
633 5625 772 5685 edit.
806 5642 941 5684 eum
972 5641 1116 5686 mss.
1163 5625 1347 5698 Colb.,
1381 5627 1578 5697 Torn.,
1639 5626 1798 5686 Vale.
1857 5633 1914 5686 et

2024 4635 2136 4674 usu
2167 4615 2450 4684 valescat;
2484 4617 2626 4671 dum
2657 4633 2788 4672 vero
2819 4633 2882 4673 se
2912 4617 3125 4672 erroris
3156 4616 3474 4674 involucris
3501 4635 3671 4676 exue-

2023 4707 2119 4773 rit,
2151 4711 2208 4761 et
2237 4705 2308 4760 ab
2340 4704 2500 4760 omni
2531 4703 2867 4760 enodaverit
2904 4705 3243 4772 offensione,
3291 4721 3664 4763 consumma-

2023 4799 2144 4851 tam
2175 4794 2264 4849 sui
2291 4791 2698 4866 purgationem
2747 4792 3050 4862 exhibens,
3105 4797 3245 4849 tunc
3296 4811 3404 4851 suo
3444 4794 3667 4852 nitatur

2023 4882 2224 4939 ordine
2256 4897 2500 4959 magnos
2533 4886 2734 4954 partus
2765 4881 2953 4937 edere.
3363 4890 3366 4891 '

2089 4972 2180 5026 76.
2215 4970 2497 5025 Praeterea
2541 4969 2760 5024 dicitur
2807 4969 3090 5025 Abrahie:
3151 4971 3277 5027 Esto
3325 4973 3444 5028 sine
3490 4989 3669 5045 repre-

2023 5060 2290 5116 hensione
2321 5058 2452 5131 (Gen
2506 5073 2644 5126 xvu,
2680 5058 2768 5128 1):
2833 5058 2925 5113 cui
2977 5059 3228 5116 debetur
3271 5060 3519 5133 spiritus
3575 5077 3665 5118 sa-

2024 5273 2194 5340 Maz.,
2223 5275 2400 5344 factus
2422 5288 2545 5327 sum
2573 5273 2843 5342 quaerenti
2859 5271 2956 5328 bus
2975 5289 3104 5340 me;
3138 5272 3510 5343 recentiores,
3557 5277 3668 5344 fac-

2024 5353 2109 5402 tus
2127 5361 2248 5400 sum
2269 5361 2304 5400 a
2332 5360 2444 5400 non
2472 5345 2845 5417 quaerentibus
2873 5359 2960 5399 me
2984 5361 2997 5411 ;
3023 5350 3203 5417 utrazq
3213 5360 3283 5417 ue
3299 5361 3435 5401 cum
3458 5345 3664 5402 iisdem

2024 5433 2242 5479 mss....
2274 5417 2371 5488 qui
2397 5431 2485 5470 me
2511 5430 2640 5470 non.
2686 5414 2893 5488 Melius
2953 5417 3057 5472 cod
3114 5414 3286 5488 Corb.
3341 5420 3402 5473 et
3431 5417 3664 5488 'Long”

2024 5434 2242 5479 mss....
2274 5434 2368 5488 qui
2397 5434 2640 5470 menon.
2686 5434 2893 5470 laeuus
2953 5434 3057 5472 con
3114 5434 3286 5472 uorn.
3341 5434 3541 5474 eruo
3626 5459 3662 5484 .,

2021 5490 2198 5562 factus
2226 5502 2350 5542 sum
2375 5501 2483 5562 non
2505 5487 2880 5560 quaerentibus
2906 5503 3024 5562 me;
3077 5484 3292 5562 quibus
3340 5505 3474 5546 cum

2024 5557 2082 5617 et
2106 5559 2274 5629 Maz.,
2307 5560 2405 5635 qui
2431 5557 2610 5616 deme
2635 5573 2766 5630 non,
2807 5565 2918 5616 etc.
2964 5559 2970 5564 ’
3094 5557 3116 5562 ”
3529 5628 3564 5636 η
