3862 6210
128 338 232 407 517

1397 340 1498 400 DE
1540 332 1928 400 ABIIAHAM
1976 335 2120 399 LIB.
2168 339 2242 398 Il.

3384 347 3499 407 5l8

129 474 291 548 pienti
322 475 574 540 sanctus,
610 469 850 545 integer,
885 472 1029 529 bene
1083 472 1339 538 mobilis,
1399 468 1741 526 immacula-

1928 472 2251 527 Icumcidite
2289 471 2557 529 duritiam
2603 475 2780 531 cordis
2837 477 3000 531 vestri
3057 476 3232 547 (Deut.
3284 495 3338 542 χ,
3388 476 3495 547 16),

132 569 233 619 ius.
262 561 489 633 Oportet
514 561 694 631 igitur
718 562 823 618 viri
848 563 1132 635 sapientis
1179 562 1435 617 animam
1495 560 1588 615 die
1642 575 1741 614 no-

129 659 321 722 ctuque
348 650 405 703 in
435 649 703 706 exercitio
723 652 855 722 jugi
887 650 1123 724 specula
1149 650 1531 723 praetendere,
1588 665 1747 703 nun-

130 756 288 805 quam
334 754 536 794 somno
567 739 715 795 847
749 738 1171 812 indulgentem,
1203 737 1501 811 perpetuis
1530 735 1747 809 vigiliis

128 829 389 884 intentam
422 831 532 881 Deo
562 828 633 882 ad
659 827 1241 899 comprehensionem
1289 843 1487 882 rerum
1542 842 1745 881 earum

129 934 243 988 quas
270 921 420 979 sunt,
454 922 510 970 et
545 914 915 988 singularum
962 931 1278 973 causarum
1330 914 1743 988 cognitionem.

127 1005 223 1060 Sed
254 1004 422 1059 etiam
461 1005 790 1059 futurorum
840 1003 1130 1076 interpres
1179 1004 1467 1075 sapientia
1496 1006 1605 1072 est,
1639 1001 1750 1057 scit

128 1091 416 1166 praeterita,
445 1096 500 1147 et
529 1092 600 1148 de
629 1092 841 1149 futuris
870 1093 1140 1148 aestimat.
1171 1092 1292 1148 Scit
1318 1092 1606 1148 versutias
1626 1107 1747 1147 ser-

127 1197 369 1245 monum,
418 1184 476 1236 et
520 1181 844 1237 solutiones
906 1186 1412 1255 argumentorum.
1467 1180 1648 1254 Signa
1691 1185 1750 1235 et

130 1276 371 1325 monstra
395 1270 503 1325 scit
533 1274 846 1341 antequam
879 1270 1040 1338 ﬁant,
1074 1274 1130 1325 et
1148 1274 1388 1326 eventus
1419 1274 1748 1341 temporum

129 1366 176 1413 et
201 1358 560 1413 saeculorum.
592 1359 717 1413 Non
748 1363 944 1430 potest
974 1358 1155 1429 igitur
1184 1358 1376 1413 bonus
1407 1361 1582 1429 atque
1614 1372 1749 1428 per-

132 1446 296 1502 fectus
326 1463 436 1502 non
468 1462 596 1502 esse
626 1446 725 1518 qui
756 1445 907 1502 hanc
935 1445 1295 1519 acquisierit,
1344 1445 1485 1517 quia
1511 1449 1570 1501 et
1625 1462 1748 1501 om-

131 1551 245 1590 nem
277 1533 447 1590 habet
473 1534 769 1604 virtutem,
802 1539 859 1591 et
888 1535 1083 1607 imago
1122 1535 1403 1590 bonitatis
1448 1538 1554 1590 est.
1590 1534 1751 1590 Unde

129 1622 388 1678 etseculi
437 1622 613 1679 istius
664 1624 939 1696 sophista
990 1628 1290 1679 traxerunt
1347 1622 1751 1679 deﬁnitionem

128 1712 464 1781 bujusmodi,
499 1713 655 1782 quod
689 1713 924 1784 sapiens
958 1713 1044 1767 vir
1069 1713 1258 1768 bonus
1301 1712 1531 1767 dicendi
1598 1711 1751 1784 peri-

129 1805 210 1855 tus
238 1800 328 1856 sit.

185 1890 267 1944 77.
300 1889 629 1945 Redeamus
647 1906 803 1945 nunc
833 1890 904 1945 ad
932 1890 1153 1945 donum
1184 1888 1285 1944 Dei
1318 1905 1433 1961 quo
1465 1888 1611 1943 nihil
1634 1888 1751 1962 ple-

127 1977 264 2034 nius.
297 1977 441 2041 Quid
473 1978 631 2033 enim
663 1977 874 2033 melius
896 1978 1187 2048 sapientia
1213 1977 1242 2031 ‘I
1273 1977 1421 2041 Quid
1453 1978 1622 2049 pejus
1653 1995 1749 2032 va-

129 2068 288 2122 nitate
315 2066 342 2120 ?
370 2066 519 2131 Quid
550 2066 806 2122 deterius
836 2065 1250 2138 superstitione
1278 2065 1305 2120 ?
1339 2065 1589 2137 Ideoque
1616 2071 1749 2122 tan-

126 2170 283 2225 quam
313 2153 364 2209 ei
394 2155 487 2209 cui
521 2154 868 2226 promiserat
897 2153 1323 2226 plenitudinem
1356 2154 1751 2225 perfectionis,

128 2244 199 2296 ait
227 2258 239 2297 :
271 2243 479 2314 Augebo
512 2251 562 2299 te
589 2243 766 2307 valde,
796 2251 848 2299 et
870 2258 1070 2315 ponam
1102 2251 1149 2298 te
1176 2243 1231 2297 in
1263 2246 1466 2311 gentes,
1497 2251 1551 2298 et
1604 2259 1753 2315 reges

127 2330 182 2386 de
203 2335 248 2386 te
272 2341 431 2387 erunt
457 2333 618 2403 (Gen.
652 2347 791 2398 xvu,
815 2332 907 2401 6):
944 2331 1085 2402 quia
1111 2333 1243 2401 ejus
1285 2331 1384 2402 qui
1417 2330 1608 2388 fidelis
1666 2339 1756 2388 est

129 2419 245 2490 (49),
277 2424 430 2476 totus
465 2421 723 2475 mundus
754 2420 1090 2475 divitiarum
1122 2425 1231 2486 est,
1262 2424 1321 2475 et
1349 2425 1614 2492 augetur,
1640 2437 1754 2477 non

129 2509 393 2564 minuitur
421 2514 486 2565 ut
516 2508 754 2564 stultus.
789 2508 1029 2564 Ponitur
1060 2508 1119 2563 in
1162 2512 1368 2581 gentes
1416 2509 1746 2577 Abraham,

128 2596 221 2652 hoc
237 2603 340 2665 est,
378 2599 529 2655 fides
557 2600 686 2667 ejus
726 2599 796 2652 ad
828 2601 1031 2669 gentes
1080 2597 1455 2668 transfertur,
1486 2605 1545 2653 et
1588 2614 1754 2670 reges

128 2686 303 2740 saeculi
333 2686 434 2758 qui
491 2687 889 2751 crediderunt,
938 2690 997 2740 et
1025 2702 1087 2741 se
1150 2685 1476 2758 subjiciunt
1507 2686 1755 2743 Domino

126 2772 248 2829 Jesu
268 2774 357 2830 cui
384 2774 604 2830 dicitur
636 2792 648 2829 :
685 2775 801 2829 Tibi
840 2774 1067 2845 offerent
1114 2789 1266 2843 reges
1295 2791 1529 2830 munera
1582 2776 1754 2847 (Psal.

130 2877 280 2928 vau,
307 2862 586 2933 30).‘Nec
617 2861 760 2917 illud
818 2863 1167 2929 absurdum,
1228 2862 1368 2934 quia
1421 2879 1489 2918 ex
1546 2880 1757 2936 genere

130 2951 352 3006 Abrahae
410 2969 530 3007 non
584 2949 775 3006 solum
834 2967 1000 3022 reges
1058 2955 1231 3006 erunt
1297 2950 1600 3022 dignitate,
1660 2969 1756 3008 ve-

130 3054 246 3093 rum
275 3040 447 3095 etiam
488 3038 595 3095 illi-
637 3055 801 3111 reges
857 3039 957 3110 qui
1011 3044 1246 3110 peccato
1307 3055 1422 3095 non
1482 3042 1755 3109 serviant,

131 3143 221 3181 nec
246 3127 433 3184 vincat
463 3145 567 3184 eos
599 3126 843 3191 malitia,
875 3143 1055 3198 supra
1083 3144 1231 3199 quos
1288 3144 1535 3201 regnum
1598 3146 1757 3185 mors

132 3230 231 3270 non
284 3217 513 3273 habeat.
577 3215 788 3271 Mentis
848 3194 1118 3287 quoque-
1156 3216 1319 3271 bona:
1353 3194 1757 3289 vcognovimus
1789 3194 1831 3260 C

133 3320 276 3377 roges
324 3322 450 3361 esse
508 3310 569 3360 et
626 3303 916 3375 principes
973 3304 1359 3371 inventiones,
1418 3321 1545 3376 quae
1605 3306 1758 3362 sicut

132 3392 400 3448 Abraham
433 3392 751 3449 mediocris
790 3392 1029 3463 quidem
1081 3393 1476 3464 generationis
1522 3411 1758 3466 proven-

132 3482 232 3548 tus,
263 3498 374 3537 non
406 3482 610 3548 habet,
640 3484 740 3536 sed
774 3481 1037 3536 abundat
1078 3480 1398 3553 regalibus.
1460 3482 1564 3537 Cui
1620 3485 1760 3541 data

132 3575 206 3621 est
240 3575 383 3625 terra
412 3572 473 3625 in
504 3570 964 3642 possessionem,
1000 3574 1064 3623 ut
1110 3569 1448 3625 dominetur
1503 3572 1752 3643 corpori,

136 3672 221 3712 nec
248 3658 320 3713 sit
348 3659 580 3731 captiva
607 3657 930 3713 carnalium
991 3655 1383 3729 voluptatum,
1443 3660 1542 3714 sed
1587 3662 1756 3732 quasi

136 3744 393 3802 famulatu
444 3748 646 3803 debito
693 3746 946 3802 obnoxia
974 3762 1107 3801 caro
1139 3747 1322 3801 menti
1381 3750 1615 3803 serviat.
1664 3754 1757 3805 Se-

135 3834 361 3888 cundum
393 3850 712 3907 personam
744 3838 940 3889 autem
981 3833 1229 3889 Abrahaa
1282 3834 1519 3891 evidens
1576 3842 1756 3908 myte-

135 3920 265 3977 rium
293 3923 582 3990 Ecclesiae,
616 3939 743 3994 quae
775 3926 963 3978 totum
994 3922 1194 3977 orbem
1228 3922 1362 3977 fidei
1418 3923 1756 3983 haereditate

135 4010 386 4080 possedit,
417 4012 572 4068 bene
601 4015 766 4081 pater
792 4009 1090 4066 electionis
1119 4009 1353 4081 dicitur,
1381 4014 1542 4083 pater
1596 4012 1752 4085 ﬁdei,

130 4103 270 4165 pater
287 4099 390 4172 pia:
422 4099 835 4156 confessionis.

737 4186 969 4242 CAPUT
1010 4187 1104 4243 ΧΙ.

128 4270 230 4327 PraD

230 4284 429 4347 ceptum
458 4276 897 4350 circumcisionis
926 4274 1158 4350 Abrahae
1184 4275 1533 4350 datumquid
1579 4279 1751 4350 signi-

187 4344 317 4414 ﬁcet,
344 4348 545 4421 quidve
575 4349 744 4402 etiam
773 4346 1078 4421 infantibus
1120 4354 1303 4421 octavo
1332 4344 1425 4403 die
1471 4364 1583 4403 non
1632 4344 1748 4405 'rir-

187 4416 430 4474 cumcisis
450 4421 786 4474 intentatum
812 4416 886 4472 sit
913 4418 1148 4472 exitium
1172 4420 1198 4470 .9
1215 4416 1366 4473 Sarae
1395 4421 1613 4474 nomini
1638 4437 1750 4476 una

189 4483 357 4559 littera
386 4489 631 4545 additur.
664 4487 951 4559 Abraham,
967 4488 1028 4542 in
1055 4490 1257 4559 [aciem
1302 4488 1449 4544 cadit
1475 4493 1529 4545 et
1583 4491 1743 4548 ridet.

186 4553 318 4613 Num
347 4559 493 4615 idem
520 4559 854 4615 dubitaverit
878 4561 904 4611 ?
930 4553 1166 4629 Ipsi'pro
1185 4560 1411 4616 lsmaele
1437 4562 1625 4617 oranti
1652 4577 1749 4618 an-

186 4630 302 4684 nuit
326 4634 620 4697 Dommus,
651 4647 716 4685 ac
743 4629 925 4698 ﬁlium
950 4646 1021 4686 ex
1057 4629 1199 4685 Sara
1220 4632 1519 4701 promittit.

184 4712 265 4769 78.
289 4716 356 4772 Et
385 4718 530 4791 quia
557 4717 882 4790 perfectum
935 4721 1197 4784 vocatur,
1256 4717 1560 4775 oraculum
1615 4736 1744 4791 per-

127 4794 367 4861 fectionis
393 4805 627 4878 accipit.
661 4804 1096 4873 Circumcidatis,
1148 4805 1360 4877 inquit,
1404 4818 1562 4862 omne
1596 4824 1743 4864 mas-

124 4887 349 4947 culinum
373 4901 637 4965 vestrum,
676 4901 728 4950 et
782 4892 1185 4949 circumcidatis
1234 4909 1455 4950 carnem
1507 4899 1745 4952 vestram

126 4970 259 5041 (Gen.
287 4995 422 5053 xvn,
487 4982 748 5054 10,11):
812 4982 1065 5055 perfecta
1121 4984 1316 5039 autem
1373 4982 1742 5041 circumcisio

126 5060 380 5131 spiritalis
408 5071 519 5126 est.
548 5068 807 5141 Denique
833 5072 893 5125 et
916 5067 1086 5126 lectio
1112 5068 1221 5126 hoc
1239 5070 1407 5126 docet
1425 5086 1559 5127 cum
1580 5070 1738 5127 dicit:

182 5254 285 5331 (49)
317 5260 402 5321 Ita
429 5263 803 5340 mssLCorb"
836 5263 1042 5340 Long,
1074 5261 1324 5340 (ποιμα
1353 5265 1611 5324 Maz.Alii
1636 5279 1740 5340 au-

123 5325 337 5412 {quae
368 5341 482 5412 vet,
512 5332 652 5412 edit.
684 5325 817 5408 quia
844 5339 943 5410 qui
959 5325 1084 5410 Ejus
1112 5338 1209 5393 est.
1244 5337 1410 5395 Rom.
1437 5354 1591 5407 vero,
1609 5337 1741 5409 quia

122 5401 204 5463 σαί
223 5401 482 5463 ejusmodi
500 5407 600 5462 est.

181 5415 482 5524 ﬂammai
500 5415 600 5462 est.

181 5469 451 5560 (_L_)_Mss.
485 5492 669 5560 supra
690 5475 956 5560 laudati,_
980 5478 1174 5560 possit
1203 5485 1383 5560 "tota:
1436 5477 1638 5560 virilis,
1688 5485 1740 5537 et

121 5536 436 5607 {summm
461 5536 748 5610 menstrua
777 5536 997 5623 (passio
1028 5545 1292 5620 scillicst)
1344 5556 1526 5611 sumat
1579 5536 1738 5610 ecar-

121 5606 203 5675 dla
226 5628 336 5681 non
364 5615 541 5681 male.

1854 557 1923 611 Et
1952 558 2047 613 luc
2077 560 2340 631 plerique
2365 563 2446 617 ita
2473 562 2786 634 accipiunt,
2823 571 2885 619 ut
2914 565 2992 618 sit
3025 581 3038 619 :
3085 565 3501 621 Circumcidatzs

1854 662 2018 701 omne
2048 650 2415 704 masculinum
2464 660 2719 718 vestrum,
2775 654 2883 708 hoc
2940 660 3047 719 est,
3099 658 3357 708 mentem
3409 670 3500 708 ve-

1856 739 2040 791 stram
2072 755 2087 801 ;
2123 738 2270 792 nihil
2302 745 2391 793 est
2418 741 2574 795 enim
2604 747 2794 796 ruente
2828 741 3091 795 validius.
3128 740 3344 797 Deinde
3366 741 3506 813 quia

1856 824 2250 880 masculinum
2282 827 2459 881 etiam
2492 835 2758 883 sanetum
2784 830 2997 884 dicitur
3031 846 3044 883 :
3080 830 3269 885 Omnis
3300 846 3499 885 mascu-

1857 911 1942 965 lus
1996 912 2321 985 adaperiam
2379 916 2596 971 vulvam
2652 927 2868 971 sanctus
2940 918 3166 973 Domino
3222 920 3507 974 vocabitur

1856 999 2049 1071 (Exod.
2079 1018 2193 1057 xm.
2216 1003 2293 1073 2).
2344 1004 2492 1068 Quid
2543 1010 2737 1059 autem
2789 1013 2980 1060 mente
3037 1007 3317 1073 sanctius,
3378 1024 3503 1078 quae

1858 1088 1959 1143 dat
1990 1091 2271 1146 bonarum
2302 1091 2529 1145 semina
2561 1091 3001 1159 multationem,
3037 1093 3251 1164 quibus
3309 1094 3506 1167 aperit

1856 1176 2088 1233 vulvam
2121 1179 2331 1235 animae
2386 1179 2722 1235 conclusum
2762 1183 3023 1250 patiendi
3082 1182 3406 1250 sterilitate,
3439 1189 3507 1239 ut

1861 1266 2047 1337 possit
2075 1265 2215 1323 illas
2267 1266 2590 1323 invisibiles
2650 1271 2802 1324 διδ
2856 1269 3260 1342 gentratioues
3316 1271 3505 1340 edere,

1860 1361 2025 1409 utero
2056 1354 2154 1410 illo
2185 1355 2450 1411 videlicet
2481 1356 2756 1427 spiritali,
2793 1358 2863 1413 de
2924 1376 3038 1430 quo
3069 1358 3213 1414 dicit
3272 1360 3456 1417 Isaias
3490 1378 3502 1415 :

1862 1444 1917 1497 In
1954 1447 2104 1499 utero
2135 1447 2435 1515 accepimus
2465 1451 2517 1499 et
2562 1449 2963 1516 parturieimus
2994 1448 3257 1519 spiritum
3311 1450 3506 1504 salutis

1860 1532 1970 1603 (lca
1999 1550 2157 1602 xxvi,
2218 1534 2305 1604 18)
2340 1533 2365 1587 ?
2410 1533 2787 1590 Circumcisio
2819 1552 2953 1606 ergo
2985 1535 3175 1591 cordis
3228 1535 3507 1608 intelligi-

1860 1620 2015 1684 bilis,
2062 1621 2429 1677 circumcisio
2472 1623 2645 1678 etiam
2698 1623 2888 1679 carnis
2920 1624 3233 1679 mandatur
3261 1625 3505 1681 sensibi-

1861 1707 1970 1764 lis:
2035 1709 2136 1765 illa
2192 1710 2251 1765 in
2300 1711 2560 1774 veritate,
2613 1712 2665 1765 in
2720 1712 3044 1782 signaculo.
3093 1712 3340 1769 Gemina
3398 1714 3506 1771 ita-

1781 1813 1973 1894 Bque
2046 1797 2432 1866 circumcisio,
2520 1802 2659 1871 quia
2739 1810 2796 1856 et
2874 1801 3057 1856 animi
3138 1807 3195 1857 et
3251 1803 3509 1875 corporis

1860 1886 2140 1958 quaeritur
2170 1886 2548 1943 abstinentia.
2583 1889 2843 1961 Denique
2871 1889 3119 1961 {Egyptii
3141 1891 3506 1961 quartodeci-

1862 1990 1957 2030 mo
1987 1979 2139 2030 anno
2189 1975 2619 2031 circumcidunt
2676 1996 2893 2043 mures,
2953 1984 3013 2033 et
3070 1979 3302 2034 femina
3354 1981 3511 2052 apud

1860 2079 1959 2119 eos
1984 2064 2189 2119 eodem
2219 2081 2374 2120 anno
2404 2065 2743 2121 circumcidi
2797 2069 3082 2134 feruntur,
3116 2069 3271 2140 quod
3321 2068 3392 2124 ab
3444 2087 3509 2125 eo

1860 2152 2116 2207 vidilicet
2146 2169 2298 2208 anno
2344 2154 2586 2226 incipiat
2645 2157 2889 2227 ﬂagrare
2938 2156 3131 2228 passio
3191 2157 3400 2227 virilis,
3454 2164 3509 2214 et

1862 2239 2210 2296 feminarum
2254 2247 2555 2298 menstrua
2603 2252 2845 2298 sumant
2874 2245 3108 2300 exordia
3138 2245 3275 2317 (53.)
3331 2246 3504 2318 Legis

1862 2334 2059 2384 autem
2133 2329 2281 2384 lator
2328 2335 2555 2386 aeternio
2619 2332 2987 2402 signaculum
3048 2334 3511 2390 circumciéionis

1865 2416 2116 2472 carnalis
2144 2418 2203 2472 in
2245 2418 2385 2473 solis
2416 2418 2680 2475 maribus
2719 2420 2916 2491 exigit,
2959 2438 3024 2474 eo
3057 2421 3210 2492 quod
3270 2422 3340 2477 ad
3374 2422 3511 2478 mis-

1864 2506 2043 2559 tionis
2078 2522 2249 2559 nsum
2291 2506 2377 2559 vir
2407 2505 2650 2561 muliere
2679 2507 3077 2562 vehementior
3124 2510 3237 2564 sit:
3295 2514 3352 2565 ct
3384 2509 3509 2566 ideo

1865 2593 2053 2665 ipsius
2088 2594 2370 2665 impetum
2428 2594 2743 2668 infringere
2806 2595 2985 2651 voluit
3041 2597 3509 2654 circumcisionis

1864 2681 2188 2754 signaculo.
2221 2682 2321 2738 Vel
2354 2683 2493 2754 quia
2521 2683 2629 2739 viri
2682 2684 2840 2740 licito
2874 2702 2934 2740 se
2982 2703 3175 2742 errare
3230 2688 3502 2755 credunt,

1864 2772 1914 2825 si
1955 2768 2077 2826 solo
2109 2787 2169 2827 se
2200 2772 2533 2827 abstineant
2570 2772 2875 2840 adulterio,
2912 2775 3267 2831 meretricios
3302 2780 3505 2831 autem

1865 2876 2010 2915 usus
2039 2867 2318 2932 tanquam
2349 2860 2460 2933 legi
2494 2868 2713 2916 natoue
2745 2868 3054 2935 suppetere
3084 2868 3316 2936 putant,
3367 2880 3502 2920 cum

1866 2955 2076 3020 praeter
2105 2949 2445 3020 conjuginm
2473 2967 2578 3005 nec
2616 2950 2737 3006 viro
2770 2949 2956 3019 liccat,
2991 2969 3092 3007 nec
3125 2953 3355 3009 feminae
3398 2955 3508 3008 mi-

1867 3037 2011 3092 sceri
2046 3035 2453 3092 alteri.Altiore
2476 3042 2669 3093 autem
2694 3037 3168 3110 interpretatione
3201 3040 3339 3096 illud
3368 3059 3508 3113 pan-

1866 3124 2045 3193 ditur,
2078 3125 2230 3196 quod
2272 3124 2320 3179 si
2355 3142 2521 3181 mens
2548 3133 2794 3199 purgata
2824 3135 2880 3183 et
2911 3128 3254 3185 circumcisa
3285 3131 3381 3194 sit,
3415 3147 3510 3185 ex-

1867 3216 1968 3268 uta
1997 3214 2314 3284 superiluis
2347 3214 2742 3286 voluptatibus
2776 3222 2832 3272 et
2879 3217 3356 3289 cogitationibus,
3416 3237 3507 3274 re-

1868 3303 2107 3375 stringit
2137 3302 2393 3358 animam
2421 3304 2493 3358 ad
2514 3304 2603 3359 sui
2639 3304 3067 3371 castimoniam,
3094 3306 3510 3378 purisquesen-

1866 3392 2030 3446 sibus
2049 3392 2300 3447 infusam
2320 3392 2606 3447 bonorum
2624 3393 3043 3465 iecitpartuum
3068 3396 3505 3465 generatricem.

1935 3481 2025 3535 79.
2062 3480 2272 3535 Octavo
2304 3487 2499 3534 autem
2531 3481 2624 3535 die
2653 3480 2988 3537 circumcidi
3025 3500 3269 3554 puerum
3304 3484 3395 3540 lex
3418 3486 3511 3555 ju-

1865 3567 1980 3635 bet,
2007 3568 2250 3640 mystico
2284 3567 2487 3639 utique
2519 3574 2826 3640 praecepto,
2865 3571 3003 3641 quia
3034 3571 3159 3642 ipse
3197 3576 3286 3627 est
3316 3589 3508 3628 resur-

1865 3656 2139 3712 rectionis
2171 3656 2295 3710 dies
2326 3655 2628 3711 Dominica
2657 3658 2814 3711 enim
2854 3659 2948 3713 die
2980 3659 3293 3715 resurrexit
3321 3660 3513 3716 Domi-

1865 3762 1977 3801 nus
1997 3745 2190 3801 Jesus.
2218 3745 2366 3816 Ergo
2398 3745 2446 3800 si
2486 3744 2609 3800 dies
2649 3747 3092 3803 resurrectionis
3130 3749 3507 3805 circumcisus

1864 3850 1972 3889 nos
2011 3838 2069 3888 et
2128 3839 2331 3888 exutos
2386 3832 2643 3888 inveniat
2692 3833 3035 3890 delictorum
3095 3836 3384 3906 superius,
3435 3837 3504 3892 ab

1864 3922 2023 3977 omni
2054 3921 2285 3977 ablutos
2318 3922 2505 3989 sorde,
2542 3922 2791 3978 mundos
2824 3940 2857 3978 a
2888 3924 3041 3979 vitiis
3075 3925 3496 3995 corporalibus,

1862 4011 1913 4065 si
1933 4010 2069 4065 hinc
2092 4009 2348 4064 mundus
2364 4009 2856 4075 exieris,mundus
2878 4013 3463 4082 resurgemtlircumei
3480 4042 3499 4053 -

1862 4099 1933 4154 de
1954 4098 2133 4171 igitur
2153 4104 2207 4152 te
2230 4114 2345 4152 non
2370 4114 2563 4163 carne,
2587 4099 2688 4153 sed
2720 4099 2858 4154 vitio
2885 4099 3125 4154 carnali.
3150 4100 3218 4155 Et
3248 4117 3500 4157 circum-

1861 4187 1986 4242 cide
2017 4192 2184 4242 tuum
2217 4201 2332 4240 non
2372 4184 2564 4241 solum
2595 4187 2992 4255 vernaculum,
3026 4188 3127 4243 sed
3167 4188 3341 4244 etiam
3373 4207 3500 4262 pre-

1856 4275 1939 4330 tio
1969 4279 2253 4346 emptum.
2297 4274 2358 4329 Si
2390 4274 2462 4328 ad
2487 4273 2721 4345 singula
2750 4275 2988 4344 referas,
3024 4276 3315 4331 vernaculi
3360 4283 3501 4335 sunt

1859 4369 2054 4419 motus
2093 4361 2409 4429 naturales,
2432 4363 2619 4433 pretio
2655 4363 2857 4436 empti,
2882 4365 3103 4419 ratione
3134 4370 3189 4420 et
3237 4367 3502 4424 doctrina

1858 4450 2150 4524 acquisiti.
2184 4451 2367 4523 Egent
2406 4455 2601 4506 autem
2642 4457 2699 4507 et
2728 4450 2811 4506 illi
2843 4456 2899 4508 et
2928 4452 3009 4521 hi,
3042 4457 3322 4526 tanquam
3383 4457 3498 4513 vir-

1775 4545 1825 4611 D
1853 4540 2038 4613 gulta,
2072 4539 2419 4612 purgatione
2448 4543 2505 4594 et
2534 4539 2817 4596 incisione
2848 4540 3113 4613 luxuriae,
3153 4560 3222 4599 ne
3253 4560 3497 4617 evagen-

1850 4632 1950 4684 tur
1978 4634 2044 4684 ut
2099 4627 2322 4684 sterilia
2374 4632 2692 4697 sarmenta,
2713 4634 2771 4685 et
2825 4629 3189 4687 obumbrent
3266 4632 3499 4692 inutilia

1853 4716 2188 4772 fructuosis.
2212 4715 2386 4772 Velut
2405 4717 2670 4788 quaedam
2703 4717 2862 4773 omni
2890 4717 3030 4775 vitio
3062 4718 3321 4777 distenta
3350 4722 3495 4778 mul-

1850 4804 1927 4860 tis
1966 4805 2262 4860 incassum
2293 4803 2521 4861 laborat
2540 4805 2652 4877 (51)
2679 4823 2692 4860 :
2726 4805 2809 4861 ita
2837 4808 3158 4862 cavendum
3191 4826 3263 4865 ne
3318 4809 3492 4866 etiam

1853 4896 2053 4948 nostra
2081 4908 2248 4949 mens
2276 4891 2544 4963 pluribus
2572 4896 2871 4964 occupata,
2905 4910 3020 4949 non
3052 4893 3243 4951 solum
3309 4897 3493 4954 bonos

1851 4980 2148 5053 ingeneret
2172 4983 2394 5052 partus,
2456 4981 2553 5035 sed
2605 4980 2780 5036 etiam
2822 4980 3132 5036 inutilibus
3195 4981 3491 5056 plerisque

1850 5069 2161 5140 degeneret
2187 5086 2202 5135 ;
2236 5066 2415 5124 simul
2469 5072 2532 5123 ut
2561 5068 2695 5123 vitis
2725 5074 2929 5139 putata
2958 5084 3073 5125 non
3105 5068 3271 5125 facile
3318 5070 3488 5128 silve-

1921 5260 2031 5335 (5t)
2061 5261 2196 5327 Quae
2227 5260 2336 5335 hic
2367 5262 2550 5335 habes
2579 5279 2634 5335 a_
2657 5278 2811 5329 voce,
2853 5263 3082 5335 laborat,
3137 5264 3206 5319 ad
3265 5280 3484 5333 vocem,

1849 5331 2122 5405 mysterii,
2158 5348 2296 5405 cum
2321 5331 2382 5405 in
2413 5331 2553 5405 edit.
2602 5332 2888 5405 deessent,
2929 5334 3099 5405 nobis
3145 5331 3488 5405 suggessere

1851 5400 1995 5485 mss.
2028 5418 2231 5483 omnes
2257 5401 2404 5457 Gali.
2437 5400 2561 5485 N‘on
2594 5400 2881 5485 obscurus
2918 5404 3156 5485 quidem
3213 5400 3308 5485 hic
3362 5413 3487 5464 erat

1850 5473 2068 5540 hiatus,
2101 5472 2199 5544 qui
2231 5487 2346 5544 non
2377 5473 2529 5544 male
2560 5471 2864 5544 suppletus
2894 5471 3206 5543 videretur,
3257 5477 3304 5531 si
3363 5494 3485 5533 ver-

1847 5544 1949 5622 bis
1970 5541 2368 5622 superioribus
2399 5541 2691 5622 incessunt
2723 5542 2957 5616 laborat;
3003 5541 3313 5611 adderetur
3349 5563 3481 5622 vox,

1846 5614 1974 5681 viti:
2001 5608 2089 5673 vi!
2118 5612 2261 5696 quid
2290 5608 2501 5681 simile.
