3862 6210
377 242 496 298 519

1832 243 1895 299 S.
1945 242 2323 302 AMBROSII

3656 246 3758 307 520

376 378 521 440 seat,
546 370 897 427 dissolvatur
952 372 1086 440 cito,
1137 372 1237 427 sed
1291 371 1615 443 posteritati
1674 376 2017 427 reservetur.
2052 380 2100 440 Α
2133 372 2242 426 sibi
2277 374 2480 443 justus
2528 372 2809 441 videatur,
2869 374 3059 431 aetatis
3100 376 3435 439 maturioris
3497 393 3756 449 processu

374 462 520 516 Nam
553 464 609 517 et
638 459 924 532 ingeniosi
958 461 1143 515 multa
1172 460 1428 532 pariunt,
1463 478 1590 532 quae
1623 460 1763 515 utile
1789 464 1877 515 est
1909 459 2019 515 cir-

374 550 726 619 cumcidere,
760 554 817 605 et
862 550 962 621 qui
1016 549 1343 604 doctrinam
1405 549 1709 621 diligentia
1767 550 2017 605 assecuti

375 643 533 709 sunt,
564 639 758 695 videre
786 636 845 692 in
878 654 939 694 se
995 638 1208 692 debent
1265 638 1652 695 inscientiam.
1686 643 1700 705 ]
1765 636 2021 711 Mysterii

374 733 567 786 autem
601 728 749 784 ratio
781 726 1057 782 dilucida.
1091 726 1403 782 Vernaculi
1435 727 1591 783 enim
1631 727 1843 796 Judaei,
1894 743 2022 799 pre-

372 818 451 875 tio
472 817 674 890 empti,
701 818 840 872 sunt
869 818 1071 888 gentes
1102 831 1228 887 qua
1257 814 1632 871 crediderunt
1663 834 1677 885 ;
1712 815 1849 889 quia
1897 834 2021 889 pre-

371 908 448 964 tio
480 905 785 979 sanguinis
816 904 1031 962 Christi
1063 905 1363 977 redempta
1392 908 1480 961 est
1537 905 1811 961 Ecclesia.
1874 906 2018 978 Ergo

366 1001 424 1054 et
450 997 709 1063 Judasus,
739 999 795 1051 et
826 994 1078 1061 Graecus,
1103 998 1159 1050 et
1192 993 1525 1066 quicunque
1557 995 1889 1061 crediderit,
1926 996 2020 1051 de-

367 1088 463 1142 bet
493 1086 642 1142 scire
663 1100 725 1140 se
751 1083 1168 1139 circumcidere
1198 1100 1232 1138 a
1261 1084 1536 1155 peccatis,
1575 1088 1636 1139 ut
1682 1084 1871 1156 possit
1901 1083 2015 1139 sal-

365 1193 473 1233 vus
506 1174 662 1231 ﬁeri:
699 1177 756 1230 et
803 1172 1180 1240 domesticus,
1216 1176 1273 1227 et
1320 1171 1665 1245 alienigena,
1696 1177 1752 1229 et
1785 1174 2010 1245 justus,

365 1269 419 1321 et
448 1266 717 1338 peccator
742 1262 1199 1318 circumcidatur
1230 1259 1573 1317 remissione
1621 1266 2012 1333 peccatorum,

366 1358 431 1411 ut
454 1357 757 1427 peccatum
786 1368 899 1407 non
932 1354 1205 1423 operetur
1235 1349 1493 1422 amplius
1521 1368 1534 1418 ;
1568 1350 1706 1423 quia
1737 1367 1907 1407 nemo
1931 1368 2018 1408 as-

366 1443 562 1501 cendit
590 1441 649 1497 in
681 1457 927 1513 regnum
959 1439 1259 1507 caelorum,
1305 1438 1419 1495 nisi
1452 1456 1552 1511 per
1579 1444 2013 1496 sacramentum

366 1531 758 1608 baptismatis.
790 1530 903 1586 Nec
936 1529 1191 1601 proderit
1221 1527 1537 1600 superioris
1581 1527 1816 1600 justitia
1865 1532 2011 1583 tem-

360 1622 546 1696 poris,
584 1625 638 1677 et
684 1620 741 1674 in
772 1620 885 1673 ﬁne
916 1619 1045 1673 vitae
1072 1616 1363 1689 justitiam
1425 1616 1815 1688 dereliquerit.
1884 1618 2013 1673 ideo

370 1711 581 1767 Paulus
621 1710 702 1765 ait
734 1726 746 1763 :
777 1710 959 1763 Pretio
989 1709 1155 1778 empti
1189 1708 1334 1775 estis,
1369 1708 1538 1762 nolite
1567 1708 1691 1777 ﬁeri
1738 1708 1881 1761 servi
1925 1706 2015 1761 ho-
2043 1745 2089 1810 B

367 1804 581 1857 minam
607 1799 656 1872 (Ι
680 1797 807 1854 Cor.
850 1813 945 1865 vn,
977 1797 1088 1863 23).
1132 1796 1280 1852 Sunt
1310 1796 1466 1851 enim
1498 1796 1808 1864 contraria,
1855 1796 2008 1851 349

367 1890 506 1962 quia
536 1886 783 1946 servitus
815 1889 1047 1959 peccato
1079 1885 1463 1953 contrahitur,
1502 1889 1559 1940 et
1597 1885 1781 1957 pretio
1808 1901 2007 1957 pecca-

371 1985 495 2035 lum
535 1977 870 2034 remittitur.

435 2069 523 2123 80.
557 2067 687 2122 Haec
709 2065 889 2138 igitur
918 2063 1171 2135 simplici
1205 2062 1566 2134 expositione
1599 2062 1897 2117 abundare
1936 2061 2007 2117 ad

368 2154 727 2213 intellectum
759 2153 1088 2225 opinamur.
1125 2151 1371 2222 Ideoque
1425 2166 1528 2205 nec
1568 2150 1749 2206 cubos
1778 2165 2009 2222 geome~

364 2246 541 2312 tricas,
576 2260 680 2299 nec
712 2245 1081 2313 tetragonum
1113 2255 1423 2294 numerum
1457 2238 1856 2310 philosophiae,
1879 2255 2009 2293 con-

364 2334 675 2391 fessionem
710 2333 842 2403 (52),
880 2332 947 2384 ut
986 2328 1172 2397 aiunt,
1208 2327 1668 2401 Pytbagoricam,
1706 2345 1809 2384 nec
1855 2344 2005 2383 sem-

364 2440 465 2497 per
500 2420 780 2494 virgines,
809 2423 875 2473 ut
922 2415 1239 2490 appellant,
1286 2416 1673 2472 hebdomadis
1731 2432 2007 2471 numeros

360 2529 499 2568 cura
528 2509 876 2567 discutimus
896 2506 1078 2571 inani,
1104 2522 1207 2562 nec
1253 2505 1540 2560 mundum
1577 2505 1739 2561 radio
1791 2505 2005 2560 forma-

362 2619 493 2658 mus
514 2602 647 2671 (53),
672 2615 777 2655 nec
798 2596 1006 2653 cmlum
1032 2596 1089 2651 in
1114 2595 1349 2669 pulvere
1367 2594 1704 2667 quaerimus,
1728 2611 1831 2650 nec
1853 2596 2003 2650 intra

363 2694 645 2763 angustos
665 2688 878 2744 abacos
904 2687 1102 2742 orbem
1126 2683 1533 2739 concludimus
1559 2700 1571 2737 :
1599 2684 1697 2738 sed
1721 2699 1855 2739 vera
1877 2700 2004 2755 ape-

369 2782 554 2835 rimus
577 2777 870 2849 mysleria,
896 2791 1073 2830 unam
1097 2773 1347 2829 salutem
1385 2789 1513 2828 esse
1550 2772 1763 2828 Christi
1804 2789 2000 2829 resur-

366 2868 701 2924 rectionem.
725 2862 1182 2935 Conplantemur
1212 2878 1347 2933 ergo
1387 2860 1761 2917 similitudini
1794 2861 2000 2918 mortis

357 2959 505 3027 ejus,
530 2960 596 3011 ut
616 2969 945 3010 mereamur
968 2948 1403 3006 resurrectionis
1425 2950 1801 3005 consortium.
1829 2952 1895 3006 Et
1912 2967 2001 3006 ve-

355 3054 453 3102 tus
468 3046 642 3101 home
664 3046 863 3098 noster
883 3038 1059 3096 simul
1084 3039 1160 3094 sit
1179 3039 1440 3095 conﬁxus
1481 3040 1659 3108 cruci,
1686 3044 1749 3095 ut
1785 3056 1998 3113 corpus

355 3137 694 3192 destruatur
711 3129 950 3205 peccati.

422 3226 514 3280 81.
547 3221 790 3297 Egregie
820 3223 1015 3275 autem
1047 3217 1303 3273 infantiae
1351 3216 1409 3272 in
1451 3217 1657 3290 primis
1705 3218 1996 3290 vagitibus

354 3311 694 3370 circumcidi
717 3325 909 3366 mares
931 3308 1220 3380 lexjubet,
1246 3306 1421 3363 etiam
1442 3305 1781 3362 vernaculos
1806 3324 1818 3361 :
1863 3307 2000 3379 quia

353 3404 506 3458 sicut
531 3402 603 3458 ab
659 3399 910 3455 infantia
956 3401 1257 3470 peccatum
1309 3396 1443 3467 (54),
1506 3395 1590 3451 ita
1618 3396 1690 3451 ab
1750 3396 2000 3453 infantia

352 3490 741 3547 circumcisio.
773 3486 1012 3543 Nullum
1040 3491 1271 3563 tempus
1319 3501 1570 3541 vacuum
1639 3486 1809 3542 debet
1862 3504 1989 3543 esse

352 3579 570 3646 tutelae,
601 3578 741 3651 quia
770 3576 999 3632 nullum
1038 3579 1127 3631 est
1156 3575 1339 3648 culpa:
1381 3590 1650 3630 vacuum.
1689 3579 1756 3629 Et
1804 3576 1998 3631 infans

352 3668 710 3725 revocandus
740 3682 775 3722 a
804 3668 1036 3738 peccato
1090 3667 1198 3730 est,
1223 3680 1294 3719 ne
1341 3662 1678 3719 idololatrias
1706 3662 2001 3735 polluatur

350 3756 637 3829 contagio,
672 3758 729 3811 et
758 3771 831 3810 ne
862 3753 1105 3809 adorare
1136 3756 1439 3809 assuescat
1488 3751 1732 3820 idolum,
1763 3756 1819 3809 et
1862 3770 1996 3810 exo-

352 3845 567 3904 sculari
598 3842 1004 3911 simulacrum,
1038 3841 1295 3914 parentis
1334 3840 1549 3896 violare
1607 3840 1812 3896 nidum
1863 3843 1995 3913 (55),

352 3937 627 4010 pietatem
659 3934 888 3991 laedere.
921 3930 1109 3988 Simul
1141 3947 1212 3987 ne
1229 3928 1545 4002 quisquam
1568 3928 1820 3999 inﬂetur,
1841 3932 1996 4003 quod

417 4053 508 4125 52)
541 4053 695 4119 Era.,
723 4048 858 4105 Gill.
894 4052 954 4103 et
981 4048 1146 4125 Rom.
1181 4045 1344 4113 edit.,
1378 4046 1818 4125 quaternionem,
1857 4045 1995 4101 Alite

349 4117 572 4191 omnes,
606 4117 845 4180 ac’mss.
878 4120 1271 4191 confessionem
1303 4134 1316 4172 :
1355 4118 1477 4191 sed
1539 4117 1743 4191 eodem
1794 4133 1993 4174 sensu.

351 4196 452 4251 ilic
481 4187 637 4251 enim
670 4211 739 4251 ea
766 4210 875 4249 vox
905 4187 1160 4247 sumitur
1214 4205 1317 4261 pro
1352 4187 1994 4261 illoriPytbagoreorum

339 4266 749 4337 jurejurando,
783 4266 853 4320 de
885 4279 999 4337 quo
1031 4258 1405 4337 Plutarchus
1441 4258 1589 4337 lib..‘i
1614 4331 1623 4337 _
1764 4259 1997 4337 Placitis

354 4329 821 4409 philosophorum,
882 4329 961 4389 ita
1019 4333 1221 4389 scribit
1262 4347 1275 4386 :
1338 4332 1417 4379 Διὸ
1470 4330 1553 4377 καὶ
1609 4329 1897 4409 ἑφθέγγοντο
1954 4335 1999 4409 ei

350 4402 689 4471 Βυθαγορικοί,
764 4406 825 4464 ὡς
913 4420 1145 4466 μεγιστου
1219 4417 1367 4465 ορκου
1443 4416 1578 4458 οντος
1660 4403 1746 4459 τῆς
1826 4402 1998 4465 τετρά-

356 4494 453 4533 οος.

413 4586 481 4632 Οὺ
539 4584 607 4645 μὰ
687 4583 772 4629 τὸν
852 4580 1068 4643 ἁμετέρᾳ
1121 4580 1258 4643 ψυχᾷ
1313 4576 1593 4641 παραδόντα
1664 4581 1932 4642 τετρακτὺν

414 4655 582 4717 Ηαγὰν
636 4653 815 4700 ἀενάου
872 4652 1057 4714 φύσεως
1114 4649 1345 4713 ριζῶματθ
1402 4648 1633 4713 ἔγουσαν.

355 4761 467 4815 Hoc
495 4763 585 4816 est
617 4775 629 4814 :
664 4758 869 4814 Idcirco
907 4756 1284 4828 Pythagorici,
1339 4756 1496 4826 quasi
1552 4772 1812 4826 magnum
1861 4760 1998 4811 esset

353 4829 742 4903 jusjurandum
769 4827 1151 4901 quaternonis,
1206 4827 1691 4903 pronuntiabant;
1740 4828 1870 4903 Non,
1896 4842 1998 4897 per

348 4898 475 4957 eum
502 4903 599 4973 qui
626 4898 834 4958 aniniz
866 4904 1071 4973 nostra
1097 4898 1508 4973 quaternionem
1523 4898 1734 4973 praebet
1777 4902 1998 4973 natura?

350 4967 581 5032 aeternae
610 4976 818 5045 fontem
849 4987 913 5026 ac
938 4967 1148 5045 radices
1186 4967 1496 5045 habentem.
1562 4967 1994 5045 Jusjurandum

352 5052 550 5100 autem
582 5037 1186 5116 proptereacontessio
1218 5037 1629 5116 diciturhquod
1664 5037 1762 5094 illo
1792 5039 1998 5116 divini-

351 5122 529 5172 tatem
560 5108 779 5187 ubique
809 5116 1157 5187 praesentem
1189 5125 1315 5166 esse
1333 5108 1677 5187 profitemur
1698 5112 1994 5187 contesta:

326 5186 619 5258 ‘murque.
638 5178 743 5242 Per
768 5178 1210 5258 quaternionem
1241 5178 1372 5236 vero
1386 5179 1668 5258 jurabant
1696 5178 1814 5245 isti,
1839 5179 1994 5258 quod

349 5274 482 5313 cum
502 5249 901 5313 humerorum
932 5253 1200 5310 omnium
1231 5265 1509 5313 magnam
1543 5249 1832 5305 rationem
1858 5249 1996 5307 ‘ha-

351 5329 574 5401 herent,
608 5325 965 5401 quaternarii
980 5329 1176 5401 tamen
1193 5320 1489 5401 habebant
1515 5320 1857 5401 maximam.
1881 5320 1996 5401 _Hu-

351 5400 451 5463 jus
472 5390 811 5457 rei'causam
833 5396 1035 5453 eodem
1051 5393 1176 5450 loco
1206 5392 1381 5448 refert
1404 5390 1553 5446 Plut.
1585 5390 1724 5463 quia
1738 5407 1807 5447 ex
1822 5394 2001 5463 t_etra-

355 5460 425 5522 de
438 5465 701 5525 animum
714 5470 976 5527 nostram
990 5467 1261 5533 putarent
1271 5477 1400 5518 esse
1416 5460 1797 5533 compositam
1807 5505 1818 5533 .
1828 5461 1998 5533 Eum-

356 5535 488 5592 dem
523 5536 701 5591 etiam
722 5539 961 5593 consule
982 5532 1081 5591 lib.
1114 5534 1180 5591 de
1209 5535 1482 5603 Procrcat.
1511 5532 1747 5603 Anim.
1797 5532 1997 5603 Neque

358 5605 531 5667 etiam
553 5604 963 5680 probabilitate
993 5621 1103 5663 sua
1129 5608 1307 5675 caret,
1332 5602 1487 5679 quod
1509 5601 1712 5661 volunt
1731 5600 1998 5664 nonnulli

2024 4487 2072 4555 D

2104 5406 2252 5508 quos
2297 5388 2312 5390 ⁷
2352 5388 2533 5461 legas,

2105 5461 2120 5507 l
2153 5460 2222 5508 lac
2252 5473 2265 5508 :
2307 5475 2341 5508 ε
2370 5475 2488 5508 ana
2516 5457 2532 5508 l

2132 460 2425 517 Abraham
2459 460 2795 517 circumcidi
2819 463 3082 535 jubetur.
3117 465 3229 521 Nec
3262 482 3441 522 senex
3472 482 3608 538 ergo
3645 483 3758 540 pro-

2132 548 2375 622 selytus,
2410 567 2514 606 nec
2544 551 2737 607 infans
2766 552 3115 609 vernaculus
3146 556 3454 627 excipitur,
3487 555 3627 628 quia
3652 572 3757 612 om-

2133 640 2224 695 nis
2257 645 2394 696 aetas
2426 646 2662 713 peccato
2691 641 2959 713 obnoxia,
2993 648 3049 699 et
3080 643 3207 700 ideo
3239 645 3435 702 omnis
3496 649 3637 702 aetas
3678 662 3756 702 sa-

2131 734 2429 785 cramento
2452 730 2678 786 idonea.

2200 820 2293 874 82.
2333 820 2399 873 Et
2428 820 2551 873 erit.
2582 819 2795 891 inquit,
2822 823 3201 876 testamentum
3253 837 3439 876 meum
3498 823 3559 877 in
3615 838 3758 879 came

2130 911 2307 962 vestra
2339 906 2493 977 (Gen.
2525 924 2684 976 xvm,
2719 908 2741 963 i
2754 910 2829 981 3).
2866 908 3133 965 Forsitan
3164 910 3453 966 referatur
3473 910 3586 967 hoc
3616 911 3753 968 loco:

2130 998 2428 1062 Quomodo
2442 996 2767 1069 spiritalem
2782 998 2928 1053 dicis
2950 998 3484 1066 circumcisionem,
3503 1017 3637 1056 cum
3656 1017 3758 1057 ora-

2127 1084 2328 1140 culum
2359 1085 2515 1140 dicat
2548 1103 2559 1140 :
2614 1086 2737 1141 Erit
2766 1090 3186 1143 testamentum
3219 1087 3683 1146 circumcisionis
3708 1090 3755 1145 in

2127 1190 2301 1229 carne
2327 1178 2517 1229 vestra
2538 1174 2565 1228 ?
2595 1173 2773 1239 Quasi
2804 1191 2934 1231 vero
2966 1175 3174 1232 animae
3208 1175 3415 1246 solius,
3438 1182 3499 1234 et
3518 1195 3634 1234 non
3650 1195 3759 1251 pas-

2126 1262 2359 1318 sionum
2391 1263 2649 1335 corporis
2680 1263 2931 1337 exigitur
2961 1264 3367 1337 temperantia.
3403 1265 3555 1322 Nam
3586 1272 3644 1322 et
3686 1266 3754 1320 vi-

2127 1368 2252 1417 sus,
2287 1355 2344 1408 et
2366 1352 2625 1421 auditus,
2651 1357 2706 1409 et
2726 1353 3013 1420 odoris,et
3030 1358 3264 1426 gustus,
3286 1359 3344 1411 et
3364 1358 3581 1425 tactus,
3604 1359 3659 1412 et
3674 1372 3757 1413 vo-

2125 1440 2207 1495 cis
2230 1440 2417 1512 ipsius
2439 1441 2722 1512 quasritur
2738 1442 3003 1514 quasdam
3026 1442 3372 1500 castimonia
3399 1462 3414 1511 ;
3448 1444 3591 1516 quia
3611 1449 3663 1500 et
3685 1444 3755 1497 vi-

2124 1546 2225 1584 sns
2240 1529 2537 1601 procacior
2567 1529 2742 1585 habet
2767 1531 3008 1602 crimen,
3035 1537 3091 1586 et
3140 1532 3269 1587 ideo
3318 1534 3613 1605 scriptum
3643 1537 3752 1588 est:

2121 1617 2247 1673 Noli
2264 1618 2543 1673 intendere
2560 1621 2753 1690 fallaci
2796 1622 3038 1688 mulieri,
3080 1638 3251 1693 neque
3288 1625 3540 1691 capiaris
3584 1623 3753 1687 oculis,

2123 1723 2291 1777 neque
2311 1709 2613 1778 abripiuris
2625 1709 2900 1780 palpebris
2922 1710 3104 1779 (Prov.
3133 1712 3275 1781 v,2).
3326 1710 3398 1766 Et
3428 1711 3490 1766 in
3514 1712 3642 1784 ipso
3666 1729 3752 1767 au~

2120 1795 2244 1851 ditu
2266 1796 2485 1851 crimen
2508 1801 2597 1852 est
2619 1798 2665 1853 si
2688 1798 2928 1853 seducet
2946 1800 3002 1853 te
3023 1799 3381 1868 meretrix,et
3404 1798 3596 1856 multo
3617 1799 3757 1855 blan-

2118 1886 2376 1941 dimento
2402 1885 2688 1941 sermonis
2721 1890 2777 1941 et
2808 1885 3034 1957 laqueis
3083 1885 3374 1942 labiorum
3421 1904 3667 1944 suorum
3702 1893 3748 1943 te

2120 1972 2335 2047 alliget.
2365 1975 2433 2029 Et
2463 1974 2521 2029 in
2555 1975 2680 2046 ipso
2716 1979 2872 2031 tactu
2906 1973 3123 2030 crimen
3158 1979 3283 2042 est;
3317 1975 3448 2032 ideo
3484 1976 3594 2032 tibi
3625 1976 3751 2032 dici-

2119 2067 2214 2117 tur
2248 2079 2259 2116 :
2292 2066 2374 2118 Ne
2402 2065 2608 2119 multus
2634 2066 2810 2134 fueris
2851 2064 2921 2118 ad
2949 2065 3213 2130 alienam,
3258 2081 3435 2135 neque
3480 2068 3754 2121 continue-

2120 2154 2197 2207 ris
2223 2153 2570 2225 amplexibus
2590 2170 2699 2208 non
2731 2156 2879 2208 tuam
2911 2154 3021 2224 (56)
3054 2153 3209 2224 (Ibid.
3244 2155 3359 2225 20).
3421 2159 3489 2210 Et
3518 2154 3583 2209 in
3636 2170 3756 2210 voce

2119 2241 2293 2313 culpa
2321 2245 2449 2297 est:
2484 2240 2732 2312 laqueus
2772 2242 2927 2296 enim
2984 2241 3343 2297 fortissimus
3400 2246 3494 2298 est
3545 2242 3754 2298 homini

2120 2347 2228 2386 sua
2256 2330 2432 2398 labia,
2465 2334 2523 2386 et
2550 2330 2862 2387 abducitur
2891 2348 2925 2385 a
2951 2329 3123 2386 labiis
3154 2331 3245 2386 sui
3274 2330 3412 2387 oris.
3438 2331 3515 2387 Et
3546 2331 3661 2388 mel
3681 2330 3754 2403 ip-

2121 2437 2254 2475 sum
2287 2419 2403 2475 noli
2436 2418 2688 2474 multum
2724 2420 2912 2485 edere,
2948 2436 3019 2476 ne
3050 2436 3304 2475 evomas.
3338 2419 3589 2493 Oportet
3632 2437 3754 2494 ergo

2122 2512 2185 2562 ut
2215 2508 2478 2564 omnium
2513 2524 2795 2564 sensuum
2827 2512 2997 2564 acuta
3036 2507 3112 2564 sit
3156 2509 3501 2577 moderatio,
3542 2527 3613 2565 ne
3668 2513 3756 2565 aut

2120 2598 2375 2669 impetus
2403 2597 2461 2651 in
2501 2596 2709 2652 vitium
2741 2596 2957 2666 trahat,
2988 2601 3089 2652 aut
3120 2598 3391 2654 nimietas
3438 2596 3638 2667 laedat,
3667 2602 3755 2654 aut

2120 2703 2283 2741 mora
2313 2684 2618 2741 oll‘ensioni
2646 2685 2739 2740 sit.

2189 2776 2277 2830 83.
2302 2773 2427 2829 Non
2459 2773 2640 2830 otiose
2698 2778 2915 2842 autem,
2978 2791 3082 2831 nec
3140 2775 3433 2848 superﬂue
3497 2776 3755 2850 plerique

2118 2864 2271 2920 350
2302 2863 2408 2919 hoc
2439 2862 2539 2934 qui
2572 2861 2836 2934 sequitur
2866 2861 2989 2918 loco
3023 2864 3239 2919 moveri
3297 2863 3598 2934 videntur,
3664 2880 3753 2920 ec-

2117 2950 2255 3025 quid
2289 2952 2371 3007 ita
2400 2951 2608 3007 dixerit
2636 2951 2922 3007 Dominus
2956 2969 2967 3005 :
3003 2953 3277 3021 Quoniam
3304 2954 3407 3027 qui
3432 2970 3549 3010 non
3594 2956 3754 3026 fuerit

2109 3043 2466 3098 circumcisus
2492 3041 2791 3109 masculus,
2818 3050 2869 3096 et
2896 3043 2992 3112 qui
3040 3058 3149 3097 non
3196 3042 3612 3098 circumciderit
3639 3059 3751 3097 ear-

2027 3118 2070 3186 C
2106 3149 2232 3187 nem
2256 3131 2522 3203 praeputii
2550 3132 2638 3184 sui
2664 3138 2843 3186 octavo
2871 3129 2980 3197 die,
3029 3132 3279 3186 interibit
3321 3132 3527 3189 anima
3568 3134 3667 3188 illa
3696 3131 3752 3186 de

2105 3237 2301 3292 genere
2319 3236 2436 3286 suo,
2465 3221 2602 3292 quia
2632 3222 3013 3274 testamentum
3037 3236 3219 3273 meum
3244 3221 3547 3292 interrupit
3608 3220 3749 3292 (Gen.

2108 3325 2248 3377 xvu,
2283 3309 2389 3379 14).
2424 3308 2605 3363 Grave
2661 3307 2817 3363 enim
2868 3311 3106 3380 putatur
3163 3309 3317 3380 quod
3350 3308 3573 3366 infanti
3631 3312 3750 3365 octo

2107 3398 2331 3455 dierum
2363 3395 2715 3471 negligentia
2764 3400 3070 3467 parentum
3103 3397 3293 3452 fraudi
3322 3402 3481 3454 esset
3537 3399 3747 3463 futura,

2108 3487 2189 3543 ita
2216 3491 2279 3542 ut
2318 3485 2582 3542 interiret
2608 3484 2806 3541 anima
2836 3485 2984 3556 ejus,
3008 3502 3140 3540 cum
3170 3486 3297 3559 ipsa
3322 3486 3413 3542 lex
3442 3487 3631 3543 etiam
3662 3487 3752 3542 ho-

2110 3575 2335 3632 micidae
2421 3575 2544 3645 (qui
2611 3578 2808 3629 tamen
2868 3590 2982 3629 non
3055 3573 3455 3630 voluntarium
3529 3577 3752 3632 facinus

2109 3662 2355 3720 necandi
2386 3662 2644 3718 hominis
2672 3662 3023 3735 impleverit)
3044 3662 3305 3719 civitates
3334 3664 3757 3738 praescripserit

2107 3753 2289 3825 (Josue
2362 3769 2455 3819 xx,
2516 3752 2591 3818 3),
2654 3752 2724 3806 ad
2784 3768 2931 3823 quas
3011 3752 3394 3825 confugiendo
3464 3757 3759 3811 mereatur

2107 3840 2416 3915 sanguinis
2454 3839 2882 3912 impunitatem.
2943 3840 3242 3904 Quomodo
3283 3857 3419 3914 ergo
3480 3846 3591 3898 aut
3648 3842 3759 3898 illic

2107 3931 2250 3987 ratio
2282 3929 2529 3986 habetur
2558 3929 2806 3985 fortuitae
2841 3928 3022 4001 necis,
3054 3932 3156 3985 aut
3186 3928 3279 3985 hic
3308 3929 3457 3986 ratio
3500 3930 3759 3989 infantiae

2105 4046 2496 4120 Pythagoram
2526 4061 2625 4115 per
2653 4061 2823 4120 suam
2846 4045 3118 4120 rerpanctiv
3150 4044 3513 4120 intellexisse
3567 4048 3759 4120 ipsum

2105 4116 2204 4174 Dei
2239 4116 2450 4172 nomen
2477 4116 2935 4180 τετραγράμματον.
2990 4116 3135 4173 Vide
3185 4116 3352 4173 Joan.
3412 4118 3553 4173 tier.
3591 4116 3759 4174 “Vos-

2106 4189 2262 4261 sium
2292 4187 2397 4261 lib_.
2437 4188 2510 4261 De
2541 4186 2749 4261 Philos.
2780 4189 2956 4261 sectis,
2989 4204 3113 4261 cap,
3146 4188 3199 4243 6.
3234 4187 3410 4243 Porro
3430 4190 3599 4261 quod
3633 4196 3760 4245 Am-

2107 4259 2338 4333 brosius
2360 4257 2749 4333 hebdomadam
2767 4257 3211 4333 dictam‘fuisse
3236 4257 3758 4333 se-mper'yirginem

2107 4328 2425 4405 scribit_,_id
2455 4346 2523 4384 ex
2552 4328 2814 4405 ghilonis
2844 4328 2945 4405 lib.
2978 4329 3050 4405 de
3078 4328 3420 4405 Septenaria,
3453 4331 3523 4401 Β,
3555 4328 3758 4405 sump-

2106 4408 2234 4460 tum
2262 4400 2511 4456 videtur.
2547 4400 2659 4454 Sed
2687 4399 2879 4455 locum
2902 4399 3194 4457 indicasse
3224 4401 3505 4457 sufﬁciat.

2178 4470 2415 4554 (53)“Sic
2445 4486 2588 4554 mss.
2615 4473 2865 4554 quatu‘or
2889 4471 3146 4528 melioris
3179 4476 3351 4528 notae.
3392 4471 3515 4528 Alii
3549 4490 3689 4532 vero
3710 4476 3761 4529 et

2108 4541 2245 4610 edit,
2273 4541 2381 4598 Nec
2410 4542 2540 4598 solis
2570 4541 2753 4613 radios
2775 4541 3100 4613 formamus.

2176 4614 2290 4684 (54)
2324 4613 2406 4667 Ita
2435 4610 2804 4685 mss.__CordJ,
2839 4612 3249 4685 Long.,iTorn.
3281 4616 3339 4668 et
3374 4612 3547 4685 Vale.
3612 4613 3759 4670 Edit.

2106 4681 2299 4759 autem
2323 4699 2464 4759 erat,
2498 4681 2630 4738 Gill.
2662 4687 2721 4738 et
2740 4681 3007 4759 quedam
3034 4684 3219 4759 Raris,
3261 4685 3331 4739 ab
3359 4684 3627 4759 infantia

2102 4756 2382 4821 cumcisio,
2415 4755 2499 4809 ita
2552 4761 2605 4809 et
2656 4756 2901 4810 morbus.
2944 4755 3129 4823 Paris,
3186 4770 3324 4811 vero
3382 4755 3530 4813 anni
3594 4757 3750 4819 1661,

2102 4828 2173 4883 ab
2206 4826 2445 4897 infantia
2471 4825 2713 4891 morbus,
2735 4826 2816 4880 ita
2845 4829 2895 4882 et
2923 4827 3289 4897 circumcisio.
3336 4826 3485 4897 Cum
3563 4832 3759 4884 autem

2105 4895 2297 4968 neque
2319 4895 2378 4950 in
2407 4896 2537 4950 Am.
2570 4911 2759 4968 neque
2791 4897 2850 4951 in
2882 4912 3025 4953 mss.
3053 4895 3229 4968 Golb._
3249 4900 3307 4968 et
3336 4896 3486 4953 Maz.
3532 4912 3756 4968 vocem,

2102 4966 2481 5040 morbus,_au_t_
2500 4967 2777 5040 peccatum
2809 4968 3059 5040 reperire
3090 4967 3184 5023 sit.
3219 4966 3356 5023 hinc
3386 4968 3643 5025 subortu
3678 4967 3757 5022 vi-

2103 5040 2275 5094 detur
2298 5008 2399 5091 illa
2426 5008 2754 5092 diversitas.

2175 5110 2286 5179 (55)
2321 5106 2529 5179 Violare
2552 5106 2767 5179 nidum,
2798 5106 2858 5162 id
2889 5110 2998 5174 est,
3027 5107 3285 5179 thorum,
3310 5110 3376 5162 ut
3405 5106 3603 5179 habes
3630 5106 3754 5164 Job.

2102 5176 2254 5245 xxix,
2279 5178 2366 5246 18,
2390 5178 2451 5231 in
2468 5176 2659 5233 nidulo
2674 5193 2791 5233 meo
2809 5179 3041 5246 moriar,
3063 5194 3167 5246 pro
3186 5178 3248 5233 in
3271 5176 3487 5234 lectulo
3532 5194 3690 5235 meo.

2174 5249 2286 5320 (36)
2303 5247 2646 5320 Edit._Rom.
2670 5252 2727 5303 et
2747 5248 3013 5320 quadam
3035 5247 3441 5320 Paris.,_n_eque
3468 5251 3757 5320 contian

2102 5317 2190 5375 ris
2210 5317 2552 5394 amplexibus
2578 5334 2690 5373 non
2712 5317 2847 5394 tuae.
2881 5318 2966 5394 Ita
2994 5317 3316 5394 certeLXZi
3344 5317 3569 5394 lnterpq.
3605 5317 3757 5394 apud

2636 5387 2761 5453 μηδὲ
2852 5388 3062 5455 συνέχον
3153 5387 3389 5451 ἀγκάλαις
3485 5386 3587 5449 ἦῆς
3643 5386 3750 5450 ”μή

2153 5460 2265 5515 (ac:
2307 5475 2341 5514 a
2370 5457 2761 5531 qualectione
2816 5475 2922 5517 nec
2958 5457 3226 5531 (multum
3283 5458 3509 5515 recedit
3557 5459 3754 5531 ναις..

2105 5528 2571 5605 quam_consule.
2605 5528 3294 5605 Caeterumabomnibns
3322 5545 3467 5593 mss.
3504 5534 3570 5596 et
3634 5528 3752 5595 ait.

2105 5598 2245 5663 edit.
2279 5600 2609 5681 discrepare
2638 5598 2907 5680 religioni
2923 5604 3031 5665 est.
3636 5638 3641 5645 -
