3878 6208
150 323 244 385 521

1414 326 1513 385 DE
1557 323 1940 385 ABBAHAM
1985 323 2130 385 LIB.
2175 324 2251 383 ll.

3412 317 3526 377 522

158 476 255 514 non
281 456 545 529 habetur,
582 459 638 513 in
671 474 787 531 qua
815 432 1031 514 crimen
1092 475 1208 513 non
1245 457 1434 530 potuit
1488 474 1615 513 esse
1674 460 1776 513 aut
1804 458 1855 524 Α
1887 456 2079 513 Grtecc
2110 454 2321 513 dicitur
2348 464 2588 530 ἄρχουσι,
2624 454 2825 511 Latine
2855 471 2972 526 quae
3003 463 3176 523 regat.
3222 453 3328 510 Illa
3372 471 3527 509 mor—

160 545 646 614 dissimulationis,
681 550 785 603 aut
824 545 1183 617 voluntatis;
1235 546 1347 603 nisi
1395 546 1539 602 forte
1574 550 1783 617 putent

160 634 339 708 aliqui,
360 634 502 707 quia
530 634 590 690 in
623 641 810 691 morte
836 634 940 691 ﬁlii
972 636 1205 709 gravius
1236 633 1562 708 puniuntur
1580 650 1783 706 paren-

161 725 280 780 tes?
306 723 412 779 Sed
447 724 734 795 injustum
770 727 1010 797 putatur
1031 727 1095 778 ut
1115 722 1288 795 culpa
1309 726 1619 779 nocentum
1642 721 1779 776 infe-

160 818 302 868 ratur
327 829 494 885 poena
522 811 839 881 innocenti,
870 810 957 868 vel
990 815 1226 885 propter
1245 828 1475 885 poenam
1518 809 1780 865 nocentis

158 902 413 956 innocens
442 900 744 972 puniatur,
775 904 876 956 aut
909 900 1006 955 ﬁat
1037 917 1276 956 consors
1325 898 1618 971 supplicii,
1680 897 1781 971 qui

159 990 336 1062 dispar
381 994 472 1045 est
522 990 749 1045 merito.
800 989 964 1044 Unde
1015 988 1196 1062 aliqui
1248 993 1457 1061 putant
1504 987 1660 1060 quod
1711 987 1782 1042 de

158 1083 373 1152 parente
439 1078 594 1134 dicat
638 1076 1098 1144 exterminando,
1147 1077 1299 1149 quod
1350 1077 1479 1148 ejus
1536 1075 1784 1130 intereat

158 1168 355 1235 anima,
380 1182 495 1222 non
527 1166 772 1238 parvuli.
808 1166 916 1221 Sed
951 1164 1115 1221 valde
1142 1165 1487 1238 ambiguum
1507 1168 1626 1232 est;
1650 1162 1785 1220 licet

157 1256 492 1328 suffragetur
519 1254 658 1311 huic
708 1246 1033 1310 assertiOni
1076 1254 1232 1326 quod
1281 1252 1383 1309 ait.
1437 1252 1576 1321 Quia
1620 1255 1781 1307 testa-

156 1348 379 1400 mentum
397 1360 581 1399 meum
607 1344 922 1415 interrupit.
974 1343 1177 1415 Itaque
1207 1343 1317 1397 hoc
1349 1342 1420 1397 ad
1455 1340 1782 1413 intelligen-

156 1439 261 1489 tem
292 1431 497 1506 magis,
529 1449 702 1505 quam
735 1432 805 1487 ad
837 1431 1121 1486 infantem
1143 1431 1509 1487 referendum
1534 1430 1781 1485 videtur.

155 1518 256 1576 Alii
290 1522 554 1594 graviora
602 1521 946 1593 parentibus
986 1520 1075 1576 vel
1129 1519 1361 1577 silentio
1414 1518 1783 1593 minitantem

153 1614 346 1683 putant
374 1609 689 1666 Dominum
723 1610 926 1675 Deum,
952 1626 1065 1682 quo
1092 1607 1222 1682 plus
1248 1609 1489 1665 timeant
1511 1609 1784 1680 majores,

152 1699 372 1771 quando
403 1715 510 1754 nec
541 1697 745 1753 intanti
780 1698 1057 1770 parcitur.

1890 544 2025 600 talis
2057 547 2189 615 (59),
2219 545 2328 601 ista
2356 544 2738 600 immortalis:
2774 543 2872 599 illa
2901 544 3193 615 specialis,
3225 543 3338 617 ista
3368 560 3537 615 gene-

1890 633 2050 689 ralis.
2069 634 2168 689 Est
2184 650 2437 705 namque
2462 634 2521 689 in
2547 650 2638 689 me
2656 632 3051 705 prudentiaﬁn
3067 649 3157 687 me
3170 631 3537 699 castimonia,

1891 722 1949 777 in
1983 739 2075 777 me
2098 723 2303 791 virtus,
2336 722 2393 777 in
2424 740 2515 778 me
2540 722 2795 794 justitia,
2847 739 2940 777 me
2971 720 3164 777 solum
3196 725 3424 793 regunt,
3483 723 3542 775 et

1892 811 2036 866 mihi
2070 810 2470 878 dominantur,
2504 817 2559 866 et
2590 816 2729 867 sunt
2759 809 3054 866 mortales.
3090 808 3539 864 Morienteenim

1892 915 2006 968 me,
2040 900 2347 955 solvuntur
2375 905 2429 956 et
2461 901 2790 956 moriuntur
2821 900 2995 955 etiam
3022 898 3138 953 illa.
3172 898 3306 962 Qua
3345 902 3541 953 autem

1892 988 2202 1060 prudentia
2225 988 2572 1061 generaliter
2592 989 2826 1057 dicitur,
2860 1005 2987 1059 quae
3019 985 3383 1056 castimonia,
3416 1003 3543 1059 quin

1894 1076 2193 1145 fortitudo,
2226 1081 2560 1149 czeterazque
2583 1078 2825 1133 virtutes
2847 1074 3219 1148 principales,
3244 1076 3346 1131 sed
3367 1091 3542 1148 gene—

1893 1164 2091 1221 raliter
2122 1164 2495 1237 principales,
2527 1170 2584 1221 et
2612 1166 2825 1237 regina:
2858 1165 3125 1236 quaedam
3156 1163 3540 1230 immortales,

1892 1252 1951 1307 in
1985 1253 2076 1309 his
2108 1258 2362 1325 potestas
2379 1260 2488 1321 est,
2511 1252 2841 1309 immortale
2863 1252 3006 1329 illud
3026 1252 3368 1326 principale,
3392 1251 3545 1307 sicut

1895 1345 1985 1397 est
2015 1341 2214 1414 regina
2236 1341 2492 1397 Ecclesia
2513 1359 2642 1414 qua:
2662 1358 2777 1397 non
2802 1358 2894 1397 me
2918 1358 3123 1408 unum,
3147 1342 3248 1397 sed
3271 1341 3543 1396 univeros

1897 1437 2077 1504 regat.
2109 1430 2255 1502 Ergo
2287 1428 2536 1502 speciem
2574 1430 2628 1485 in
2662 1447 2869 1502 genus,
2910 1436 3135 1502 partem
3196 1430 3256 1485 in
3314 1431 3541 1484 univer-

1895 1518 2149 1587 sitatem,
2196 1518 2742 1592 corruptibifitatem
2816 1520 2875 1574 in
2930 1516 3541 1590 incorruptibilitatem

1895 1624 2233 1664 conversam
2263 1607 2560 1664 videmus:
2593 1625 2716 1678 qua:
2754 1607 2954 1664 omnia
3007 1606 3272 1662 Ecclesia:
3332 1621 3541 1663 conve-

1896 1695 2019 1751 nire
2053 1703 2276 1751 certum
2305 1703 2412 1752 est.
2455 1696 2578 1751 Non
2610 1696 2763 1752 enim
2788 1695 3059 1769 specialis
3090 1695 3230 1763 hanc,
3291 1696 3393 1751 sed
3442 1712 3538 1768 ge-

210 1789 294 1844 84.
328 1787 473 1843 Mihi
528 1792 721 1842 autem
765 1786 907 1841 satis
948 1786 1174 1859 liquido
1226 1791 1384 1861 patet
1435 1787 1657 1841 dictum
1715 1786 1786 1841 de
1816 1827 1863 1893 B
1896 1784 2109 1841 neralis
2140 1786 2286 1841 ratio
2317 1790 2425 1853 est,
2459 1802 2563 1841 nec
2594 1785 2775 1857 partis
2806 1785 2907 1841 sed
2932 1784 3328 1840 universitatis
3357 1782 3536 1840 salus.

147 1876 607 1947 uniuscujusque
637 1880 849 1931 mente.
869 1874 1135 1930 Diximus
1151 1873 1306 1930 enim
1331 1875 1577 1930 masculi
1597 1874 1783 1929 nomi-

145 1982 210 2021 ne
266 1968 525 2020 mentem
575 1963 908 2036 signiﬁcari,
968 1964 1123 2035 quod
1164 1964 1241 2018 sit
1298 1963 1524 2019 validus
1573 1965 1785 2018 mentis

143 2055 315 2128 vigor,
354 2058 413 2108 et
460 2053 721 2108 animam
770 2051 828 2108 in
889 2052 977 2107 sui
1024 2052 1293 2124 copulam
1328 2052 1544 2121 trahat,
1593 2052 1785 2124 sitque

143 2141 536 2200 vehementior
568 2145 845 2213 tanquam
879 2157 1015 2199 sexu
1052 2142 1260 2213 potior,
1295 2146 1351 2196 et
1381 2140 1527 2195 virili
1575 2139 1784 2195 validi-

140 2235 269 2287 tate.
324 2234 475 2304 Ergo
532 2229 653 2285 haec
684 2229 831 2286 ratio
866 2233 954 2284 est
1010 2229 1160 2301 quod
1196 2230 1388 2285 omnis
1440 2246 1607 2284 mens
1658 2246 1782 2301 qua:

137 2339 242 2377 non
294 2319 473 2376 fuerit
515 2318 862 2374 circumcisa
907 2335 940 2375 a
996 2318 1306 2391 superﬁuis
1363 2316 1782 2391 corporalibus,

136 2415 186 2466 et
216 2413 469 2482 purgata
500 2407 746 2463 solemni
777 2424 1038 2474 munere,
1080 2414 1145 2462 ut
1173 2411 1343 2462 exuat
1384 2424 1444 2464 se
1495 2406 1781 2479 passioni-

137 2500 239 2554 bus
270 2503 331 2554 et
360 2497 539 2564 vitiis,
575 2495 851 2551 interibit.
885 2496 1009 2551 Non
1042 2513 1197 2563 caro,
1254 2495 1465 2568 inquit,
1502 2494 1778 2562 interibit,

133 2588 265 2659 quia
297 2587 490 2661 potuit
526 2584 684 2640 salva
711 2584 852 2654 ﬁeri,
883 2584 930 2639 si
972 2584 1275 2640 habuisset
1331 2584 1736 2658 purgationem
1764 2602 1777 2651 ;

130 2676 286 2731 nuda
318 2679 517 2731 autem
547 2672 798 2747 praesidii
828 2678 884 2728 et
912 2672 1302 2730 incircumcisi
1362 2673 1555 2729 cordis
1598 2672 1778 2730 collu-

124 2766 289 2821 vione
315 2763 607 2819 inﬁrmior
634 2762 883 2818 salutem
914 2762 1145 2835 generis
1174 2762 1263 2817 sui
1297 2780 1409 2817 non
1446 2763 1630 2834 potuit
1658 2780 1777 2819 ser-

40 2874 43 2923 ;
118 2870 272 2909 vare.
291 2853 483 2910 Omne
496 2856 690 2908 autem
704 2867 890 2923 genus
908 2851 1138 2907 videtur
1152 2850 1506 2916 immortale,
1529 2851 1777 2908 uthomo

111 2959 306 3014 genus
327 2946 512 3009 est,ut
531 2939 687 2996 ullus
708 2940 819 3012 (57)
839 2941 1065 3012 species
1087 2940 1384 2997 est.Homo
1401 2941 1780 3012 semperdici-

106 3030 408 3099 tur,ullus
424 3046 537 3085 non
552 3028 928 3101 semper,imo
941 3046 1054 3084 non
1068 3028 1774 3102 deﬁcitullus.Deﬁcitqui

105 3120 294 3175 ﬁdem
334 3136 455 3174 non
478 3118 675 3188 habet,
699 3134 947 3189 persona
969 3118 1162 3173 deﬁcit
1186 3118 1382 3184 unius,
1410 3118 1662 3174 conditio
1687 3118 1773 3174 vel

1897 1873 2143 1946 Ideoque
2219 1874 2309 1929 his
2359 1874 2819 1947 praecedentibus
2869 1890 3001 1929 cum
3057 1889 3540 1945 unumquemque

1894 1962 2205 2034 prudentia
2235 1979 2343 2018 sua
2380 1964 2451 2018 ad
2510 1963 2658 2019 hanc
2718 1961 3098 2035 principalem
3150 1967 3206 2017 et
3263 1961 3537 2016 ditt‘usam

1894 2068 1996 2122 per
2025 2067 2230 2107 omnes
2258 2051 2506 2107 salutem
2537 2052 2859 2120 deduxerit,
2892 2052 2955 2106 in
2993 2068 3112 2123 qua
3147 2052 3273 2106 fons
3303 2050 3538 2121 sapien-

1891 2140 2365 2213 tizejustitizeque
2409 2146 2518 2208 est,
2579 2141 2897 2213 requiritur
2953 2140 3267 2213 generatio,
3328 2144 3385 2195 et
3440 2138 3538 2194 ille

1894 2228 2156 2299 perfectae
2178 2234 2380 2300 partus
2393 2228 2803 2301 jucunditatis,
2827 2230 2996 2301 cujus
3019 2245 3229 2284 nomen
3243 2232 3332 2283 est
3354 2227 3533 2301 Isaac.

1892 2316 2065 2372 Nulla
2084 2318 2240 2373 enim
2273 2317 2595 2374 meliorest
2641 2318 2928 2391 voluptas,
2984 2335 3161 2390 quam
3215 2317 3534 2374 emendata:

1892 2406 2079 2476 gratia
2108 2406 2496 2463 conscientiae.
2530 2406 2673 2461 Hinc
2704 2407 2971 2479 Epicurei
3017 2412 3318 2462 traxerunt
3372 2422 3534 2462 sum-

1892 2512 2054 2550 mum
2087 2496 2306 2551 bonum
2338 2495 2693 2567 voluptatem
2747 2512 2894 2563 esse,
2954 2495 3056 2550 sed
3096 2512 3223 2550 eam
3275 2495 3535 2567 corporis

1892 2584 2079 2655 magis
2110 2584 2574 2656 inquinamento,
2599 2602 2773 2657 quam
2794 2584 3104 2640 sobrietate
3136 2585 3351 2641 mentis
3381 2586 3533 2641 testi-

1888 2677 2212 2729 maverunt.
3378 2740 3389 2744 ,

1958 2764 2046 2817 86.
2079 2763 2223 2826 Quid
2257 2766 2343 2817 est
2370 2765 2565 2817 autem
2601 2762 2755 2833 quod
2788 2762 2907 2817 ait:
2940 2763 3002 2816 Et
3030 2762 3227 2817 cecidit
3254 2765 3313 2817 in
3330 2764 3533 2835 faciem

1886 2852 2159 2907 Abraham
2189 2859 2238 2906 et
2268 2852 2395 2906 risit
2425 2850 2574 2921 (Gen.
2608 2868 2744 2917 xvn,
2780 2850 2867 2922 17)
2888 2851 2915 2905 ?
2941 2851 3008 2906 Et
3056 2851 3153 2907 hic
3211 2852 3532 2909 reverentia

1887 2939 2269 3012 signiﬁcatur,
2303 2940 2456 3010 quod
2493 2939 2690 2996 timuit
2746 2940 2928 2997 Deum
2960 2940 3116 2996 velut
3168 2941 3350 2998 libero
3407 2943 3529 2998 risu

1884 3028 2109 3097 laedere,
2135 3029 2403 3101 quamvis
2430 3028 2583 3083 risus
2605 3028 2861 3085 laetitiam
2893 3029 3212 3102 declararet
3241 3032 3345 3086 viri
3379 3030 3531 3102 justi

1889 3118 1990 3189 qui
2025 3118 2201 3173 tantis
2232 3116 2638 3189 gratulabatur
2690 3119 3015 3188 promissis.
3045 3119 3167 3175 Non
3216 3121 3373 3175 enim
3424 3121 3529 3177 du-

102 3225 339 3264 nomen
367 3207 677 3263 hominum
711 3224 823 3262 non
851 3206 1061 3263 deﬁcit.
1095 3208 1173 3262 Ex
1204 3207 1480 3263 diuturno
1512 3208 1691 3280 igitur
1726 3214 1784 3264 et
1814 3192 1855 3259 C
1897 3206 2135 3261 bitan-tis
2166 3206 2258 3260 hic
2305 3206 2483 3274 risus,
2514 3207 2613 3261 sed
2674 3208 2963 3262 credentis
3019 3208 3146 3263 fuit.
3174 3210 3360 3285 Simul
3397 3210 3536 3283 quia

100 3295 369 3352 innoxio
400 3297 461 3351 in
495 3296 553 3350 id
595 3295 749 3367 quod
785 3295 1103 3367 temporale
1134 3300 1221 3351 est
1251 3301 1308 3352 et
1345 3296 1582 3351 noxium
1641 3314 1777 3369 pec-
1889 3295 2108 3351 cadunt
2129 3300 2262 3350 ante
2288 3300 2464 3350 Deum
2488 3294 2704 3362 omnia,
2734 3301 2789 3349 et
2811 3300 3115 3351 mutantur
3130 3301 3185 3351 et
3207 3302 3533 3366 transeunt,

99 3390 279 3439 cator
312 3384 654 3450 deducitur,
688 3384 788 3455 qui
837 3385 1052 3440 mentis
1108 3403 1224 3440 suae
1275 3385 1561 3441 ascribere
1611 3386 1783 3442 debet
1891 3383 2017 3439 sola
2060 3383 2158 3439 illa
2190 3383 2576 3439 immutabilis
2608 3387 2724 3438 stat
2752 3399 2984 3455 semper
3039 3385 3389 3443 substantia.
3423 3389 3538 3443 Aut

96 3471 416 3544 infantiae,
450 3474 605 3546 quod
642 3473 912 3529 incautus
964 3472 1075 3528 fuit
1111 3477 1168 3529 et
1222 3473 1640 3547 intemperans,
1693 3473 1782 3530 vel
1895 3473 2143 3528 fortasse
2173 3482 2224 3528 et
2270 3472 2327 3526 in
2362 3472 2470 3527 hoc
2502 3472 2777 3544 mysterio
2820 3471 3184 3544 prophetavit
3238 3475 3533 3533 Abraham

93 3562 546 3618 remissionem
579 3565 945 3633 peccatorum
972 3578 1085 3617 non
1118 3562 1427 3634 acquisivit
1455 3582 1467 3618 ε
1491 3565 1612 3618 Nisi
1639 3565 1786 3619 enim
1896 3560 2207 3616 Dominum
2230 3560 2453 3627 Jesum,
2486 3562 2641 3632 quod
2675 3577 2778 3632 per
2804 3562 3235 3634 susceptionem
3266 3564 3546 3622 dominici

100 3652 243 3718 quis
275 3659 519 3706 renatus
549 3649 695 3705 851
732 3651 904 3719 fuerit
934 3666 1004 3705 ea:
1050 3667 1194 3721 aqua
1223 3654 1273 3705 et
1319 3650 1531 3723 Spiritu
1578 3656 1785 3719 sancto,
1897 3649 2153 3721 corporis
2183 3654 2239 3704 et
2269 3648 2751 3704 resurrectionem
2776 3649 2921 3705 tanti
2952 3650 3298 3723 complenda
3327 3654 3551 3711 oraculi

94 3754 217 3792 non
249 3742 442 3812 potest
471 3740 703 3795 introire
733 3741 792 3793 in.
818 3755 1047 3810 regnum
1078 3740 1176 3795 Dei
1204 3740 1388 3811 (Joan.
1447 3756 1528 3807 IIl,
1559 3743 1634 3812 5).
1669 3741 1789 3796 Uti-
1898 3738 2088 3812 gratia
2117 3738 2279 3793 foret.
2315 3738 2535 3793 Adorat
2577 3738 2757 3811 igitur
2807 3756 2921 3794 non
2972 3739 3326 3798 elementum
3384 3749 3549 3801 terrae

95 3843 229 3897 que
296 3828 543 3884 nullum
610 3827 841 3899 excipit,
901 3844 1017 3883 non
1058 3827 1363 3892 infantem,
1424 3845 1539 3883 non
1596 3828 1794 3901 aliqua
1902 3827 1973 3882 de
1996 3843 2109 3899 quo
2140 3827 2357 3882 dictum
2394 3830 2522 3883 est:
2557 3828 2619 3882 Et
2642 3827 2862 3883 (utorate
2897 3830 3195 3886 scabellum
3234 3834 3370 3904 ejus,
3419 3850 3552 3904 quo-

100 3922 503 3987 praeventum
526 3916 892 3973 necessitate.
919 3915 1184 3972 Habeant
1213 3921 1409 3972 tamen
1435 3916 1596 3973 illam
1628 3934 1793 3991 Oper-
1904 3917 2062 3970 niam
2081 3924 2328 3971 sanctum
2353 3920 2431 3971 est
2457 3918 2630 3989 (Psal.
2663 3934 2857 3984 xcvm,
2889 3918 2962 3990 5).
2998 3918 3102 3973 Ubi
3137 3920 3292 3975 enim
3315 3937 3550 3994 corpus,

96 4006 241 4059 tam
280 4004 1082 4077 poenarumimmunitatem,
1110 4007 1305 4061 nescio
1325 4023 1396 4061 an
1419 4004 1674 4061 habeant
1703 4023 1795 4061 re-
1905 4003 1985 4058 ibi
2019 4008 2075 4059 et
2105 4003 2313 4076 aquilae
2346 4021 2472 4075 quae
2520 4006 2907 4061 adoraverunt
2957 4011 3282 4063 versantem
3336 4009 3395 4064 in
3428 4027 3553 4067 cor-

101 4093 218 4164 gni
256 4093 558 4150 honorem
590 4094 724 4166 (58).

186 4183 291 4235 85.
334 4182 497 4238 Sara:
526 4198 762 4255 quoque
793 4199 911 4239 una
942 4183 1184 4240 additur
1210 4181 1422 4247 littera,
1452 4183 1561 4240 hoc
1592 4188 1701 4253 est,
1731 4183 1800 4251 Β,
1983 4182 2072 4235 87.
2105 4182 2170 4236 Et
2198 4181 2360 4250 dimit,
2397 4182 2606 4251 inquit,
2637 4185 2692 4237 in
2723 4182 2879 4237 corde
2908 4199 3003 4239 suo
3035 4203 3054 4237 :
3095 4186 3157 4239 Si
3184 4190 3400 4251 centum
3459 4207 3561 4244 an-

122 4273 197 4323 ut
243 4275 569 4327 vocaretur
624 4271 798 4327 Sarra
848 4271 999 4343 (Gen.
1048 4289 1185 4341 xvn,
1220 4272 1330 4344 t5).
1384 4273 1543 4338 Quod
1603 4272 1805 4345 utique
1912 4287 2111 4325 norum
2137 4276 2389 4327 nascetur
2412 4272 2580 4341 ﬁlius,
2612 4280 2661 4327 et
2693 4273 2742 4326 si
2765 4272 2933 4328 Sarra
2964 4276 3265 4343 nonaginta
3292 4292 3566 4333 annorum

116 4374 239 4428 par
268 4365 391 4428 est,
428 4365 491 4415 ut
524 4360 581 4415 in
617 4361 1043 4433 superioribus,
1093 4378 1206 4416 non
1260 4362 1435 4417 unius
1484 4362 1808 4433 adjectionc
1909 4361 2096 4432 pariet
2127 4361 2279 4431 (Gen.
2314 4377 2449 4428 xvn,
2487 4360 2617 4432 17)?
2666 4360 2899 4417 Grmcus
2949 4371 3000 4419 ἐν
3032 4376 3095 4435 τῇ
3123 4372 3308 4437 διανοίᾳ
3346 4367 3564 4439 posuit,

121 4448 639 4517 pensarilitterze.
665 4448 789 4504 Non
808 4450 963 4504 enim
991 4467 1207 4505 munus
1224 4450 1339 4505 Deo
1361 4456 1448 4506 est
1464 4450 1806 4512 unalittera.
1918 4452 1985 4503 ut
2003 4448 2301 4520 possimus
2326 4448 2476 4505 352
2499 4448 2786 4506 aestimare
2807 4451 2945 4522 quia
2966 4453 3123 4508 cordi
3149 4470 3255 4509 suo
3269 4455 3435 4526 quasi
3459 4458 3569 4528 (60,

116 4536 231 4590 sed
268 4537 469 4593 virtus
504 4537 711 4593 litterae
747 4555 873 4610 quae
904 4538 1177 4609 exprimit
1206 4538 1467 4596 muneris
1488 4539 1664 4596 divini
1688 4556 1792 4612 gra
1845 4564 1893 4629 D
1926 4537 2233 4593 alternanti
2268 4554 2465 4593 secum
2516 4537 2765 4595 dixerit:
2799 4540 2857 4595 Si
2908 4544 3239 4599 centenario
3297 4550 3572 4601 nascetur

120 4618 312 4681 tiam.
347 4627 530 4681 Sarra
555 4626 709 4681 enim
746 4625 961 4682 dicitur
992 4634 1127 4700 ἀρχὴ
1153 4634 1264 4697 ἐμὴ,
1301 4627 1404 4683 hoc
1426 4632 1535 4697 est,
1564 4632 1821 4701 potestas
1845 4618 1889 4629 ”
1930 4626 2109 4693 ﬁlius,
2142 4631 2199 4682 et
2230 4627 2621 4699 nonagenaria
2650 4628 2877 4699 pariet?
2923 4629 3032 4686 hoc
3060 4637 3147 4686 est
3191 4633 3351 4689 [Etas
3399 4650 3571 4706 gene-

137 4728 311 4779 mea,
358 4713 447 4770 vel
502 4714 873 4787 principatus
908 4716 1022 4771 mei
1057 4715 1291 4770 initium
1325 4715 1412 4771 vel
1455 4716 1627 4789 regis.
1680 4717 1823 4772 Sara
1931 4715 2098 4771 randi
2120 4715 2418 4788 praeteriit,
2453 4716 2551 4772 sed
2585 4716 2699 4772 Deo
2730 4719 2928 4775 omnia
2956 4725 3095 4776 sunt
3126 4722 3468 4792 possibilia;
3517 4727 3573 4776 et

1908 4109 2064 4164 pore.

1924 4858 2135 4914 videat.

1986 4931 2127 5002 (59)
2146 4928 2249 5002 Hic
2280 4929 2535 5002 aliquem
2568 4929 2835 4985 adsuisse
2856 4948 2995 4986 suas
3016 4948 3200 5002 nugas
3220 4933 3347 4986 Era.
3365 4937 3421 4987 et
3440 4938 3576 5002 post

1932 5016 2065 5055 eum
2100 4998 2230 5055 Gill.
2265 4998 2633 5068 adnotarant,
2657 5002 2796 5055 moti
2818 5001 3037 5056 scilicet
3057 4998 3411 5058 obscuritate
3440 4998 3572 5060 loci.

1933 5071 2268 5143 Attamenksi
2293 5071 2425 5139 quis
2446 5087 2580 5143 eum
2605 5070 2915 5143 contulerit
2934 5090 3065 5143 cum
3090 5072 3349 5128 Philonis
3364 5075 3573 5143 verbis,

1936 5141 2159 5216 quibus
2192 5140 2344 5216 Sara:
2388 5140 2739 5216 vocabulum
2785 5140 2885 5216 lib.
2919 5142 2999 5216 de
3040 5144 3329 5216 Hominum
3372 5140 3574 5216 mutat,

1935 5211 2447 5288 exponitur,_baud
2484 5227 2693 5288 parum
2726 5211 3066 5288 luminisad
3095 5215 3222 5288 ejus
3247 5211 3577 5288 intelligenl

1935 5282 2089 5358 tiam
2105 5282 2477 5358 nanciscetur
2499 5300 2513 5350 ;
2540 5283 2694 5358 idem
2717 5283 2869 5358 enim
2906 5284 3078 5358 istinc
3101 5282 3576 5358 desumptus'est.

2006 5355 2118 5432 (60)
2151 5354 2318 5409 Rom.
2351 5352 2851 5432 edit.,_atter_°canti.
2893 5356 2965 5432 At
3016 5374 3146 5411 cum
3203 5352 3351 5427 aliis,
3406 5365 3581 5432 atque

1938 5424 2212 5504 omnibus
2243 5443 2384 5481 mss.
2420 5424 2729 5504 retinenda
2738 5442 2875 5504 vox,
2908 5428 3230 5504 altcgzunti,
3254 5424 3379 5504 qua:
3402 5424 3581 5490 f'erlne

1939 5500 2140 5556 eodem
2174 5514 2348 5553 sensu
2378 5495 2616 5571 ponitur
2645 5514 2678 5552 a
2707 5496 2890 5571 Virg,
2924 5516 2976 5554 IV
3001 5501 3210 5556 xEneid.
3243 5521 3264 5557 .-

2153 5604 2276 5656 Ηωο
2303 5604 2590 5656 alternanti
2620 5604 2798 5672 potior
2831 5608 3101 5662 sententia
3129 5596 3244 5664 visa
3273 5615 3371 5664 est.

198 4858 349 4939 ,(57)
382 4858 583 4939 Genus
614 4855 709 4939 hic
737 4856 993 4938 liberiori
1026 4858 1362 4939 acceptione
1390 4875 1493 4939 pro
1514 4859 1821 4939 specie‘su-

144 4927 368 5000 ptitur,
405 4930 560 5000 sicut
583 4933 642 4983 et
672 4931 892 4999 species
923 4945 1025 5000 pro
1066 4927 1580 4994 individuonuod
1626 4936 1823 4987 autem

150 4992 452 5072 legimus,
486 4999 671 5054 ullum
701 4992 819 5072 hon
855 4992 1087 5072 semper
1117 5000 1248 5065 dici,
1284 5006 1341 5057 et
1382 4992 1579 5057 tamen
1637 5001 1822 5056 ullum

156 5082 283 5143 non
315 5069 587 5143 deﬁcere,
616 5073 716 5143 (sic
771 5069 1240 5143 interpretamur,
1292 5077 1356 5126 ut
1393 5073 1562 5138 ultus,
1596 5074 1651 5128 id
1715 5077 1822 5143 est,

152 5138 413 5214 aliquis,
447 5143 504 5214 in
539 5142 727 5214 primo
760 5138 1024 5197 membro
1055 5142 1349 5198 hominem
1375 5148 1594 5199 certum
1630 5160 1694 5199 ac
1727 5138 1823 5199 de?

152 5206 407 5267 ﬁni-tum
440 5206 751 5284 signiﬁcet,
785 5215 841 5269 in
877 5214 1137 5269 secundo
1166 5230 1279 5269 non
1311 5214 1471 5269 item.

241 5284 360 5354 (53)
391 5285 538 5356 Cum
570 5301 754 5356 supra
782 5302 838 5340 n.
878 5286 970 5351 79,
998 5285 1211 5340 dixerit
1241 5287 1551 5353 atﬁrmate,
1581 5288 1709 5356 quia
1730 5301 1827 5341 ne-

142 5361 259 5429 ζπο
291 5355 539 5412 ascendit
554 5356 614 5410 in
626 5355 854 5429 regnum
865 5357 1147 5429 citatorum,
1171 5357 1296 5429 nisi
1308 5373 1407 5429 per
1426 5355 1830 5429 sacramentum

147 5417 550 5499 baptismatis.
584 5417 708 5482 non
730 5427 944 5498 injuria
976 5428 1107 5499 quis
1134 5417 1609 5499 saepireturhazc
1638 5434 1693 5483 et
1716 5428 1827 5483 alia

140 5498 1144 5572 humanaquepelagianismum
1177 5498 1434 5572 sapiunt,
1458 5501 1530 5554 ab
1561 5499 1830 5572 haeretico

136 5570 379 5644 ﬁlique
411 5569 596 5644 fuisse
625 5569 873 5644 intrasti.
905 5569 1309 5644 Quasn'et'iam
1327 5584 1534 5644 parum
1592 5576 1712 5644 tota
1742 5571 1830 5628 ul-

138 5636 325 5703 arma
355 5642 540 5717 hujus
570 5642 799 5699 numeri
831 5658 968 5717 pars
995 5641 1196 5718 primae
1227 5636 1510 5699 cob'tereat
1528 5641 1618 5701 vel
1649 5658 1830 5704 caecus

495 5770 581 5839 Ps
592 5784 756 5839 non.
800 5769 959 5843 XIV.
3180 5778 3255 5849 tt
