3862 6210
380 287 493 344 523
532 276 539 285 ’

1836 286 1902 344 S.
1947 282 2321 346 AMBltOSll

3657 290 3758 347 .‘tﬂt

373 418 503 473 ideo
534 415 701 474 facile
731 416 905 473 etiam
937 417 1119 482 istud,
1151 420 1215 472 ut
1244 416 1515 472 sensibus
1555 422 1777 472 revocet
1813 416 2019 487 juven-
2052 417 2107 482 Α
2136 416 2318 488 (Ibid.,
2371 417 2482 487 21),
2511 420 2575 471 ut
2601 418 2867 474 advertas
2896 433 3073 490 quam
3134 418 3571 491 generationem
3600 416 3757 492 polli-

368 506 514 563 tutis
544 522 751 575 annos,
783 506 934 561 vires
984 506 1278 575 refundat,
1327 504 1627 561 sterilibus
1676 506 1772 561 det
1819 505 2015 561 fecun-

368 595 634 651 ditatem.

436 684 527 738 88.
560 683 675 739 Nec
706 683 851 739 illud
882 685 1377 756 praetereundum,
1412 684 1565 755 quod
1592 684 1881 755 promissa
1902 682 2014 737 sibi

364 772 736 843 generatione
794 771 1055 845 legitima
1126 772 1428 844 respondit
1505 771 1799 827 Abraham
1856 771 2010 826 Deo:

365 860 556 916 Ismael
604 863 756 915 vivat
802 860 892 916 hic
944 863 1003 915 in
1038 866 1324 933 conspectu
1367 865 1458 916 tuo
1510 860 1662 933 (Gen.
1715 876 1851 924 xvn,
1902 860 2010 929 18).

361 949 391 1004 J
401 949 513 1004 usti
545 953 635 1005 est
654 949 829 1004 etiam
850 966 950 1020 pro
970 949 1372 1021 peccatoribus
1391 948 1739 1005 intervenire
1763 966 1776 1013 ;
1801 952 1857 1002 et
1880 948 2008 1002 ideo

363 1036 450 1092 vel
490 1036 601 1092 hoc
629 1037 868 1093 credant
891 1037 1101 1105 Judaei,
1134 1036 1273 1108 quia
1305 1040 1361 1093 et
1390 1053 1494 1109 pro
1514 1036 2006 1109 ipsisintervenit,

366 1126 415 1180 si
446 1129 643 1181 tamen
676 1125 933 1180 credant.
960 1125 1074 1181 Hoc
1096 1131 1186 1181 est
1207 1125 1365 1180 enim
1394 1126 1579 1180 vivere
1608 1124 1662 1178 in
1697 1129 2009 1195 conspectu

370 1214 489 1281 Dei,
516 1215 695 1285 digna
723 1213 824 1268 Dei
860 1213 1038 1269 Verbo
1088 1214 1316 1285 negotia
1359 1229 1589 1286 gerere;
1642 1210 1794 1268 oculi
1851 1212 2008 1267 enim

370 1301 600 1357 Domini
632 1318 810 1374 super
840 1303 1055 1373 justos.

438 1392 527 1445 89.
572 1390 733 1446 Unde
781 1397 837 1445 et
888 1390 1172 1445 Dominus
1228 1389 1338 1445 ait:
1390 1390 1599 1444 Etzam.
1663 1393 1793 1445 Ecce
1840 1390 2009 1444 Sarra

369 1495 507 1533 uxor
537 1483 631 1533 tua
656 1480 837 1549 pariet
858 1480 960 1534 tibi
986 1479 1186 1549 ﬁlium.
1314 1480 1388 1533 De
1417 1479 1611 1533 Isman
1634 1481 1815 1532 autem
1836 1493 2006 1532 exau-

362 1568 482 1623 diui
509 1573 561 1623 te
583 1568 740 1637 (Ibid.
783 1567 864 1622 19.
896 1571 1007 1636 2υ).
1054 1569 1237 1623 Etiam
1288 1583 1419 1621 cum
1479 1566 1639 1633 dicit,
1701 1566 2009 1622 confirmat

365 1655 690 1729 promissa;
726 1655 1194 1712 conﬁrmativum
1226 1656 1442 1712 etenim
1495 1655 1737 1711 verbum
1799 1658 1906 1710 est.
1940 1654 2010 1709 Et

362 1747 489 1801 ideo
522 1745 685 1818 prius
714 1745 1146 1818 generationem
1200 1744 1464 1800 Ecclesiae
1498 1744 1806 1800 confirmat
1847 1743 2003 1799 futu-

362 1851 508 1903 ram,
534 1840 810 1890 utverum
835 1838 1206 1906 cognosceret
1227 1834 1509 1906 propheta
1529 1834 1683 1905 quod
1708 1833 1778 1889 de
1802 1832 2010 1888 lsmael

362 1940 425 1977 se
454 1923 691 1979 audisse
723 1923 867 1977 dixit
888 1923 1060 1991 Deus,
1087 1923 1393 1995 providens
1414 1923 1554 1993 quia
1573 1922 1800 1976 caecitas
1836 1921 2005 1975 Israel

359 2027 427 2066 ex
448 2015 610 2083 parte
640 2004 887 2067 haberet
906 2012 1260 2082 contingere,
1320 2011 1501 2065 donec
1537 2010 1834 2081 plenitudo
1867 2026 2008 2082 gen-

363 2100 508 2155 tium
540 2098 803 2169 intraret,
830 2104 887 2155 et
918 2099 1000 2155 sic
1030 2099 1223 2155 omnis
1256 2098 1429 2154 Israel
1460 2097 1656 2153 salvus
1687 2099 1867 2153 fieret.
1904 2099 2010 2153 ita-

362 2205 475 2260 que
506 2189 659 2244 sicut
690 2193 1040 2245 testamenta
1068 2188 1375 2243 hominum
1409 2186 1570 2259 prius
1600 2187 1885 2241 hmredem
1929 2186 2009 2242 fe-

364 2282 502 2333 runt
534 2279 667 2348 (61),
700 2283 901 2350 postea
941 2277 1196 2349 legatum
1257 2278 1611 2349 exprimunt,
1671 2275 2009 2332 melioribus

364 2366 780 2433 haereditatem,
820 2366 1196 2421 inferioribus
1227 2365 1461 2437 legata:
1522 2365 1603 2420 ita
1660 2365 1719 2420 in
1778 2366 2009 2420 Domini

364 2459 735 2521 testamento,
771 2454 924 2509 unde
954 2459 1011 2509 et
1040 2472 1146 2509 nos
1179 2455 1332 2509 hunc
1375 2470 1597 2509 morem
1655 2453 2008 2525 accepimus,

362 2543 546 2600 haeres
594 2542 871 2600 scribitur
931 2549 1137 2598 natura
1182 2543 1393 2609 bonus,
1454 2542 1687 2611 nobilis,
1749 2542 2010 2615 legitimo

359 2637 588 2689 creatus
619 2633 890 2705 conjugio
916 2650 927 2687 :
963 2631 1151 2703 legato
1182 2632 1434 2687 donatur
1466 2631 1723 2686 inferior.

427 2721 518 2776 90.
559 2721 928 2778 Promittitur
957 2725 1151 2777 autem
1200 2720 1495 2793 generatio
1545 2718 1809 2791 sequenti
1857 2737 2009 2775 anno

431 2889 555 2959 (31),
578 2888 731 2944 Edit.
766 2888 957 2955 Rom.,
991 2887 1261 2945 hwredem
1289 2889 1554 2943 scribunt.
1587 2887 1724 2942 Alia:
1757 2888 1895 2944 edit.
1954 2891 2009 2945 et

363 2958 562 3031 cuncti
612 2975 782 3025 mss.,
829 2959 1101 3015 heredem
1150 2961 1356 3029 ferunt.
1388 2959 1459 3013 Et
1504 2963 1635 3030 post
1671 2974 1856 3031 pauca
1884 2965 2005 3015 aut.

363 3029 528 3100 edit.,
562 3031 642 3084 ita
661 3032 719 3084 in
756 3034 929 3085 Deum
949 3031 1009 3084 in
1064 3033 1381 3085 testamento
1427 3029 1622 3097 unum,
1653 3029 1702 3085 et
1731 3046 1848 3096 nos,
1896 3035 2004 3085 etc.

363 3104 548 3166 Quam
584 3100 890 3157 lectionem
924 3101 1089 3157 Rom.
1124 3100 1260 3157 edit.
1296 3118 1363 3157 ex
1421 3102 1756 3172 conjectura
1811 3117 2007 3157 emen-

2128 510 2328 561 ceatur
2356 504 2663 571 Dominus,
2695 506 2805 562 hoc
2826 511 2936 574 est,
2966 523 3083 563 non
3106 506 3264 564 illam
3285 505 3437 563 uteri
3458 505 3759 579 corporalis

2126 595 2331 657 Sarrae,
2363 595 2465 649 sed
2500 594 2678 650 istum
2714 600 2947 668 partum
2978 595 3264 662 Ecclesiae,
3296 595 3397 667 qui
3431 600 3585 652 esset
3620 595 3758 653 futu-

2126 700 2246 738 rus.
2284 684 2543 754 Denique
2565 689 2622 739 et
2651 684 2803 739 infra
2832 684 2914 739 ait
2939 701 2953 740 :
2987 686 3248 741 Revertar
3271 684 3340 740 ad
3362 694 3414 741 te
3436 687 3498 739 in
3514 686 3755 755 fructum,

2124 776 2173 826 et
2203 773 2309 828 erit
2337 771 2522 827 Sarra
2551 773 2703 843 ﬁlius
2734 771 2885 843 (Gen.
2908 790 3066 843 xvm,
3101 775 3206 847 10).
3232 774 3294 830 In
3321 790 3439 845 quo
3462 778 3758 846 utrumque

2123 876 2440 931 possumus
2472 860 2753 932 accipere,
2789 865 2846 917 et
2883 860 3040 917 hunc
3067 865 3419 918 conventum
3486 860 3754 929 Ecclesia,

2122 955 2177 1004 et
2207 947 2468 1003 ﬁdelium
2500 949 3006 1005 resurrectionem.

2190 1036 2279 1090 9|.
2312 1036 2504 1091 Tertio
2534 1036 2761 1093 decimo
2791 1053 3026 1109 quoque
3056 1053 3209 1093 anno
3226 1037 3380 1109 quod
3404 1036 3755 1094 circumcidi-

2119 1128 2217 1178 tur
2247 1123 2478 1194 Ismael,
2504 1123 2649 1179 ratio
2687 1124 2925 1181 evidens
2959 1142 2971 1179 :
3006 1124 3146 1196 quia
3170 1124 3221 1181 is
3251 1124 3350 1197 qui
3382 1125 3639 1198 incipere
3666 1126 3753 1182 ha-

2122 1213 2215 1268 bet
2246 1213 2328 1268 uti
2363 1214 2692 1285 cognitione
2723 1213 2973 1282 feminae,
3007 1219 3142 1269 ante
3178 1214 3351 1270 debet
3399 1213 3655 1270 recidere
3705 1214 3755 1270 in

2119 1318 2182 1357 se
2210 1301 2477 1357 ardorem
2518 1300 2804 1370 libidinis,
2874 1306 2938 1357 ut
2993 1319 3027 1357 a
3084 1302 3400 1375 superﬂuis
3479 1303 3758 1359 abstineat

2118 1390 2656 1457 commissionibus,
2689 1391 3086 1462 conjunctioni
3118 1396 3351 1449 tantum
3383 1408 3447 1447 se
3504 1391 3756 1465 legitima:

2118 1485 2389 1535 reservet.

2187 1568 2275 1623 92.
2313 1568 2560 1622 Mentem
2607 1585 2840 1639 quoque
2901 1568 3182 1641 sapientis
3236 1568 3593 1642 hospitalem
3648 1584 3760 1626 esse

2118 1658 2299 1724 decet,
2330 1660 2395 1710 ut
2424 1657 2599 1711 etiam
2633 1656 2765 1712 aliis
2797 1656 3093 1729 impertiat
3122 1657 3212 1714 sui
3244 1659 3519 1731 gratiam,
3555 1663 3613 1714 et
3639 1676 3758 1732 pru-

2117 1744 2324 1799 dentiae
2353 1762 2470 1799 suae
2505 1746 2759 1800 fructum
2791 1744 2922 1801 aliis
2952 1762 3186 1818 quoque
3215 1747 3458 1814 dividat,
3492 1752 3671 1820 atque
3692 1748 3761 1803 ita

2119 1834 2288 1889 bonis
2327 1833 2638 1905 epulentur
2684 1834 2957 1890 doctrinm
3005 1834 3176 1904 cibis,
3225 1834 3597 1909 epulumque
3646 1837 3757 1908 ejus

2118 1922 2387 1978 exhibeat
2425 1922 2913 1979 desiderantibus.

2188 2013 2277 2066 93.
2312 2012 2461 2066 Tum
2495 2017 2772 2083 prieterea
2809 2012 3030 2068 nesciat
3059 2012 3173 2068 nisi
3221 2014 3557 2070 secundum
3606 2020 3759 2071 natu-

2122 2117 2245 2154 ram
2280 2100 2489 2168 vivere,
2517 2101 2574 2155 in
2607 2102 2777 2171 cujus
2811 2102 3076 2158 instituto
3106 2107 3164 2158 et
3192 2101 3395 2159 ordine
3415 2101 3524 2158 Dei
3547 2103 3637 2159 lex
3664 2109 3758 2158 est.

2120 2187 2274 2243 Nulli
2308 2205 2370 2243 se
2401 2189 2831 2244 transversaria:
2860 2189 3163 2263 cupiditati
3222 2191 3469 2247 miscere
3536 2192 3759 2257 noverit,

2120 2276 2305 2332 solius
2336 2277 2630 2349 sapientia:
2663 2284 2939 2350 praeoptet
2980 2278 3269 2351 copulam.
3321 2280 3623 2337 Mendetis
3675 2280 3760 2337 Dei

2120 2365 2316 2420 seaculi
2347 2366 2518 2421 istius
2540 2366 2808 2439 gloriam,
2833 2372 2889 2423 et
2917 2367 3233 2439 quamdam
3258 2369 3575 2441 praesentis
3588 2369 3763 2427 laudis

2122 2454 2519 2510 haereditatem
2552 2456 2820 2526 praeferre
2851 2457 3108 2513 nesciat:
3144 2462 3317 2529 atque
3364 2464 3430 2513 ut
3481 2457 3761 2515 altaribus

2119 2542 2344 2598 Domini
2380 2543 2804 2600 sunsimmolet
2834 2544 3137 2612 utilitates,
3184 2544 3270 2601 ita
3305 2546 3523 2617 judieii
3583 2548 3762 2622 ignem

2119 2648 2235 2686 non
2267 2632 2534 2703 excipiat,
2571 2650 2757 2704 neque
2807 2633 3179 2691 reformidet:
3225 2635 3328 2691 sed
3376 2637 3576 2709 magis
3604 2638 3763 2693 etiam

2120 2725 2186 2774 ut
2216 2719 2363 2775 alios
2393 2721 2622 2793 eripiat,
2655 2720 2931 2778 elaboret.

2118 2888 2257 2965 dare
2288 2894 2495 2965 conata
2525 2888 2681 2944 haud
2714 2890 3078 2947 incommode
3108 2891 3191 2965 sic
3247 2893 3553 2965 reposuit:
3602 2896 3679 2950 Ita
3719 2896 3762 2949 et

2118 2960 2287 3015 Deum
2318 2962 2377 3014 in
2402 2963 2713 3016 testamento
2743 2978 2922 3030 usum,
2948 2972 2999 3018 et
3028 2978 3124 3017 nos
3169 2960 3331 3019 hunc
3358 2981 3577 3020 morem
3618 2981 3763 3020 acce-

2112 3033 2318 3113 pimus,
2342 3030 2541 3097 haeres,
2572 3036 2681 3113 etc.
2708 3032 2929 3113 .Yerum
2963 3033 3152 3106 potior
3185 3035 3356 3091 nobis
3386 3037 3518 3092 visa
3546 3042 3634 3093 est
3661 3052 3764 3090 om-

2120 3104 2285 3158 nium
2317 3119 2461 3158 mss.
2498 3104 2835 3160 auctoritas.

369 3306 3766 3341 Μ

794 3482 907 3566 ΙΝ
967 3480 1420 3568 LIBRUM
1476 3481 1620 3565 DE
1678 3479 1992 3566 ISAAC
2050 3480 2197 3565 ET
2257 3481 2595 3569 ANIMA
2654 3480 3333 3571 ADMONITIO.

440 3809 941 3877 Quemadmodum
977 3811 1215 3862 sanctus
1244 3805 1589 3862 Ambrosius
1611 3805 1669 3860 in
1690 3805 1877 3878 primo
1919 3804 2065 3862 libro
2095 3806 2161 3861 de
2179 3807 2454 3862 Abraham
2473 3808 2911 3865 catechumenis
2932 3808 3110 3881 hujus
3135 3811 3405 3885 exemplo
3432 3815 3772 3885 patriarcha:

368 3899 708 3956 Christiana:
740 3896 1059 3968 religionis,
1085 3914 1260 3967 quam
1292 3897 1349 3949 in
1383 3895 1682 3968 pervigilio
1713 3894 2008 3965 paschatis
2066 3896 2385 3967 professuri
2417 3901 2632 3962 essent,
2668 3897 2859 3952 cilicia
2891 3899 3242 3968 patefecerit,
3274 3899 3333 3954 in
3364 3900 3554 3958 altero
3591 3909 3773 3960 autem

369 3989 576 4044 animae
608 4004 709 4060 per
738 3985 947 4041 Adami
979 3989 1280 4057 peccatum
1316 3985 1492 4055 lapsae
1523 3983 1885 4056 resurgendi,
1920 3989 2094 4055 atque
2134 3984 2206 4039 ad
2243 3984 2651 4055 perfectionem
2679 3986 2932 4041 enitendi
2965 3988 3204 4042 modum
3262 3987 3770 4056 demonstraverit,

370 4080 428 4133 in
464 4082 660 4133 nostra
690 4075 762 4131 ad
795 4075 949 4130 idem
981 4090 1129 4145 opus
1160 4071 1574 4128 Admonitione
1606 4072 2053 4128 declaravimus.
2107 4072 2485 4143 Prosequitur
2526 4072 2793 4129 instituta
2848 4080 3182 4131 acroamata
3236 4079 3776 4153 preceptionesque

369 4167 630 4221 Antistes
660 4162 1172 4236 vigilantissimus,
1207 4178 1310 4217 nec
1342 4161 1457 4217 alia
1481 4161 1550 4217 de
1582 4177 1761 4217 causa
1820 4159 2145 4215 secundum
2204 4161 2511 4216 memorati
2569 4162 2762 4232 operis
2810 4161 3048 4226 librum,
3100 4164 3197 4218 ubi
3265 4165 3431 4221 Isaac
3486 4174 3696 4225 natum
3727 4174 3776 4224 et

369 4254 780 4310 circumcisum
806 4250 1024 4318 retulit,
1048 4248 1338 4321 extemplo
1371 4248 1593 4304 {iniisse
1623 4250 1793 4303 nobis
1823 4248 2070 4315 videtur,
2102 4247 2216 4302 nisi
2249 4251 2314 4303 ut
2342 4264 2410 4304 ex
2435 4248 2700 4320 ejusdem
2724 4266 2859 4306 cum
2890 4250 3147 4307 Rebecca
3175 4252 3453 4324 conjugio
3518 4256 3769 4313 hominis

371 4342 676 4397 christiani
708 4340 989 4407 animam,
1035 4340 1175 4394 dum
1200 4339 1259 4393 in
1292 4336 1532 4409 genitali
1564 4338 1719 4392 fonte
1750 4334 2092 4404 renascitur,
2126 4335 2520 4392 arctissimum
2553 4338 2850 4408 quoddam
2905 4338 3186 4410 spiritalis
3238 4343 3618 4401 matrimonii
3641 4361 3765 4402 cum

370 4431 557 4486 Verbo
604 4431 716 4484 Deo
747 4430 935 4484 fmdus
965 4427 1110 4483 inire
1140 4428 1490 4482 ostenderet.
1526 4425 1587 4480 Id
1614 4426 1722 4480 hoc
1746 4425 1805 4480 in
1836 4423 1984 4479 libro
2015 4440 2188 4496 quem
2218 4429 2526 4497 propterea
2549 4424 2613 4481 de
2645 4429 2798 4481 Isaac
2841 4434 2891 4482 et
2935 4428 3135 4482 Anima
3162 4427 3523 4501 inscriptum
3581 4433 3771 4499 voluit,

371 4535 652 4591 perquam
684 4517 912 4589 egregie
946 4515 1211 4589 praestitit
1239 4517 1387 4586 (cap.
1426 4514 1495 4585 1).
1530 4513 1695 4568 Enim
1722 4529 1854 4569 vero
1883 4516 2195 4584 postquam
2228 4513 2388 4569 Isaac
2420 4513 2717 4570 nativitate
2746 4531 2813 4571 ac
2853 4520 3039 4571 morte
3088 4532 3196 4572 sua
3241 4516 3463 4574 Christi
3531 4521 3772 4594 ﬁguram

371 4606 653 4669 extitisse,
683 4605 834 4660 sicut
858 4610 916 4660 et
946 4605 1264 4659 Rebeccam
1296 4602 1504 4657 anime
1538 4601 1741 4674 paucis
1799 4600 2046 4671 aperuit,
2080 4601 2323 4656 deﬁnita
2361 4602 2626 4673 ejusdem
2660 4602 2870 4658 anima:
2927 4608 3159 4671 natura,
3216 4609 3409 4680 totum
3473 4607 3770 4665 hominem

374 4694 747 4767 potissimum
776 4693 836 4747 in
867 4692 997 4763 ipsa
1025 4689 1343 4745 consistere
1373 4689 1585 4745 astruit
1616 4689 1765 4762 (cap.
1797 4693 1874 4759 2).
1908 4689 2068 4743 Hanc
2099 4692 2297 4745 autem
2330 4690 2494 4746 docet
2531 4690 2657 4746 ideo
2716 4707 2843 4747 esse
2901 4691 3322 4764 imperfectam,
3380 4697 3550 4766 quod
3611 4696 3773 4753 rebus

371 4781 665 4854 corporeis
693 4797 760 4835 ac
790 4779 985 4834 seaculi
1014 4777 1410 4850 voluptatibus
1442 4778 1817 4841 adhaerescet,
1850 4781 2051 4832 contra
2101 4793 2235 4831 vero
2274 4777 2533 4848 primum
2587 4778 2657 4833 ad
2699 4778 3111 4850 perfectionem
3140 4780 3390 4852 gradum
3457 4784 3677 4851 facere,
3730 4781 3773 4839 si

368 4873 600 4928 easdem
633 4868 837 4942 fugiat,
870 4873 926 4923 et
956 4884 1134 4938 supra
1163 4865 1397 4920 illarum
1425 4883 1651 4920 ccenum
1684 4864 1889 4920 attolat
1918 4880 2066 4920 sese.
2100 4864 2245 4920 Hinc
2275 4870 2690 4938 argumentum
2721 4866 3084 4939 propositum
3112 4884 3430 4941 aggressus
3455 4872 3771 4929 Rebeccam

370 4963 566 5029 talem,
599 4976 734 5016 cum
766 4958 839 5013 ad
870 4957 1029 5012 lsaac
1058 4954 1295 5021 veniret,
1343 4953 1524 5008 fuisse
1556 4954 1715 5018 dicit,
1749 4953 1966 5023 quippe
1987 4969 2109 5020 qua}
2140 4953 2404 5009 divinum
2436 4955 2494 5009 in
2528 4954 2626 5010 illo
2656 4955 2913 5011 Verbum
2946 4956 3215 5013 ardenter
3234 4962 3512 5030 expetere
3535 4978 3602 5018 se
3620 4961 3770 5018 testi-

371 5052 578 5105 ﬁcatur
607 5048 866 5103 clamans
892 5062 904 5102 :
939 5045 1223 5101 Osculetur
1250 5059 1335 5095 me
1353 5043 1420 5095 ab
1450 5042 1646 5095 osculis
1674 5043 1783 5096 oris
1802 5043 1890 5094 sui
1917 5043 2066 5113 (cap.
2100 5041 2154 5113 3)
2168 5072 2184 5095 ,ι
2218 5047 2348 5112 ipse
2381 5042 2618 5113 quidem
2648 5043 2994 5100 Ambrosius
3044 5042 3239 5101 locum
3297 5045 3461 5104 hunc
3514 5050 3770 5122 aliosque

370 5156 574 5194 omnes
620 5136 837 5192 Cantici
887 5134 1247 5190 canticorum
1293 5129 1611 5185 versiculos
1664 5129 1839 5185 etiam
1890 5128 2152 5185 Ecclesia:
2184 5130 2613 5185 accommodari
2661 5147 2834 5203 posse
2875 5132 3221 5204 profitetur:
3253 5136 3356 5191 sed
3387 5152 3534 5193 cum
3577 5138 3768 5195 eadem

374 5227 647 5298 mysteria
680 5230 803 5279 tum
836 5223 996 5288 alibi,
1030 5226 1156 5276 tum
1187 5218 1270 5275 vel
1304 5217 1556 5273 maxime
1585 5217 1643 5272 in
1676 5217 2043 5273 enarratione
2072 5217 2283 5289 psalmi
2306 5235 2457 5273 cxvu
2489 5220 2872 5288 enucleasset,
2892 5220 3003 5277 hoc
3026 5222 3086 5276 in
3108 5221 3256 5278 libro
3276 5226 3765 5294 tetusincumbit,

372 5323 435 5368 ut
465 5315 675 5368 anima:
706 5329 837 5368 cum
870 5311 1057 5366 Verbo
1088 5309 1427 5379 conjugium
1459 5311 1735 5378 perpetuo
1766 5306 1995 5378 mystici
2026 5305 2186 5361 illius
2215 5304 2575 5378 epithalamii
2607 5308 3026 5365 commentario
3055 5311 3359 5369 edisserat.
3387 5314 3562 5378 Quod
3584 5321 3767 5371 tamen

373 5420 485 5455 non
519 5402 600 5456 ita
629 5402 902 5473 accipias,
934 5399 1102 5471 quasi
1131 5412 1366 5452 versum
1396 5395 1635 5452 omnino
1667 5395 1897 5450 nullum
1929 5394 2287 5467 prmterierit,
2319 5412 2453 5451 cum
2485 5412 2544 5451 re
2592 5396 2721 5469 ipsa
2749 5396 2907 5454 haud
2938 5399 3130 5470 pauci,
3163 5404 3221 5455 et
3246 5399 3289 5455 ii
3309 5404 3647 5473 praesertim
3676 5400 3767 5475 qui

371 5491 438 5541 ad
466 5488 662 5559 Sponsi
691 5504 1035 5561 sponsmque
1064 5485 1559 5558 pulchritudinem
1591 5483 1902 5557 pertinent,
1934 5482 2316 5551 omittantur;
2349 5484 2451 5540 sed
2482 5484 2581 5541 isti
2612 5484 2929 5558 quominus
2950 5504 3106 5546 unus
3135 5488 3216 5546 sit
3241 5488 3437 5563 operis
3469 5496 3767 5551 contextus

372 5572 519 5637 nihil
564 5578 773 5637 vetant.
809 5575 982 5633 Porro
1011 5579 1073 5634 ut
1131 5572 1465 5636 distinctius
1522 5578 1696 5650 atque
1749 5571 2076 5668 ordinatius
2132 5576 2387 5649 emptum
2444 5574 2740 5651 procedat,
2795 5575 2883 5636 vir
2930 5580 3170 5637 sanctus
3197 5579 3481 5659 proponit
3539 5582 3690 5663 (cap.
3716 5579 3765 5659 6)
