3878 6208
147 312 250 375 525
1110 314 1211 376 DE
1253 314 1480 376 ISAAC
1527 316 1623 375 ΕΤ
1668 352 1678 376 λ

1998 350 2058 358 -
2088 316 2548 378 ADMONITIO.
3407 312 3529 375 526

147 445 479 515 exponitque
514 444 733 517 gradus
763 448 1031 516 quatuor,
1066 444 1281 517 quibus
1330 446 1527 502 anima
1564 451 1689 515 jam
1743 447 2073 519 graviorum
2116 447 2260 518 jugo
2310 447 2582 503 vitiorum
2640 446 2824 503 libera
2880 446 2952 501 ad
3012 461 3304 501 summam
3362 444 3523 499 illam

146 532 565 604 perfectionem,
601 533 662 587 in
696 550 812 605 qua
840 533 956 589 Deo
988 550 1087 602 per
1115 533 1454 590 cbaritatem
1498 537 1705 605 juncta
1735 553 2036 606 nunquam
2090 537 2460 607 postmodum
2509 537 2580 590 ab
2629 538 2756 608 ipso
2805 534 3116 601 divellitur,
3170 534 3526 589 conscendit.

142 623 410 678 Ceterum
455 621 577 676 sive
623 621 951 677 naturalem
997 640 1063 677 ac
1107 623 1350 678 minime
1378 631 1636 680 coactam
1686 625 1940 679 materiis
1985 624 2448 696 dispositionem,
2481 625 2597 680 sive
2648 626 2881 679 brevem
2934 623 3116 689 illam,
3151 623 3249 678 sed
3295 624 3529 676 acutam

140 711 436 780 Scriptum
467 708 823 781 explicandae
854 710 1140 766 rationem
1172 718 1422 783 spectes,
1456 728 1559 767 seu
1591 712 1844 784 denique
1870 713 2284 768 transitionum
2320 713 2535 784 quibus
2564 713 2867 783 aptissime
2915 718 3233 767 nectuntur
3271 708 3526 782 singula,

136 798 599 861 concinnitatem,
623 799 758 868 jure
789 797 1002 853 dixeris
1032 801 1581 856 commentationem
1611 799 1762 855 hanc
1791 801 2079 871 ejusmodi
2111 817 2259 867 esse,
2294 817 2420 872 quas
2449 800 2542 855 vix
2571 800 2675 855 ulli
2725 817 2793 856 ex
2839 799 2971 855 aliis
2999 798 3401 854 Ambrosianis
3432 812 3529 851 ce-

135 888 246 942 dat.

193 977 386 1047 Ipsam
418 991 592 1047 porro
624 980 853 1031 constat
883 975 1014 1032 libri
1047 978 1282 1032 nomine
1328 976 1700 1049 appellatam,
1740 993 1857 1032 non
1906 976 2095 1031 solum
2146 980 2312 1031 etate
2354 976 2682 1033 Cassiodori
2728 976 2852 1043 (lib.
2886 977 2959 1031 De
2999 976 3130 1030 Inst.
3160 975 3268 1030 div.
3310 990 3435 1045 cap.
3467 973 3523 1043 5)

128 1070 176 1121 et
203 1064 520 1135 Augustini
572 1062 693 1134 (lib.
747 1081 766 1119 ι
815 1065 996 1120 Contr.
1036 1066 1140 1136 ful.
1177 1067 1390 1135 Pelug.,
1420 1082 1468 1120 ο.
1501 1067 1555 1131 9,
1590 1071 1646 1120 et
1675 1064 1711 1119 Ι.
1741 1082 1801 1129 n,
1831 1080 1877 1120 c.
1911 1065 1968 1133 5)
2002 1083 2015 1120 :
2050 1065 2151 1120 sed
2205 1065 2381 1119 etiam
2441 1066 2514 1119 ab
2567 1065 2819 1135 ipsomet
2873 1062 3177 1118 Ambrosio
3234 1061 3295 1115 in
3353 1074 3525 1131 opere

124 1152 389 1225 sequenti
419 1153 530 1207 sub
563 1152 670 1207 hac
699 1153 1077 1225 inscriptione
1107 1155 1288 1210 tuisse
1318 1153 1934 1209 memoratam.Utrum
1967 1170 2098 1208 vero
2125 1153 2434 1209 conciones
2463 1154 2681 1207 fuerint
2702 1169 2828 1224 qua:
2851 1151 3122 1223 primitus
3144 1150 3216 1204 ad
3240 1147 3522 1220 populum

122 1242 332 1297 habitae
366 1241 425 1295 in
459 1240 616 1295 hunc
648 1240 863 1296 librum
895 1248 1096 1313 postea
1125 1242 1549 1297 transformata:
1582 1242 1720 1308 sint,
1752 1242 2060 1297 obscurius
2089 1247 2195 1296 est.
2230 1242 2374 1296 Cum
2401 1242 2557 1296 enim
2603 1257 2737 1296 eum
2789 1241 2970 1295 ferme
3018 1237 3162 1293 nihil
3212 1236 3369 1291 aliud
3397 1250 3526 1291 esse

120 1332 518 1393 advertamus,
552 1345 726 1401 quam
773 1331 1003 1385 brevem
1054 1331 1275 1387 Cantiei
1327 1330 1685 1386 canticorum
1718 1330 2142 1403 paraphrasim,
2176 1331 2235 1385 id
2289 1335 2702 1400 argumentum
2754 1346 2918 1384 sacro
2966 1325 3268 1398 suggestui
3317 1339 3525 1397 parum

117 1418 444 1473 admodum
476 1418 704 1472 videtur
732 1418 1058 1473 convenire.
1086 1419 1498 1474 Verumtamen
1529 1425 1593 1473 ut
1618 1436 1732 1474 non
1773 1418 1939 1475 aliter
1968 1418 2061 1473 hic
2095 1424 2270 1490 atque
2300 1418 2358 1472 in
2392 1417 2554 1472 libris
2585 1419 2654 1471 De
2684 1416 2955 1471 Abraham
2989 1418 3201 1469 factum
3226 1418 3523 1484 putemus,

114 1516 237 1561 tum
273 1522 481 1562 eorum
518 1506 670 1561 inter
698 1523 760 1560 se
791 1508 1194 1563 convenientia
1223 1508 1590 1577 adducimur,
1622 1514 1748 1563 tum
1779 1508 1952 1563 etiam
2001 1506 2298 1578 praeceptis
2329 1506 2399 1560 ad
2432 1507 2764 1560 auditorum
2799 1504 3226 1558 institutionem
3276 1501 3527 1555 maxime

114 1594 539 1662 accommodis,
574 1611 699 1664 quae
730 1596 1073 1665 expositioni
1106 1597 1234 1666 ejus
1267 1597 1487 1651 inserta
1534 1612 1703 1650 nemo
1751 1612 1865 1651 non
1914 1595 2327 1666 deprehendat.
2364 1596 2430 1649 Et
2480 1594 2598 1648 haec
2647 1610 2825 1647 causa
2871 1597 2959 1645 est
3005 1608 3108 1644 cur
3147 1588 3526 1643 Cassiodorus

114 1689 355 1737 senator
386 1680 511 1735 loco
543 1682 716 1735 citato
750 1683 821 1735 de
849 1682 919 1736 iis
951 1684 1050 1754 qui
1081 1682 1137 1737 in
1172 1684 1475 1738 Canticum
1508 1685 1865 1739 canticorum
1899 1684 2257 1755 scripserunt
2287 1700 2487 1753 agens,
2522 1697 2698 1736 suum
2751 1681 2821 1735 de
2865 1680 2973 1734 hac
3013 1676 3201 1749 opella
3234 1676 3525 1746 judicium

115 1774 186 1825 ita
219 1770 582 1842 reliquerit;
619 1771 784 1837 Unde,
820 1771 1029 1842 inquit,
1063 1772 1118 1827 S.
1153 1772 1469 1828 Ambrosius
1515 1774 1575 1827 in
1631 1774 1771 1827 libro
1812 1774 1977 1828 tertio
2025 1771 2497 1835 Patriam/tarum,
2531 1772 2627 1825 ubi
2675 1770 2739 1824 de
2782 1784 3012 1840 persona
3059 1771 3215 1822 Isaac
3262 1766 3523 1834 loquitur,

116 1861 288 1914 multa
318 1858 624 1913 salubriter
653 1859 1058 1930 luculenterque
1084 1861 1365 1918 disseruit.

173 1950 313 2002 Haec
347 1947 555 2002 eadem
585 1946 821 2002 Cantica
852 1948 990 2002 totis
1025 1949 1223 2004 decem
1255 1949 1653 2005 voluminibus
1686 1953 1805 2003 tam
1839 1949 2171 2003 mirandum
2225 1950 2281 2001 in
2328 1948 2566 2002 modum
2601 1947 2878 2017 Origenes
2915 1945 3283 2007 enodaverat,
3318 1946 3382 1996 ut
3413 1957 3527 1995 non

116 2035 416 2091 dubitaret
446 2034 832 2107 Hieronymus
866 2036 936 2090 de
972 2036 1174 2092 iisdem
1207 2038 1463 2093 scribere
1493 2038 1616 2109 (Ep.
1652 2038 1720 2091 ad
1756 2041 2073 2091 Damasum
2107 2037 2340 2108 papam)
2376 2054 2387 2090 :
2424 2036 2559 2089 Cum
2589 2038 2645 2088 in
2677 2035 2887 2089 exteris
2919 2033 3077 2087 libris
3106 2046 3288 2085 omnes
3316 2030 3528 2098 vicerit,

118 2127 163 2178 in
193 2126 437 2180 Cantica
466 2126 803 2178 eantimram
830 2126 943 2194 ipse
969 2141 1023 2180 se
1054 2128 1198 2181 vicit.
1234 2127 1483 2181 Maxime
1534 2132 1728 2181 autem
1773 2125 2071 2197 probabile
2120 2130 2209 2179 est
2257 2124 2809 2196 praestantissimum
2859 2121 2967 2175 hoc
3018 2136 3164 2190 opus
3208 2118 3267 2172 in
3318 2132 3530 2171 manus

116 2229 351 2285 quoque
384 2213 680 2267 Ambrosii
712 2215 1062 2283 pervenisse,
1090 2231 1156 2270 ac
1187 2220 1453 2269 sanctum
1486 2216 1821 2270 Antistitem
1875 2231 1942 2268 ex
1993 2213 2293 2268 laboribus
2324 2214 2467 2267 tanti
2502 2212 2605 2267 viri
2639 2229 2673 2266 a
2702 2226 2817 2282 quo
2866 2209 3073 2280 reliqui
3108 2209 3288 2263 ferme
3330 2205 3531 2259 Patres

115 2306 224 2356 tam
261 2300 459 2356 multa
489 2305 731 2372 tamque
763 2300 1040 2371 praeclara
1070 2302 1322 2357 mutuati
1352 2303 1845 2373 sunt.adjumenti
1878 2302 2098 2373 aliquid
2127 2301 2595 2373 decerpsisse.At
2623 2300 2858 2371 quando
2890 2303 3218 2368 temporum
3251 2292 3531 2365 iniquitas

113 2389 463 2444 thesaurum
495 2388 658 2442 illum
691 2388 859 2445 nobis
888 2389 1113 2451 invidit,
1147 2407 1258 2445 non
1294 2390 1426 2445 licet
1458 2390 1781 2461 quidquam
1819 2388 2186 2460 exploratum
2233 2389 2420 2461 magis
2471 2394 2572 2444 aut
2613 2387 3040 2459 deprehensum
3098 2397 3437 2455 proponere.
3470 2380 3530 2435 Si

113 2483 309 2533 tamen
345 2494 551 2533 verum
588 2478 760 2532 fuerit
793 2479 944 2549 quod
971 2480 1253 2534 adversus
1288 2480 1593 2534 Erasmum
1629 2484 1687 2533 et
1718 2480 1863 2534 alios
1895 2497 2006 2532 non
2043 2494 2258 2550 paucos
2284 2478 2584 2532 contendit
2612 2478 2857 2531 Huetius
2888 2478 3131 2543 (Origcn.
3158 2473 3348 2537 lib.iu,
3381 2472 3411 2541 ς
3450 2473 3529 2536 7),

114 2573 375 2635 quatuor
406 2565 682 2621 bomilias
710 2582 837 2635 quae
868 2583 1003 2621 cum
1035 2584 1142 2622 sua
1174 2568 1507 2638 praefatione
1541 2570 1692 2621 inter
1722 2568 1989 2638 Origenis
2030 2574 2205 2637 atque
2235 2567 2567 2637 Hieronymi
2618 2582 2794 2636 opera
2835 2567 3083 2627 exstant,
3118 2559 3263 2614 nulli
3295 2560 3530 2613 Patrum

114 2654 460 2709 Latinorum
494 2655 712 2719 deberi,
745 2656 843 2710 sed
876 2672 973 2710 eas
1005 2656 1367 2728 ipsissimum
1404 2658 1633 2712 initium
1668 2673 1797 2712 esse
1826 2657 2023 2710 decem
2054 2656 2538 2711 Oricenianorum
2570 2654 2953 2717 voluminum,
3002 2666 3149 2721 quas
3201 2648 3448 2702 Rulinus
3498 2661 3533 2699 a

114 2759 223 2811 quo
264 2742 477 2797 Latine
507 2741 744 2796 redditae
776 2746 933 2807 sunt,
972 2759 1129 2798 more
1159 2761 1265 2798 suo
1296 2745 1659 2814 interpolavit
1693 2761 1705 2798 :
1740 2748 1843 2799 aut
1872 2745 1919 2797 si
1955 2743 2123 2798 malis
2154 2745 2368 2813 szrpius
2402 2742 2633 2796 laudato
2666 2738 2918 2795 senatori
2964 2738 3256 2799 accedere,
3296 2733 3530 2789 easdem

114 2830 256 2884 nihil
298 2830 465 2884 aliud
498 2846 626 2885 esse
658 2832 971 2885 at‘tirmanti
1006 2834 1135 2901 (loc.
1170 2835 1313 2901 cit.).
1349 2834 1457 2886 uisi
1488 2832 1861 2886 distributam
1914 2830 1971 2884 in
2022 2837 2138 2884 tres
2186 2830 2367 2884 libros
2410 2829 2945 2900 ampliﬁcationem,
2979 2841 3154 2896 quam
3186 2839 3254 2878 ex
3302 2821 3531 2876 duabus

115 2918 389 2974 homiliis
419 2918 536 2974 alia
559 2919 861 2974 occasione
894 2920 965 2974 ab
991 2920 1235 2992 Origene
1287 2921 1343 2975 in
1395 2922 1509 2975 duo
1560 2920 1754 2990 priora
1806 2919 2177 2973 Canticorum
2228 2918 2418 2988 capita
2465 2916 2824 2988 compositis,
2858 2921 2913 2968 et
2962 2916 3031 2968 ab
3077 2912 3419 2982 Hieronymo
3470 2909 3529 2963 in

118 3006 400 3062 Latinum
433 3007 637 3074 versis,
672 3008 920 3063 Ruﬁnus
952 3008 1405 3075 consarcinavit;
1441 3009 1511 3075 si,
1539 3008 1862 3083 inquimus,
1898 3008 2107 3062 horum
2141 3005 2483 3061 alterutrum
2509 3005 2935 3060 admittendum
2968 3003 3064 3067 sit,
3097 3017 3165 3055 ex
3194 2998 3532 3055 eorumdem

117 3096 394 3168 Urigeuis
427 3099 889 3167 l'ragmentorum
916 3102 975 3152 et
1003 3097 1399 3152 Ambrosianus
1432 3096 1937 3152 commentationis
1958 3096 2262 3151 collatione
2281 3094 2568 3166 intelliges
2587 3094 2745 3147 illius
2765 3092 3101 3147 methodum
3130 3106 3244 3144 non
3266 3088 3535 3157 imperite

40 3246 41 3255 χ
118 3192 395 3240 sanctum
426 3185 721 3240 doctorem
755 3199 888 3239 esse
918 3185 1237 3252 imitatum,
1274 3187 1447 3257 idque
1480 3185 1827 3256 cumprimis
1859 3186 1957 3240 ubi
1990 3185 2276 3255 triplicem
2325 3183 2632 3254 Scriptura:
2674 3198 2910 3236 sensum
2946 3194 3151 3249 nempe
3184 3174 3532 3241 naturalem,

42 3322 43 3325 η
126 3272 405 3328 moralem
440 3291 507 3343 ac
540 3274 852 3344 mysticum
883 3272 1194 3345 distinguit
1222 3281 1396 3346 atque
1427 3275 1722 3339 edisserit;
1758 3273 2026 3345 quamvis
2049 3274 2105 3327 in
2135 3273 2265 3327 aliis
2295 3272 2592 3342 opusculis
2617 3287 2742 3340 qua
2764 3268 3047 3322 hactenus
3070 3283 3103 3319 a
3124 3263 3292 3317 nobis
3322 3262 3537 3317 exami-

128 3367 258 3416 nata
288 3367 452 3429 sunt,
489 3362 637 3416 duos
664 3366 897 3416 tantum
930 3361 1302 3433 interpretur,
1339 3363 1645 3435 mysticum
1682 3379 1747 3416 ac
1779 3361 2079 3427 moralem,
2117 3362 2214 3415 ubi
2250 3366 2441 3414 tamen
2474 3375 2607 3413 cum
2643 3359 2751 3411 hoc
2783 3355 2988 3409 ultimo
3018 3353 3070 3407 is
3102 3368 3274 3423 quem
3298 3354 3535 3404 natura-

133 3447 232 3505 lem
265 3450 329 3505 in
365 3450 474 3505 hoc
506 3450 653 3503 libro
678 3450 912 3516 vocitat,
939 3451 1335 3506 confunditur.

195 3542 370 3594 Porro
402 3544 467 3593 ut
497 3539 650 3593 idem
681 3545 915 3609 tempus
965 3554 1030 3593 ac
1075 3539 1241 3594 libris
1293 3542 1366 3594 De
1416 3539 1742 3604 Abrahamo,
1777 3554 1986 3610 nempe
2039 3555 2259 3592 annum
2310 3537 2535 3591 circiter
2580 3538 2681 3590 387
2734 3535 2869 3589 huic
2894 3533 3111 3603 scripto
3142 3528 3535 3601 assignemus,

130 3627 266 3681 facit
296 3645 433 3682 cum
469 3627 698 3681 illorum
749 3628 901 3682 inter
930 3643 992 3682 se
1033 3630 1354 3695 connectio,
1407 3635 1531 3683 tum
1582 3629 1777 3698 ipsum
1827 3627 2114 3682 Ambrosii
2164 3627 2565 3682 testimonium
2625 3626 2778 3696 quod
2826 3623 2992 3677 initio
3035 3620 3169 3675 libri
3213 3618 3278 3674 de
3323 3615 3536 3687 Ioseph,

132 3715 281 3772 sicut
310 3723 370 3771 et
399 3717 530 3770 libri
564 3715 941 3787 deMysteriis,
974 3733 1147 3787 quem
1180 3725 1374 3787 ἀμεσὼς
1406 3725 1537 3789 post
1593 3734 1785 3787 ipsum
1845 3717 2226 3780 elucubravit,
2285 3716 2640 3787 reperimus:
2701 3714 2819 3768 imo
2872 3728 3005 3767 vero
3056 3712 3373 3766 obscurum
3426 3720 3541 3759 non

134 3811 226 3858 est
254 3809 524 3859 sanctum
560 3803 871 3859 Praesulem
904 3805 974 3860 ad
1007 3806 1242 3860 eosdem
1276 3823 1423 3876 quos
1457 3808 1512 3859 in
1538 3822 1707 3877 opere
1740 3805 2025 3877 superiori
2077 3805 2502 3877 alloquebatur,
2537 3804 2594 3857 in
2629 3803 2735 3857 hoc
2765 3801 2940 3855 etiam
2988 3798 3163 3853 verba
3209 3798 3398 3851 facere
3431 3810 3443 3848 :
3487 3794 3547 3847 at

138 3894 390 3947 revocari
419 3893 478 3947 in
513 3893 757 3947 dubium
791 3898 981 3964 potest
1004 3899 1202 3948 utrum
1234 3900 1368 3948 ante
1399 3897 1545 3950 festa
1576 3894 1870 3965 paschatis
1898 3894 1955 3949 id
1986 3896 2260 3957 evenerit,
2293 3910 2365 3947 an
2399 3899 2616 3963 postea.
2672 3891 2860 3962 Ipsius
2903 3888 3136 3960 quidem
3188 3881 3545 3954 scriptionis,

138 3978 204 4034 in
231 3998 344 4052 qua
374 3982 445 4036 de
478 3979 728 4051 spiritali
765 3980 1037 4052 conjugio
1092 3997 1207 4051 quo
1253 3981 1396 4035 nihil
1453 3982 1625 4037 habet
1667 3983 2217 4053 perfectissimorum
2268 3981 2729 4035 Christianorum
2776 3978 2893 4033 vita
2921 3974 3257 4037 sublimius,
3304 3968 3550 4025 materia

138 4070 371 4126 Videtur
417 4068 666 4125 indicari
718 4068 831 4122 ista
878 4085 992 4124 non
1033 4069 1320 4141 pertinere
1360 4071 1429 4124 ad
1479 4070 1949 4137 catechumenos,
1984 4075 2181 4142 utpote
2226 4070 2444 4140 quibus
2490 4075 2647 4124 certa
2686 4066 2962 4139 mysteria
3000 4063 3363 4134 tegebantur,
3404 4055 3550 4128 ipsis

144 4160 519 4226 postmodum
556 4158 680 4227 jam
720 4156 1071 4227 baptismate
1114 4156 1357 4212 initiatis
1398 4157 1721 4214 revelanda.
1764 4158 1823 4213 Si
1862 4163 2057 4213 tamen
2098 4176 2165 4213 ex
2206 4157 2410 4230 primis
2448 4156 2601 4211 verbi
2645 4155 2775 4209 libri
2815 4154 2878 4208 de
2916 4152 3185 4223 Mysteriis
3232 4147 3341 4201 hac
3379 4145 3451 4200 de
3489 4160 3551 4199 re

134 4252 395 4305 statuere
429 4249 848 4317 nosoporteat,
884 4244 1194 4301 dicendum
1228 4247 1338 4300 erit
1375 4263 1472 4302 eos
1519 4247 1842 4302 etiamnum
1882 4247 2037 4302 intra
2073 4247 2619 4301 catechumenorum
2661 4242 2924 4297 ordinem
2965 4236 3255 4294 exstitisse
3292 4238 3361 4289 ad
3402 4248 3551 4304 quos

138 4353 472 4393 sermonem
516 4335 777 4390 habebat
814 4333 1180 4389 Ambrosius.
1225 4335 1293 4389 Et
1334 4334 1441 4390 hoc
1482 4336 1605 4406 ipse
1645 4337 1837 4391 forsan
1879 4335 2093 4401 innuit,
2138 4336 2237 4390 ubi
2279 4333 2418 4388 dicit
2454 4350 2465 4387 :
2506 4334 2667 4386 Venit
2694 4328 2914 4401 pascha,
2955 4329 3102 4383 venit
3142 4325 3388 4380 remissio
3427 4337 3550 4393 pec-

134 4434 405 4493 catorum,
436 4430 541 4481 etc.
579 4426 732 4495 (cap.
770 4439 844 4487 IV,
878 4439 1042 4479 num.
1072 4425 1184 4494 35).
1219 4424 1364 4477 Cum
1416 4430 1612 4479 autem
1651 4425 1776 4493 jam
1819 4422 1902 4477 illi
1953 4423 2012 4477 in
2064 4420 2526 4494 Competentium
2582 4435 2891 4474 numerum
2936 4417 2993 4471 in
3047 4431 3219 4486 quem
3271 4429 3386 4467 non
3439 4410 3552 4465 nisi

132 4522 383 4571 exeunte
409 4509 872 4587 quadragesima
900 4511 1381 4577 admittebantur,
1413 4519 1611 4567 essent
1639 4511 1850 4577 allecti,
1887 4511 2126 4566 minime
2155 4510 2442 4565 dubitavit
2469 4513 2709 4563 sanctus
2756 4506 3017 4561 Antistes
3046 4505 3104 4557 in
3137 4501 3437 4575 procinctu
3479 4499 3551 4554 ad

134 4595 501 4676 baptismum
546 4601 761 4676 positis
800 4615 974 4656 sacrae
1014 4600 1195 4673 hujus
1233 4601 1660 4673 conjunctionis
1698 4600 1995 4675 mysteria,
2028 4607 2085 4656 et
2120 4599 2350 4673 gradus.
2384 4598 2602 4672 quibus
2632 4596 2702 4654 ad
2742 4612 2873 4653 eam
2909 4591 3295 4668 pervenirent,
3358 4588 3550 4646 decla-

130 4701 295 4752 rare.
