3862 6210
373 314 491 379 527

1828 317 2314 393 s.AMBsosn

3641 318 3740 380 528

376 493 3743 524 2W

966 675 1923 877 ‘SANCTI

2202 674 3118 831 MBROSII

1612 964 2184 1024 MEDIOLANENSIS
2221 964 2539 1022 EPISCOPI

1146 1155 1366 1282 DE
1496 1150 2004 1281 ISAAC

2118 1151 2333 1278 ET
2451 1149 3009 1281 ANIMA

1654 1404 1970 1489 LIBER
2029 1401 2346 1491 UNUS
2389 1392 2494 1489 (⁴).

740 1769 1024 1827 358-55
1066 1769 1295 1825 CAPUT
1337 1768 1645 1825 PRIMUM.

373 1878 791 1936 Commendatnr
826 1886 1044 1933 sanctus
1090 1878 1241 1932 Isaac
1280 1879 1395 1930 tam
1439 1892 1508 1930 ex
1548 1878 1779 1945 paterna
1805 1873 2016 1943 origine

439 1955 495 2007 et
519 1952 723 2021 gratia,
756 1966 919 2020 quam
947 1965 1018 2003 ex
1045 1948 1347 2004 Dominica:
1382 1948 1872 2021 generationishet
1891 1960 2015 2021 pas-

436 2016 610 2078 sionis
633 2016 1100 2092 prwﬁguratione,
1131 2036 1195 2074 ac
1224 2020 1543 2089 mysterium
1574 2020 1719 2072 inter
1743 2016 2019 2092 Christum

437 2111 536 2165 per
581 2089 732 2165 Isaac
757 2089 1141 2165 designatum,
1181 2093 1231 2145 et
1277 2091 1523 2144 animam
1570 2089 2017 2159 rcprwsentutam

439 2164 535 2237 per
563 2164 850 2219 Rebeccam
878 2164 1146 2234 aperitur.

444 2308 495 2361 1.
539 2307 599 2361 In
640 2308 802 2377 patre
863 2302 1029 2358 nobis
1089 2301 1271 2357 sancti
1334 2301 1492 2357 Isaac
1552 2300 1633 2356 vel
1673 2300 1834 2373 origo
1875 2300 2018 2356 satis

370 2399 460 2452 est
498 2410 792 2466 expressa,
832 2390 919 2447 vel
951 2390 1136 2464 gratia
1170 2407 1182 2445 :
1217 2390 1309 2445 cui
1340 2391 1410 2446 ad
1452 2406 1685 2446 omnem
1730 2389 2019 2444 redundat

368 2483 623 2556 gloriam
646 2482 743 2555 (2),
776 2480 927 2554 quod
965 2484 1127 2535 tanto
1158 2485 1213 2535 et
1240 2484 1361 2535 tam
1393 2478 1664 2535 imitabili
1692 2478 1812 2533 viro
1843 2482 2015 2533 natus

366 2569 610 2629 Abrahae
640 2571 790 2644 patri
824 2570 1128 2643 prmmium
1163 2569 1289 2624 fuit.
1326 2569 1523 2640 Neque
1550 2583 1683 2623 vero
1725 2566 1869 2622 illud
1905 2567 2016 2621 mi-

368 2656 566 2730 rabile,
600 2676 734 2717 cum
767 2660 822 2714 in
865 2676 930 2713 eo
979 2656 1291 2714 Dominicis
1336 2656 1729 2730 generationis
1775 2659 1832 2711 et
1884 2672 2017 2728 pas-

364 2751 551 2807 sionis
592 2750 778 2820 figura
816 2744 1501 2819 praecesseriLSiquidem
1540 2748 1598 2800 et
1627 2744 1842 2801 sterilis
1870 2760 2047 2801 anus‘

365 2857 432 2895 ex
470 2835 857 2911 promissione
910 2835 1005 2890 Dei
1056 2833 1282 2907 peperit
1328 2839 1485 2899 eum,
1537 2839 1601 2888 ut
1648 2834 2017 2890 crederemus

366 2927 520 3000 quod
550 2928 759 2997 potens
791 2927 881 2980 est
912 2923 1067 2979 Deus
1097 2924 1381 2990 facere,ut
1412 2927 1610 2995 posset
1639 2928 1695 2979 et
1726 2922 1886 2997 virgo
1918 2940 2017 2996 ge-

368 3030 588 3084 nerare,
621 3017 678 3070 et
709 3010 938 3069 oblatus
968 3012 1179 3067 unicus
1207 3013 1274 3066 ad
1322 3010 1772 3079 immolandum,
1814 3012 1915 3083 qui
1960 3016 2017 3068 et

2046 1767 2090 1832 Α
2128 1765 2419 1837 Sapientis
2451 1766 2608 1821 enim
2631 1770 2718 1822 est
2743 1782 3048 1839 segregare
3074 1784 3135 1824 se
3168 1784 3200 1823 a
3229 1766 3629 1841 voluptatibus
3648 1785 3748 1823 car-

2127 1854 2468 1920 nis,elcvare
2501 1855 2783 1921 animam,
2817 1859 2990 1927 atque
3012 1873 3045 1911 a
3064 1868 3304 1929 corpore
3322 1856 3611 1913 abducere
3633 1857 3746 1925 ;hoc

2126 1948 2215 1998 est
2242 1943 2396 1998 enim
2430 1960 2492 1997 se
2524 1943 2820 1999 hominem
2854 1958 3184 2017 agnoscere.
3221 1945 3328 2010 Qui
3373 1944 3747 2002 Chaldaeorum

2126 2046 2396 2087 sermone
2441 2033 2591 2088 Enos
2629 2030 2863 2104 dicitur,
2907 2033 3109 2090 Latine
3148 2034 3344 2091 homo.
3391 2034 3548 2091 Enos
3585 2040 3746 2091 autem

2127 2121 2223 2191 qui
2258 2122 2583 2194 assumpsit
2612 2125 2669 2176 et
2700 2122 2953 2194 speravit
2984 2123 3251 2179 invocare
3280 2122 3472 2179 Deum
3498 2143 3512 2191 ;
3545 2129 3600 2180 et
3645 2124 3750 2179 ideo

2126 2208 2386 2264 creditur
2414 2226 2543 2265 esse
2575 2208 2915 2266 translatus.
2946 2211 3071 2267 Non
3100 2210 3334 2267 videtur
3364 2212 3564 2285 itaque
3604 2211 3750 2268 homo

2126 2313 2273 2366 esse,
2309 2298 2419 2352 nisi
2454 2298 2642 2369 quiin
2699 2300 2876 2354 Deum
2922 2304 3136 2372 sperat.
3180 2300 3287 2365 Qui
3336 2306 3540 2356 autem
3588 2303 3754 2374 sperat

2127 2387 2185 2440 in
2218 2386 2423 2455 Deum,
2457 2404 2569 2443 non
2606 2389 2812 2462 degere
2842 2388 2901 2444 in
2935 2389 3127 2458 terris,
3159 2390 3262 2444 sed
3313 2390 3489 2462 quasi
3533 2387 3750 2445 translaL

2125 2480 2223 2530 tus
2261 2477 2554 2532 adhaerere
2602 2476 2740 2544 Deo,
2775 2477 3085 2533 manifesta
3131 2478 3249 2533 veri
3296 2478 3752 2552 interpretatione

2127 2564 2396 2637 signatur
2426 2565 2521 2637 (.t).

2193 2655 2458 2709 2.Bonus
2490 2656 2666 2727 igitur
2699 2656 2860 2710 Isaac
2889 2658 3287 2729 verus,utpote
3320 2655 3538 2727 plenus
3557 2658 3752 2732 gratiis,

2126 2746 2184 2798 et
2216 2744 2342 2798 fons
2374 2743 2604 2797 laetitia}.
2626 2743 2708 2797 Ad
2742 2758 2917 2815 quem
2951 2742 3165 2798 fontem
3196 2745 3474 2801 veniebat
3504 2746 3753 2809 Rebecca,

2128 2834 2193 2886 ut
2221 2830 2491 2903 impleret
2529 2831 2795 2904 bydriam
2844 2847 3015 2905 aqua.
3048 2831 3200 2887 Dicit
3240 2832 3402 2889 enim
3456 2833 3752 2907 Scriptura,

2090 2916 2263 2992 'quia
2316 2919 2634 2976 descendens
2690 2920 2760 2975 ad
2814 2922 3037 2991 fontem,
3072 2921 3320 2993 implevit
3387 2922 3665 2996 hydriam,
3716 2925 3756 2976 et

2124 3008 2373 3065 ascendit
2402 3009 2555 3078 (Gen.
2598 3024 2748 3072 xx1v,
2784 3008 2893 3080 ιθ).
2943 3008 3255 3065 Descendit
3303 3010 3513 3084 itaque
3562 3011 3627 3067 ad
3672 3025 3752 3066 sa-

366 3098 512 3178 patri
545 3118 661 3159 non
695 3101 925 3175 periret,
960 3104 1017 3156 et
1046 3099 1286 3173 implere
1317 3099 2010 3173 sacriﬁcium.ltaqueip-
2045 3130 2093 3195 B
2126 3097 2354 3170 pientim
2387 3098 2602 3153 fontem
2644 3097 2730 3153 vel
2765 3097 3037 3165 Ecclesia,
3079 3098 3166 3154 vel
3216 3099 3439 3168 anima,
3477 3107 3543 3156 ut
3590 3105 3751 3156 totum

365 3204 427 3249 so
460 3192 696 3248 nomine
732 3191 977 3262 figuram
1010 3194 1065 3246 et
1086 3190 1331 3262 gratiam
1366 3189 1579 3262 signat,
1606 3190 1764 3245 Isaac
1797 3191 2013 3245 etenim

366 3285 523 3339 risus
555 3280 756 3337 Latine
783 3278 1170 3352 signiﬁcatur,
1204 3279 1359 3334 risus
1391 3284 1586 3334 autem
1618 3278 1847 3351 insigne
1869 3278 2015 3334 laeti-

362 3370 454 3427 tiEe
484 3375 590 3427 est.
624 3368 763 3434 Quis
795 3373 989 3424 autem
1042 3368 1273 3439 ignorat
1319 3384 1465 3439 quos
1512 3367 1564 3423 is
1609 3367 2013 3423 universorum

370 3459 573 3515 laetitia
602 3457 679 3512 sit
707 3456 807 3527 qui
841 3456 1047 3511 mortis
1076 3455 1466 3511 formidolosae
1498 3455 1581 3511 vel
1612 3472 1819 3528 pavore
1856 3473 2013 3512 com-

370 3544 682 3620 presso,vel
700 3560 941 3599 maerore
958 3542 1401 3610 sublato,l‘actus
1415 3544 1688 3600 omnibus
1713 3545 2017 3601 estrcmis-

371 3637 455 3692 sio
479 3631 886 3706 peccatorum?
916 3631 1115 3702 Itaque
1132 3630 1229 3687 ille
1251 3632 1684 3701 nominabatur,
1711 3638 1766 3689 et
1792 3634 1900 3689 istc
1922 3634 2015 3689 de-

372 3722 715 3797 signabatur
746 3736 760 3775 :
793 3718 890 3776 ille
921 3719 1373 3790 exprimebatur,
1406 3724 1464 3776 et
1493 3720 1601 3776 iste
1633 3721 2015 3778 annuntiaba-

368 3819 483 3868 tur.
518 3812 648 3884 Ipse
678 3814 766 3865 est
795 3824 969 3881 quem
1005 3809 1130 3879 jam
1168 3813 1310 3863 tunc
1342 3810 1804 3881 persequebatur
1834 3810 2013 3867 ancil-

369 3902 423 3958 la
454 3919 469 3957 :
502 3900 629 3973 ipse
660 3901 747 3953 est
777 3901 1011 3970 propter
1027 3912 1197 3969 quem
1215 3898 1342 3967 jam
1371 3901 1511 3952 tunc
1541 3898 1871 3955 dicebatur:
1897 3901 2011 3954 Ea:-

367 3991 507 4063 pelle
528 3988 826 4048 ancillam;
849 4001 959 4042 non
988 3987 1135 4041 enim
1154 3985 1329 4043 Mares
1354 3988 1461 4040 erit
1480 3986 1629 4056 ﬁlius
1646 3989 1872 4045 ancillae
1888 4002 2015 4043 cum

368 4082 484 4149 ﬁlio
511 4092 629 4134 meo
659 4078 814 4132 Isaac
844 4076 992 4147 (Gen.
1020 4074 1253 4147 xx1,iO).
1289 4075 1415 4147 Ipse
1449 4079 1535 4130 est
1566 4076 1658 4130 cui
1689 4080 1853 4148 pater
1872 4076 2010 4131 alie-

368 4170 639 4242 nigenam
671 4165 824 4222 850
854 4164 1162 4236 acquisivit
1190 4181 1487 4236 Sponsam.
1522 4165 1651 4237 Ipse
1696 4169 1786 4220 est
1831 4164 2009 4234 mitis,

370 4256 630 4323 humilis,
664 4259 837 4326 atque
869 4257 1237 4324 mansuetus,
1270 4254 1367 4326 qui
1417 4254 1684 4310 veniente
1712 4254 2010 4320 .Rebecca,

369 4348 477 4403 hoc
508 4343 926 4415 est,patientia,
958 4342 1130 4398 exivit
1156 4342 1214 4397 in
1248 4359 1521 4415 campum
1553 4342 1884 4399 abalienare
1915 4345 2007 4416 (3).

439 4486 516 4558 (t)
546 4484 814 4558 Scriptus
842 4484 976 4539 circ.
1000 4500 1150 4558 ann.
1174 4484 1298 4539 387.

440 4554 515 4623 (2)
546 4554 649 4611 Hic
680 4571 823 4609 mss.
856 4558 909 4609 et
949 4555 1087 4610 edit.
1138 4562 1249 4610 vet.
1301 4557 1454 4611 inter
1504 4572 1565 4611 se
1611 4557 2007 4614 consentiunt.

369 4622 668 4701 nisi'quod
709 4622 941 4701 illorum
1000 4631 1119 4701 tres
1166 4643 1270 4698 pro
1316 4628 1493 4701 sancti
1534 4628 1684 4701 Isaac
1728 4629 1811 4682 vel
1859 4632 2010 4698 origo

367 4696 792 4768 satisfhabent,
824 4700 1009 4752 sancto
1037 4696 1191 4752 Isaac
1245 4699 1325 4752 vel
1373 4699 1526 4767 origo
1568 4699 1795 4763 salutis;
1825 4705 1880 4753 et
1911 4696 2008 4755 ubi

369 4791 510 4830 mss.
543 4782 770 4833 omnes,
802 4768 896 4821 cui
919 4768 987 4822 ad
1029 4784 1260 4835 omnem,
1313 4773 1446 4836 etc.,
1471 4769 1634 4841 pedit.
1680 4771 2008 4841 praeterunt,

365 4864 491 4901 cum
537 4841 606 4896 ad
648 4854 953 4910 omnem...»
981 4842 1227 4910 primum
1271 4842 1418 4910 fuit;
1465 4840 1630 4895 Rom.
1663 4840 1795 4896 vero
1822 4846 2006 4897 totum

368 4920 561 4973 locum
592 4913 673 4966 ita
697 4908 1121 4965 consarcinavit
1151 4929 1163 4965 :
1198 4908 1277 4965 In
1305 4920 1466 4982 patre
1511 4912 1788 4967 Abraham
1834 4916 2012 4969 sancti

367 4993 519 5046 Isaac
551 4982 636 5041 vel
665 4983 816 5052 origo
853 4983 988 5036 satis
1030 4990 1107 5038 est
1151 4984 1307 5036 nobis
1354 4997 1630 5052 expressa,
1664 4985 1745 5038 vel
1790 4987 1969 5054 gratia
1990 5002 2010 5045 ;

364 5077 487 5116 cum
517 5056 588 5113 ad
615 5069 901 5107 omnem...
934 5056 983 5107 et
1024 5058 1137 5107 tam
1164 5053 1493 5107 inimitabili
1543 5055 1654 5108 viro
1702 5060 1862 5109 nutus
1896 5058 2009 5123 ipse

366 5134 423 5185 in
465 5126 753 5201 praemium
799 5125 969 5193 fuerit
1000 5142 1017 5177 :
1048 5141 1148 5179 nec
1198 5140 1303 5177 non
1350 5131 1403 5178 et
1451 5124 1591 5178 illud
1635 5129 1711 5179 est
1757 5128 2013 5182 mirabile

366 5202 503 5272 quod
528 5202 587 5254 in
616 5212 696 5260 eo,
723 5203 825 5249 etc.

437 5276 513 5340 (3)
548 5272 627 5324 lta
659 5281 802 5321 mss.
854 5270 911 5319 et
957 5266 1097 5320 edit.
1131 5281 1333 5320 omnes
1382 5266 1611 5340 ant._At
1638 5265 1778 5340 sola
1803 5268 2005 5340 Rom..

364 5337 535 5395 exivit
566 5344 624 5395 in
655 5352 910 5410 campum
945 5354 1030 5410 _se
1100 5353 1374 5403 emersere,
1426 5337 1523 5390 ubi
1591 5337 1749 5392 LXX.
1795 5339 2007 5410 lnterp.

366 5411 532 5483 sequi
568 5407 962 5488 voluitLapud
1005 5412 1156 5488 quod
1234 5409 1415 5488 legas,
1459 5418 1547 5488 Kal
1578 5477 1592 5488 ‘
1618 5414 1815 5488 ἐξῆλθεν
1874 5407 2011 5469 Ἰσᾶκ

366 5475 712 5553 αδολεσχῆσαρ,
754 5475 971 5553 Verum
1013 5475 1228 5536 ultimae
1270 5475 1539 5553 dictionis
1578 5475 1702 5535 loco
1752 5480 2013 5553 Symma-

366 5553 511 5607 chus
546 5549 799 5622 legebat,
839 5549 1073 5622 λαλῆσαξ,
1136 5550 1369 5622 Aquila,
1423 5557 1655 5621 ὁμιλῆσαι
1707 5549 1850 5609 Vide
1907 5551 2013 5608 No-

367 5622 574 5685 bilium
606 5619 679 5678 ad
710 5619 914 5683 eadem
943 5619 1137 5681 verba.
1166 5619 1494 5682 abalienare
1542 5625 1736 5679 autem
1779 5622 2011 5699 proprie

2039 4495 2083 4562 α
2121 4490 2211 4543 est
2263 4486 2535 4562 animum
2570 4501 2606 4540 a
2641 4484 2811 4540 seriis

2124 3203 2225 3242 vas
2254 3185 2522 3259 impleret
2553 3203 2748 3252 suum,
2783 3191 2842 3241 et
2864 3186 3125 3243 hauriret
3152 3205 3310 3261 purae
3343 3188 3645 3263 sapientia
3683 3186 3753 3242 di-

2125 3273 2426 3348 sciplinas,
2462 3292 2609 3348 quas
2638 3276 2875 3331 haurire
2902 3277 3091 3331 Judaei
3125 3278 3193 3332 de
3227 3276 3386 3333 fonte
3420 3279 3645 3352 proﬂuo
3671 3293 3757 3332 no-

2124 3362 2380 3420 luerunt.
2442 3364 2582 3428 Quis
2640 3365 2749 3420 iste
2805 3364 2934 3420 fons
2985 3364 3079 3432 sit,
3131 3365 3263 3421 audi
3315 3365 3657 3423 dicentem:
3693 3365 3758 3421 He

2123 3452 2531 3525 dereliquerunt
2559 3455 2764 3525 fontem
2795 3468 2957 3525 aqua?
2985 3456 3127 3510 vivae
3175 3453 3398 3525 (Jerem.
3456 3474 3521 3524 ιι,
3561 3456 3664 3529 13).
3695 3446 3758 3510 Ad

2124 3542 2281 3596 hunc
2312 3543 2528 3598 fontem
2562 3542 2832 3597 currebat
2860 3542 3064 3598 sitiens
3096 3542 3292 3598 anima
3322 3544 3757 3617 prophetarum,

2125 3631 2277 3687 sicut
2316 3637 2368 3686 et
2413 3632 2585 3686 David
2630 3631 2769 3686 dicit
2809 3649 2822 3687 :
2866 3632 3049 3687 Sitivit
3078 3633 3267 3689 anima
3316 3650 3448 3689 mea
3502 3634 3575 3690 ad
3615 3635 3760 3690 Deum

2120 3722 2307 3776 vivam
2336 3720 2504 3792 (Psal.
2536 3735 2649 3787 xu,
2678 3720 2753 3792 3),
2790 3725 2852 3775 ut
2882 3720 3040 3777 sitim
3074 3737 3242 3777 suam
3273 3722 3551 3779 ubertate
3579 3722 3759 3778 divine

2123 3810 2474 3882 cognitionis
2506 3807 2777 3880 expleret,
2806 3812 2863 3865 et
2890 3809 3237 3882 insipientia:
3269 3812 3629 3885 sanguinem
3659 3808 3759 3883 spi-

2122 3897 2426 3954 ritualium
2459 3900 2647 3971 rigata
2678 3896 2928 3954 dilueret
2957 3898 3329 3955 ﬂuentorum.
3362 3900 3477 3956 Hic
3510 3905 3601 3958 est
3624 3900 3759 3957 enim

2122 3985 2314 4042 ﬂuxus
2346 3985 2672 4059 sanguinis,
2708 3985 2859 4041 sicut
2889 3985 3181 4058 significat
3210 3985 3301 4042 lex
3333 3986 3517 4059 (Levii
3542 4005 3635 4058 xx,
3668 3987 3759 4055 18],

2124 4075 2219 4147 qui
2255 4073 2605 4146 deoperitur,
2639 4075 2872 4147 quando
2902 4074 2990 4130 vir
3017 4075 3240 4130 sedenti
3264 4075 3331 4130 in
3380 4076 3600 4134 diebus
3646 4093 3760 4133 san-

2121 4163 2318 4237 guinis
2350 4163 2440 4219 sui
2472 4162 2701 4219 mulieri
2743 4162 3041 4220 miscetur.
3074 4162 3282 4219 Mulier
3323 4170 3421 4220 est
3471 4163 3760 4222 delectatio

2121 4254 2379 4326 corporis
2410 4256 2465 4308 et
2494 4251 2798 4309 illecebrze.
2830 4251 3031 4325 Itaque
3063 4268 3198 4308 cave
3246 4269 3318 4308 ne
3358 4254 3538 4328 vigor
3568 4253 3761 4310 mentis

2118 4348 2231 4399 tuae
2282 4343 2436 4398 coitu
2486 4342 2739 4414 quodam
2790 4339 2936 4397 857
2991 4357 3273 4413 corporeae
3320 4342 3653 4418 voluptatis
3687 4343 3760 4397 in-

2122 4490 2211 4543 est
2263 4486 2528 4542 animum
2570 4501 2606 4540 a
2641 4484 2811 4540 seriis
2857 4484 3259 4612 (gravibusque
3315 4488 3763 4559 cogitationibus

2122 4563 2426 4635 evocatum
2457 4555 2738 4623 relaxare;
2789 4573 2852 4612 se
2943 4555 3282 4635 Ambrosius
3325 4573 3461 4635 rem
3492 4560 3575 4635 ad
3609 4557 3760 4635 spiri-

2120 4629 2297 4705 talem
2350 4644 2601 4705 sensum,
2640 4643 2799 4705 more
2847 4643 2954 4682 suo
3001 4627 3117 4705 hic,
3163 4631 3219 4684 et
3259 4627 3419 4705 infra
3458 4647 3512 4686 c.
3547 4626 3761 4705 3,

2120 4701 2459 4766 traducens,
2489 4697 2613 4754 vult
2641 4699 2791 4753 idem
2821 4714 2948 4754 esse
2980 4704 3154 4766 atque
3202 4716 3235 4754 a
3281 4701 3448 4756 curis
3481 4697 3759 4757 saeuiat-i-

2122 4773 2231 4826 bus
2260 4772 2331 4827 ad
2362 4769 2683 4825 caelestium
2718 4786 2914 4825 rerum
2945 4769 3387 4826 meditationem
3415 4777 3760 4829 convertere.

2120 4842 2262 4897 Vide
2309 4842 2485 4896 etiam
2524 4840 2954 4897 Cnmmentaria
2983 4842 3043 4913 in
3085 4840 3229 4913 psal.
3262 4858 3447 4913 cxvm
3498 4849 3687 4901 octon.
3716 4843 3757 4905 4,

2116 4931 2284 4969 versu
2317 4914 2370 4978 3,
2403 4914 2556 4967 sicut
2582 4917 2639 4967 et
2669 4913 2944 4984 epist.gad
2974 4911 3449 4984 Chrom.quibus
3481 4914 3629 4971 locis
3658 4928 3761 4967 ver-

2122 4986 2260 5039 bum
2288 4991 2577 5058 ᾀδολεσχεῖν
2609 4982 2719 5058 ρει(
2741 4982 3009 5038 Latinum
3033 4982 3375 5039 hallucinari
3397 4986 3478 5041 ab
3501 4986 3762 5058 interpre-

2121 5063 2173 5111 te
2204 5055 2503 5110 redditum
2529 5055 2728 5110 tradit.

2191 5129 2265 5198 (4)
2323 5126 2469 5181 Edit.
2522 5126 2713 5198 Rom._
2755 5126 2815 5178 in
2870 5125 3059 5198 Deum,
3099 5125 3278 5198 placet
3329 5129 3471 5198 Deo,
3530 5131 3762 5198 mutatur

2119 5199 2180 5252 in
2200 5195 2206 5198 ’
2228 5198 2447 5262 melius,
2478 5213 2575 5252 nec
2623 5196 2839 5252 videtur
2884 5197 3150 5263 degere...
3180 5197 3308 5253 Deo.
3340 5197 3473 5253 Ideo
3502 5204 3561 5254 et
3599 5195 3759 5254 Enoch

2117 5269 2323 5323 dicitur
2360 5268 2498 5338 quod
2540 5285 2655 5333 non
2699 5276 2778 5322 est
2818 5268 3089 5334 inventus,
3122 5269 3255 5337 quia
3299 5272 3607 5336 transtulit
3652 5284 3759 5325 eum

2119 5342 2258 5419 Deus
2288 5358 2306 5394 :
2337 5338 2475 5419 quod
2502 5340 3298 5419 manifestainterpretatione,
3327 5343 3446 5419 etc.
3482 5339 3754 5419 νειμ-ωῇ

2119 5408 2361 5485 etumssf
2384 5408 2667 5485 hoc_loco
2704 5408 2845 5485 nihil
2891 5408 3257 5485 discrepant,_
3290 5410 3436 5485 nisi
3469 5408 3758 5485 quod__ubi

2121 5481 2260 5537 edit.
2292 5485 2349 5558 et
2377 5480 2619 5558 quidam
2652 5496 2806 5558 mss.
2828 5478 3064 5558 habent,
3083 5478 3218 5552 viri,
3241 5479 3301 5538 in
3332 5478 3760 5558 aliis—pluribus

2119 5569 2185 5611 ac
2217 5551 2646 5629 probatioribus
2674 5551 2888 5627 legitur
2915 5552 3049 5611 veri.
