3878 6208
163 413 265 495 .589.
338 490 353 504 .

1260 409 1492 479 LIBER
1535 414 1636 483 DE
1681 414 1911 491 ISAAC
1953 417 2059 489 ET
2099 416 2372 488 ANIMA.

162 545 323 619 ﬂexus
344 541 898 621 emolliatur,atque
943 543 1005 606 in
1048 547 1178 622 ejus
1221 547 1526 622 amplexus
1568 549 1763 609 omnis
1794 552 1843 625 Α
1879 552 2168 628 sanguis:
2202 571 2392 629 neque
2420 553 2727 616 harmonia
2753 554 2970 629 anima,
3032 553 3172 631 quia
3217 560 3276 621 et
3309 555 3518 631 hujus-

164 636 477 704 nesolvatur,
506 639 562 693 et
588 636 812 706 fontem
836 637 966 709 ejus
997 637 1238 710 aperiat,
1293 638 1392 710 qui
1440 638 1610 695 debet
1640 656 1769 697 esse

161 726 372 791 clausus
399 729 456 783 et
484 729 681 798 septus
708 725 1053 782 intentionis
1079 726 1297 805 studio,
1331 730 1388 785 et
1433 727 1766 785 considera-

160 815 294 871 tione
318 813 594 882 rationis;
626 816 822 871 Hortus
879 815 1037 873 enim
1066 816 1304 882 clausus,
1359 819 1485 887 [ous
1511 819 1763 889 signatus

159 903 317 977 (Cant.
376 919 448 967 Iv,
483 902 588 974 12).
650 903 915 975 Namque
973 902 1187 959 mentis
1235 903 1432 976 vigore
1489 904 1763 973 resoluto,

159 1008 344 1061 senem
372 1007 432 1057 se
460 990 775 1064 corporalis
824 990 1225 1049 delectationis
1268 993 1594 1061 effundunt,
1636 1010 1764 1065 per-

159 1079 336 1138 niciosi
368 1080 543 1137 nimis
573 1080 671 1152 (5),
702 1084 762 1137 et
782 1079 846 1135 in
875 1080 1268 1153 appetentiam
1298 1081 1532 1152 plenam
1572 1082 1765 1153 gravis

156 1168 366 1243 periculi
409 1172 789 1242 prorueutes:
841 1186 988 1241 quos
1030 1169 1079 1225 si
1132 1168 1346 1225 mentis
1394 1169 1597 1226 vividae
1625 1186 1763 1226 con-

155 1257 380 1317 siderata
409 1258 725 1319 mansisset
750 1258 1040 1329 custodia,
1074 1257 1441 1314 refrenasset.

760 1372 991 1430 CAPUT
1030 1372 1098 1429 Il.

153 1462 276 1532 Quid
299 1465 367 1536 sit
388 1462 568 1529 homo,
601 1464 731 1536 etin
771 1479 882 1536 qua
908 1463 1256 1536 potissimum
1298 1466 1452 1533 parte
1481 1465 1757 1532 consistat,

206 1534 434 1605 qualisve
460 1536 537 1590 sit
565 1535 757 1590 anima
777 1533 898 1605 ejus
916 1536 1034 1589 tam
1051 1533 1349 1589 secundum
1361 1536 1453 1590 sui
1475 1538 1755 1601 naturam,

207 1621 358 1676 quam
380 1621 481 1676 per
510 1606 953 1661 irrationabilem
978 1606 1072 1661 sui
1094 1607 1328 1677 partem,
1375 1621 1482 1677 qua
1524 1607 1763 1662 obnoxia

205 1677 260 1748 ﬁt
285 1676 641 1748 corruptioni.

203 1792 250 1849 3.
279 1790 506 1849 Intuere
538 1789 736 1862 igitur,
768 1806 802 1845 o
834 1789 1031 1860 homo,
1065 1790 1165 1862 qui
1218 1789 1317 1858 sis,
1343 1808 1458 1862 quo
1509 1791 1757 1848 salutem

1879 644 2035 699 modi
2068 643 2371 701 harmonia
2401 647 2594 705 carnis
2623 651 2746 704 est:
2781 664 2966 720 neque
2996 664 3096 705 aer
3122 647 3339 716 anime,
3371 650 3513 720 quia

1877 729 2034 788 aliud
2067 736 2156 788 est
2176 733 2374 791 flatilis
2395 735 2657 807 spiritus,
2681 735 2840 792 aliud
2862 737 3061 792 anima
3084 752 3097 792 :
3126 752 3316 809 neque
3336 736 3513 810 ignis,

1876 823 1965 877 est
1993 821 2228 877 anima:
2298 839 2485 895 neque
2538 832 2817 898 ἐντελέχεία
2883 825 3120 882 anima:
3191 825 3291 883 sed
3322 824 3522 883 animo

1875 911 1933 964 et
1986 909 2221 976 vivens;
2289 911 2431 981 quia
2495 912 2682 968 factus
2739 918 2829 969 est
2884 914 3069 970 Adam
3136 913 3197 969 in
3250 913 3511 975 animam

1870 997 2156 1054 viventem
2190 999 2341 1066 (Gen.
2393 1002 2574 1069 11,7);
2635 1017 2702 1056 eo
2754 1004 2908 1073 quod
2956 1000 3300 1059 insensibile
3329 1005 3509 1074 atque

1873 1086 2146 1143 exanime
2175 1103 2388 1160 corpus
2438 1088 2634 1144 animo
2677 1089 2927 1147 vivificet
2971 1094 3029 1145 et
3083 1091 3384 1162 gubernet.
3414 1091 3517 1147 Est

1870 1178 1926 1231 et
1955 1174 2322 1247 praestantior
2356 1176 2551 1243 homo,
2615 1178 2688 1233 de
2746 1194 2861 1250 quo
2924 1177 3170 1233 dicitur:
3228 1177 3520 1251 Spiritalis

1871 1272 2059 1319 autem
2081 1264 2359 1336 dijudicat
2387 1265 2541 1322 858
2570 1269 2795 1323 omnia:
2851 1268 2968 1338 ipse
3011 1270 3193 1323 autem
3235 1284 3268 1323 a
3290 1268 3520 1324 nomine

1864 1350 2150 1423 judicatur
2180 1354 2228 1424 (I
2253 1355 2376 1410 Cor.
2411 1370 2471 1422 ιι,
2504 1354 2611 1423 15).
2647 1354 2750 1410 Hic
2808 1359 2898 1411 est
2947 1354 3317 1427 praestantior
3345 1359 3518 1412 caste-

1868 1440 1967 1497 ris.
2002 1440 2165 1497 Unde
2218 1445 2278 1497 et
2337 1441 2516 1498 David
2585 1442 2763 1497 dicit:
2826 1443 2966 1512 Quid
3022 1449 3104 1499 est
3158 1445 3315 1501 homo
3376 1444 3517 1516 quod

1868 1544 2076 1585 memor
2103 1545 2157 1583 es
2187 1530 2324 1601 ejus,
2358 1533 2456 1587 aut
2486 1531 2640 1601 ﬁlius
2686 1530 2948 1597 hominis,
2990 1533 3106 1586 nisi
3151 1530 3290 1602 quod
3318 1532 3515 1589 visitas

1867 1616 2187 1684 eum(Psal.
2220 1634 2344 1687 VIII,
2386 1616 2535 1674 5?...
2594 1620 2761 1674 Homo
2808 1619 3043 1674 vanitati
3096 1617 3307 1674 similis
3333 1621 3514 1689 factus

1867 1713 1946 1761 est
1974 1704 2150 1776 (Psal.
2179 1721 2372 1773 cxuu,
2403 1706 2478 1776 4).
2510 1705 2633 1761 Non
2666 1705 2765 1761 ille
2820 1706 3145 1762 secundum
3190 1706 3512 1778 imaginem

1870 1793 1969 1850 Dei
2001 1793 2176 1850 homo
2205 1793 2480 1851 vanitatis
2509 1799 2597 1849 est
2629 1810 2641 1849 :
2674 1795 2774 1849 sed
2807 1795 2907 1866 qui
2939 1793 3085 1849 illud
3108 1793 3328 1864 amisit,
3360 1798 3415 1850 ct
3449 1793 3510 1850 in

144 1883 302 1989 Etiam,
334 1879 631 1979 vitamque
677 1879 914 1936 tuearis.
968 1879 1116 1978 Quid
1167 1883 1257 1935 est
1304 1879 1502 1989 itaqu‘e
1535 1880 1756 1989 portio?
1789 1924 1836 1989 Β
1872 1887 2173 1955 peccatum
2217 1883 2452 1950 decidit,
2508 1885 2566 1937 et
2622 1883 2682 1938 in
2729 1881 3054 1939 materialia
3098 1882 3212 1938 ista
3239 1882 3511 1955 dilapsus

144 1967 323 2029 Utrum
356 1968 558 2029 anima
587 1984 653 2024 ao
683 1983 836 2036 caro,
868 1984 943 2023 an
973 1968 1282 2040 utriusque
1311 1967 1563 2041 copula?
1587 1968 1757 2025 Aliud
1791 1967 1836 1989 ”
1867 1974 1973 2038 est,
2007 1970 2116 2027 iste
2154 1971 2328 2027 homo
2359 1974 2450 2026 est
2478 1970 2769 2026 vanitatis.

143 2056 274 2113 enim
304 2073 406 2114 nos
432 2074 502 2115 su
514 2072 666 2123 mus,
691 2054 849 2113 aliud
871 2059 1173 2136 nostrum:
1203 2055 1336 2112 aliis
1354 2056 1455 2128 qui
1471 2057 1756 2124 induitur,

143 2144 336 2205 etaliud
355 2144 500 2205 vesti
510 2143 1080 2218 mentum.Legimus
1097 2144 1350 2203 inVeteri
1377 2148 1753 2203 testamento:

144 2232 313 2293 times
339 2235 552 2295 animae
580 2249 707 2306 quin
728 2233 1133 2295 descenderunt
1170 2233 1233 2293 in
1279 2235 1571 2306 [Egyptum
1601 2233 1755 2304 (Gen.

141 2339 267 2389 xm,
295 2322 402 2394 26),
433 2323 512 2377 de
562 2322 902 2377 hominibus
952 2322 1195 2377 dictum.
1242 2322 1315 2378 Et
1360 2321 1501 2377 alibi
1533 2322 1758 2377 dictum

141 2415 245 2469 est:
273 2411 381 2468 Non
427 2411 782 2484 pemanebit
832 2412 1063 2481 spiritus
1128 2426 1286 2475 meus
1328 2411 1391 2465 in
1445 2409 1758 2467 hominibus

141 2500 262 2567 istis,
291 2501 555 2572 quoniam
575 2515 767 2556 carnes
792 2504 925 2555 sunt
951 2499 1103 2567 (Gen.
1138 2516 1213 2565 vr,
1246 2499 1322 2569 3).
1368 2498 1448 2555 De
1478 2496 1756 2557 alterutro

138 2604 252 2661 ergo
279 2587 510 2663 legitur,
549 2587 686 2660 quia
716 2587 890 2645 homo
921 2587 1137 2647 dicitur
1166 2592 1223 2643 et
1252 2587 1323 2642 de
1354 2586 1552 2643 anima
1599 2593 1654 2643 ct
1685 2587 1758 2642 de

138 2691 305 2735 mne.
330 2677 445 2735 Sed
466 2675 588 2733 illa
612 2675 885 2735 discretio
928 2679 1035 2740 est,
1086 2676 1241 2747 quod
1275 2674 1372 2733 ubi
1430 2674 1628 2731 animo
1653 2691 1756 2747 pro

137 2763 347 2824 homine
370 2765 918 2838 ponitur,Hebrteus
947 2763 1431 2837 signiﬁcaturDeo
1454 2763 1757 2820 adhaerens

136 2870 233 2910 non
260 2853 509 2926 corpori,
569 2856 634 2910 ut
675 2856 765 2909 est
803 2851 991 2908 illud:
1046 2853 1248 2907 Anima
1273 2851 1550 2908 benedicta
1578 2853 1756 2907 omnis

135 2941 352 3014 simplex
380 2943 572 3014 (Prov.
600 2941 826 3012 x1,,20).
862 2940 969 2997 Ubi
1001 2943 1197 2999 autem
1228 2956 1360 2996 caro
1382 2956 1485 3011 pro
1517 2938 1755 2996 homine

137 3036 507 3103 nuncupatur,
547 3032 814 3101 peccator
838 3028 1207 3100 exprimitur,
1240 3031 1303 3085 ut
1323 3031 1412 3085 est
1436 3027 1576 3083 illud
1609 3029 1757 3097 :Ego

135 3128 298 3179 autern
323 3119 575 3179 cantatis
602 3133 727 3173 sum
769 3116 1126 3173 venumdatus
1171 3116 1269 3171 sub
1324 3124 1543 3187 peccato
1569 3136 1588 3181 ,-
1619 3116 1757 3187 quod

135 3209 260 3265 enim
284 3223 492 3280 operor,
550 3222 659 3263 non
715 3220 991 3277 cognosco.
1047 3209 1172 3262 Non
1227 3206 1376 3260 enim
1432 3203 1574 3275 quod
1610 3204 1748 3269 volo,

1934 2060 1990 2114 5.
2040 2059 2254 2115 Anima
2282 2058 2463 2129 igitur
2491 2059 2819 2115 secundum
2846 2059 2938 2117 sui
2972 2062 3245 2115 naturam
3285 2058 3509 2130 optima

1867 2150 1957 2203 est
1988 2164 2001 2202 :
2026 2148 2127 2204 sed
2152 2147 2496 2219 plerumque
2518 2146 3029 2219 perirrationabile
3049 2148 3126 2218 (7)
3150 2147 3240 2203 sui
3259 2147 3510 2205 obnoxia

1869 2235 1933 2290 fit
1962 2234 2309 2308 coruptioni,
2342 2239 2409 2289 ut
2439 2233 2752 2291 inclinetur
2771 2235 2843 2292 ad
2868 2234 3193 2307 voluptates
3215 2236 3497 2308 corporis,

1866 2328 1922 2379 et
1938 2324 2007 2379 ad
2035 2322 2583 2395 petulantiam,dum
2613 2339 2949 2380 mensuram
2972 2340 3167 2380 rerum
3183 2340 3300 2381 non
3322 2329 3506 2393 tenet,

1867 2416 1967 2471 aut
1997 2410 2218 2467 fallitur
2247 2411 2545 2482 opinione,
2579 2415 2754 2482 atque
2782 2410 3065 2468 inclinata
3091 2412 3162 2468 ad
3196 2413 3504 2470 materiam

1866 2499 2266 2572 agglutinetur
2295 2498 2541 2571 corpori.
2577 2499 2670 2555 Sic
2700 2499 2991 2557 invisibile
3011 2502 3139 2572 ejus
3162 2501 3502 2572 impeditur,

1865 2593 1921 2644 et
1950 2588 2175 2644 malitia
2216 2587 2507 2660 repletur;
2569 2588 2710 2660 quia
2767 2588 2911 2645 dum
2969 2589 3220 2645 intendit
3242 2588 3499 2658 malitiae,

1863 2677 1989 2748 ejus
2020 2693 2082 2732 se
2109 2676 2268 2732 vitiis
2297 2675 2498 2748 replet,
2526 2679 2588 2740 et
2618 2677 2682 2733 fit
2710 2676 2941 2733 defectu
2970 2675 3253 2734 bonitatis
3285 2676 3498 2734 intem-

1864 2782 2041 2838 peran
2049 2765 2176 2822 tior.

1864 2926 2109 2996 Perfecta
2147 2926 2337 2996 auium
2383 2927 2613 2996 terrenis
2658 2924 2944 2991 abdicatis,
2995 2924 3247 2996 vitiisque
3275 2924 3502 2985 domiti-8

1976 2996 2165 3051 erbum
2194 2995 2440 3050 osculari
2466 2995 2776 3058 desiderat;
2829 2996 2921 3050 cui
2967 3010 3024 3049 se
3073 2999 3215 3050 Deus
3263 2995 3502 3053 Verbum

1935 3072 2082 3122 totus
2112 3066 2375 3136 infundit.
2422 3066 2530 3121 Hoc
2590 3066 2691 3120 illa.
2746 3065 3013 3121 delectata
3067 3067 3134 3121 ab
3185 3081 3247 3121 eo
3275 3068 3408 3136 petit
3442 3068 3504 3121 ut

1935 3139 2282 3198 attrahatur;
2313 3151 2439 3207 quae
2465 3138 2655 3192 munia
2701 3138 2873 3191 etiam
2925 3137 3182 3193 Ecclesiae
3232 3137 3322 3192 vir
3369 3153 3502 3193 san-

1934 3213 2048 3263 ctus
2075 3207 2457 3264 accommodat.

138 3312 257 3364 ago:
285 3296 374 3355 sed
397 3294 549 3367 quod
602 3294 713 3361 odi,
747 3292 894 3351 illud
939 3294 1083 3363 facio
1129 3292 1283 3363 (Rom
1333 3309 1434 3358 vn,
1469 3293 1534 3347 14
1566 3295 1616 3347 et
1640 3292 1751 3364 45).
1784 3281 1828 3350 C
1931 3298 1986 3351 6.
2023 3296 2276 3352 Perfecta
2333 3298 2528 3351 autem
2560 3294 2759 3350 animo.
2818 3296 3118 3349 aversatur
3147 3294 3452 3350 materiam
3482 3311 3497 3351 :

135 3386 235 3441 Hoc
253 3385 374 3457 jam
420 3382 721 3458 posterius
750 3385 807 3438 et
845 3382 915 3439 de
961 3385 1232 3453 utroque.
1284 3380 1446 3437 Alius
1475 3384 1564 3436 est
1592 3380 1749 3436 enim

135 3473 218 3543 qui
243 3473 381 3541 vult,
409 3473 571 3530 alius
600 3470 703 3544 qui
734 3470 856 3526 odit
882 3470 982 3542 (6),
1014 3468 1165 3527 alius
1188 3469 1286 3541 qui
1311 3470 1466 3526 facit.
1495 3469 1752 3540 Denique

136 3561 359 3622 addidit:
395 3562 456 3619 Si
478 3576 623 3633 ergo
653 3558 793 3631 quod
829 3557 939 3625 odi,
1000 3559 1098 3615 hoc
1124 3559 1268 3629 facio
1322 3560 1594 3614 consentio
1623 3558 1749 3628 legi,

135 3653 362 3718 Manium
424 3651 574 3707 bona
624 3655 722 3705 est.
752 3649 912 3705 Nunc
938 3650 1120 3704 autem
1168 3648 1291 3718 jam
1319 3662 1431 3702 non
1467 3662 1562 3715 ego
1610 3645 1755 3702 illud

136 3752 318 3809 aperuit,
347 3739 438 3797 sed
466 3737 618 3811 quod
673 3736 886 3792 habitat
938 3737 1113 3792 inme
1163 3738 1440 3807 peccatum
1497 3734 1653 3804 (Ibid.
1688 3736 1755 3789 16

134 3836 176 3881 et
196 3828 297 3899 17).
320 3828 473 3885 illud
506 3841 748 3899 quoque
774 3823 1145 3897 expressius:
1188 3823 1344 3880 Video
1368 3824 1540 3893 legem
1568 3826 1757 3880 carnis

135 3930 254 3974 ω
276 3918 675 3989 repugnantem
701 3915 813 3983 legi
864 3913 1064 3971 martis
1120 3928 1251 3968 meae
1306 3919 1358 3968 et
1392 3913 1759 3984 captivantem

137 4019 210 4061 me
258 4007 317 4063 in
378 4007 497 4078 lege
559 4005 768 4076 peccati
821 4002 978 4072 (Ibid.
1044 4002 1160 4072 23).
1228 4001 1295 4056 Et
1358 4004 1557 4056 tamen
1622 4017 1757 4055 cum

139 4096 427 4167 utrumque
445 4095 506 4150 in
526 4107 591 4147 se
611 4093 1043 4148 concertantem
1065 4088 1363 4145 hominem
1385 4087 1761 4167 declarasset,

138 4177 230 4237 hoc
255 4166 345 4239 est
364 4182 711 4244 interiorem
742 4183 800 4236 et
824 4177 1190 4242 exteriorem,
1217 4176 1276 4232 in
1330 4166 1541 4232 animae
1570 4176 1759 4249 magis

138 4283 292 4339 quam
316 4271 375 4327 in
408 4269 679 4343 corporis
709 4271 874 4341 parte
893 4283 957 4323 se
977 4265 1187 4322 maluit
1205 4264 1581 4332 constituere,
1602 4265 1759 4336 quod

1861 3401 2032 3440 omne
2063 3384 2536 3448 immoderatum,
2568 3381 2807 3448 mobile,
2842 3380 3166 3453 malignum
3196 3381 3412 3455 refugit
3435 3399 3503 3439 ac

1860 3464 2081 3545 rEspuit
2097 3488 2224 3540 ;nec
2234 3471 2521 3538 videt,nec
2538 3469 2970 3541 appropinquat
2982 3469 3052 3524 ad
3069 3468 3244 3525 ullius
3260 3474 3502 3528 terrena

1858 3560 2010 3616 labis
2041 3560 2469 3632 corruptionem
2496 3576 2508 3613 :
2545 3558 2756 3613 divinis
2786 3557 3054 3623 intendit,
3073 3560 3366 3614 terrenam
3393 3575 3498 3614 au-

1861 3632 1981 3704 tem
2008 3648 2316 3704 materiam
2338 3647 2506 3720 fugit.
2542 3647 2700 3719 Fuga
2741 3650 2936 3702 autem
2950 3650 3179 3709 est.non
3208 3650 3396 3703 terras
3415 3664 3499 3703 re-

1862 3735 2146 3809 linquere,
2178 3736 2277 3793 sed
2302 3751 2432 3792 esse
2462 3735 2521 3791 in
2551 3734 2745 3803 terris,
2790 3734 3079 3804 justitiam
3126 3739 3182 3791 et
3212 3736 3501 3793 sobrieta-

1864 3828 1982 3881 tem
2012 3829 2229 3891 tenere,
2265 3823 2602 3880 renuntiare
2630 3822 2812 3888 vitiis,
2842 3839 2962 3878 non
2992 3824 3199 3879 usibus
3248 3823 3502 3880 elemen-

1862 3916 2079 3969 torum.
2158 3912 2440 3985 Fugiebat
2494 3912 2571 3984 (8)
2631 3912 2705 3967 De
2772 3912 2968 3967 I’amit.
3023 3910 3159 3966 dist.
3184 3914 3249 3980 '2,
3279 3928 3405 3983 cap.
3441 3912 3507 3969 Ut

1866 4004 2249 4074 cognovmnt,
2317 4002 2345 4069 §
2408 4000 2661 4071 Fugerat)
2729 3998 2910 4054 David
2972 4003 3212 4055 sanctus
3262 4015 3296 4053 a
3360 3999 3507 4054 facie

1868 4089 2043 4156 Saul;
2104 4105 2220 4144 non
2281 4088 2502 4159 utique,
2562 4091 2627 4142 ut
2655 4090 2844 4142 terras
2902 4085 3278 4157 relinqueret,
3310 4087 3411 4142 sed
3442 4089 3509 4141 ut

1866 4177 2132 4242 immitis,
2194 4179 2252 4232 et
2309 4173 2758 4241 inobservantia,
2821 4178 2879 4229 et
2936 4172 3143 4245 perﬁdi
3192 4172 3511 4230 declinaret

1869 4265 2224 4337 contagium.
2259 4263 2537 4336 Fugiebat
2570 4267 2774 4317 autum
2835 4262 3138 4318 adhaerens
3194 4262 3331 4331 Deo,
3361 4260 3513 4318 sicut

138 4356 315 4415 anima
337 4376 449 4416 sua
472 4357 811 4417 traheretur
839 4354 1065 4427 captiva
1095 4354 1167 4409 ad
1198 4357 1522 4426 peccatum,
1554 4353 1614 4407 in
1646 4369 1762 4423 qua
1869 4360 1927 4411 et
1957 4355 2080 4426 ipse
2109 4354 2226 4411 ait:
2257 4351 2502 4409 Adhazsit
2531 4352 2727 4406 anima
2756 4366 2878 4406 mea
2900 4358 3021 4422 post
3059 4354 3112 4405 te
3167 4350 3341 4421 (Psal.
3374 4366 3508 4419 Lxu,

141 4460 251 4502 esse
304 4465 368 4504 se
395 4445 627 4514 mallet,
656 4448 714 4501 et
741 4458 870 4501 esse
901 4442 1208 4499 confirmat
1262 4440 1496 4496 dicens:
1557 4441 1763 4511 In/elire
1870 4443 1944 4514 9).
1970 4442 2327 4508 Abducebat,
2360 4457 2444 4505 se,
2479 4444 2537 4495 et
2565 4438 2870 4495 ablevabat
2903 4438 3063 4494 vitiis
3109 4438 3305 4495 seaculi
3332 4438 3513 4511 hujus

136 4535 449 4601 corbem?
504 4535 630 4607 quis
684 4548 774 4588 me
836 4531 1092 4587 liberabit
1151 4530 1219 4584 de
1283 4544 1504 4599 corpore
1568 4530 1762 4584 mortis
1876 4531 2141 4587 elevabat
2172 4529 2427 4587 animam
2456 4542 2626 4583 suam
2661 4527 2815 4583 sicut
2859 4527 3021 4582 Isaac
3074 4525 3135 4581 in
3163 4542 3393 4599 campo,
3421 4526 3511 4583 vel

138 4620 284 4694 hujus
310 4625 482 4695 (Ibid.
512 4621 660 4694 24)?
689 4622 1016 4693 Tamquam
1038 4619 1121 4674 ab
1150 4621 1420 4673 extraneo
1462 4617 1648 4685 hoste,
1681 4617 1764 4672 ita
1792 4638 1838 4703 Π
1871 4618 2256 4681 abnlienabat,
2282 4617 2368 4672 vel
2401 4617 2489 4688 (ut
2515 4616 2611 4671 alii
2643 4616 2879 4687 habent)
2906 4614 3342 4672 deambulabat.
3367 4616 3512 4703 Nam

137 4725 190 4766 se
216 4710 501 4769 desiderat
528 4709 767 4767 liberari
799 4726 834 4764 a
861 4724 1049 4764 carne.

194 4801 244 4855 4.
300 4801 430 4857 Non
490 4815 631 4873 ergo
685 4797 929 4871 sanguis
986 4795 1206 4861 anima,
1258 4793 1400 4866 quia
1444 4793 1636 4849 carnis
1677 4798 1768 4850 est

198 4941 268 5013 (5)
296 4942 418 5021 .lta‘
456 4957 604 5021 mss.
651 4938 863 5021 plures
921 4936 1344 5021 potioresque,
1372 4934 1503 5021 Vat.
1530 4939 1763 5021 autem,

137 5005 337 5067 Tlieod.
370 5017 429 5068 et
452 5016 569 5067 vet.
601 5005 764 5078 edit,
790 5005 956 5065 sensu
992 5025 1051 5063 se
1099 5005 1403 5078 corporales
1456 5005 1766 5078 delectatio-

135 5097 217 5135 nes
241 5155 257 5157 ξ
281 5083 578 5157 emundant
606 5156 609 5157 ν
623 5076 1443 5157 perniciosis....._prorueutes
1461 5094 1475 5145 ;
1524 5076 1765 5157 Theod,

130 5148 473 5223 proﬂuentes.
510 5148 641 5209 Vat'.
675 5151 821 5208 alter
848 5149 1033 5214 Valc.,
1066 5148 1242 5223 Torn.
1291 5164 1357 5223 ac
1404 5148 1571 5203 Rom.
1604 5148 1765 5217 edit.,

136 5218 323 5283 imsim
346 5242 409 5282 se
438 5224 776 5291 corporales,
800 5226 935 5289 etc.,
963 5225 1030 5277 ut
1058 5220 1198 5276 edit.
1233 5218 1508 5291 antiquae.

216 5296 268 5363 6)
296 5295 438 5370 Mss.
497 5288 718 5368 aliquot
746 5288 925 5370 bome
965 5308 1203 5370 manus,
1237 5288 1403 5345 aliud
1457 5288 1766 5370 quodpdit.

220 5359 271 5434 7)
298 5367 399 5423 Sic
432 5359 621 5439 mss:
642 5366 741 5421 sex
769 5362 1213 5439 probatissimi,
1260 5376 1392 5419 cum
1427 5359 1565 5439 edit.
1602 5359 1768 5439 Rom.

136 5432 213 5489 At
241 5432 356 5492 vat.
417 5435 551 5493 cod.
590 5436 712 5492 Jov‘
752 5432 887 5491 dum
918 5437 1040 5490 ant.
1103 5433 1268 5490 edit..
1298 5432 1593 5486 secundum
1625 5433 1770 5486 irra-

135 5507 446 5584 tionabileen
502 5510 593 5584 sui
634 5510 910 5584 pm-tem;_
953 5506 1158 5584 Long,
1215 5501 1768 5584 Tbeod‘.._ct‘Valc.,

136 5580 216 5632 sui
265 5583 500 5635 motum.
533 5573 758 5634 Rursus
810 5573 1011 5634 eadem
1042 5573 1168 5631 loco
1225 5573 1324 5629 ubi
1356 5573 1493 5628 edit.
1553 5574 1682 5627 Am.
1716 5576 1774 5627 et

136 5649 280 5721 Era,
311 5649 384 5705 ad
413 5652 893 5721 impmnitentiam,
925 5651 983 5702 et
1011 5647 1179 5721 Rom.
1234 5661 1369 5721 cum
1438 5659 1583 5721 mss.
1615 5642 1770 5721 Vat.,

138 5714 303 5777 Torn.
336 5714 672 5789 mTﬁeod.,
698 5723 756 5781 id
778 5714 1211 5793 appontentiam,
1242 5715 1340 5783 alii
1362 5730 1508 5771 mss.
1532 5718 1588 5771 et
1628 5714 1770 5770 edit.

1871 4709 1980 4765 hoc
2035 4722 2268 4779 quoque
2322 4705 2578 4762 ostendit
2632 4721 2767 4760 cum
2847 4703 3163 4760 virtutibus
3231 4702 3515 4761 familiare

1873 4796 2085 4853 habere
2114 4794 2490 4862 consortium,
2523 4797 2590 4848 ut
2632 4792 2969 4848 deambulet
3016 4792 3421 4864 unusquisque
3454 4791 3513 4847 in

1875 4936 2113 5005 habent,
2146 4939 2205 4990 et
2252 4934 2321 4990 ad
2351 4934 2734 5005 petulantiam.
2786 4932 2993 5005 Tertio;
3024 4948 3162 5005 (pro_
3185 4930 3519 5005 rationabile

1875 5007 2009 5078 ejus,
2044 4999 2109 5061 ut
2138 5006 2311 5060 habet
2340 4999 2478 5060 edit.
2541 5004 2731 5071 Rom.,
2763 5009 2816 5058 et
2840 4999 3082 5078 _vis_ib_ile
3112 5001 3250 5078 ejus,
3289 5005 3354 5078 ut
3376 4999 3515 5078 alia;

1878 5070 2081 5133 omnes
2113 5079 2170 5129 et
2199 5091 2342 5130 mss.
2398 5070 2723 5140 nostrates,
2753 5073 2880 5127 cod.
2908 5071 3070 5142 Vat.“
3099 5070 3333 5142 praefert
3360 5072 3516 5142 invi-

1877 5148 2042 5204 sibile
2095 5148 2214 5217 ejus
2274 5161 2448 5216 quem
2508 5145 2645 5217 hoc
2674 5144 2797 5197 loco
2840 5142 3005 5217 sequi
3035 5140 3224 5217 libuit.
3258 5141 3519 5217 Denique

1879 5235 1995 5275 non
2027 5210 2221 5272 minor
2263 5210 2599 5285 ambigendi
2632 5213 2795 5269 locus
2851 5210 2940 5269 an'
2983 5210 3317 5285 legendum,
3375 5210 3519 5284 εἶβε

1880 5290 2110 5364 defectu:
2168 5290 2232 5364 ut
2287 5286 2344 5341 in
2404 5282 2709 5364 plerisque.
2755 5300 2922 5364 τρες.-
2967 5282 3229 5364 εήῖεᾶίι..
3271 5282 3518 5364 _Am:_-ac

1879 5351 2034 5425 Era.,
2070 5357 2263 5423 Frob.,
2323 5351 2423 5411 an'
2446 5351 2620 5420 vero;
2662 5358 2719 5409 et
2773 5356 2834 5424 ﬁt
2888 5355 3148 5425 defectus,
3173 5356 3239 5409 ut
3267 5353 3326 5425 in
3360 5351 3513 5408 aliis.

1880 5430 1988 5487 Sed
2022 5424 2095 5484 ad
2123 5444 2361 5484 sensum
2396 5441 2602 5500 parum
2636 5424 2957 5480 admodum
2986 5425 3198 5482 referre
3227 5424 3520 5481 existima-

1882 5518 2036 5558 ωυε.

1953 5574 2030 5643 (8)
2062 5569 2374 5626 Gratianus
2398 5567 2522 5643 loco
2554 5566 2652 5634 cit,
2712 5564 3006 5621 Ambrosii
3063 5581 3303 5643 sensum
3344 5566 3521 5643 refert

1882 5634 2079 5715 potius
2108 5658 2285 5713 quam
2315 5640 2522 5707 verba;
2557 5654 2683 5711 quas
2718 5644 2910 5703 tamen
2962 5653 2995 5692 a
3046 5652 3108 5693 se
3152 5635 3412 5693 exhiberi
3443 5634 3521 5692 si-

1888 5714 2142 5787 gniﬁcat.
