3850 6214
354 441 471 509 831

1815 438 1881 504 S.
1925 434 2298 503 AMBROSII

3639 437 3755 501 532

364 577 701 635 innocentia
745 579 937 635 cordis
994 577 1084 636 sui
1152 576 1313 635 nullo
1372 594 1483 634 usu
1542 575 1787 633 terrenis
1844 573 2000 629 vitiis
2030 571 2084 637 Α
2114 571 2381 629 osculum
2414 572 2671 630 adhaeret
2700 571 2899 631 anima
2930 572 3046 631 Deo
3068 568 3278 639 Verbo,
3311 586 3418 645 per
3446 570 3607 644 quod
3644 570 3751 628 sibi

362 667 696 733 misceatur,
767 673 940 737 atque
1007 666 1575 735 irreprehonsihilem
1633 666 1782 718 viam
1853 664 1998 719 inof-

364 756 530 810 fenso
562 758 773 812 mentis
803 761 997 827 carpat
1032 756 1271 825 vestigio
1319 772 1423 809 nec
1472 755 1656 810 ullum
1714 753 1907 808 locum
1942 753 1999 807 in

366 859 429 899 se
458 845 679 915 aperiat
708 862 872 899 corru
884 844 1086 914 ptioni.

431 934 486 986 7.
519 931 686 987 Malis
717 937 842 988 erat
870 934 1030 988 Isaac
1060 950 1195 987 cum
1228 933 1542 987 Robeccam
1598 931 2001 985 advenientem

361 1024 737 1091 exspectaret,
771 1038 1107 1092 praeparans
1139 1037 1200 1075 se
1230 1020 1450 1091 cOpulze
1494 1018 1762 1091 spiritali.
1797 1018 2000 1073 Venie-

362 1107 464 1163 bat
492 1109 646 1163 enim
680 1110 799 1179 iam
832 1108 1164 1164 ccelestibus
1194 1110 1393 1163 dotata
1426 1108 1755 1177 mysteriis:
1809 1107 2001 1161 venie-

361 1195 464 1251 bat
483 1212 695 1267 magna
723 1212 921 1251 secum
952 1200 1295 1252 ornamenta
1348 1196 1580 1251 aurium
1633 1201 1689 1250 et
1718 1211 2001 1250 manuum

363 1282 594 1345 ferens;
629 1300 695 1338 eo
725 1285 875 1354 quod
913 1285 1115 1338 auditu
1148 1290 1205 1339 et
1260 1284 1533 1355 cperibus
1581 1284 1852 1339 emineat.
1900 1285 2001 1338 Ec-

364 1370 553 1426 clesia:
585 1371 977 1442 pulchritudo,
1010 1372 1101 1426 cui
1136 1376 1285 1427 recte
1315 1373 1534 1427 dictum
1595 1372 1952 1426 advertimus
1986 1388 1998 1426 :

363 1461 485 1514 Esto
512 1461 570 1513 in
624 1461 805 1514 millia
862 1460 1123 1524 millium,
1187 1469 1240 1515 et
1310 1476 1489 1515 semen
1530 1465 1686 1515 tuum
1733 1460 2004 1531 possideat

364 1547 803 1603 adversariorum
855 1551 1101 1604 civitates
1160 1548 1312 1619 (Gen.
1369 1566 1516 1613 xxiv,
1590 1550 1704 1615 60).
1787 1549 2005 1603 Decora

361 1634 544 1706 igitur
579 1636 839 1699 ecclesia,
895 1654 1021 1708 quas
1079 1654 1147 1691 ex
1203 1637 1457 1692 inimicis
1512 1638 1785 1708 gentibus
1851 1635 2003 1690 ﬁlios

366 1724 694 1795 acquisivit.
761 1724 870 1778 Sed
939 1729 1131 1795 potest
1198 1724 1306 1779 hoc
1370 1726 1543 1779 etiam
1610 1726 1681 1779 ad
1742 1724 2002 1779 animam

364 1811 629 1883 deputari
679 1829 804 1884 quas
870 1812 1171 1881 passiones
1237 1815 1495 1885 corporis
1560 1814 1800 1884 subigit,
1846 1818 1902 1867 et
1930 1812 2001 1866 ad

364 1900 647 1955 virtutum
681 1900 871 1955 officia
902 1902 1205 1965 convertit,
1239 1907 1748 1973 repugnantesque
1807 1905 2003 1955 motus

366 1988 479 2044 sibi
510 1988 844 2044 obedientes
875 1990 1027 2045 359
1076 1990 1272 2044 efﬁcit.
1330 1992 1475 2055 Ergo
1533 1990 1619 2045 vel
1669 1990 1869 2046 anima
1899 1993 2004 2043 Pa-

366 2076 630 2131 triarchae
658 2078 863 2133 videns
893 2078 1239 2150 mysterium
1267 2079 1503 2143 Christi,
1533 2079 1739 2133 videns
1786 2078 2005 2132 Rebec-

366 2180 494 2219 cam
560 2165 885 2220 venientem
927 2182 1059 2221 cum
1126 2166 1282 2221 vasis
1349 2167 1543 2221 aureis
1597 2171 1654 2220 et
1694 2165 2003 2235 argenteis,

365 2256 645 2323 tanquam
679 2253 996 2308 Ecclesiam
1019 2271 1151 2309 cum
1185 2254 1399 2325 populo
1430 2256 1756 2318 nationum,
1801 2253 2007 2308 mirata

368 2339 867 2412 pulchritudinem
924 2342 1118 2407 Verbi,
1152 2346 1209 2397 et
1282 2347 1782 2398 sacramentorum
1878 2343 2007 2412 eius

369 2427 546 2483 dicit:
626 2428 910 2483 Osculetur
967 2445 1054 2484 me
1119 2432 1186 2485 ab
1214 2432 1412 2486 osculis
1449 2447 1499 2486 or
1516 2433 1561 2486 is
1598 2431 1894 2499 suis(Cant,
1964 2447 2004 2497 ι,

369 2516 444 2586 1).
478 2516 579 2571 Vel
614 2517 871 2573 Rebecca
918 2518 1123 2574 videns
1152 2536 1350 2574 verum
1386 2520 1566 2583 Isaac,
1626 2535 1828 2576 verum
1861 2518 2005 2574 illud

368 2604 671 2676 gaudium,
703 2622 896 2661 veram
931 2605 1211 2675 laetitiam,
1245 2608 1540 2663 desiderat
1571 2608 1839 2663 osculari.

438 2693 491 2746 8.
546 2695 767 2749 Primus
819 2697 1028 2752 animae
1080 2712 1374 2765 processus.
1434 2696 1583 2761 Quid
1641 2702 1729 2751 est
1788 2696 2002 2764 igitur:

372 2781 655 2837 Osculetur
682 2799 768 2836 me
796 2784 863 2837 ab
929 2785 1126 2837 osculis
1181 2786 1293 2838 oris
1350 2784 1488 2838 sui?
1547 2784 1890 2839 Considerat
1918 2784 2005 2838 vel

367 2867 686 2923 Ecclesiam
736 2870 969 2937 jamdiu
1028 2871 1317 2939 promisso
1370 2871 1480 2925 sibi
1542 2888 1643 2941 per
1692 2871 2008 2943 Prophetas

370 2955 673 3010 Dominico
703 2956 973 3022 adventu,
1008 2974 1110 3028 per
1139 2962 1403 3029 tempora
1433 2959 1619 3014 multa
1636 2976 2004 3031 suspensam,

368 3042 458 3098 vel
491 3042 767 3107 animam,
799 3060 925 3114 qua:
956 3043 1188 3101 elevans
1219 3063 1280 3101 se
1336 3064 1370 3102 a
1428 3063 1686 3119 corpore,
1721 3048 2008 3103 abdicatis

373 3130 631 3198 luxuria,
660 3135 836 3203 atque
892 3132 1137 3195 deliciis,
1194 3132 1709 3206 voluptatibusque
1757 3135 2005 3190 carnali-

371 3218 503 3285 bus,
535 3223 707 3275 exuta
743 3237 977 3293 quoque
1007 3220 1401 3278 sollicitudine
1448 3223 1815 3279 saecularium
1848 3222 2007 3277 vani-

2110 662 2547 718 transfunditur
2613 663 2859 733 spiritus
2888 661 3243 718 osculantis:
3304 662 3461 716 sicut
3520 659 3690 715 etiam
3716 660 3753 714 ii

2110 749 2209 819 qui
2240 766 2302 805 se
2331 750 2698 814 osculantur,
2734 768 2849 805 non
2876 754 3016 805 sunt
3044 747 3329 806 labiorum
3355 746 3752 819 praelibatione

2110 838 2386 904 contenti,
2421 840 2520 894 sed
2556 840 2833 909 spiritum
2871 856 3044 894 suum
3067 838 3178 893 sibi
3205 838 3454 892 invicem
3488 836 3755 892 videntur

2110 926 2435 983 infundere.
3643 920 3650 929 ’

2179 1017 2234 1069 9.
2268 1016 2595 1072 Ostendens
2648 1016 2849 1088 itaque
2896 1033 3013 1072 non
3070 1015 3196 1072 sola
3246 1014 3503 1088 speciem
3563 1013 3750 1077 Verbi,

2111 1108 2168 1158 et
2222 1102 2453 1159 vultum
2512 1106 2848 1175 quemdam,
2909 1105 3009 1160 sed
3067 1103 3268 1159 omnia
3322 1106 3451 1171 ejus
3482 1102 3754 1157 interiora

2112 1190 2351 1261 diligere
2410 1193 2699 1264 adjungit,
2764 1194 2836 1249 ad
2900 1192 3234 1249 osculorum
3300 1192 3588 1263 gratiam:
3623 1191 3753 1258 Quia

2112 1281 2271 1339 bona.
2300 1281 2510 1352 inquit,
2544 1283 2713 1337 ubera
2741 1286 2839 1337 tua
2869 1298 3034 1353 super
3101 1285 3295 1338 vinum
3344 1289 3397 1337 et
3459 1280 3595 1335 odor
3658 1296 3753 1334 un-

2109 1377 2433 1437 guentorum
2460 1375 2682 1426 tuorum
2711 1388 2874 1442 super
2917 1372 3105 1426 omnia
3167 1378 3422 1425 aromata
3491 1370 3679 1433 (Cant.
3711 1384 3747 1433 1,

2113 1458 2164 1521 1,
2194 1460 2269 1521 2).
2305 1457 2408 1513 Illa
2437 1458 2705 1514 osculum
2762 1458 3045 1530 poposcit,
3096 1458 3249 1514 Deus
3292 1458 3555 1513 Verbum
3609 1472 3671 1510 se
3707 1454 3751 1510 ei

2110 1550 2267 1600 totus
2299 1546 2576 1608 infundit,
2610 1554 2667 1603 et
2697 1548 2938 1603 nudavit
2987 1547 3035 1603 ei
3097 1547 3279 1603 ubera
3326 1562 3456 1612 sua,
3510 1544 3625 1599 hoc
3653 1549 3753 1607 est,

2110 1633 2386 1698 dogmata
2418 1651 2545 1703 sua,
2579 1641 2635 1691 et
2664 1635 2957 1691 interioris
2978 1636 3278 1707 sapientiae
3303 1632 3675 1704 disciplinas,
3703 1636 3748 1686 et

2111 1728 2547 1789 unguentorum
2619 1741 2861 1779 suorum
2928 1722 3083 1778 dulci
3178 1724 3355 1779 odore
3456 1721 3749 1792 fragravit.

2111 1809 2335 1873 Quibus
2413 1817 2601 1883 capta,
2681 1811 2822 1867 dicit
2882 1811 3212 1867 uberiorem
3278 1826 3409 1866 esse
3469 1808 3749 1880 jucundi-

2111 1902 2289 1953 tatem
2336 1899 2543 1953 divina;
2592 1899 2965 1970 cognitionis,
3019 1916 3195 1971 quam
3248 1898 3515 1954 laetitiam
3565 1897 3750 1952 omnis

2115 2000 2401 2055 corporea:
2432 1987 2768 2060 voluptatis.
2827 1989 3063 2060 Aspirat
3110 1987 3265 2042 enim
3298 1988 3356 2042 in
3386 1986 3581 2041 Verbo
3627 1985 3755 2040 odor

2114 2073 2336 2145 gratias,
2366 2080 2423 2130 et
2450 2076 2719 2132 remissio
2750 2082 3145 2147 peccatorum,
3179 2092 3305 2147 qua
3337 2075 3395 2130 in
3428 2080 3627 2130 totum
3656 2073 3753 2127 dif-

2115 2162 2246 2217 fusa
2267 2164 2577 2226 mundum,
2622 2165 2821 2221 omnia
2858 2169 3139 2235 tanquam
3187 2164 3486 2219 exinanito
3520 2160 3751 2234 replevit

2115 2256 2453 2317 unguento;
2486 2253 2626 2324 quia
2688 2270 2791 2324 per
2854 2254 3157 2309 universos
3222 2253 3418 2324 gravis
3483 2252 3752 2307 vitiorum

2113 2338 2390 2394 colluvies
2421 2340 2649 2396 detersa
2668 2346 2777 2396 est.

2187 2428 2273 2482 10.
2320 2428 2641 2497 Propterea,
2700 2430 2911 2501 inquit,
2972 2429 3383 2485 adolescentiae:
3447 2429 3758 2484 dilexerunt

2114 2520 2184 2570 te.
2220 2517 2442 2571 Attrahe
2501 2533 2619 2585 nos,
2688 2522 2747 2573 ut
2772 2526 2892 2590 post
2919 2518 3136 2574 odorem
3181 2522 3598 2589 unguentorum
3645 2525 3755 2571 tuo-

2112 2620 2240 2658 rum
2285 2620 2571 2659 curramus
2613 2606 2770 2673 (Ibid.
2825 2609 2860 2660 2
2907 2616 2958 2662 et
3005 2607 3083 2677 3).
3135 2607 3294 2661 Bona
3342 2605 3590 2676 quidem
3633 2619 3755 2676 pru-

2114 2692 2335 2757 dentia,
2362 2694 2461 2748 sed
2493 2693 2683 2749 dulcis
2709 2695 3124 2751 misericordia.
3176 2694 3339 2750 Illam
3398 2695 3557 2750 enim
3596 2691 3753 2765 pauci

2115 2786 2532 2851 assequuntur,
2592 2782 2710 2837 haec
2768 2783 2838 2837 ad
2899 2799 3103 2839 omnes
3161 2784 3444 2853 pervenit.
3523 2782 3753 2851 Propter

2116 2867 2288 2931 hanc,
2320 2868 2533 2941 inquit.
2564 2870 2990 2937 indulgentiam
3015 2872 3168 2927 860
3197 2876 3359 2926 tuam
3419 2870 3679 2941 diligunt
3703 2872 3751 2920 te

2116 2955 2321 3011 animae
2354 2962 2640 3014 renovata
2668 2960 2901 3029 spiritu.
2938 2959 3099 3015 Unde
3129 2964 3188 3014 at
3217 2960 3287 3015 ad
3320 2959 3589 3014 animum
3620 2954 3753 3013 dici-

2114 3049 2252 3100 tur:
2288 3046 2651 3102 chovabitur
2674 3048 2811 3103 sicut
2839 3048 3045 3118 aliquae
3092 3048 3350 3117 juventus
3409 3052 3511 3102 tua
3584 3046 3750 3118 (Psul.

2115 3148 2210 3197 cu,
2263 3134 2339 3202 5).
2401 3134 2487 3188 Ad
2542 3135 2799 3190 animam
2857 3135 3014 3190 enim
3069 3135 3440 3206 loquebatur,
3503 3137 3748 3194 dicens:

2117 3220 2367 3285 Benedic,
2400 3224 2591 3276 anima
2617 3239 2767 3287 mea,
2829 3225 3122 3279 Dominum
3182 3223 3339 3293 (Ibid.
3402 3223 3455 3279 4.
3519 3225 3592 3280 Et
3633 3226 3747 3281 ideo

370 3311 581 3370 tatum,
603 3309 728 3379 jam
762 3309 985 3364 dudum
1018 3310 1372 3366 infusionem
1404 3310 1738 3367 sibidivinae
1762 3327 2007 3383 praesen-
2038 3293 2080 3359 C
2120 3307 2355 3363 festinat
2383 3310 2454 3363 ad
2486 3309 2763 3371 Verbum.
2822 3315 2880 3366 et
2930 3316 3096 3381 rogat
3145 3317 3209 3366 ut
3261 3312 3624 3379 attrahatur,
3690 3330 3753 3370 ne

372 3394 487 3459 tiae,
519 3400 577 3451 et
605 3397 853 3469 gratiam
908 3398 1082 3453 Verbi
1130 3399 1408 3455 salutaris
1460 3405 1710 3472 exoptet,
1752 3416 2011 3455 comma-

374 3485 557 3538 cerari
624 3485 777 3553 quod
845 3502 972 3541 sero
1046 3487 1260 3551 veniat,
1334 3493 1392 3543 et
1467 3489 1685 3558 afﬂigi:
1763 3489 2009 3557 ideoque

2121 3396 2266 3451 forte
2294 3398 2777 3470 derelinquatur;
2828 3400 2967 3470 quia
3023 3399 3208 3455 currit
3236 3399 3337 3455 Dei
3396 3400 3678 3468 Verbum,
3703 3409 3751 3457 et

2122 3500 2236 3539 non
2267 3492 2354 3540 est
2381 3486 2709 3557 alligatum.
2743 3486 3004 3559 Denique
3033 3486 3288 3543 exsultat
3347 3494 3636 3561 tanquam
3674 3492 3747 3564 gi-

378 3571 545 3653 quasi
579 3570 936 3627 vulneratam
965 3574 1262 3636 charitate,
1296 3592 1429 3630 cum
1462 3593 1656 3631 moras
1702 3578 1829 3646 ejus
1862 3576 2011 3662 ferre
2119 3588 2223 3644 gas
2251 3589 2318 3627 ac
2343 3576 2690 3631 currendam
2721 3575 2893 3631 viam.
2928 3578 2996 3631 Et
3042 3577 3183 3648 quia
3236 3593 3519 3648 egressus
3566 3583 3690 3649 ejus
3718 3600 3746 3636 ει

376 3673 493 3711 non
526 3658 733 3728 possit,
760 3676 1095 3716 conversam
1128 3663 1197 3718 ad
1231 3663 1459 3719 Patrem
1494 3679 1714 3733 rogare,
1764 3668 1827 3717 ut
1874 3658 2007 3718 mit-

371 3748 456 3800 tat
485 3744 597 3800 sibi
630 3745 814 3801 Deum
872 3748 1158 3814 Verbum;
1228 3756 1285 3805 et
1349 3768 1587 3805 causam
1642 3767 1757 3822 qua
1814 3752 1892 3806 sit
1922 3751 2004 3807 ita

366 3830 682 3904 impatiens
734 3833 1047 3903 declarare,
1094 3837 1423 3893 dicentem:
1484 3840 1767 3893 Osculetur
1820 3840 2003 3894 meab

362 3921 563 3976 osculis
592 3924 702 3977 oris
728 3924 837 3978 sui.
897 3924 1021 3979 Non
1067 3941 1250 3979 unum
1310 3926 1576 3981 osculum
1627 3928 1851 3997 quierit,
1895 3929 1997 3983 sed

359 4006 529 4078 plura
558 4009 760 4065 oscula
789 4015 854 4064 ut
883 4011 1238 4067 desiderium
1291 4029 1465 4069 suum
1523 4014 1707 4085 possit
1744 4016 1993 4087 explere.

356 4097 490 4160 Quae
521 4096 675 4151 enim
707 4098 920 4171 diligit,
956 4116 1070 4155 non
1096 4106 1185 4155 est
1236 4100 1413 4156 unius
1467 4102 1651 4157 osculi
1713 4104 1994 4173 parcitate

351 4187 622 4241 contenta
644 4204 664 4241 .·
695 4187 796 4241 sed
829 4187 996 4256 plura
1027 4188 1224 4260 exigit,
1261 4189 1430 4260 plura
1480 4191 1738 4246 vindicat
1764 4210 1777 4259 ;
1827 4198 1884 4246 et
1914 4193 1994 4249 ita

353 4287 415 4326 se
445 4272 698 4343 amplius
728 4274 938 4330 dilecto
978 4277 1386 4331 commendare
1439 4279 1758 4334 consuevit.
1811 4279 1989 4335 Deni-

352 4374 467 4429 que
494 4358 598 4415 illa
626 4361 686 4415 in
744 4362 1047 4435 Evangelia
1104 4365 1189 4419 sic
1248 4366 1491 4435 probata
1548 4373 1655 4431 est,
1710 4366 1842 4437 qaia
1872 4385 1985 4423 non

351 4449 580 4501 cessavit
634 4448 843 4519 inquit,
895 4453 1135 4506 osculari
1206 4454 1366 4522 pedes
1438 4470 1671 4509 meos....
1749 4464 1799 4509 et
1866 4457 1984 4511 ideo

350 4534 577 4588 remissa
604 4543 735 4588 sunt
757 4538 811 4589 ei
837 4546 1050 4603 peccata
1076 4540 1273 4605 multa,
1306 4542 1437 4610 quia
1490 4541 1694 4596 dilexit
1752 4545 1985 4598 multum

2119 3676 2352 3717 summo
2382 3662 2546 3729 ctelo,
2578 3668 2635 3718 et
2663 3680 2944 3720 occursus
2973 3665 3101 3736 ejus
3135 3680 3319 3737 usque
3347 3667 3420 3721 ad
3455 3684 3748 3725 summum

2116 3750 2267 3818 ejus,
2299 3750 2499 3807 videns
2526 3768 2588 3805 se
2644 3751 2928 3823 imparem
2973 3757 3145 3808 tanta;
3205 3753 3497 3810 velocitati
3563 3759 3745 3813 dicit:

2114 3838 2341 3895 Altrahe
2366 3855 2482 3895 nos.
2515 3839 2674 3895 Bona
2702 3841 2901 3896 anima
2929 3857 3056 3912 quea
3079 3857 3194 3897 non
3228 3859 3331 3913 pro
3362 3860 3427 3898 se
3475 3845 3627 3911 sola,
3658 3846 3745 3901 sed

2112 3944 2214 3998 pro
2272 3927 2548 3983 omnibus
2605 3932 2791 3999 rogat,
2850 3929 3094 3991 Attrahe,
3151 3929 3364 4001 inquit,
3425 3948 3552 3988 nos.
3584 3933 3749 3989 Habe-

2110 4033 2244 4072 mus
2274 4016 2430 4071 enim
2463 4015 2843 4087 cupiditatem
2902 4016 3205 4087 sequendi,
3265 4034 3443 4089 quam
3481 4037 3742 4094 unguen-

2107 4109 2301 4159 torum
2330 4109 2562 4159 tuorum
2597 4104 2847 4175 inspirat
2901 4106 3124 4175 gratia:
3185 4106 3286 4161 sed
3350 4108 3496 4178 quia
3543 4125 3743 4165 cursus

2104 4197 2234 4247 tuos
2265 4207 2492 4260 aequare
2523 4208 2640 4247 non
2666 4208 3003 4264 possumus,
3035 4195 3261 4248 attrahe
3294 4211 3421 4259 nos,
3486 4203 3556 4253 ut
3587 4200 3739 4253 auxi-

2103 4278 2179 4334 lio
2209 4286 2308 4334 tuo
2343 4279 2494 4334 fultae
2526 4280 2787 4351 vestigiis
2814 4281 2933 4336 tuis
2992 4283 3289 4352 possimus
3339 4283 3641 4342 insistere.
3689 4284 3740 4341 Si

2099 4367 2254 4421 enim
2287 4374 2348 4421 tu
2379 4368 2703 4433 attraxeris,
2736 4385 3041 4425 curremus
3069 4376 3128 4426 et
3157 4387 3285 4437 nos,
3339 4378 3398 4426 et
3454 4374 3739 4444 spiritalia

2097 4454 2417 4510 velocitatis
2447 4455 2628 4510 ﬂabra
2658 4458 2978 4528 capiemus.
3010 4457 3331 4529 Deponitur
3359 4464 3523 4516 enim
3556 4464 3734 4518 sarci-

2097 4559 2170 4596 na
2201 4543 2414 4614 quibus
2445 4559 2656 4599 manus
2684 4550 2787 4599 tua
2817 4543 3001 4600 fulcro
3061 4550 3167 4612 est,
3228 4551 3287 4601 et
3317 4545 3515 4603 oleum
3575 4554 3732 4605 tuum

561 4636 659 4685 vn,
682 4622 808 4715 L45,
852 4628 917 4715 et
947 4625 1081 4715 b7).
1140 4625 1283 4696 Ergo
1314 4627 1520 4715 ethice
1551 4628 1749 4684 anima
1778 4631 1983 4687 oscula
2018 4650 2065 4715 Β
2096 4630 2442 4694 infunditur,
2473 4647 2587 4702 quo
2618 4638 2855 4687 curatus
2883 4638 2973 4687 est
3029 4632 3127 4688 ille
3183 4634 3284 4705 qui
3343 4652 3376 4689 a
3407 4634 3731 4693 latronibus

348 4704 519 4761 Verbi
576 4705 761 4762 multo
836 4710 1146 4776 desiderat,
1228 4719 1290 4766 ut
1353 4713 1720 4771 illuminetur
1769 4718 1979 4774 divinas
2018 4704 2061 4715 ”
2094 4718 2432 4774 vulneratus
2512 4725 2618 4774 est.
2678 4722 2757 4774 Ac
2815 4736 2887 4775 ne
2943 4704 3257 4793 impudens
3307 4723 3413 4777 tibi
3468 4726 3730 4781 videatur

344 4793 707 4864 cognotionis
738 4794 979 4851 lumine.
1012 4798 1130 4854 Hoc
1160 4806 1248 4855 est
1273 4802 1427 4857 enim
1461 4803 1728 4859 osculum
1782 4805 1974 4873 Verbi,
2088 4807 2242 4875 quod
2274 4806 2389 4861 ait:
2420 4808 2643 4861 Attrahi-
2674 4808 2934 4873 nos,audi
2958 4809 3257 4865 dicentem
3284 4827 3297 4866 :
3325 4812 3512 4868 Venite
3533 4814 3605 4869 ad
3631 4829 3725 4877 me,

340 4880 541 4937 lumen
572 4881 793 4938 scilicet
822 4885 1166 4955 cognitionis
1223 4905 1419 4945 sacraa.
1481 4891 1791 4948 Usculatur
1818 4896 1975 4949 enim
2084 4910 2268 4949 omnes
2297 4896 2393 4966 qui
2423 4895 2704 4959 laboratis,
2763 4904 2815 4951 et
2872 4900 3093 4952 onerati
3147 4901 3297 4966 estis,
3356 4909 3411 4955 et
3466 4918 3566 4973 ego
3641 4918 3724 4956 vos

338 4985 444 5059 nos
476 4969 630 5059 Deus
660 4971 936 5040 Verbum,
967 4976 1201 5045 quando
1233 4993 1331 5032 cor
1360 4984 1648 5044 nostrum,
1680 4985 1738 5035 et
1774 4980 1971 5052 ipsum
2082 4983 2326 5050 reﬁciam
2356 4984 2580 5053 (Matth.
2614 5002 2690 5051 XI,
2724 4986 2835 5053 28).
2897 4983 3073 5041 Vides
3130 4989 3284 5059 quod
3348 4969 3602 5046 libenter
3628 5006 3722 5045 nos

331 5057 652 5150 principale
717 5059 972 5117 hominis
1038 5064 1249 5134 spiritu
1339 5066 1543 5120 divina:
1623 5069 1973 5139 cognitionis
2079 5071 2352 5134 attrahat,
2380 5088 2451 5125 ne
2482 5089 2894 5128 remaneamus
2918 5057 3249 5145 sequentes.
3302 5076 3415 5133 Sed
3467 5076 3716 5150 quivult

329 5143 644 5211 illuminat,
699 5164 814 5218 quo
862 5150 1059 5204 anima
1116 5152 1329 5207 donata
1384 5153 1683 5210 charitatis
1726 5157 1967 5228 pignore
2078 5159 2311 5224 attrahi,
2374 5166 2570 5213 currat
2630 5165 2691 5214 ut
2746 5143 3239 5231 comprehendat:
3286 5170 3342 5220 et
3401 5143 3599 5222 currat
3627 5182 3715 5221 su-

327 5232 598 5327 nuptiali,
632 5232 759 5327 laeta
789 5241 965 5327 atque
995 5254 1173 5327 ovans
1205 5239 1379 5295 dicit:
1415 5249 1478 5295 Os
1533 5259 1713 5298 meum
1750 5249 1965 5315 aperui,
2078 5247 2268 5317 perior
2299 5245 2667 5315 obliv1scens,
2700 5253 2758 5303 et
2778 5265 2846 5304 ea
2870 5265 2998 5321 qua
3027 5255 3166 5306 sunt
3187 5253 3381 5321 priora
3405 5259 3712 5327 appetens:

326 5321 379 5372 et
403 5319 547 5411 auxi
574 5323 831 5411 spiritum
869 5324 1043 5395 (Psal,
1098 5342 1292 5393 cxvm,
1353 5327 1497 5398 l3l).
1557 5330 1836 5387 Osculum
1878 5338 1968 5389 est
2074 5333 2157 5389 sic
2187 5334 2343 5390 enim
2400 5335 2611 5406 poterit
2656 5319 2929 5394 Christus
2976 5319 3501 5411 comprehendere:
3562 5342 3713 5399 Unde

327 5404 480 5503 enim
514 5422 628 5503 quo
655 5407 904 5503 invicem
932 5418 1195 5503 amantes
1228 5415 1344 5470 sibi
1378 5416 1696 5484 adhaerent,
1721 5423 1777 5474 et
1808 5420 1965 5476 velut
2071 5426 2127 5477 et
2154 5404 2466 5494 Apostolus
2497 5422 2614 5479 ait:
2649 5424 2739 5481 Sic
2767 5428 3002 5494 currite,
3059 5404 3128 5482 ut
3148 5443 3333 5485 omnes
3362 5430 3443 5501 (9)
3474 5446 3708 5503 comm-c-

327 5492 528 5559 gratiaa
585 5492 876 5551 interioris
932 5500 1216 5555 suavitate
1274 5502 1596 5573 potiuntur.
1668 5506 1775 5561 Per
1851 5507 1958 5564 hoc
2070 5492 2391 5581 hendatisU
2445 5511 2570 5575 Cor,
2626 5529 2701 5579 IX,
2757 5514 2873 5581 24).
2935 5492 3071 5569 vult
3127 5519 3185 5570 et
3238 5492 3377 5572 ista‘
3422 5492 3505 5575 ad
3585 5492 3706 5574 bra-

397 5697 475 5767 (9)
542 5697 688 5753 Edit.
756 5719 821 5757 ac
886 5707 1053 5775 pauci
1123 5726 1289 5779 mss.,
1333 5716 1391 5767 ut
1455 5718 1957 5787 comprehendam;
1999 5722 2096 5780 alii
2128 5721 2324 5795 plures
2354 5723 2809 5797 potioresque,ut
2836 5743 3020 5784 omnes
3050 5729 3532 5801 comprehendatis.
