3850 6214
118 403 224 469 833

1236 397 1472 471 LIBER
1514 405 1615 470 DE
1659 402 1889 469 ISAAC
1930 403 2032 469 ET
2074 398 2350 471 ANIMA.

3366 397 3487 464 534

118 539 262 595 vium
314 530 627 610 pervenire,
685 550 813 611 qum
874 534 1169 598 desiderat
1221 539 1730 615 comprehendere.
1763 540 1819 609 Α
1846 537 1979 597 illas
2009 536 2270 597 caelestes
2301 538 2358 597 et
2394 530 2690 614 appositas
2736 551 2898 599 sacro
2952 532 3273 597 ministerio
3324 545 3486 612 pote-

117 626 419 685 Prudenter
471 642 609 700 ergo
665 632 831 701 rogat
885 634 952 686 ut
1007 631 1370 687 attrahatur:
1428 632 1564 703 quia
1619 648 1735 686 non

119 732 302 773 omnes
331 715 494 787 sequi
526 720 793 787 possunt.
829 718 1090 792 Denique
1122 720 1288 775 Petro
1319 721 1531 776 dicenti
1557 738 1569 775 :
1624 722 1737 789 Quo

116 805 254 860 vadis
301 804 476 874 (Joan.
536 821 661 871 xm,
715 806 851 877 36)?
913 808 1213 880 respondit
1271 808 1525 864 Verbum
1594 808 1733 864 Dei:

116 896 225 949 Non
249 896 392 963 potes
444 910 535 948 me
585 896 741 966 sequi
789 895 963 964 modo,
1021 900 1261 968 sequeris
1320 906 1504 953 autem
1554 906 1737 969 postea

116 982 301 1053 (Ibid).
354 981 552 1038 Claves
600 983 651 1038 ei
702 984 1077 1041 commiserat
1125 985 1286 1059 regni
1334 986 1632 1054 caelorum,
1681 990 1738 1041 et

118 1070 393 1143 sequendo
424 1086 486 1126 se
515 1070 801 1143 imparem
827 1072 1133 1144 judicavit.
1167 1075 1326 1129 Hanc
1364 1080 1561 1130 tamen
1611 1074 1735 1129 ani-

119 1174 257 1214 mam
310 1175 423 1214 non
483 1158 732 1225 distulit,
790 1161 930 1233 quia
985 1179 1101 1217 non
1161 1163 1569 1235 praeumebat,
1633 1163 1734 1218 sed

115 1248 353 1319 rogabat.

737 1338 970 1396 CAPUT
1001 1339 1095 1396 IV.

114 1425 470 1499 Introducitur
494 1426 555 1480 in
582 1427 895 1482 cubiculum
924 1430 1069 1497 regis
1099 1431 1338 1499 perfecta
1374 1432 1582 1484 anima.
1634 1429 1738 1484 Cui

175 1498 404 1568 corporis
430 1513 487 1553 se
539 1500 858 1569 contagione
910 1498 1185 1569 fuscalam
1232 1503 1496 1570 querenti,
1558 1508 1619 1555 ut
1678 1517 1737 1554 se

175 1571 470 1643 cegnosgal,
509 1573 686 1643 exeat,
737 1574 845 1626 etc.
908 1570 1152 1627 Christus
1189 1574 1475 1643 praecipit.
1534 1570 1737 1625 Eadem

175 1588 470 1639 cognoscat,
509 1588 686 1636 exeat,
737 1588 845 1626 etc.
908 1588 1152 1627 caristus
1234 1588 1475 1643 rseczpn.
1534 1588 1737 1625 suum

174 1654 314 1714 equae
340 1637 667 1714 5olomom's
702 1649 1072 1714 comparatur.
1123 1588 1231 1697 Af
1247 1643 1367 1699 haec
1408 1643 1565 1714 pulei
1607 1658 1737 1713 quos

170 1709 302 1785 fodit
330 1712 499 1785 Isaac,
532 1711 667 1785 quid
696 1709 1005 1785 signiﬁcent
1024 1717 1050 1765 γ
1077 1714 1139 1767 Et
1169 1728 1272 1783 quo
1317 1709 1471 1785 pacto
1517 1709 1735 1768 demum

172 1780 409 1836 Christus
437 1780 713 1837 revocatus
741 1784 807 1838 ab
849 1785 1063 1850 anima,
1121 1780 1327 1840 saliens
1380 1785 1579 1851 redeat,
1635 1800 1737 1839 nec

170 1868 279 1906 non
311 1854 419 1923 ipsi
448 1853 879 1910 adblandiatur?

173 1959 251 2013 11.
285 1958 572 2015 Secundus
600 1962 808 2018 enim
840 1976 1139 2032 processus.
1190 1993 1258 2003 -
1306 1962 1565 2035 Denique
1613 1962 1731 2018 ait:

108 2048 405 2104 Introduxit
438 2065 523 2104 me
549 2065 656 2104 rex
677 2051 734 2104 in
763 2051 1077 2105 cubiculum
1120 2068 1284 2106 suum
1332 2052 1514 2123 (Cant.
1564 2070 1607 2118 1,
1653 2052 1729 2122 3).

108 2136 267 2192 Beata
295 2136 517 2203 anima,
552 2154 680 2209 quae
711 2138 883 2194 Verbi
910 2139 1238 2211 ingreditur
1266 2139 1604 2210 penetralia.
1638 2145 1731 2195 In-

108 2238 336 2295 surgens
366 2240 628 2297 namque
658 2225 728 2281 de
758 2241 997 2298 corpore
1027 2227 1098 2282 ab
1129 2226 1403 2283 omnibus
1434 2229 1498 2283 ﬁt
1546 2245 1731 2284 remo-

106 2310 205 2367 tior
229 2329 352 2384 quas
382 2312 545 2368 intra
568 2317 754 2368 semet
783 2313 969 2385 ipsam
1000 2315 1263 2371 divinum
1296 2315 1462 2382 illud,
1515 2317 1564 2371 si
1617 2333 1733 2388 quo

106 2400 260 2456 modo
299 2401 540 2472 assequi
592 2403 794 2473 possit,
853 2408 1149 2459 scrutatur
1188 2411 1248 2461 et
1293 2405 1518 2477 quaerit.
1569 2405 1731 2469 Quod

106 2503 224 2544 cum
254 2490 511 2562 potuerit
540 2491 1049 2562 comprehendere.
1078 2508 1147 2548 ea
1175 2509 1302 2563 quae
1333 2498 1474 2549 sunt
1520 2493 1734 2549 intelli-

107 2576 290 2647 gibilia
317 2594 723 2651 supergressa,
756 2579 813 2634 in
844 2579 946 2636 illo
994 2582 1393 2649 confirmatur,
1443 2588 1618 2654 atque
1667 2599 1734 2638 eo

109 2665 365 2734 pascitur.
396 2666 558 2722 Talis
585 2671 708 2722 erat
739 2667 955 2723 Paulus
975 2669 1074 2740 qui
1095 2669 1315 2726 sciebat
1334 2687 1396 2726 se
1417 2674 1649 2743 raptum
1674 2671 1731 2725 in

108 2754 448 2824 paradisum,
484 2755 589 2811 sed
622 2756 744 2811 sive
774 2760 937 2812 extra
964 2774 1175 2830 corpus
1201 2764 1455 2831 raptum,
1507 2759 1626 2814 sive
1674 2760 1732 2814 in

107 2855 346 2914 corpore,
380 2842 702 2900 nesciebat.
733 2846 1141 2902 Assurrexerat
1170 2847 1324 2901 enim
1366 2848 1564 2904 anima
1604 2849 1733 2919 ejus

105 2929 168 2984 de
194 2946 446 3003 corpore,
488 2937 548 2988 et
593 2948 657 2988 se
704 2950 739 2987 a
784 2933 1104 2990 visceribus
1151 2941 1208 2991 et
1248 2935 1494 2992 vinculis
1541 2937 1734 2991 carnis

107 3017 406 3075 abduxerat
434 3026 614 3091 atque
642 3020 961 3076 elevaverat
984 3040 997 3090 ;
1030 3023 1335 3094 factusque
1365 3041 1398 3079 a
1418 3025 1734 3096 semetipso

107 3103 334 3171 alienus,
362 3107 522 3164 intra
551 3109 933 3180 semetipsum
965 3111 1154 3165 tenuit
1196 3112 1370 3167 verba
1420 3111 1737 3167 ineffabilia

110 3208 219 3263 qua
245 3196 487 3262 audivit,
520 3201 580 3251 et
608 3196 846 3268 vulgare
881 3214 995 3253 non
1027 3200 1255 3270 potuit;
1305 3199 1444 3271 quia
1492 3199 1739 3256 advertit

1846 633 2065 685 states:
2123 629 2298 686 Nolite
2355 633 2606 701 aspicere
2659 647 2743 687 me
2800 629 2941 702 quod
2988 631 3269 701 obfuscata
3312 645 3481 685 sum:

1844 719 2105 788 quoniam
2132 734 2240 773 non
2272 722 2347 775 est
2379 721 2612 774 intuitus
2648 736 2734 775 me
2777 720 2879 776 sol.
2930 718 3064 775 Filii
3107 720 3304 774 matris
3351 734 3486 774 mea

1844 808 2223 876 pugnaverunt
2250 807 2539 861 adversum
2568 824 2654 862 me
2685 807 2839 879 (Ibid.
2879 808 2956 879 5),
3004 807 3111 863 hoc
3156 812 3245 863 est
3292 808 3484 879 impu-

1844 898 2170 964 gnaverunt
2199 910 2292 948 me
2321 894 2577 966 corporis
2611 896 2936 966 passiones,
2969 896 3163 952 carnis
3202 895 3485 952 illecebras

1845 978 2286 1050 coloraverunt;
2321 983 2449 1037 ideo
2480 983 2626 1038 mihi
2658 984 2743 1039 sol
2766 985 3012 1053 justitiaa
3050 1002 3165 1040 non
3216 983 3481 1040 refulsit:

1846 1085 1962 1141 quo
1990 1069 2227 1126 viduata
2258 1070 2545 1142 praesidio,
2578 1071 2941 1127 devotionem
2974 1089 3186 1141 meam,
3216 1078 3272 1128 et
3295 1073 3487 1128 obser-

1842 1155 2101 1213 vantiam
2133 1157 2364 1229 plenam
2395 1173 2624 1214 servare
2656 1176 2770 1214 non
2803 1161 2963 1232 potui
2992 1177 3005 1226 ;
3040 1159 3148 1216 hoc
3178 1165 3267 1216 est
3294 1160 3481 1215 enim:

1854 1248 2073 1301 Vineam
2127 1262 2305 1301 meam
2342 1262 2452 1301 non
2502 1248 2791 1304 custodiuit
2841 1249 3047 1318 (Ibid),
3096 1249 3234 1321 quia
3282 1250 3485 1321 spinas

1845 1339 1903 1390 et
1933 1352 2049 1391 non
2103 1352 2271 1390 uvam
2321 1335 2512 1404 attuli,
2564 1336 2623 1391 id
2671 1341 2778 1402 est,
2833 1337 3049 1394 faciens
3099 1341 3335 1410 peccata
3380 1355 3484 1410 pro

1846 1423 2153 1479 fructibus.

1916 1512 2005 1566 44.
2039 1512 2106 1566 Et
2144 1528 2277 1567 cum
2328 1513 2399 1568 de
2443 1513 2630 1569 Verbo
2679 1513 2958 1585 loquitur,
3010 1515 3326 1572 irradiante
3372 1516 3485 1571 sibi

1844 1599 2018 1655 Verbi
2048 1598 2356 1671 splendore
2386 1618 2665 1657 convursa
2692 1604 2764 1658 ad
2797 1604 2989 1675 ipsum
3024 1604 3201 1660 dicit:
3247 1606 3346 1662 Ubi
3391 1621 3486 1677 pa-

1842 1689 1993 1744 scis?
2053 1690 2152 1746 Ubi
2207 1706 2395 1745 manes
2453 1693 2513 1745 in
2567 1692 2880 1747 meridiano
2938 1693 3094 1763 (Ibid.
3154 1693 3255 1765 6)?
3313 1694 3483 1749 Recte

1845 1775 2023 1831 dicit:
2060 1778 2161 1833 Ubi
2197 1780 2409 1848 pascis?
2458 1779 2597 1851 quia
2652 1780 2843 1851 regale
2899 1782 3011 1851 (12)
3064 1784 3153 1837 est
3197 1781 3297 1836 Dei
3345 1780 3484 1837 Ver-

1766 1865 2024 1975 Bbum:
2090 1866 2189 1922 Ubi
2241 1883 2452 1935 manes,
2512 1868 2651 1939 quia
2710 1869 2964 1925 morale:
3020 1872 3082 1925 In
3148 1871 3481 1937 meridiano,

1842 1953 1981 2025 quia
2027 1955 2363 2026 mysticum.
2416 1956 2715 2031 Siquidem
2777 1959 3019 2014 meridie
3073 1959 3287 2031 Joseph
3346 1977 3480 2016 cum

1842 2041 2121 2098 fratribus
2151 2044 2276 2099 suis
2324 2045 2381 2099 in
2437 2045 2696 2100 convivio
2750 2049 3105 2103 constitutus
3151 2049 3482 2104 futurorum

1841 2134 2170 2201 temporum
2213 2132 2490 2203 mysteria
2538 2133 2848 2189 revolabat.
2912 2137 3021 2192 Sed
3074 2137 3249 2192 etiam
3299 2137 3479 2192 David

1843 2217 1962 2285 ait;
2000 2220 2189 2274 Revela
2239 2220 2311 2275 ad
2357 2222 2647 2277 Dominum
2694 2225 2844 2278 viam
2887 2227 3067 2291 tuam,
3118 2230 3170 2280 et
3214 2242 3369 2296 spera
3419 2227 3484 2281 in

1842 2322 1986 2373 eum,
2019 2316 2072 2362 et
2099 2310 2215 2377 ipse
2242 2311 2448 2379 faciet:
2486 2318 2536 2366 et
2563 2312 2752 2367 educet
2799 2314 2939 2368 sicut
2983 2315 3167 2368 lumen
3204 2316 3484 2385 justitiam

1814 2403 2015 2466 ‘tuam,
2046 2400 2100 2450 et
2121 2397 2402 2466 judicium
2450 2407 2607 2454 tuum
2656 2403 2919 2472 tanquam
2966 2403 3261 2458 meridiem
3308 2404 3479 2474 (Psal.

1843 2486 2117 2550 xxxv1,5,
2178 2486 2254 2556 6).
2301 2487 2371 2541 Et
2429 2487 2521 2558 ipe
2577 2487 2794 2544 Paulus
2851 2489 3314 2547 circumfulsisse
3371 2490 3481 2548 sibi

1842 2570 2039 2627 lumen
2072 2574 2313 2629 meridie
2336 2576 2587 2631 asseruit
2616 2577 2750 2643 (Act.
2785 2596 2863 2639 1x.
2894 2580 2972 2646 3),
3005 2580 3238 2651 quando
3271 2597 3304 2634 a
3352 2597 3481 2653 per-

1844 2660 2139 2717 secutione
2168 2666 2255 2717 est
2282 2679 2599 2720 conversus
2631 2667 2700 2721 ad
2732 2667 2999 2737 gratiam.
3034 2668 3305 2732 Queritur
3345 2686 3481 2741 ergo

1843 2749 1996 2818 quod
2033 2748 2311 2811 derelicta
2337 2751 2432 2817 sit,
2494 2768 2712 2825 pauper
2766 2770 2835 2810 ex
2890 2755 3085 2810 divite.
3136 2757 3484 2813 Abundabat

1843 2836 2002 2891 enim
2051 2854 2291 2895 munere
2346 2841 2707 2911 gratiarum:
2770 2843 2869 2897 sed
2928 2860 3095 2915 egere
3137 2847 3328 2918 ccepit,
3383 2847 3484 2903 ubi

1844 2924 2050 2979 divina:
2087 2928 2400 2997 praesentiae
2432 2928 2543 2983 sibi
2574 2929 2739 3001 copia
2771 2932 3053 3003 denegata
3083 2938 3208 3000 est;
3255 2939 3310 2990 et
3355 2934 3485 2991 ideo

1843 3012 1929 3067 vel
1970 3015 2137 3084 quasi
2180 3017 2539 3071 mercenaria
2596 3017 2796 3074 haberi
2849 3021 3125 3091 postulat,
3178 3039 3304 3094 quas
3354 3029 3488 3081 ante

1845 3101 1955 3156 sibi
1993 3102 2352 3173 pretiosioris
2379 3105 2596 3177 copula
2629 3108 2876 3179 gratiam
2904 3108 3253 3166 vindicabat.

1921 3193 2006 3245 15.
2041 3192 2143 3246 Cui
2176 3193 2476 3264 respondit
2504 3194 2758 3251 Verbum
2792 3196 2928 3252 Dei:
2967 3199 3083 3253 Nisi
3108 3215 3394 3270 cognoscas
3414 3211 3484 3271 te,

107 3296 165 3336 ea
189 3281 337 3355 loqui
368 3284 597 3341 homini
632 3301 746 3341 non
778 3284 972 3342 licere.
999 3287 1209 3342 Anima
1236 3303 1372 3358 ergo
1404 3289 1556 3342 bona
1598 3304 1731 3343 con-
1764 3275 1807 3341 C
1845 3279 2037 3335 ἀϐεοιά
2096 3282 2239 3336 inter
2274 3283 2532 3338 mulieres
2586 3282 2761 3352 (Cant.
2796 3301 2835 3351 1,
2891 3286 2945 3356 7)
2975 3303 2988 3351 ;
3049 3303 3176 3357 quae
3226 3290 3486 3359 quereris

110 3372 299 3426 temnit
325 3371 586 3429 visibilis.
626 3377 683 3428 et
735 3374 1058 3439 sensibilia,
1112 3392 1218 3430 nec
1271 3376 1413 3432 861
1467 3376 1736 3431 consistit

110 3456 158 3511 in
187 3458 284 3525 eis,
316 3476 421 3517 nec
451 3461 515 3516 in
543 3460 933 3532 despiciendis
980 3463 1097 3534 (lO)
1148 3462 1238 3519 his
1285 3463 1634 3519 immoratur
1679 3469 1737 3519 et

110 3545 332 3615 residet;
367 3550 470 3606 sed
504 3550 771 3606 ascendit
801 3550 872 3606 ad
902 3550 1002 3606 illa
1033 3556 1245 3607 aeterna
1293 3557 1351 3608 et
1397 3552 1734 3624 invisibilia,

110 3638 157 3687 et
182 3634 345 3706 plena
375 3637 704 3705 miraculis,
737 3655 883 3710 puro
915 3655 1091 3694 sensu
1126 3656 1187 3694 se
1230 3640 1335 3711 pia:
1385 3641 1599 3696 mentis
1649 3645 1735 3696 at-

109 3722 314 3781 tollens.
362 3727 602 3782 Etenim
650 3726 988 3798 perfectioni
1038 3728 1301 3794 studens,
1351 3727 1542 3784 solum
1591 3728 1735 3784 illud

109 3807 304 3869 bonum
344 3814 683 3871 Divinitatis
730 3815 1004 3881 intendit,
1050 3832 1156 3871 nec
1205 3815 1362 3871 aliud
1413 3817 1735 3888 quidquam

110 3900 503 3969 requirendum
538 3907 741 3974 putat;
775 3904 913 3975 quia
933 3907 1093 3959 tenet
1119 3904 1273 3974 quod
1296 3920 1596 3959 summum
1624 3910 1734 3959 est.

112 3983 287 4059 Itaque
315 3984 400 4046 vir
428 3991 800 4062 hujusmodi,
831 3991 891 4046 in
934 4008 1051 4062 quo
1099 3996 1187 4048 est
1226 3992 1432 4047 animae
1477 3992 1734 4064 pulchri-

109 4075 249 4142 tudo,
280 4079 442 4135 solus
466 4079 583 4135 sibi
616 4079 893 4148 abundat,
926 4080 1065 4151 quia
1102 4079 1226 4152 ipse
1274 4080 1386 4136 sibi
1436 4087 1525 4137 est
1573 4082 1736 4139 satis.

110 4159 209 4218 Nec
268 4166 426 4223 solus
494 4166 816 4239 aliquando
882 4173 990 4238 est,
1032 4167 1125 4224 cui
1192 4168 1402 4241 praesul
1454 4169 1737 4225 Dominus

109 4249 273 4308 adest.

172 4342 247 4395 12.
271 4341 538 4416 Denique
568 4344 626 4399 in
658 4343 804 4400 illud
835 4344 1015 4400 divini
1048 4343 1208 4400 illius
1262 4345 1601 4402 introducta
1647 4364 1738 4403 se-

108 4432 347 4487 cretum:
409 4434 786 4500 Exsultemus,
845 4432 1056 4504 inquit,
1126 4438 1176 4488 et
1232 4434 1489 4491 laetemur
1547 4437 1605 4491 in
1662 4440 1735 4504 te,

107 4522 149 4568 et
172 4516 471 4589 diligamus
505 4524 674 4578 ubera
730 4528 833 4577 tua
888 4538 1052 4593 super
1104 4524 1297 4577 vinum
1353 4524 1556 4595 (Ibid).
1613 4529 1737 4580 Non

1844 3369 1996 3439 quod
2032 3368 2232 3424 relicta
2262 3369 2364 3439 sis,
2397 3370 2509 3425 nisi
2540 3376 2594 3426 te
2626 3388 2962 3443 cognoscas,
2990 3374 3099 3429 nisi
3126 3379 3181 3431 te
3211 3377 3487 3449 paeniteat

1843 3455 2045 3527 lapsus
2075 3457 2184 3523 tui,
2216 3457 2328 3512 nisi
2369 3458 2749 3515 intentionem
2800 3461 3122 3519 devotionis
3173 3466 3483 3537 approbas,

1845 3545 1958 3600 nisi
1991 3545 2136 3600 ﬁdes
2166 3551 2267 3601 tua
2296 3552 2352 3602 et
2382 3546 2688 3603 sinceritas
2715 3554 3016 3620 augeatur,
3051 3552 3288 3623 querela
3336 3555 3481 3611 nihil

1846 3634 2123 3706 proderit.
2155 3636 2270 3689 Aut
2298 3635 2419 3690 sic:
2463 3636 2583 3691 Nisi
2629 3653 2946 3709 cognoscas
2990 3643 3046 3696 tc
3093 3642 3231 3713 quia
3277 3644 3489 3700 decora

1844 3739 1927 3789 es,
1962 3722 2074 3777 nisi
2102 3722 2598 3794 pulchritudinem
2633 3730 2850 3782 naturae
2882 3733 2992 3783 tua:
3019 3746 3233 3797 serves,
3267 3736 3324 3787 et
3361 3749 3486 3789 cor-

1845 3812 2003 3882 poris
2024 3816 2081 3866 te
2103 3811 2387 3867 illecebrae
2409 3830 2522 3867 non
2551 3814 2908 3887 demergant,
2937 3834 3042 3872 nec
3070 3819 3488 3891 impedimenta

1846 3899 2159 3966 detineant,
2192 3900 2336 3954 nihil
2368 3901 2473 3956 tibi
2497 3909 2773 3958 creaturae
2799 3903 3058 3961 melioris
3080 3907 3353 3963 nobilitas
3374 3909 3486 3979 (13)

1847 3987 2287 4058 suffragabitur.

1919 4077 2003 4131 16.
2040 4077 2333 4147 Cognosce
2366 4077 2544 4149 igitur
2575 4085 2648 4144 te,
2679 4086 2737 4134 et
2765 4084 2988 4136 natura;
3036 4086 3147 4136 tuae
3198 4083 3486 4147 decorem,

1845 4169 1901 4220 et
1931 4163 2017 4218 exi
2051 4164 2217 4235 quasi
2251 4169 2422 4219 exuta
2452 4165 2699 4222 vinculis
2731 4168 2957 4239 pedem,
2992 4176 3048 4224 ct
3080 4158 3234 4225 nudo
3266 4176 3491 4228 exserta

1843 4253 2109 4325 vestigio,
2169 4256 2235 4306 ut
2288 4252 2546 4308 carnalia
2602 4255 3003 4327 integumenta
3057 4274 3172 4313 non
3228 4259 3485 4317 sentias:

1845 4341 2153 4413 vestigium
2188 4340 2401 4395 mentis
2429 4346 2542 4396 tuae
2570 4344 2892 4414 corporalia
2921 4344 3153 4402 vincula
3184 4349 3336 4405 802
3372 4367 3488 4405 non

1848 4429 2168 4501 implicent,
2202 4435 2267 4484 ut
2299 4447 2398 4501 pes
2443 4434 2581 4485 tuus
2612 4418 2928 4503 ‘speciosus
2977 4440 3270 4507 appareat.
3321 4437 3490 4496 Tales

1848 4517 2002 4575 enim
2035 4523 2171 4573 sunt
2202 4518 2300 4590 qui
2335 4519 2405 4573 ad
2438 4537 2682 4592 regnum
2710 4520 2985 4578 caelorum
3018 4525 3490 4584 annuntiandum

107 4603 244 4661 enim
275 4607 331 4663 in
364 4610 613 4677 divitiis,
646 4613 703 4666 et
731 4610 858 4665 auri
887 4609 1228 4682 argentique
1257 4611 1570 4679 thesauris,
1620 4631 1734 4669 non
1772 4637 1817 4701 Γ)
1850 4606 2147 4701 eliguntur
2174 4624 2207 4701 a
2238 4607 2508 4701 Domino,
2526 4609 2610 4701 de
2642 4609 2856 4701 quibus
2885 4612 3107 4667 dictum
3135 4618 3260 4670 est:
3319 4617 3493 4684 Quam

109 4690 157 4744 in
210 4698 655 4764 possessionum
702 4697 1012 4764 fructibus,
1056 4714 1172 4753 non
1222 4699 1279 4753 in
1329 4702 1739 4771 potestatibus,

108 4782 293 4839 nonin
341 4785 649 4853 conviviis,
699 4787 800 4843 sed
853 4786 914 4842 in
971 4785 1095 4843 solo
1152 4791 1264 4843 Deo
1303 4788 1504 4859 justus
1549 4790 1740 4846 exsul-

106 4870 179 4923 tat
202 4872 329 4944 (ll).

174 4957 250 5013 l3.
281 4963 501 5019 Eadem
536 4966 732 5020 tamen
765 4964 964 5020 anima
994 4980 1352 5038 cognoscens
1381 4983 1442 5022 se
1485 4968 1743 5040 corporis

108 5046 364 5108 societate
391 5052 707 5121 fuscatam,
740 5052 885 5108 dicit
915 5054 989 5109 ad
1034 5052 1178 5111 alias
1230 5054 1481 5124 animas,
1528 5056 1617 5111 vel
1668 5057 1738 5112 ad

166 5209 457 5286 (16)_Edit.
494 5212 663 5286 Rom.
703 5218 761 5270 ct
790 5213 990 5286 primae
1040 5215 1112 5269 ab
1160 5214 1263 5271 illa
1308 5215 1492 5282 Paris,
1542 5233 1639 5274 nec
1683 5218 1744 5272 in

107 5282 481 5356 suspicienda.
538 5282 809 5356 Reliquae“
853 5302 985 5341 cum
1040 5302 1182 5342 mss.
1232 5288 1528 5354 omnibus,
1560 5305 1656 5343 nec
1683 5291 1744 5342 in

106 5345 472 5429 despiciendis,
506 5345 746 5429 excepto
779 5362 974 5429 tamen
1005 5374 1119 5412 uno
1136 5358 1277 5429 cod.
1312 5358 1442 5412 Vat.
1496 5345 1557 5429 in
1604 5377 1741 5429 quo,

108 5434 194 5499 nec
214 5424 607 5499 inspiciendis.
639 5424 748 5483 Sed
781 5428 840 5481 in
875 5434 1104 5499 recepta
1134 5427 1378 5483 lectione
1420 5428 1564 5483 nihil
1614 5424 1742 5484 mu-

110 5490 358 5560 tandum,
393 5512 536 5550 cum
569 5495 879 5570 despicere,
907 5490 1023 5554 non
1072 5515 1317 5570 semper,
1350 5499 1501 5553 idem
1554 5500 1631 5553 sit
1679 5517 1743 5555 ac

110 5571 466 5641 εςηιιεηιηενεζ
483 5637 493 5641 Δ
526 5566 630 5641 sed
660 5566 706 5624 'a
759 5569 1019 5641 probatis
1080 5566 1418 5625 auctoribus
1475 5577 1747 5625 sumatur

107 5635 269 5707 etiam
294 5653 401 5707 pro
430 5637 702 5707 dispicere
731 5635 789 5695 et
816 5639 1181 5697 considerare.

168 5703 459 5777 (11)Edit.
502 5703 795 5782 paucique
842 5727 1012 5779 mss,
1063 5713 1121 5767 in
1163 5711 1280 5768 solo
1323 5713 1434 5767 Deo
1479 5712 1743 5778 exsultat,

1848 4697 2075 4766 speciosi
2100 4695 2256 4766 pedes
2286 4698 2787 4767 euangelizandum
2831 4716 3023 4770 pacem
3068 4704 3195 4769 (Isa.
3255 4721 3347 4770 LII,
3394 4707 3487 4777 7)!

1847 4783 2004 4839 Talis
2036 4784 2283 4857 Moyses,
2318 4786 2407 4839 cui
2443 4786 2689 4840 dicitur:
2723 4785 2886 4844 Solve
2921 4792 3349 4846 calceameutum
3384 4810 3489 4864 pe-

1848 4872 1979 4927 dum
2012 4881 2229 4929 tuorum
2259 4873 2450 4943 (Exod.
2485 4891 2568 4940 ιιι,
2600 4876 2654 4943 5)
2683 4893 2695 4943 ;
2740 4883 2805 4930 ut
2850 4882 3161 4934 vocaturus
3206 4879 3490 4951 populum

1851 4964 1921 5017 ad
1956 4962 2053 5017 Dei
2089 4979 2353 5035 regnum,
2387 4962 2550 5034 prius
2580 4965 2771 5020 carnis
2800 4966 3037 5022 exuvias
3070 4967 3403 5039 deponeret,
3434 4974 3493 5025 et

1852 5051 2007 5106 nudo
2039 5050 2270 5122 spiritu,
2303 5050 2661 5124 vestigioquc
2692 5055 2908 5110 mentis
2929 5055 3241 5111 incederet.
3266 5056 3384 5112 Hoc
3405 5062 3494 5114 est

1853 5206 2057 5277 reliqui
2093 5207 2344 5273 melius,.
2381 5250 2392 5263 .
2426 5211 2600 5275 iusius
2628 5212 2884 5267 exsultat.

1923 5276 2035 5349 (12)
2067 5278 2208 5357 Cum
2244 5279 2320 5357 ibi
2354 5276 2575 5357 alludat
2605 5283 2672 5336 ad
2709 5283 2997 5357 triplicem
3032 5285 3342 5357 Scriptum
3365 5303 3493 5344 sen-

1852 5366 2007 5426 sum,
2040 5350 2227 5419 regule
2256 5349 2401 5426 dixit
2428 5367 2527 5419 pro
2570 5349 2852 5420 naturale,
2902 5357 3042 5426 quia
3090 5349 3275 5413 Verbo
3320 5364 3490 5415 natu-

1852 5419 2051 5491 raliter
2080 5420 2356 5491 competit
2386 5436 2579 5491 regem
2610 5440 2758 5478 esse.
2922 5419 2937 5426 ’
3448 5442 3455 5445 ·

1923 5490 2034 5560 (13)
2066 5490 2282 5563 Omnes
2311 5490 2448 5544 edit.
2482 5507 2547 5545 ac
2599 5510 2739 5548 mss.
2793 5495 3082 5563 nonnulli,
3128 5500 3341 5553 natura
3388 5516 3495 5555 me-

1853 5562 2007 5616 lioris
2029 5561 2308 5628 nobilitas,
2342 5565 2474 5628 ctc.,
2507 5563 2608 5617 sed
2640 5564 2843 5635 optimi
2867 5561 3084 5638 quique
3106 5568 3327 5638 legunt,
3348 5586 3494 5623 crea—

1855 5641 2013 5698 tum,
2034 5640 2142 5687 etc.
