3878 6208
361 390 478 454 535

1814 403 1879 464 8.
1926 399 2297 465 AMBROSII

3647 403 3763 469 536

361 541 498 599 ergo
530 525 683 600 quod
718 527 834 593 ait:
869 532 975 587 Exi
1003 534 1061 589 tu
1091 535 1147 588 in
1174 536 1439 591 calomnis
1492 556 1697 607 rgum,
1747 543 1795 593 et
1842 552 1999 609 pasce

2181 535 2403 593 catione
2434 538 2757 606 connectat,
2790 541 2851 594 et
2868 541 3150 613 tanquam
3189 543 3356 597 utero
3382 556 3493 597 suo
3516 540 3691 598 claud

362 616 545 674 hwvlos
589 622 709 675 tuo:
755 623 813 673 in
860 621 1227 679 tabernaculis
1272 632 1553 698 pastorum
1604 630 1779 697 (Cant.
1833 647 1871 696 ι,
1919 630 1997 700 7),

362 706 500 779 quia
532 724 632 779 per
658 726 861 781 greges
893 729 1138 783 regnum
1172 715 1575 787 intelligimus,
1610 738 1674 774 eo
1705 723 1855 790 quod
1902 738 2001 792 po-

363 796 593 851 testatis
643 799 719 851 sit
776 802 1050 871 greg'bus
1102 806 1426 874 przesiderc.
1478 808 1752 863 Prtesidet
1807 814 2003 864 autem

364 886 775 958 unusquisque
801 889 911 943 sibi
943 892 1198 961 quadam
1231 901 1514 965 potestate
1548 896 1743 968 regali,
1777 898 1824 952 si
1848 915 2005 953 coer-
2050 962 2055 965 _

367 978 490 1029 ceat
520 974 577 1031 in
611 993 672 1030 se
705 978 963 1049 corporis
994 979 1185 1046 luxus,
1221 988 1277 1037 et
1308 985 1568 1039 servituti
1610 987 1836 1058 redigat
1882 1004 2007 1042 car-

366 1081 499 1119 nem
534 1081 722 1121 suam.
757 1067 1005 1140 Ideoque
1037 1070 1256 1126 dictum
1290 1078 1412 1127 est:
1451 1076 1687 1145 Regnum
1717 1078 1817 1131 Dei
1862 1078 2010 1131 intra

370 1169 458 1209 vas
487 1158 565 1208 est
598 1156 745 1223 (Luc.
774 1174 909 1211 xvn.
944 1159 1053 1229 2|).
1078 1161 1238 1215 Unde
1264 1162 1499 1233 pulchre
1523 1163 1603 1219 ait
1623 1165 1692 1219 ad
1718 1165 2005 1221 animam:

370 1242 497 1303 Eni.
534 1242 587 1296 id
630 1250 737 1309 est,
790 1246 876 1298 exi
930 1264 963 1301 a
1010 1249 1262 1315 servitio,
1313 1253 1400 1305 cxi
1452 1270 1485 1307 a
1532 1254 1723 1334 carnis
1768 1254 2010 1326 imperio

374 1334 546 1402 atque
578 1332 918 1391 dominatu:
952 1336 1036 1391 exi
1072 1356 1184 1392 non
1220 1339 1275 1393 in
1309 1357 1499 1408 carne,
1526 1332 1631 1396 sed
1680 1342 1735 1396 in
1760 1342 2009 1413 spiritu:

373 1422 459 1477 exi
493 1422 561 1475 ad
596 1422 849 1493 regimen
886 1426 1209 1495 potestatis.
1248 1428 1493 1500 Ideoque
1533 1431 1797 1486 addidit:
1848 1434 2015 1487 Pasce

375 1510 560 1567 lardo:
590 1519 725 1565 tuos.
760 1513 909 1584 Rege
938 1532 1003 1568 ea
1033 1533 1157 1586 qua:
1192 1517 1249 1571 in
1283 1518 1520 1573 sinistra
1550 1526 1651 1573 tua
1690 1524 1829 1575 sunt
1875 1537 2012 1574 nam

374 1600 424 1655 si
458 1618 571 1655 non
606 1607 901 1673 regantur,
934 1603 1099 1659 facile
1130 1604 1429 1661 labuntur.
1486 1608 1693 1667 Cocrce
1744 1609 2014 1679 petulan-

374 1688 539 1756 tiam,
574 1688 871 1745 lasciviam
906 1692 985 1746 tui
1021 1694 1297 1765 corporis,
1328 1696 1689 1751 etluxuriam
1717 1698 2014 1753 irrationa-

373 1777 549 1834 bilem
576 1797 588 1833 :
622 1780 830 1833 cdoma
861 1780 1012 1837 leves
1044 1788 1237 1837 motus
1269 1784 1312 1855 (l
1337 1785 1401 1851 5;,
1431 1804 1601 1856 pasce
1645 1804 1743 1841 eos
1794 1805 1905 1842 non
1955 1786 2013 1841 in

376 1868 667 1939 corporeis
700 1870 1109 1940 tabernaculis,
1143 1874 1241 1926 sed
1280 1874 1333 1927 in
1378 1875 1768 1931 tabernaculis
1817 1882 2011 1949 pasto-
2047 1902 2095 1967 Β

378 1973 530 2024 rum,
566 1958 665 2027 qui
698 1974 893 2029 regere
923 1976 1157 2031 gregem
1191 1969 1425 2018 norunt.
1458 1965 1783 2020 Suntenim
1803 1965 2020 2021 amabio

377 2044 457 2101 lia
484 2047 856 2102 tabernacula
905 2049 1081 2104 Israel
1132 2052 1285 2106 sicut
1328 2070 1568 2109 nemora
1609 2054 2023 2109 obumbrantia

379 2151 553 2208 super
585 2135 823 2203 flumen,
858 2136 915 2193 in
946 2139 1161 2210 quibus
1204 2140 1401 2195 anima
1444 2148 1723 2214 tanquam
1774 2144 1830 2197 in
1885 2160 2022 2215 pro-

380 2224 572 2279 cinctu
605 2224 811 2280 bcllico
841 2226 950 2281 sita
982 2228 1192 2281 bonam
1226 2234 1449 2284 exercet
1488 2230 1776 2296 militiam,
1827 2231 2023 2287 incur-

383 2330 485 2367 sus
514 2313 773 2384 explorat
804 2314 1064 2383 hostiles,
1095 2316 1324 2373 virtutis
1354 2318 1549 2376 labore
1597 2320 1801 2391 quierit
1847 2322 2022 2377 victo-

382 2403 551 2467 riam.
588 2408 649 2458 ut
676 2405 862 2474 possit
892 2421 1050 2477 equas
1081 2404 1165 2460 illi
1197 2423 1321 2477 qua:
1354 2408 1683 2463 Salomonis
1713 2418 1801 2464 est
1842 2411 2021 2479 (Cant.

383 2510 421 2556 ι,
455 2495 507 2563 8)
543 2492 886 2564 comparari,
938 2495 1097 2550 velox
1143 2496 1214 2550 ad
1260 2499 1635 2565 currendum,
1688 2499 1904 2555 habilis
1952 2499 2021 2553 ad

381 2585 637 2653 partum,
671 2582 946 2653 quoniam
981 2584 1304 2642 fecunditas
1329 2588 1535 2642 anima:
1566 2588 1933 2644 desideratur
1970 2594 2027 2644 et

383 2670 684 2742 quaeritur.

458 2762 542 2815 17.
575 2760 704 2815 [irec
733 2778 867 2833 ergo
899 2779 1050 2833 equa
1080 2764 1329 2834 pretiosa
1361 2768 1448 2819 est
1477 2768 1533 2820 et
1560 2782 1767 2823 currus
1807 2767 2027 2824 Pharao

382 2848 628 2917 veloces,
662 2851 814 2920 quod
849 2850 1027 2920 aliqui
1057 2852 1126 2905 ad
1176 2851 1493 2908 Ecclesium
1550 2856 1805 2911 referunt
1850 2863 1907 2912 et
1954 2858 2026 2913 ad

386 2936 689 3010 populum.
726 2938 835 2991 Sed
867 2938 937 2991 de
972 2939 1077 2993 hoc
1109 2941 1384 3011 mysterio
1430 2941 1565 2997 alibi
1618 2944 1832 3015 saepius
1879 2946 2025 3001 dixi—

388 3042 542 3090 mus,
576 3029 632 3081 et
661 3027 913 3081 maxime
942 3025 999 3081 in
1047 3027 1272 3099 psalmo
1320 3032 1637 3086 centesimo
1685 3038 1883 3089 octavo
1927 3035 2025 3089 de-

386 3114 537 3169 cimo
570 3114 767 3186 (scrm.
800 3118 833 3168 2
866 3118 921 3171 in
952 3118 1097 3173 Paul.
1132 3120 1345 3189 cxxm).
1380 3120 1495 3175 Hoc
1537 3125 1731 3176 autem
1783 3121 1908 3178 loco
1957 3124 2026 3179 de

387 3205 583 3260 anima
611 3204 923 3260 dicendum
965 3209 1352 3278 suscepimus.
1388 3208 1573 3281 Hujus
1605 3228 1767 3282 equae
1814 3212 2025 3267 similis

385 3293 707 3349 aestimatur
736 3294 855 3349 hmo
891 3296 1107 3363 anima,
1140 3296 1245 3352 hoc
1271 3303 1378 3367 est,
1407 3300 1756 3370 prophetica:
1780 3299 1863 3356 vel
1888 3318 2023 3372 apo-

382 3382 597 3438 stolica:
622 3384 874 3451 virtutis,
899 3386 1054 3457 quod
1083 3386 1138 3440 in
1162 3404 1361 3441 eorum
1389 3396 1811 3445 annumeretur
1829 3407 2024 3463 grege,

384 3471 483 3544 qui
538 3472 890 3528 fecunditate
947 3474 1374 3544 praedicationis
1436 3493 1553 3531 sua:
1626 3478 1805 3533 tutius
1866 3478 2025 3534 orbis

384 3564 672 3615 terrarum
705 3560 907 3632 spatia,
926 3562 1300 3625 referserunt,
1332 3566 1388 3616 et
1409 3566 1675 3634 quamvis
1705 3566 1764 3620 in
1788 3582 2027 3637 corpore

384 3648 707 3714 constituti,
763 3647 922 3703 nulla
970 3654 1159 3704 tamen
1212 3667 1419 3705 cursus
1467 3652 1747 3723 spiritalis
1794 3671 2027 3710 sensere

385 3736 711 3809 dispendia.
748 3736 993 3808 Ideoque
1024 3737 1296 3793 laudatur
1325 3740 1479 3810 quod
1516 3741 1733 3796 castesti
1757 3743 1869 3796 sibi
1894 3742 2026 3797 illu-

388 3825 648 3881 minante
680 3830 985 3897 praecepto,
1012 3828 1138 3895 jam
1171 3827 1452 3897 speciosa,
1480 3831 1605 3899 jam
1639 3828 1883 3901 pulchra
1925 3832 2021 3901 sit,

387 3934 513 3990 qua:
549 3913 707 3972 vultu
739 3916 1005 3988 praeferat
1034 3915 1316 3971 castitatis
1355 3916 1646 3979 decorem.
1693 3923 1749 3972 et
1791 3920 2026 3974 redimi-

385 4006 518 4063 cula
541 4004 780 4061 cervicis
812 4003 1057 4067 attollat,
1095 4005 1150 4057 in
1182 4021 1299 4075 qua
1330 4009 1468 4059 sunt
1499 4005 1783 4076 patientia:
1828 4012 1885 4061 et
1916 4008 2026 4061 hu-

336 4095 607 4154 militatis
637 4093 911 4165 insignia.
932 4092 1089 4148 Talis
1113 4093 1323 4148 animae
1344 4092 1621 4164 diligebat
1644 4094 1813 4149 Isaac
1836 4112 1898 4151 ve
1916 4113 2025 4151 rus

381 4185 667 4250 decorem,
703 4182 1113 4247 humilitatem,
1144 4180 1506 4253 patientiam,
1540 4187 1597 4236 et
1646 4181 1771 4238 ideo
1820 4188 2023 4255 partus

377 4275 508 4345 ejus
540 4274 705 4329 avide
740 4271 1089 4344 requirebat.

454 4362 537 4417 l8.
586 4362 859 4432 Concepit
909 4367 1104 4417 autem
1151 4359 1424 4425 Rebecca,
1477 4365 1533 4415 et
1585 4359 1863 4431 patientia
1911 4378 2019 4417 sua

372 4451 593 4506 nodum
625 4449 951 4506 sterilitatis
981 4447 1246 4504 absolvit.
1280 4448 1426 4514 Quid
1455 4453 1649 4503 autem
1686 4449 1869 4518 pariat
1891 4467 2020 4521 pro-

368 4538 601 4611 phetica
631 4543 804 4609 atque
837 4538 1156 4609 apostolica
1201 4537 1398 4591 anima
1449 4536 1908 4606 consideremus,
1960 4545 2019 4594 et

2181 627 2334 684 803
2368 626 2451 682 l9.
2486 628 2618 694 Qua:
2652 644 2767 683 non
2800 628 3091 685 immerito
3128 646 3293 687 soror
3339 632 3533 704 magis
3583 649 3759 705 quam

2112 733 2256 771 uxor
2285 716 2631 788 appellatur,
2664 734 2730 773 eo
2763 719 2917 790 quod
2949 719 3111 774 mitis
3142 724 3316 792 atque
3348 722 3596 793 paciﬁca
3635 725 3759 778 ani-

2116 821 2211 860 ma
2240 807 2567 860 communis
2599 808 2785 879 magis
2817 806 3050 878 pietatis
3080 825 3259 879 quam
3290 810 3567 881 specialis
3595 828 3764 883 copu-

2113 893 2181 949 lae
2215 911 2420 951 nomen
2453 896 2718 967 accipiat,
2752 900 2808 951 et
2838 896 2979 967 quia
3006 898 3294 954 universis
3343 900 3537 972 magis
3586 916 3760 972 quam

2119 981 2218 1036 uni
2253 1000 2313 1037 se
2344 983 2637 1038 existimet
2662 984 2999 1053 obligatam.

2186 1072 2271 1127 20.
2311 1071 2472 1127 Fodit
2505 1078 2700 1127 autem
2733 1079 2937 1145 puteos
2967 1074 3145 1141 Isaac,
3189 1081 3245 1133 et
3294 1075 3584 1148 plurimos
3632 1080 3760 1153 qui-

2118 1160 2272 1229 dem,
2308 1178 2452 1233 quos
2482 1162 2704 1217 foderet
2734 1170 2896 1235 pater
2931 1166 3059 1234 eius
3109 1167 3241 1237 (15),
3298 1173 3355 1222 et
3398 1169 3764 1241 repleverant

2120 1248 2250 1305 illos
2284 1255 2412 1321 post
2444 1256 2685 1306 mortem
2730 1251 2973 1307 Abrahae
3022 1254 3206 1324 patris
3252 1255 3433 1322 illius,
3487 1257 3761 1331 alienige-

2122 1357 2227 1394 nae.
2263 1339 2380 1393 Prae
2412 1341 2634 1395 castoris
2660 1344 2855 1396 tamen
2884 1342 3027 1396 fodit
3059 1343 3164 1399 hos
3195 1349 3423 1415 puteos,
3468 1364 3658 1403 unum
3709 1350 3763 1403 in

2121 1427 2382 1482 convalle
2436 1428 2739 1496 Gerarum,
2798 1434 2852 1485 et
2904 1428 3126 1486 invenit
3182 1431 3259 1487 ibi
3312 1439 3558 1504 puteum
3603 1454 3763 1508 aqua:

2122 1516 2297 1570 vivas:
2335 1522 2391 1570 et
2438 1515 2597 1572 litem
2658 1521 2915 1573 fecerunt
2972 1525 3235 1590 pastores
3291 1530 3574 1579 Uerarum
3633 1543 3761 1581 cum

2124 1604 2458 1676 pastoribus
2490 1606 2669 1670 Isaac,
2702 1624 2769 1661 eo
2800 1608 2954 1678 quod
3003 1624 3219 1679 aquam
3269 1611 3381 1665 sibi
3420 1614 3554 1683 ejus
3610 1615 3765 1685 putei

2123 1693 2291 1763 quasi
2351 1694 2645 1765 propriam
2706 1696 3102 1765 vindicabant,
3161 1703 3218 1754 et
3275 1700 3497 1757 vocavit
3553 1719 3765 1759 nomen

2123 1781 2251 1851 ejus
2285 1782 2657 1853 lnjustitiam.
2692 1784 2762 1840 Et
2804 1784 2947 1841 fodit
2994 1784 3175 1842 alium
3230 1794 3495 1860 puteum,
3550 1791 3611 1847 in
3658 1809 3766 1864 quo

2124 1875 2251 1925 orta
2280 1877 2367 1925 est
2395 1872 2759 1943 disceptatio,
2793 1879 2850 1928 et
2875 1874 3155 1945 imposuit
3194 1876 3279 1932 illi
3305 1895 3516 1936 nomen
3571 1880 3767 1937 Inimi-

2129 1958 2318 2014 citias.
2353 1960 2418 2014 Et
2445 1961 2587 2015 fodit
2619 1962 2875 2030 tertium,
2907 1962 2966 2018 in
2999 1981 3114 2035 quo
3144 1965 3216 2022 lis
3246 1966 3408 2023 nulla
3447 1968 3604 2025 inter
3633 1986 3767 2043 pas-

2130 2052 2283 2103 tores
2314 2049 2630 2105 commissa
2657 2055 2763 2117 est,
2796 2056 2854 2107 et
2899 2054 3122 2109 vocavit
3166 2071 3300 2112 eum
3348 2057 3764 2115 Latitudinem.

2133 2136 2298 2192 Fodit
2328 2141 2383 2192 et
2412 2142 2654 2210 puteum
2685 2139 3035 2209 duramenti,
3068 2147 3125 2197 et
3155 2160 3267 2199 non
3320 2145 3539 2203 invenit
3597 2149 3659 2203 in
3707 2165 3768 2205 eo

2132 2242 2367 2298 aquam,
2400 2231 2459 2281 et
2487 2227 2710 2283 vocavit
2737 2244 2872 2284 eum
2902 2234 3143 2301 puteum
3170 2232 3500 2290 Juramenti
3525 2238 3665 2308 (16).

2202 2314 2290 2370 2|.
2325 2314 2465 2382 Quis
2497 2314 2617 2372 haec
2646 2315 2864 2389 legens,
2898 2323 3127 2376 terrena
3157 2322 3344 2393 magis
3373 2341 3552 2395 quam
3596 2327 3772 2398 spiri-

2130 2403 2273 2459 talia
2300 2422 2476 2477 opera
2503 2422 2632 2461 esse
2661 2406 2994 2475 arbitretur,
3028 2410 3181 2480 quod
3206 2409 3290 2466 vel
3315 2412 3611 2469 Abraham
3632 2416 3772 2470 fodit

2134 2500 2365 2565 puteos,
2412 2493 2497 2549 vel
2552 2495 2731 2562 Isaac,
2776 2496 2921 2551 tanti
2964 2497 3231 2554 videlicet
3277 2500 3641 2571 patriarchae,
3689 2504 3771 2560 vel

2135 2582 2309 2638 etiam
2339 2582 2538 2652 Jacob,
2570 2583 2724 2638 sicut
2764 2590 2821 2639 et
2870 2584 2929 2639 in
2977 2585 3283 2659 Evangelio
3334 2589 3510 2659 (Joan.
3560 2609 3638 2656 ιν,
3692 2593 3771 2663 l2)

2136 2671 2478 2743 reperimus,
2512 2671 2667 2726 velut
2709 2673 2899 2729 fontes
2944 2673 3185 2745 quidam
3232 2679 3460 2748 generis
3504 2678 3773 2748 humani,

2136 2764 2193 2815 et
2224 2759 2553 2832 specialiter
2579 2761 2900 2817 devotionis
2937 2778 3007 2817 ac
3054 2763 3208 2818 ﬁdei.
3271 2766 3416 2831 Quid
3469 2772 3560 2823 est
3615 2770 3772 2826 enim

2135 2854 2346 2920 puteus
2377 2866 2540 2920 aqua:
2568 2849 2723 2916 vivae,
2746 2850 2861 2905 nisi
2880 2852 3178 2922 profundae
3201 2852 3442 2910 altitudo
3456 2856 3777 2914 doctrinae?

2138 2938 2299 2993 Unde
2330 2944 2386 2993 et
2416 2944 2572 3009 Agar
2600 2938 2672 2992 ad
2704 2943 2945 3009 puteum
2976 2940 3251 3011 angelum
3282 2942 3443 3009 vidit,
3489 2949 3549 2999 et
3594 2946 3775 3003 Jaoob

2136 3026 2208 3083 ad
2240 3032 2482 3099 puteum
2517 3026 2727 3081 Itachel
2782 3028 2894 3083 sibi
2954 3027 3174 3084 invenit
3227 3047 3498 3087 uxorem:
3547 3033 3773 3108 Moyses

2137 3131 2369 3187 quoque
2399 3131 2569 3171 secus
2599 3120 2837 3185 puteum
2869 3116 3050 3171 futuri
3080 3117 3285 3173 locavit
3333 3120 3538 3176 merita
3587 3124 3771 3194 prima

2137 3203 2414 3275 conjugii.

2207 3297 2296 3347 22.
2331 3300 2373 3346 Α
2410 3297 2581 3364 puteo
2614 3291 2793 3364 igitur
2820 3292 3086 3359 visionis,
3117 3295 3340 3367 aperire
3389 3297 3549 3353 Isaac
3599 3300 3769 3356 ador-

2136 3398 2240 3437 sus
2269 3388 2358 3436 est
2388 3388 2613 3452 puteos,
2646 3388 2704 3436 et
2734 3382 2884 3436 bono
2943 3382 3168 3451 ordine,
3202 3389 3266 3439 ut
3293 3387 3423 3454 ejus
3443 3393 3602 3456 putei
3623 3406 3769 3460 aqua

2136 3471 2393 3542 primum
2424 3469 2765 3527 rationabile
2792 3469 3023 3538 animas,
3055 3471 3409 3544 oculumque
3436 3478 3566 3545 ejus
3597 3476 3772 3533 dilue-

2137 3567 2222 3615 ret
2246 3568 2303 3616 et
2332 3562 2569 3624 foveret,
2596 3576 2712 3631 quo
2757 3558 2949 3614 visum
3006 3560 3135 3630 ejus
3183 3561 3397 3618 taceret
3446 3563 3768 3621 clariorem.

2138 3648 2302 3704 Fodit
2329 3648 2503 3703 etiam
2536 3648 2682 3703 alios
2711 3652 2916 3718 puteos
2946 3648 3161 3719 plures.
3198 3649 3359 3707 Unde
3382 3657 3447 3707 et
3491 3655 3769 3726 scriptum

2136 3744 2226 3793 est
2251 3755 2263 3793 :
2300 3739 2429 3793 Bibe
2457 3753 2656 3810 aquam
2683 3736 2750 3792 de
2780 3738 2889 3793 luis
2919 3739 3082 3804 vasis,
3113 3742 3166 3794 et
3193 3739 3258 3794 de
3299 3745 3597 3811 puteorum
3651 3752 3769 3799 tuo-

2136 3845 2263 3882 rum
2289 3827 2532 3897 fontibus
2562 3828 2743 3896 (Prov.
2777 3843 2832 3892 v,
2864 3828 2972 3897 15).
3016 3827 3241 3891 Quanto
3292 3828 3491 3899 plures
3540 3830 3770 3898 fuerint,

2137 3921 2300 3972 tanto
2330 3921 2419 3972 est
2441 3915 2675 3970 uberior
2703 3914 3092 3971 redundantia
3116 3914 3456 3987 gratiarum.
3494 3918 3665 3974 Fodit
3680 3925 3770 3974 ta—

2138 4024 2271 4061 men
2303 4010 2565 4077 puteum,
2593 4020 2767 4074 quem
2799 4003 3024 4058 foderat
3073 4010 3235 4075 pater
3279 4005 3409 4075 ejus
3454 4006 3767 4075 Abraham,

2135 4096 2206 4150 de
2236 4112 2351 4166 quo
2382 4092 2544 4148 litem
2578 4096 2835 4147 fecerunt
2865 4098 3127 4162 pastores
3155 4093 3462 4164 Gerarum,
3502 4094 3615 4150 hoc
3662 4102 3767 4160 est,

2135 4183 2417 4239 maceriae.
2456 4181 2558 4237 Ubi
2587 4181 2743 4235 enim
2778 4181 3046 4247 maceria,
3076 4180 3153 4236 ibi
3184 4180 3390 4237 divisio
3422 4182 3577 4239 inter
3606 4201 3767 4255 repu-

2131 4277 2397 4344 gnantes,
2429 4270 2506 4324 ibi
2540 4268 2865 4339 injustitia;
2897 4272 2954 4323 et
2983 4268 3111 4323 ideo
3137 4270 3359 4325 vocavit
3388 4270 3763 4340 Injustitiam.

2128 4360 2319 4415 Alium
2362 4374 2591 4431 quoque
2632 4357 2794 4424 fodit,
2844 4361 2901 4412 et
2937 4361 3065 4412 orta
3112 4356 3499 4425 dissensione,
3548 4362 3764 4416 vocavit

2128 4465 2262 4505 eum
2298 4445 2657 4502 Inimicitias.
2695 4445 2755 4499 In
2780 4444 2996 4516 quibus
3011 4445 3482 4502 videturelucere
3503 4447 3762 4504 doctrina

2130 4534 2389 4601 moralis,
2415 4552 2482 4589 eo
2512 4534 2666 4604 quod
2699 4532 2929 4587 sublato
2962 4533 3179 4604 pariete
3225 4535 3512 4600 maceria,
3564 4536 3757 4593 soluts

365 4624 657 4697 quomodo
690 4624 904 4696 pariat:
949 4624 1114 4687 Abiit,
1174 4622 1383 4693 inquit,
1442 4624 1777 4691 interrogem
1834 4626 2012 4679 Domi-
2042 4634 2086 4697 Ι)
2118 4626 2238 4680 siut
2266 4626 2325 4678 in
2357 4640 2530 4678 carne
2560 4621 2817 4676 hominis
2846 4621 3187 4691 inimicitia,
3217 4628 3277 4677 et
3296 4625 3453 4678 tacta
3472 4624 3599 4680 sint
3624 4632 3762 4681 utra-

360 4730 500 4769 num
533 4714 682 4781 (Gen.
718 4730 848 4777 xxv,
886 4715 998 4780 22‘),
1045 4711 1183 4781 quia
1230 4710 1599 4765 exsultabant
1647 4711 1898 4767 infantes
1948 4713 2006 4768 in

361 4807 526 4859 utero
558 4801 709 4874 ejus.
747 4801 812 4855 Et
844 4816 1190 4872 responsum
1235 4799 1491 4869 accepit:
1544 4801 1673 4856 Dum
1717 4806 1899 4870 gentes
1950 4804 2008 4855 in

360 4900 516 4948 utero
548 4895 639 4946 tuo
667 4898 795 4945 sunt
850 4889 1007 4955 (Ibid.
1066 4890 1196 4957 23);
1259 4906 1325 4943 eo
1382 4888 1535 4959 quod
1596 4888 1740 4944 nihil
1800 4898 2007 4961 sponte

355 4987 710 5053 praesumat:
746 4981 845 5035 sed
879 4980 934 5033 in
968 4978 1243 5033 omnibus
1277 4994 1581 5033 summum
1631 4983 1810 5033 Deum
1862 4996 2004 5050 pra;-

357 5069 541 5127 sulem
578 5074 779 5143 poscat
829 5086 1068 5123 suorum
1129 5066 1545 5123 consiliorum:
1608 5067 1785 5122 simul
1832 5067 2005 5139 plena

356 5157 518 5229 pacis
548 5161 723 5228 atque
755 5156 990 5228 pietatis
1021 5156 1169 5209 duos
1200 5152 1447 5226 p0pulos
1478 5171 1585 5208 sua
1619 5155 1729 5210 [ide
1759 5160 1816 5209 et
1860 5173 2000 5227 pra:-

426 5299 536 5369 (14)
570 5298 708 5353 Mss.
743 5298 866 5369 Big.
901 5302 957 5353 et
988 5296 1147 5363 Ebr.,
1194 5296 1559 5369 petulantiam
1609 5296 1870 5369 luseivam
1915 5299 2003 5352 tui

350 5367 611 5440 corporis.
644 5375 693 5423 cl
727 5367 973 5426 meum
1024 5368 1424 5422 irrationabilz's
1462 5367 1651 5422 atoma
1691 5368 1832 5423 leves
1877 5386 1999 5423 mi;-

349 5441 457 5493 lus.
487 5444 668 5498 Pasce.
694 5444 802 5493 etc.

423 5510 539 5577 (15)
562 5509 733 5581 ltom.
768 5509 903 5563 edit.
938 5526 1069 5563 nam
1101 5525 1229 5578 quos
1258 5509 1469 5578 [oderat
1522 5508 1798 5564 Abraham
1842 5514 1999 5581 pater

348 5579 486 5651 eius,
521 5578 905 5651 obstruxerunt
938 5590 995 5651 et
1022 5581 1380 5651 impleverunt
1411 5589 1625 5651 terra...
1658 5578 1993 5651 pulrz‘siejm.

349 5649 564 5705 Eadem
620 5650 835 5703 multos
881 5650 1206 5721 scripturae
1253 5650 1406 5703 lucos
1466 5649 1682 5721 passim
1744 5649 1992 5721 infarcit,

348 5737 499 5791 quos
532 5736 833 5807 nusquam;
859 5719 993 5773 alibi
1030 5718 1300 5788 reperias.

2120 4730 2233 4787 que
2267 4727 2449 4767 unum
2482 4712 2539 4765 in
2571 4710 2759 4782 ﬁgura
2786 4726 2891 4781 per
2922 4711 3101 4778 tsaac,
3134 4709 3193 4765 in
3226 4711 3465 4766 veritate
3486 4728 3593 4783 per
3610 4714 3758 4769 Chri-

2118 4808 2301 4866 stum,
2333 4800 2657 4869 moritoque
2684 4802 2888 4869 postea
2917 4814 3064 4869 pura
3095 4814 3249 4870 aqua
3280 4799 3339 4854 in
3364 4814 3437 4854 eo
3469 4806 3647 4871 puteo
3686 4801 3757 4855 sit

2117 4894 2363 4961 reperta,
2394 4896 2677 4957 tanquam
2706 4884 2969 4941 doctrina
2997 4886 3236 4941 moralis
3280 4886 3446 4942 utilis
3495 4888 3571 4944 ad
3620 4890 3753 4946 hau-

2115 4977 2405 5033 riendum.
2438 4976 2655 5030 Puteus
2704 4989 2938 5044 quoque
2985 4974 3343 5031 Latitudinis
3398 4976 3545 5046 quid
3605 4975 3749 5034 aliud

2113 5066 2405 5137 signiﬁcat
2439 5064 2548 5119 nisi
2606 5064 2676 5118 de
2733 5061 3103 5119 naturalibus
3160 5062 3584 5135 disciplinam?
3636 5065 3752 5128 Qus

2111 5170 2288 5210 causa
2317 5161 2374 5208 et
2406 5152 2673 5208 Latitudo
2704 5151 2936 5216 dicitur,
2986 5151 3125 5222 quia
3181 5152 3307 5206 sine
3366 5154 3745 5217 contentione,

2181 5297 2293 5368 (16)
2328 5294 2476 5350 Edit.
2510 5294 2701 5368 Ποῖα,
2732 5293 2883 5349 Fodit
2911 5296 2963 5368 et
3014 5293 3193 5348 alium
3219 5303 3472 5364 puteum,
3505 5299 3560 5351 et
3610 5311 3746 5349 nun-

2107 5365 2306 5423 tiantes
2336 5368 2479 5422 servi
2509 5367 2779 5421 invenisse
2806 5380 2860 5420 se
2908 5365 2970 5419 in
2996 5380 3057 5419 eo
3085 5381 3305 5435 aquam,
3348 5369 3557 5422 vocavit
3611 5381 3741 5427 eum,

2108 5445 2243 5503 etc.,
2280 5454 2349 5492 ne
2379 5443 2631 5493 correcte
2662 5435 2921 5506 quidem.
2956 5434 3081 5490 Duo
3113 5434 3281 5499 mss.,
3338 5436 3495 5492 Fodit
3547 5441 3599 5494 et
3649 5451 3742 5506 pu-

2105 5519 2251 5565 teum
2273 5510 2604 5578 jar-amenti.
2656 5508 2871 5561 Etenim
2899 5507 3107 5562 invenit
3137 5508 3195 5560 in
3225 5522 3540 5578 eoaquam,
3582 5511 3631 5562 el
3658 5521 3741 5560 vo-

2104 5577 2405 5645 cavz'l,eto.
2461 5577 2877 5649 lteliquiﬂvero
2934 5595 3077 5632 mss.
3133 5582 3189 5631 et
3244 5577 3383 5632 edit.
3436 5578 3737 5649 nobiscum

2108 5652 2328 5729 iaciunt
2354 5669 2364 5705 :
2402 5651 2518 5704 imo
2545 5647 2773 5729 eLLXX
2805 5649 3195 5729 Interpretum
3224 5648 3566 5729 auctoritas,
3604 5663 3739 5720 quos

2104 5722 2197 5778 adi
2229 5722 2371 5779 Gen.
2403 5738 2554 5788 xxw,
2578 5721 2667 5787 32,
2701 5724 2757 5776 et
2786 5718 3195 5777 notasNohilii
3226 5719 3469 5777 ibidem.
