3850 6214
138 393 251 459 837

1263 384 1496 452 LIBER
1537 383 1641 449 DE
1682 378 1907 447 ISA‘A'C
1951 382 2050 446 ET
2094 381 2374 449 ANIMA.

3414 382 3535 450 338

142 525 261 586 sine
285 521 399 593 lite,
421 523 551 598 jam
580 522 815 598 quietus
846 527 1039 599 atque
1058 535 1299 582 securus
1322 524 1430 590 est,
1462 520 1562 594 qui
1593 532 1767 577 mun—
1787 515 1855 591 ,Α
1880 520 2024 579 tiam
2054 519 2356 580 charitatis
2375 524 2502 594 quas
2524 518 2713 594 major
2740 525 2800 579 et
2822 518 3058 579 uberior
3072 524 3168 579 est
3187 537 3365 595 quam
3385 520 3531 579 ﬁdes

148 617 285 675 dans
311 612 428 671 haec
458 616 514 670 et
554 613 862 673 sensibilis
907 612 1081 670 fuerit
1122 627 1557 684 supergressus.
1613 609 1777 666 Unde

148 702 416 777 superatis
438 702 566 773 jam
597 704 1046 760 adversantibus
1093 707 1151 759 et
1194 699 1538 774 alienigenis
1568 699 1783 773 cogita-

148 791 387 850 tionibus
415 791 578 863 (quid
608 792 766 848 enim
795 796 918 848 tam
949 791 1206 848 alienum
1239 805 1416 862 quam
1448 788 1649 845 omnia
1677 805 1780 843 saa-

150 880 377 951 cularia,
418 897 541 952 quas
586 884 865 953 perpetua
920 898 1050 937 esse
1111 898 1225 936 non
1275 878 1543 952 possunt)
1592 880 1785 949 potest

151 968 370 1042 sapiens
421 968 610 1025 dicere
644 987 657 1025 :
689 971 957 1025 Dilatavit
1002 971 1266 1025 Dominus
1314 970 1490 1037 nobis,
1521 976 1575 1024 et
1615 967 1784 1032 auxi;

148 1074 235 1114 nos
259 1072 416 1129 super
442 1066 647 1113 terram
677 1057 827 1129 (Gen.
851 1076 1004 1126 xxvr,
1031 1059 1145 1129 22),
1168 1057 1309 1130 quia
1340 1060 1569 1113 terrena
1596 1061 1783 1112 trans-

146 1145 346 1211 cendit.
384 1145 632 1203 Ultimus
661 1151 750 1202 est
779 1151 991 1219 puteus
1018 1149 1177 1205 864
1203 1144 1552 1212 Juramenti,
1577 1145 1637 1199 in
1667 1160 1783 1216 quo

142 1235 197 1295 .ei
224 1234 376 1290 visus
407 1239 497 1291 est
536 1236 712 1303 Deus,
743 1240 800 1291 et
829 1236 910 1292 ait
938 1235 988 1293 ei
1023 1255 1035 1291 :
1068 1237 1193 1292 Noli
1220 1238 1413 1292 timere
1445 1234 1578 1306 (17),
1611 1239 1782 1291 tecum

148 1325 290 1379 enim
312 1339 434 1381 sum
454 1323 612 1396 (Ibid.
634 1325 745 1395 24).
768 1324 840 1380 Et
868 1324 1163 1381 benedixit
1183 1341 1337 1380 eum.
1362 1324 1492 1379 Haec
1524 1321 1787 1379 doctrina

148 1412 264 1489 jam
295 1411 539 1485 mystica
567 1415 674 1473 est.

213 1501 297 1555 23.
320 1500 509 1557 Hebes
537 1500 660 1557 haec
690 1500 750 1556 in
781 1500 1120 1567 Salomone;
1152 1500 1293 1573 quia
1321 1500 1633 1557 Proverbia
1659 1500 1787 1570 ejus

152 1586 400 1656 moralia,
433 1588 808 1646 Ecclesiastes
838 1589 1148 1657 naturalis,
1179 1590 1241 1646 in
1277 1606 1392 1661 quo
1423 1587 1596 1661 quasi
1625 1586 1785 1644 vani-

152 1680 289 1746 tates
316 1676 492 1734 istius
521 1677 769 1751 despicit
798 1678 1021 1749 mundi,
1056 1679 1304 1751 mystica
1322 1680 1450 1750 ejus
1481 1682 1619 1734 sunt
1638 1677 1786 1732 Can-

152 1765 257 1822 tica
297 1767 680 1823 canticorum.
709 1768 898 1824 Habes
941 1772 998 1824 et
1047 1767 1107 1823 in
1156 1768 1438 1840 propheta
1472 1784 1484 1822 :
1515 1769 1788 1822 Seminate

1889 615 1949 668 et
1977 628 2133 685 spes,
2156 617 2294 668 tunc
2322 612 2431 668 tibi
2469 613 2600 669 fons
2628 616 2737 668 est.
2757 612 3043 672 Exuberat
3068 611 3227 668 enim
3258 612 3531 680 cbaritas,

1891 707 1959 757 ut
1986 705 2043 757 et
2072 700 2306 757 haurire
2330 717 2460 758 eam
2483 702 2771 767 cominus,
2794 706 2852 757 et
2877 703 3067 775 rigare
3085 703 3216 772 ejus
3237 702 3539 758 afﬂuentia

1892 789 2130 846 hortum
2162 795 2331 845 tuum
2362 791 2553 862 possis
2591 789 2954 862 spiritalibus
3004 790 3290 846 fructibus
3318 790 3533 846 redun-

1893 880 2152 936 dantem.
2184 881 2254 935 Et
2282 880 2422 950 quia
2469 880 2621 935 ultra
2647 879 2843 951 ipsum
2897 884 3139 951 puteum
3170 879 3287 949 (19)
3317 880 3537 935 Latitu-

1891 969 2049 1024 dinis
2099 971 2207 1037 est,
2249 968 2351 1040 qui
2394 968 2735 1024 eharitatem
2782 967 2978 1035 habet,
3028 968 3157 1024 ideo
3205 966 3370 1035 dixit,
3400 967 3541 1039 quia

1895 1057 1993 1113 ubi
2027 1057 2282 1113 charitas
2313 1061 2419 1124 est,
2462 1056 2542 1111 ibi
2587 1057 2845 1129 impetus
2876 1073 3128 1129 magnus
3175 1056 3477 1113 descendit
3506 1073 3539 1112 a

1895 1147 2244 1209 Libano..Nc
2274 1145 2412 1218 quid
2454 1150 2647 1202 autem
2688 1150 2915 1201 moveat
2944 1146 3098 1217 quod
3128 1149 3185 1200 et
3212 1149 3451 1217 puteum
3483 1148 3542 1200 et

1894 1237 2114 1293 fontem
2168 1236 2439 1291 eumdem
2488 1234 2653 1300 dixit,
2699 1233 2874 1290 etiam
2924 1233 3303 1317 Evangelium
3347 1238 3406 1288 te
3449 1233 3540 1289 in-

1890 1330 2105 1393 struat,
2135 1324 2196 1378 in
2243 1340 2358 1395 quo
2405 1322 2688 1395 scriptum
2738 1326 2828 1379 est
2859 1341 2871 1379 :
2905 1325 3048 1392 Quia
3094 1326 3240 1380 venit
3278 1325 3432 1380 Iesus
3479 1325 3542 1379 in

1888 1416 2167 1471 civitatem
2210 1414 2499 1481 Samaria,
2526 1427 2654 1484 quae
2679 1413 2885 1469 dicitur
2933 1413 3159 1485 Sychar,
3184 1415 3350 1483 juxta
3390 1427 3541 1483 pre-

1894 1504 2046 1559 dium
2076 1503 2217 1574 quod
2238 1502 2386 1558 dedit
2425 1502 2592 1558 Iacob
2638 1501 2831 1573 Ioseph
2873 1503 2988 1572 ﬁlio
3036 1518 3149 1557 suo.
3186 1504 3315 1557 Erat
3361 1509 3543 1559 autem

1890 1594 1977 1649 ibi
2003 1596 2126 1663 fons
2156 1593 2334 1650 Iacob.
2367 1594 2433 1648 Et
2470 1593 2754 1663 fatigatus,
2786 1588 2998 1664 inquit,
3029 1591 3242 1649 sedebat
3267 1593 3345 1648 sic
3381 1607 3545 1664 super

1892 1688 2121 1754 puteum
2149 1683 2325 1750 (Ioan.
2358 1698 2433 1746 IV,
2463 1683 2518 1745 6,
2547 1682 2622 1753 6).
2654 1680 2819 1736 Unde
2848 1682 2919 1736 ad
2971 1681 3277 1753 mysticam
3327 1680 3540 1737 doctri-

1896 1788 2034 1826 nam
2066 1772 2222 1826 hunc
2247 1770 2446 1827 referri
2492 1774 2733 1842 puteum
2783 1769 2957 1826 etiam
3005 1769 3088 1824 ibi
3135 1770 3545 1842 cognoscimus

154 1854 289 1951 vobis
315 1854 383 1910 ad
402 1856 705 1955 justitiam,
738 1856 1065 1913 vindemiato
1101 1856 1171 1912 ad
1204 1860 1445 1929 fructum
1472 1858 1621 1955 vitae,
1654 1855 1785 1910 illu-
1818 1888 1865 1955 Β
1898 1860 2037 1931 quia
2067 1859 2144 1915 ibi
2178 1859 2544 1915 Samaritana
2572 1858 2694 1925 illa,
2728 1859 2784 1914 id
2817 1862 2923 1926 est,
2955 1865 3152 1914 custos
3181 1861 3406 1923 (custos
3435 1874 3544 1914 au-

149 1942 342 1998 minate
370 1942 523 2000 vobis
565 1945 744 2000 lumen
788 1948 1115 2014 cognitionis
1146 1946 1302 2016 (Osee
1326 1964 1382 2012 x,
1417 1946 1524 2017 12).
1553 1945 1672 2001 Hoc
1702 1946 1792 1999 est
1818 1942 1863 1955 ”
1900 1952 2018 2005 tem
2048 1948 2367 2003 caelestium
2401 1947 2839 2020 praeceptorum)
2869 1947 3070 2003 hausit
3110 1948 3182 2003 de
3229 1951 3403 2019 puteo
3445 1946 3547 2003 illo

152 2029 295 2097 enim
329 2030 535 2089 lumen
583 2034 950 2106 cognitionis,
973 2035 1186 2092 habere
1215 2034 1519 2091 charitatis
1565 2033 1783 2105 perfec-

156 2118 381 2176 tionem.
416 2121 671 2194 ldeoque
701 2122 922 2178 dictum
953 2128 1042 2179 est
1075 2140 1090 2179 :
1121 2125 1246 2180 Noti
1284 2125 1508 2184 timere;
1539 2122 1794 2178 charitas

156 2207 297 2263 enim
330 2209 598 2266 timorem
633 2211 886 2267 excludit
923 2212 1098 2268 foras.
1131 2212 1201 2268 Ut
1231 2228 1656 2285 cognoscamus
1687 2228 1795 2267 au-

160 2297 267 2352 tem
298 2298 438 2370 quia
467 2302 528 2355 et
557 2298 832 2356 Salomon
872 2300 955 2356 ita
983 2300 1092 2359 bos
1123 2301 1540 2374 interpretatus
1569 2306 1659 2357 est
1686 2318 1794 2374 pu-

157 2388 290 2454 teos,
320 2391 387 2442 ut
425 2387 501 2443 ad
544 2388 826 2445 moralem
856 2390 1206 2459 doctrinam,
1238 2395 1296 2446 et
1345 2389 1672 2446 naturalem
1703 2405 1797 2446 re-

158 2471 341 2542 ferret,
374 2478 430 2530 et
461 2476 799 2548 mysticam,
830 2478 890 2532 in
922 2477 1172 2549 singulis
1199 2478 1367 2534 libris
1396 2479 1522 2535 suis
1552 2496 1700 2550 quos
1728 2479 1799 2535 de

154 2561 493 2632 moralibus,
528 2564 617 2633 vel
666 2565 1063 2635 naturalibus,
1090 2566 1179 2623 vel
1230 2567 1492 2640 mysticis
1541 2568 1797 2640 scripsit,

154 2649 345 2720 posuit
373 2651 485 2708 hos
518 2657 742 2725 puteos.

221 2739 306 2794 2-1.
326 2740 472 2797 Nam
508 2746 566 2797 et
593 2741 654 2797 in
687 2742 1011 2801 Proverbiis
1048 2761 1181 2799 cum
1231 2743 1640 2802 declinandam
1668 2762 1799 2817 spe-

160 2824 298 2882 ciem
328 2829 550 2886 diceret
596 2830 889 2887 saecularis
936 2831 1239 2901 illecebras,
1273 2833 1354 2890 ait
1385 2851 1397 2890 :
1428 2836 1564 2891 Bibe
1602 2850 1804 2907 aquam

156 2913 219 2970 de
242 2918 349 2973 tuis
376 2920 546 2988 vasis,
581 2923 631 2975 et
659 2919 724 2975 de
766 2924 1052 2991 puteorum
1081 2929 1297 2978 tuorum
1344 2926 1602 2994 fontibus,
1635 2931 1685 2979 et
1710 2941 1802 2978 su-

158 3007 424 3075 perﬂuant
454 3008 563 3064 tibi
590 3023 753 3080 aquae
778 3008 843 3065 de
872 3018 965 3065 tuo
998 3012 1147 3081 fonte
1177 3011 1358 3082 (Prov.
1385 3029 1441 3078 v,
1476 3013 1585 3084 15).
1617 3013 1687 3068 Et
1714 3012 1803 3067 in-

166 3091 247 3151 fra
276 3111 289 3149 :
321 3096 458 3152 Fons
489 3112 651 3169 aqua:
676 3101 790 3155 tua
831 3100 904 3153 sit
949 3098 1053 3153 tibi
1094 3102 1372 3170 proprius,
1405 3107 1454 3155 et
1489 3099 1806 3171 jucundare

1901 2037 2099 2093 divina
2126 2036 2278 2093 805
2311 2036 2607 2108 mysteria,
2640 2052 2995 2108 cognoscens
3025 2036 3164 2108 quia
3191 2036 3347 2093 Deus
3376 2035 3548 2108 spiri-

1901 2130 1998 2182 tus
2027 2130 2137 2192 est;
2169 2132 2228 2181 et
2257 2141 2375 2180 non
2406 2126 2468 2180 in
2508 2125 2634 2181 loco
2676 2126 2976 2192 adoretur,
3007 2126 3107 2181 sed
3137 2124 3196 2179 in
3229 2123 3457 2196 spiritu,
3491 2126 3551 2180 et

1902 2215 2044 2288 quia
2071 2215 2317 2271 Messias
2346 2212 2611 2270 Christus
2641 2218 2730 2270 est
2758 2214 2871 2285 (20)
2892 2213 3051 2283 (Ibid.
3073 2214 3166 2282 24,
3185 2214 3295 2285 25).
3321 2214 3393 2269 Et
3421 2213 3550 2268 ideo

1904 2304 2005 2375 qui
2035 2302 2226 2359 adhuc
2255 2308 2621 2374 exspectatur
2650 2319 2684 2358 a
2710 2302 2949 2369 Judaeis,
2977 2304 3103 2373 jam
3128 2301 3303 2358 venit.
3329 2300 3551 2368 Quibus

1904 2391 2143 2458 auditis,
2178 2391 2391 2447 mulier
2416 2390 2519 2447 illa
2541 2406 2670 2462 quas
2699 2390 2951 2462 speciem
2983 2391 3251 2448 Ecclesiae
3276 2390 3443 2464 gerit,
3474 2389 3554 2447 le-

1905 2481 1996 2555 gis
2027 2486 2391 2537 sacramenta
2420 2481 2708 2553 cognovit,
2737 2484 2794 2536 et
2821 2481 3088 2538 credidit.

1976 2572 2067 2625 27.
2102 2571 2164 2624 In
2211 2569 2337 2640 ipso
2386 2584 2617 2641 quoque
2661 2569 3031 2625 Canticorum
3082 2568 3231 2625 libro
3279 2567 3551 2626 Salomon

1907 2658 2059 2714 hanc
2118 2657 2405 2730 triplicem
2469 2656 2817 2728 sapientiam
2883 2657 3178 2713 evidenter
3216 2655 3553 2729 expressit;

1910 2748 2045 2803 licet
2089 2747 2151 2802 in
2201 2744 2523 2802 Proverbiis
2567 2745 2782 2801 dixerit
2811 2745 2993 2817 (Prov.
3029 2762 3166 2811 xm,
3195 2746 3309 2816 20),
3342 2748 3408 2801 ut
3452 2745 3555 2801 tri-

1911 2835 2139 2907 pliciter
2180 2834 2292 2890 sibi
2338 2833 2632 2900 scriberet,
2666 2833 2767 2904 qui
2821 2833 3165 2905 sapientiam
3217 2834 3349 2904 ejus
3388 2832 3560 2890 vellet

1908 2924 2133 2980 audire.
2167 2923 2261 2978 Ait
2314 2938 2451 2995 ergo
2498 2921 2558 2978 in
2596 2921 2848 2977 Canticis
2900 2922 3127 2994 Sponsa
3182 2923 3254 2978 de
3308 2922 3558 2994 Sponso,

1911 3014 2042 3070 Ecce
2063 3029 2119 3068 es
2147 3028 2371 3083 sponsus
2414 3011 2768 3067 consobrinus
2795 3027 2946 3066 meus
2990 3010 3237 3082 equidem
3280 3011 3512 3084 pulcher
3539 3028 3558 3066 :

1911 3103 2202 3158 declinatio
2231 3100 2344 3171 (21)
2371 3104 2562 3155 nostra
2596 3115 2786 3171 opaca,
2817 3098 2993 3155 trabes
3031 3100 3316 3156 domorum
3342 3107 3564 3156 nostra-

162 3198 276 3237 cum
304 3201 476 3246 uxore
524 3185 680 3256 (Ibid.
717 3186 832 3259 18);
862 3201 928 3242 eo
960 3187 1114 3258 quod
1147 3187 1261 3258 (18)
1289 3188 1568 3244 adversus
1614 3192 1806 3245 tenta-
1848 3255 1877 3259 _
1912 3207 2039 3246 rum
2084 3189 2254 3258 cedri,
2287 3190 2576 3244 lacunaria
2621 3192 2810 3243 nostra
2854 3188 3300 3258 cupressi((;ant.
3337 3202 3378 3253 ι,
3411 3189 3480 3242 15
3505 3189 3564 3243 et

166 3277 352 3330 menta
399 3255 615 3331 mundi
662 3255 917 3331 remedio
967 3255 1136 3331 nobis
1157 3255 1311 3332 vera
1363 3276 1650 3349 sapientia
1705 3279 1801 3346 sit,
1835 3255 1879 3324 α
1916 3279 2024 3351 16).
2049 3255 2373 3334 Possumus
2401 3276 2511 3332 hoc
2529 3277 2601 3332 de
2624 3255 2946 3332 moralibus
2967 3255 3247 3346 accipere.
3272 3274 3375 3330 Ubi
3404 3274 3561 3331 enim

167 3361 395 3418 moralis
425 3379 667 3435 quoque
705 3363 990 3435 doctrina,
1021 3381 1149 3436 qua:
1193 3364 1510 3435 imaginem
1559 3358 1807 3423 munda-

165 3466 245 3505 nea
273 3450 593 3525 voluptatis
643 3451 987 3509 meretriciis
1016 3452 1370 3524 quibusdam
1400 3452 1611 3509 illitam
1662 3455 1808 3511 fucis

164 3536 371 3611 irriguo
400 3558 514 3598 suo
551 3540 757 3609 diluat,
786 3545 843 3596 et
870 3541 1085 3598 ﬂuento
1117 3541 1209 3597 sui
1241 3542 1419 3598 fontis
1444 3543 1762 3616 abstergat.

227 3629 313 3683 25.
343 3629 426 3686 De
457 3628 836 3687 naturalibus
867 3645 1100 3702 quoque
1142 3629 1324 3686 habes
1365 3631 1425 3685 in
1468 3631 1809 3688 Ecclesiaste

164 3715 371 3775 dictum
406 3736 419 3775 :
455 3721 590 3776 Feci
617 3718 759 3774 mihi
782 3720 1026 3790 piscinas
1068 3736 1339 3791 aquarum
1368 3720 1439 3775 ad
1466 3721 1809 3792 irrigandum

161 3819 224 3861 ea:
260 3804 345 3862 his
384 3808 599 3865 saltum
643 3808 1042 3879 germinantem
1085 3808 1277 3879 (Eccle.
1310 3823 1372 3874 ιι,
1405 3809 1483 3880 6).
1515 3809 1715 3881 Neque
1751 3814 1809 3866 te

161 3899 375 3952 moveat
413 3895 578 3968 quod
629 3911 734 3967 pro
786 3899 959 3968 puteo
1016 3896 1276 3967 piscinas
1324 3898 1552 3968 posuit;
1586 3899 1726 3970 quia
1753 3903 1811 3956 et

161 3979 374 4053 Moyses
418 3989 674 4057 puteum
708 3983 1060 4041 Latitudinis
1088 3984 1250 4052 dixit,
1282 4001 1349 4040 eo
1397 3987 1553 4058 quod
1586 4004 1619 4042 a
1647 3987 1807 4043 solli-

158 4068 402 4128 citudine
433 4071 604 4129 omni
634 4077 692 4128 et
706 4072 1000 4145 angustiis
1018 4073 1486 4146 absolvitur,qui
1516 4077 1806 4132 mundum

158 4155 304 4215 hunc
330 4161 427 4233 pia
457 4165 661 4218 mente
698 4160 1144 4217 transcenderit.
1175 4162 1301 4217 Non
1342 4161 1637 4219 immerito
1670 4180 1806 4237 ergo

157 4245 405 4317 piscinas
435 4250 616 4308 habet
646 4249 1047 4319 Ecclesiastes,
1060 4249 1162 4323 qui
1190 4250 1333 4306 vidit
1360 4251 1587 4308 nullam
1619 4255 1804 4309 abun-

157 4333 409 4394 dantiam
436 4356 575 4397 esse
605 4339 717 4396 sub
749 4339 872 4395 sole
899 4356 913 4393 :
942 4339 1044 4396 sed
1072 4339 1122 4396 si
1154 4339 1286 4410 quis
1317 4340 1618 4398 abundare
1642 4341 1803 4413 velit,

156 4420 210 4479 in
231 4424 467 4484 Christo
499 4428 781 4484 abundet.

215 4514 304 4570 26.
330 4516 405 4571 Et
430 4517 507 4573 de
538 4515 807 4589 mysticis
847 4520 1058 4587 puteus
1103 4521 1368 4588 superest
1398 4518 1588 4587 nobis,
1622 4535 1797 4592 quem

1917 3366 2232 3439 requiescit
2262 3365 2528 3421 Christus
2573 3368 2632 3420 et
2687 3362 2963 3428 Ecclesia,
2997 3363 3110 3419 nisi
3170 3362 3230 3419 in
3288 3363 3561 3436 operibus

1917 3471 2035 3512 sua:
2066 3454 2296 3526 plebis?
2332 3452 2593 3526 Denique
2635 3452 2734 3509 ubi
2780 3452 3170 3524 impudicitia,
3203 3451 3301 3507 ubi
3353 3468 3563 3525 super-

1916 3543 2033 3610 bia,
2066 3544 2164 3599 ubi
2217 3543 2501 3614 iniquitas
2557 3546 2700 3609 erat,
2734 3541 2814 3597 ibi
2868 3540 2950 3595 ait
3004 3538 3285 3597 Dominus
3341 3540 3560 3597 Jesus:

1916 3635 2091 3689 Filius
2120 3635 2306 3689 aettem
2334 3633 2571 3687 hominis
2611 3645 2724 3686 non
2754 3630 2910 3686 habet
2936 3630 3035 3685 ubi
3078 3639 3239 3701 caput
3284 3646 3445 3686 suum
3475 3645 3565 3686 re-

1917 3722 2083 3779 clinet
2110 3721 2319 3793 (Matth.
2352 3736 2473 3786 vm,
2506 3720 2620 3791 20).

1983 3812 2075 3866 28.
2108 3811 2189 3866 De
2235 3808 2602 3865 naturalibus
2650 3811 2845 3864 autem
2897 3807 3040 3880 quid
3091 3807 3458 3880 accipimus?
3505 3809 3567 3864 In

1916 3902 2134 3967 umbra,
2190 3898 2402 3970 inquit,
2453 3899 2571 3969 ejus
2625 3899 2910 3968 concupivi
2959 3904 3011 3952 et
3065 3895 3202 3960 sedi,
3250 3899 3303 3950 et
3358 3898 3569 3965 fructus

1916 3991 2032 4060 ejus
2096 3988 2274 4043 dulcis
2335 3989 2395 4041 in
2458 3987 2712 4057 faucibus
2776 3987 2913 4040 meis
2970 3984 3147 4054 (Cant.
3208 4000 3270 4049 ιι,
3325 3983 3405 4055 3.)
3458 3983 3568 4049 Qui

1915 4078 2071 4133 enim
2103 4080 2333 4132 terrena
2367 4074 2833 4146 supergreditur,
2866 4079 2925 4128 et
2953 4072 3046 4127 cui
3096 4071 3399 4127 mundana
3445 4086 3567 4126 mo-

1915 4166 2149 4223 riuntur
2197 4162 2500 4235 (quoniam
2547 4160 2910 4233 cruciﬁgitur
2940 4160 2990 4215 ei
3024 4159 3304 4224 mundus,
3336 4163 3393 4215 et
3443 4159 3569 4230 ipse

1916 4254 2160 4322 mundo)
2190 4252 2389 4308 omnia
2420 4267 2547 4322 qua)
2579 4254 2721 4306 sunt
2765 4249 2876 4305 sub
2918 4247 3038 4305 sole
3069 4247 3284 4320 refugit
3330 4254 3385 4303 el
3430 4263 3569 4303 con-

1915 4342 2146 4400 temnit.

1984 4432 2074 4487 29.
2108 4430 2187 4486 De
2218 4426 2481 4500 mysticis
2525 4441 2759 4499 quoque
2790 4425 2873 4481 ait
2905 4441 2917 4480 :
2951 4423 3206 4482 Introduc
3237 4440 3321 4481 me
3366 4426 3428 4480 in
3474 4424 3567 4480 do-

1914 4537 2069 4576 mum
2094 4521 2235 4586 vini,
2267 4519 2529 4574 constitue
2558 4517 2619 4571 in
2660 4532 2746 4572 me
2785 4515 3103 4572 charitatem
3134 4514 3291 4584 (Ibid.
3325 4515 3401 4585 4).
3436 4512 3571 4569 Ete-

154 4599 318 4659 etiam
365 4602 571 4675 ipsum
627 4605 955 4677 reperimus
1005 4604 1063 4659 in
1113 4604 1366 4661 Canticis
1412 4607 1796 4680 canticorum,
1843 4623 1891 4687 Π
1931 4609 2057 4666 nim
2086 4610 2239 4665 sicut
2264 4607 2495 4662 vineam
2545 4621 2716 4661 suam
2762 4604 2917 4672 vitis,
2948 4604 3029 4659 ita
3075 4602 3359 4659 Dominus
3405 4605 3574 4659 Iesus

153 4688 371 4748 dicente
425 4693 739 4765 Scriptura
785 4711 798 4749 :
858 4695 995 4749 Fons
1055 4694 1355 4762 hortorum,
1400 4699 1596 4767 pineus
1644 4713 1811 4770 aqua:

152 4776 302 4845 υιίυκ,
333 4788 390 4844 et
436 4783 653 4854 impetu
695 4782 1023 4839 descendens
1051 4799 1089 4839 α
1128 4783 1338 4840 Libano
1366 4784 1547 4855 (Cant.
1582 4802 1660 4852 ιν,
1693 4789 1804 4860 15).

152 4863 369 4925 Etenim
418 4870 472 4926 si
523 4870 939 4944 mysteriorum
989 4870 1360 4927 altitudinem
1411 4876 1804 4946 persequaris,

152 4959 357 5023 puteus
379 4956 495 5014 tibi
524 4958 757 5015 videtur
786 4964 1067 5032 tanquam
1109 4960 1171 5016 in
1217 4959 1504 5032 profundo
1537 4961 1803 5036 sita'my-

151 5041 290 5100 stica
319 5047 770 5119 essetsapientia
804 5066 816 5103 :
849 5047 901 5103 si
928 5062 1064 5104 vero
1104 5047 1340 5104 haurire
1368 5048 1512 5105 velis
1560 5048 1805 5107 afﬂuen-

213 5202 325 5285 (17)
358 5204 561 5285 Rom.,
594 5206 758 5275 edit.,
791 5208 909 5280 Ego
956 5224 1080 5264 sum
1127 5164 1270 5264 Deus
1314 5208 1592 5265 Abraham
1630 5214 1806 5281 patris

148 5278 244 5341 tui,
276 5291 344 5331 ne
372 5278 579 5333 tineas.

213 5345 323 5416 (18)
352 5342 538 5421 addit
589 5348 754 5406 Rom.
790 5349 950 5416 edit.,
987 5365 1114 5421 qum
1159 5351 1227 5404 ab
1267 5350 1630 5407 adolescentia
1675 5356 1802 5416 tua;

146 5427 202 5468 co
228 5417 388 5487 quod,
422 5422 537 5475 etc.

211 5487 324 5557 (19)
359 5488 588 5547 Itasex
629 5507 775 5548 mss.
822 5491 1081 5548 melioris
1130 5494 1299 5547 notis.
1350 5490 1531 5557 Unus,
1562 5496 1629 5549 Et
1673 5496 1803 5557 quia

148 5555 509 5632 ultra'ipsum
537 5571 756 5632 puteus,
788 5567 896 5618 etc.
931 5564 1075 5619 Tres
1122 5561 1242 5630 alii,
1268 5566 1328 5617 et
1370 5555 1592 5618 cunctae
1637 5555 1800 5631 edit,

145 5625 205 5682 Et
224 5625 360 5703 quia
394 5633 518 5702 ipse
537 5625 768 5703 'puteus,
804 5639 912 5691 etc.

214 5699 325 5772 (20)
356 5699 562 5771 Edit,
578 5704 643 5761 Et
686 5707 817 5777 quia
861 5705 1076 5762 Messias
1104 5706 1251 5761 venit
1282 5705 1378 5777 qui
1409 5704 1654 5761 Christus
1703 5711 1799 5762 est.

1917 4697 2200 4771 populum
2232 4711 2405 4753 suum
2436 4694 2607 4767 quasi
2636 4693 2772 4750 vitis
2804 4699 3022 4750 aeterna
3050 4692 3404 4765 quibusdam
3434 4693 3570 4748 bra-

1916 4787 2067 4842 chiis
2097 4786 2398 4841 cbaritatis
2428 4781 2822 4855 amplectitur.

1987 4877 2078 4931 30.
2110 4875 2428 4931 Considera
2472 4871 2724 4945 singula.
2759 4873 2823 4926 In
2856 4867 3176 4927 moralibus
3219 4870 3329 4924 ﬂos
3370 4872 3480 4938 est,
3515 4872 3574 4924 et

1915 4964 2068 5020 inter
2097 4963 2299 5034 spinas
2329 4960 2542 5029 lilium,
2576 4960 2729 5016 sicut
2767 4960 2892 5032 ipse
2936 4960 3019 5015 ait
3052 4975 3065 5013 :
3098 4959 3204 5029 Ego
3233 4958 3333 5026 ﬂos
3360 4959 3569 5028 campi,

1917 5060 1968 5108 et
2017 5053 2201 5107 lilium
2249 5051 2584 5107 convallium
2630 5049 2787 5120 (Ibid.
2844 5049 2916 5121 1).
2951 5048 3015 5102 In
3065 5044 3387 5101 moralibus
3433 5059 3570 5118 ergo

1912 5214 2077 5279 Mss.,
2105 5213 2170 5266 Et
2202 5212 2336 5281 quia
2366 5211 2596 5266 Messias
2622 5209 2866 5281 Christus
2889 5215 2988 5263 est.

1983 5274 2094 5353 ('21)
2126 5274 2224 5337 Sic
2251 5297 2393 5336 mss.
2447 5286 2576 5336 octo
2624 5280 3009 5351 probatiores.
3030 5275 3158 5353 _Alii
3208 5274 3451 5347 aliquot,
3503 5293 3572 5339 ac

1910 5349 2022 5408 vet.
2055 5349 2218 5411 edit..
2262 5354 2394 5406 Ecce
2438 5349 2667 5421 sponsus
2724 5353 2802 5406 cst
2861 5349 3212 5405 consobrinus
3265 5363 3440 5421 gneus.
3510 5355 3578 5411 Ει

1911 5424 2029 5480 ideo
2064 5420 2650 5495 pulchraiacclinatio,
2698 5427 2805 5477 etc.
2842 5422 3025 5495 Rom._
3056 5436 3214 5495 vero,
3250 5420 3393 5495 Ecce
3421 5428 3576 5495 ραι-

1909 5495 2037 5550 cher
2064 5491 2118 5549 es
2144 5494 2498 5549 consobrinus
2550 5508 2719 5559 meus,
2764 5508 2882 5548 ecce
2926 5491 3156 5559 pulcher
3201 5504 3274 5553 es,
3305 5493 3357 5544 et
3402 5491 3569 5544 deco-

1911 5582 2035 5628 rus;
2091 5566 2381 5620 acclinatio
2436 5571 2643 5625 nostra,
2706 5568 2815 5617 etc.
2876 5562 3017 5617 LXX
3073 5562 3470 5632 interp.,‘180b
3561 5583 3581 5612 ε

1910 5644 2057 5698 καλὸς
2113 5640 2381 5714 ἆξξᾈφιδεξς..
2421 5656 2779 5714 ,μουμκᾳξυγε
2834 5639 3022 5714 ᾠραῐος,
3070 5640 3188 5704 πρὸς
3233 5637 3376 5701 κλίνῃ
3423 5636 3565 5696 ἡμῶν

1912 5680 2506 5772 Qiiiogfviclé'ii’oiés
2532 5680 2751 5760 Nobili‘i
2783 5703 2852 5760 ad
2878 5680 3042 5758 “nudi:
3060 5680 3313 5758 versum.
