3850 6214
309 399 426 469 839

1823 398 1887 464 S.
1933 392 2308 464 AMBROSII

3588 397 3716 466 510

308 536 416 596 ﬂos
446 540 552 596 est.
588 534 649 593 In
694 533 1056 594 naturalibus
1099 529 1185 593 sol
1225 530 1491 608 justitiaa,
1525 531 1626 607 qui
1669 529 1860 591 oriens
1891 534 1948 590 et
1974 530 2032 599 Α
2059 529 2131 588 ad
2190 545 2303 603 me,
2338 544 2467 606 quas
2523 526 2715 590 adhuc
2771 527 3022 601 laboras,
3071 532 3128 591 et
3177 535 3417 592 onerata
3452 547 3537 604 es,
3573 535 3713 609 quia

307 645 620 701 resurgens
670 626 983 692 illuminat,
1017 625 1284 682 occidens
1335 623 1666 681 obumbrat.
1690 623 1834 680 Cave
1877 641 1951 679 ne

306 717 412 774 tibi
446 717 690 783 occidat,
726 715 862 788 quia
900 715 1184 787 scriptum
1217 719 1322 770 est.
1353 714 1444 770 Sol
1471 730 1580 770 non
1623 714 1830 770 occidat
1856 730 1951 768 su-

300 823 405 877 per
444 806 790 862 iracundiam
838 813 1067 859 vestram
1098 804 1308 875 (Ephes.
1342 821 1416 869 1v,
1448 803 1558 873 26).
1593 804 1655 858 In
1687 801 1951 873 mysticis

307 894 558 950 charitas
589 898 695 958 est,
728 893 874 964 quia
908 892 1206 964 plenitudo
1239 891 1384 962 legis
1431 895 1520 948 est
1565 890 1850 946 Christus.
1885 891 1952 944 Et

303 983 430 1039 ideo
473 982 728 1038 Ecclesia
773 999 900 1053 quas
942 980 1133 1053 diligit
1163 980 1482 1048 Christum,
1516 978 1817 1035 vulnerata
1861 983 1950 1034 est

302 1071 602 1127 charitate.

373 1162 460 1216 31.
494 1161 654 1215 Hanc
683 1159 882 1231 itaque
923 1158 1268 1214 charitatem
1302 1157 1566 1221 suscitat,
1601 1160 1658 1211 et
1703 1156 1949 1212 resusci-

299 1253 387 1304 tat
418 1250 601 1304 donec
631 1263 830 1302 vocem
862 1247 990 1317 ejus
1025 1247 1291 1317 accipiat,
1327 1250 1382 1300 et
1420 1245 1786 1316 prasentiam
1819 1247 1946 1316 ejus

301 1339 598 1401 arcessat;
659 1336 799 1407 quia
854 1335 1135 1407 quaesitus
1190 1352 1303 1390 non
1361 1334 1549 1390 solum
1608 1333 1783 1399 venit,
1843 1335 1943 1389 sed

300 1425 476 1479 etiam
509 1423 723 1478 saliens
763 1424 919 1478 venit
950 1439 964 1479 :
999 1423 1211 1479 Saliens
1238 1439 1402 1494 super
1425 1432 1652 1489 montes,
1693 1427 1743 1478 et
1791 1432 1945 1478 tran-

297 1515 486 1568 siliens
539 1528 699 1582 super
750 1511 913 1566 colles
969 1512 1143 1578 (Cant.
1208 1529 1266 1578 ιι,
1327 1511 1406 1581 8).
1461 1511 1648 1582 Super
1704 1511 1945 1582 majoris

298 1601 494 1674 gratiae
546 1599 773 1655 animas
823 1598 976 1665 salit,
1027 1599 1318 1655 inferioris
1360 1599 1634 1655 transilit.
1663 1599 1765 1655 Vel
1815 1599 1940 1655 sic:

297 1689 512 1745 saliens
558 1689 850 1759 quomodo
897 1689 1096 1743 venit?
1143 1687 1305 1743 Saltu
1357 1689 1612 1759 quodam
1672 1687 1828 1743 venit
1883 1687 1943 1742 in

296 1779 453 1834 hunc
513 1779 821 1832 mundum.
857 1777 1026 1848 Apud
1085 1777 1311 1832 Patrem
1365 1784 1504 1842 erat,
1538 1777 1596 1830 in
1644 1775 1940 1848 Virginem

2059 620 2310 677 sollicita
2337 639 2399 678 es
2431 639 2558 695 quae
2589 627 2728 681 sunt
2757 623 2984 679 mundi.
3007 622 3150 679 Veni
3178 641 3358 697 supra
3389 625 3708 694 mundum,

2058 711 2188 766 veni
2221 711 2291 766 ad
2341 727 2454 780 me,
2489 711 2628 783 quia
2673 728 2778 784 ego
2827 713 2938 768 vici
2986 713 3292 770 mundum.
3325 713 3478 770 Veni
3531 731 3711 788 prope

2059 815 2153 854 me
2175 800 2299 870 jam
2333 799 2578 872 pulchra
2607 805 2832 856 aeterna:
2852 801 2983 856 vitai
3013 803 3380 873 decore,jam
3414 802 3706 870 columba,

2058 888 2116 942 id
2150 893 2256 955 est,
2285 888 2446 945 mitis
2477 905 2625 961 aque
2653 895 2978 956 mansueta,
2997 891 3123 962 jam
3155 895 3276 946 tota
3305 890 3482 964 plena
3510 893 3709 965 gratias

2057 977 2359 1048 spiritalis.
2393 978 2533 1033 Jure
2571 993 2708 1052 ergo
2749 979 2875 1049 jam
2907 978 3051 1036 retia
3096 980 3302 1036 timere
3345 997 3464 1035 non
3516 982 3706 1048 debet,

2057 1081 2188 1120 cum
2226 1066 2276 1122 is
2305 1071 2468 1122 vocet
2511 1067 2582 1122 ad
2632 1084 2695 1124 se
2743 1067 3022 1136 animam,
3082 1069 3180 1140 qui
3239 1070 3622 1125 tentamentis
3652 1075 3713 1124 et

2056 1155 2278 1210 retibus
2336 1155 2539 1210 mundi
2599 1172 2714 1212 non
2774 1156 2964 1229 potuit
3015 1156 3165 1229 capi.
3206 1157 3352 1212 Nam
3405 1174 3544 1212 cum
3601 1175 3709 1214 nos

2057 1242 2323 1299 homines
2391 1244 2760 1301 ambulemus
2817 1245 2877 1301 in
2928 1246 3119 1300 medio
3184 1245 3556 1318 laqueorum,
3605 1265 3712 1320 per

2055 1333 2450 1404 appetentiam
2484 1349 2629 1388 escis
2660 1333 2882 1389 retibus
2909 1333 3087 1390 simul
3117 1337 3173 1390 et
3201 1333 3429 1406 laqueis
3473 1336 3708 1392 obnoxii

2054 1436 2282 1476 sumus.
2319 1420 2422 1476 llle
2453 1421 2513 1476 in
2543 1438 2782 1494 corpore
2828 1423 3055 1494 positus
3085 1423 3232 1477 retia
3274 1439 3390 1478 non
3438 1423 3707 1491 timebat,

2054 1508 2154 1562 sed
2187 1508 2482 1564 eminebat
2511 1525 2688 1581 super
2716 1509 2881 1577 retia,
2913 1510 2968 1565 id
3002 1515 3110 1578 est,
3139 1526 3317 1583 super
3345 1515 3712 1568 tentamenta

2057 1597 2284 1662 mundi,
2316 1601 2373 1652 et
2401 1597 2660 1669 corporis
2708 1599 3043 1669 passiones;
3089 1599 3205 1654 imo
3259 1604 3317 1654 et
3365 1599 3514 1656 alios
3563 1603 3708 1656 emi-

2053 1701 2190 1740 nere
2219 1685 2483 1741 faciebat.
2510 1686 2761 1758 Ideoque
2788 1687 2964 1743 etiam
2995 1687 3146 1743 hanc
3167 1687 3427 1744 animam
3461 1689 3710 1746 fundare

2049 1773 2249 1830 volens
2305 1773 2578 1830 dicebat:
2612 1777 2889 1849 Exsurge,
2933 1778 3060 1832 veni
3099 1779 3361 1848 proxima
3410 1794 3556 1846 mea,
3591 1779 3710 1834 noli

294 1868 470 1928 venit.
503 1871 559 1921 et
587 1883 656 1921 ex
685 1866 920 1937 Virgine
949 1865 1007 1919 in
1053 1882 1307 1936 praesepe
1337 1864 1667 1920 transilivit.
1699 1865 1766 1965 In
1794 1881 1940 1965 prse-
1971 1901 2019 1965 B
2050 1861 2274 1965 timmere'
2289 1863 2454 1918 retia.

293 1957 418 2027 sepi
450 1959 593 2020 erat,
629 1958 684 2010 et
716 1954 972 2024 fulgebat
1014 1953 1072 2008 in
1117 1954 1278 2018 coelo,
1312 1955 1614 2009 descendit
1646 1953 1703 2008 in
1735 1953 1941 2009 Jorda-

294 2061 452 2113 nem,
485 2042 746 2098 ascendit
774 2042 834 2096 in
878 2059 1131 2108 crucem,
1164 2041 1465 2097 descendit
1511 2043 1568 2096 in
1619 2041 1939 2109 tumulum,

293 2132 541 2188 surrexit
573 2147 600 2186 e
631 2130 880 2197 tumulo,
915 2135 973 2186 et
1029 2132 1191 2186 sedet
1245 2131 1316 2185 ad
1377 2130 1564 2186 Patris
1621 2132 1937 2185 dexteram.

292 2221 432 2276 Inde
481 2219 646 2292 quasi
695 2219 981 2274 hinnulus
1025 2235 1348 2282 cervorum,
1381 2219 1481 2290 qui
1529 2219 1820 2274 desiderat
1867 2219 1938 2274 ad

293 2310 482 2366 fontes
513 2325 819 2380 aquarum,
854 2307 1155 2364 descendit
1195 2308 1265 2363 ad
1309 2307 1576 2372 Paulum,
1610 2311 1667 2363 et
1697 2307 1942 2362 circum-

293 2397 453 2452 falsit
482 2414 636 2463 eum,
669 2401 725 2451 et
767 2395 1016 2451 exsilivit
1061 2413 1237 2468 super
1283 2396 1596 2451 Ecclesiam
1651 2401 1938 2466 sanctam,

292 2502 419 2557 quas
451 2489 538 2540 est
569 2483 956 2556 Bethel,quod
981 2484 1193 2539 dicitur
1216 2484 1429 2540 domus
1450 2483 1570 2540 Dei.
1597 2484 1758 2540 Pauli
1782 2484 1935 2540 enim

289 2574 513 2630 vacatio
545 2571 812 2628 Ecclesiae
843 2573 1141 2628 ﬁrmitudo
1168 2578 1274 2628 est.

360 2664 448 2718 3‘2.
483 2661 655 2717 Venit
685 2678 842 2734 ergo,
882 2666 939 2717 et
985 2663 1175 2733 primo
1225 2665 1357 2734 post
1407 2663 1685 2733 parietem
1732 2665 1841 2731 est,
1876 2666 1940 2718 ut

289 2751 629 2808 inimicitias
652 2751 859 2805 animas
880 2754 937 2806 et
957 2751 1214 2822 corporis
1238 2751 1441 2815 solvat,
1467 2749 1696 2805 sublato
1723 2750 1939 2822 pariete

289 2840 391 2912 qui
438 2840 924 2911 impedimentum
973 2839 1292 2894 concordiae
1339 2839 1643 2894 videbatur
1689 2839 1934 2896 adferre.

289 2928 506 2984 Deinde
537 2927 819 2999 prospicit
857 2943 958 2998 per
982 2927 1286 2982 fenestras.
1321 2926 1455 2988 Quae
1505 2926 1625 2982 sint
1672 2927 1938 2984 fenestras

288 3016 422 3071 audi
466 3016 809 3087 prophetam
859 3014 1147 3069 dicentem
1183 3031 1196 3068 :
1230 3017 1501 3070 Fenestrae
1547 3020 1753 3086 aperta?
1782 3018 1936 3072 366

284 3108 411 3160 sunt
441 3121 469 3159 e
497 3106 628 3160 casto
662 3104 974 3175 (lsa.xxnv).
1013 3102 1328 3173 Prophetas
1377 3104 1579 3174 utique
1622 3103 1931 3176 significat,

284 3209 389 3264 per
417 3208 566 3263 quos
587 3191 871 3247 Dominus
898 3206 1083 3262 genus
1113 3191 1367 3262 respexit
1396 3190 1721 3247 humanum
1748 3192 1935 3263 prius-

286 3296 463 3352 quam
497 3280 554 3334 in
586 3285 771 3335 terras
800 3277 927 3350 ipse
958 3278 1334 3334 descenderet
1357 3279 1490 3350 (22).

354 3370 442 3424 33.
478 3369 546 3423 Et
575 3368 749 3423 hodie
779 3367 827 3422 si
856 3383 971 3438 qua
1021 3383 1156 3422 eum
1187 3367 1384 3423 anima
1434 3367 1682 3424 multum
1735 3369 1935 3441 requi-

285 3460 402 3521 rat,
463 3455 718 3510 multum
777 3454 1095 3510 merebitur
1158 3455 1602 3523 misericordiae;
1659 3457 1934 3529 quoniam

287 3544 387 3615 qui
443 3542 698 3598 multum
756 3543 1020 3614 requirit,
1075 3542 1394 3614 plurimum
1452 3545 1697 3600 debetur
1755 3546 1827 3601 ei.
1876 3546 1933 3601 Si

286 3648 403 3702 qua
444 3648 580 3702 ergo
630 3630 829 3686 anima
883 3647 1018 3685 eum
1077 3631 1403 3688 studiosius
1462 3637 1702 3704 quaerat,
1765 3634 1935 3708 longe

284 3719 450 3774 audit
484 3735 679 3774 vocem
735 3719 861 3789 ejus
895 3735 907 3772 :
943 3723 1001 3774 et
1047 3721 1314 3791 quamvis
1352 3721 1423 3774 ab
1474 3720 1605 3776 aliis
1655 3723 1930 3794 requirat,

283 3825 398 3880 pre
449 3808 592 3878 ipsis
624 3824 658 3862 a
687 3807 904 3878 quibus
955 3808 1162 3879 quaerit
1190 3810 1323 3880 (23),
1359 3809 1522 3864 audit
1551 3827 1748 3866 vocem
1781 3813 1930 3883 ejus.

280 3897 453 3952 Videt
481 3912 614 3950 eum
656 3894 960 3951 salientem
1011 3896 1081 3951 ad
1133 3913 1194 3952 se
1238 3897 1454 3963 venire,
1487 3897 1543 3952 id
1593 3902 1700 3964 est,
1729 3917 1934 3972 prope-

281 3989 508 4041 rantem
543 3988 717 4056 atque
749 3987 1104 4052 currentem,
1137 3989 1195 4040 et
1236 3985 1658 4042 transilientem
1691 4005 1789 4044 eos
1831 3989 1930 4060 qui

280 4073 514 4129 infirmo
545 4074 714 4128 corde
741 4073 1014 4129 virtutem
1053 4075 1182 4144 ejus
1230 4091 1434 4146 capere
1482 4093 1596 4132 non
1648 4082 1929 4149 possunt;

281 4161 531 4234 denique
584 4162 1037 4234 prospicientem
1088 4179 1192 4234 per
1251 4164 1565 4236 aenigmata
1617 4166 1932 4238 propheta-

279 4267 432 4317 rum,
462 4250 703 4320 legendo
735 4267 834 4305 eos
864 4254 921 4305 et
947 4252 1198 4305 tenendo
1219 4267 1420 4306 eorum
1453 4268 1753 4308 sermones
1777 4253 1934 4309 videt

280 4355 412 4394 eum
445 4339 920 4410 prospicientem,
953 4340 1052 4394 sed
1087 4339 1252 4410 quasi
1299 4357 1401 4411 per
1443 4341 1783 4408 fenestram,
1814 4359 1930 4397 non

279 4427 472 4481 adhuc
517 4425 683 4496 quasi
733 4430 1100 4497 praesentem.
1137 4427 1308 4482 Videt
1354 4427 1709 4484 eminentem
1758 4447 1934 4502 super

279 4515 443 4568 retia.
477 4513 622 4577 Quid
656 4517 746 4567 est
776 4513 907 4577 hoc,
939 4513 1052 4568 nisi
1099 4515 1242 4569 forte
1274 4514 1413 4585 quia
1457 4515 1558 4570 illa
1587 4516 1732 4570 retia
1761 4518 1932 4573 nobis

2121 1953 2210 2006 35.
2241 1952 2371 2007 Jam
2415 1954 2689 2022 praeteriit
2717 1952 2902 2026 hyems
2931 1954 3111 2023 (Ibid.,
3150 1955 3260 2025 11),
3301 1955 3360 2010 id
3408 1960 3520 2022 est,
3552 1958 3711 2013 venit

2051 2040 2288 2110 pascha,
2320 2040 2479 2096 venit
2522 2041 2908 2114 indulgentia,
2937 2043 3096 2098 venit
3139 2043 3407 2100 remissio
3439 2051 3707 2117 peccato-

2051 2144 2204 2196 rum,
2238 2130 2485 2184 cessavit
2526 2129 2788 2198 tentatio,
2834 2131 3023 2186 imber
3068 2131 3230 2198 abiit,
3265 2132 3522 2204 procella
3565 2135 3708 2190 abiit

2050 2219 2108 2270 et
2150 2217 2468 2287 quassatio.
2503 2221 2652 2273 Ante
2708 2217 3022 2273 adventum
3069 2218 3283 2274 Christi
3337 2219 3548 2293 hyeme
3595 2227 3703 2289 est,

2050 2308 2183 2376 post
2212 2305 2523 2360 adventum
2569 2306 2699 2375 ejus
2748 2306 2917 2361 ﬂores
2962 2311 3121 2362 sunt.
3155 2307 3318 2363 Unde
3363 2309 3492 2364 ait:
3525 2311 3707 2367 Flore;

2048 2395 2155 2448 visi
2181 2401 2309 2448 sunt
2333 2395 2394 2448 in
2412 2400 2560 2449 terra
2579 2393 2766 2465 (Ibid.,
2792 2395 2897 2467 12).
2925 2394 3031 2450 Ubi
3057 2399 3192 2451 ante
3211 2397 3418 2469 spinae,
3443 2397 3526 2452 ibi
3549 2415 3706 2454 nunc

2049 2481 2241 2537 ﬂores.
2293 2483 2540 2553 Tempus,
2589 2482 2801 2554 inquit,
2830 2483 3054 2539 secandi
3097 2484 3324 2540 advenit
3353 2486 3564 2557 (Ibid)
3601 2487 3703 2543 Ubi

2049 2576 2182 2626 ante
2221 2571 2545 2638 desertum,
2579 2570 2659 2627 ibi
2703 2587 2860 2627 nunc
2908 2571 3119 2628 messis
3166 2577 3273 2628 est.
3311 2575 3423 2629 Vox
3470 2578 3704 2630 turturis

2048 2661 2240 2715 audita
2267 2667 2346 2714 est
2373 2661 2434 2715 in
2483 2667 2628 2716 terra
2657 2665 2844 2716 nostra
2873 2659 3077 2730 (Ibid.).
3112 2661 3263 2717 Bene
3291 2662 3522 2717 addidit
3571 2681 3703 2736 pro-

2047 2747 2241 2819 pheta,
2265 2748 2479 2813 Nostra,
2505 2747 2672 2819 quasi
2699 2748 2998 2804 admirans
3027 2749 3181 2820 quod
3215 2749 3316 2805 ubi
3347 2755 3484 2807 ante
3516 2751 3705 2824 impu-

2047 2835 2266 2901 dicitia,
2299 2835 2380 2890 ibi
2412 2852 2566 2890 nunc
2595 2836 2859 2892 castitas.

2117 2924 2205 2979 36.
2238 2925 2398 2979 Ficus
2437 2925 2672 2996 protulit
2724 2940 2938 2994 grossos
2994 2941 3117 2981 suos
3177 2927 3361 2995 (Ibid.,
3409 2927 3524 2999 43).
3568 2929 3700 2995 Quae

2047 3017 2180 3068 ante
2210 3011 2379 3085 quasi
2426 3012 2798 3069 infructuosa
2835 3013 3154 3083 jubebatur
3183 3014 3390 3081 excidi,
3423 3014 3550 3072 haec
3581 3017 3700 3072 fru-

2045 3105 2176 3158 ctus
2205 3101 2354 3156 ferre
2377 3101 2504 3172 jam
2535 3100 2725 3172 coepit.
2759 3100 2872 3156 Sed
2919 3101 3056 3172 quid
3090 3101 3327 3158 dubitas
3358 3106 3502 3175 quia
3531 3121 3700 3176 gros-

2045 3206 2141 3245 sos
2172 3189 2357 3244 dixit?
2386 3188 2612 3244 Priores
2649 3188 2908 3256 discutit,
2941 3193 3008 3244 ut
3045 3190 3398 3261 posteriores
3430 3192 3700 3249 meliores

1963 3263 2005 3329 C
2045 3279 2264 3334 afferat.
2297 3277 2552 3334 Grossus
2597 3277 2750 3333 sicut
2779 3278 3098 3350 Synagogae
3143 3279 3370 3336 fructus
3401 3281 3696 3352 abjicitur,

2044 3365 2308 3422 Ecclesiae
2339 3370 2534 3422 autem
2567 3369 2897 3422 renovatur.

2113 3455 2201 3510 37.
2235 3455 2302 3510 Et
2331 3453 2600 3526 quamvis
2631 3453 2804 3526 plena
2851 3453 3246 3526 tranquillitas
3277 3455 3375 3522 sit,
3406 3461 3466 3512 et
3505 3459 3698 3515 adole-

2041 3543 2230 3599 verint
2258 3541 2556 3614 mysteria,
2588 3541 2799 3598 iterum
2843 3546 3041 3599 tamen
3085 3543 3226 3598 dicit
3258 3561 3272 3600 :
3304 3544 3481 3615 Surge
3507 3564 3700 3603 secura

2044 3633 2195 3688 861
2227 3633 2596 3701 integumento
2623 3638 2791 3702 petrw
2823 3631 3004 3702 (Ibid.,
3032 3631 3141 3702 14),
3169 3631 3227 3686 id
3259 3637 3367 3702 est,
3399 3638 3531 3691 tuta
3560 3653 3700 3708 prae-

2043 3720 2193 3776 sidio
2247 3719 2540 3791 passionis
2597 3735 2760 3785 mea,
2788 3722 2846 3775 et
2901 3719 3034 3774 fidei
3093 3720 3484 3778 munimento.
3518 3724 3697 3780 Suxe-

2041 3813 2181 3864 runt
2209 3808 2366 3865 enim
2399 3806 2512 3862 mel
2546 3808 2615 3862 de
2645 3811 2827 3878 petra,
2858 3811 2916 3864 et
2971 3807 3162 3863 oleum
3219 3810 3293 3865 de
3349 3811 3701 3868 ﬁrmissima

2041 3902 2224 3970 petra.
2268 3897 2387 3952 Hoc
2443 3896 2843 3968 integumento
2900 3897 3108 3952 animae
3164 3897 3394 3969 piorum
3453 3900 3695 3967 indute,

2034 3987 2160 4057 jam
2192 3985 2360 4041 nudae
2403 4001 2519 4040 non
2549 3989 2710 4050 sunt,
2740 3989 2797 4040 et
2825 3984 2946 4040 hac
2994 3984 3112 4041 illis
3161 3991 3250 4042 est
3299 3989 3692 4059 praemunitio.

2041 4076 2292 4146 Ideoque
2337 4077 2396 4129 et
2452 4073 2588 4128 huic
2634 4073 2842 4128 animae
2875 4072 3000 4130 ait:
3032 4075 3098 4129 Et
3136 4077 3266 4129 veni
3313 4083 3393 4142 tu,
3443 4077 3698 4133 columba

2038 4181 2181 4228 mea,
2235 4165 2596 4234 integumento
2639 4166 2808 4233 patrm
2844 4164 3012 4235 juxta
3057 4165 3565 4234 praemunitionem,
3612 4183 3698 4222 os-

2040 4251 2196 4308 tende
2251 4252 2396 4305 mihi
2457 4251 2659 4320 faciem
2707 4253 2881 4318 tuam,
2912 4253 2965 4305 et
3011 4252 3240 4306 insinua
3305 4267 3489 4308 vocem
3548 4262 3700 4309 tuam

2041 4339 2246 4411 (Ibid.).
2275 4339 2553 4394 Hortatur
2599 4339 2671 4394 ad
2725 4338 3162 4406 confidentiam,
3215 4345 3282 4394 ut
3324 4357 3441 4396 non
3489 4343 3697 4397 erube-

2040 4433 2166 4484 scat
2193 4443 2424 4483 crucem
2455 4426 2692 4492 Christi,
2725 4442 2830 4482 nec
2882 4428 3009 4498 ejus
3063 4427 3461 4499 signaculum.
3497 4430 3699 4486 Horta-

2040 4523 2138 4572 tur
2167 4517 2234 4573 ad
2286 4516 2732 4582 confessionem,
2763 4514 2889 4570 vult
2935 4531 3139 4571 omnes
3191 4516 3441 4572 insidias
3495 4519 3695 4574 demo-

279 4605 437 4662 sunt,
491 4617 606 4655 non
665 4600 770 4654 illi.
828 4601 992 4656 Retia
1045 4607 1204 4665 sunt,
1255 4618 1321 4656 eo
1378 4604 1530 4674 quod
1582 4604 1773 4660 adhuc
1829 4605 1931 4662 illa
1960 4630 2008 4695 D
2038 4605 2186 4674 veri;
2220 4609 2286 4661 ut
2314 4605 2504 4695 bonus
2533 4603 2678 4695 odor
2715 4602 2852 4659 ﬁdei
2882 4603 3082 4674 spirat,
3115 4608 3178 4658 ut
3210 4605 3334 4660 dies
3366 4605 3611 4695 fulgeat,
3637 4613 3695 4662 ut

279 4689 477 4743 anima
507 4687 660 4742 intra
691 4688 994 4744 sensibilis
1035 4693 1093 4743 et
1139 4691 1438 4745 mundana
1469 4691 1565 4760 sit,
1599 4709 1724 4763 quae
1766 4710 1931 4749 men-

277 4782 395 4832 tem
428 4775 686 4831 hominis
715 4791 940 4848 capere,
971 4781 1028 4831 et
1058 4778 1311 4847 quodam
1353 4779 1486 4834 sinu
1528 4781 1761 4852 proprio
1793 4798 1929 4837 con-

278 4868 592 4920 sueverunt
638 4863 945 4920 involvere.
978 4865 1170 4920 Posito
1213 4882 1348 4940 ergo
1396 4868 1587 4924 adhuc
1636 4869 1696 4924 in
1746 4887 1926 4927 sacu-

275 4954 520 5023 laribus,
553 4953 652 5008 sed
696 4957 889 5008 tamen
933 4955 1212 5025 quaerenti
1243 4971 1376 5010 eum
1426 4973 1530 5028 per
1575 4957 1719 5013 retia
1749 4975 1811 5014 se
1841 4976 1928 5016 os-

275 5043 482 5098 tendit.

345 5133 432 5185 34.
460 5131 716 5203 Denique
740 5129 880 5185 dicit
909 5131 979 5186 ad
1012 5132 1269 5186 animam
1303 5133 1633 5204 ejusmodi:
1662 5137 1924 5209 Exsurge,

274 5221 398 5274 veni
444 5221 704 5290 proxima
751 5235 874 5274 mea
905 5219 1081 5289 (Cant.
1117 5237 1178 5284 ιι,
1211 5221 1321 5292 10),
1354 5220 1411 5275 id
1445 5226 1556 5288 est,
1601 5240 1846 5297 exsurge
1893 5243 1927 5281 a

275 5305 758 5364 delectationibus
789 5309 1014 5377 mundi,
1047 5325 1293 5382 exsurge
1325 5325 1358 5364 a
1395 5312 1661 5378 terrenis,
1693 5318 1752 5369 et
1795 5315 1924 5371 veni

347 5481 460 5548 (22)
489 5483 637 5537 Edit.
660 5485 955 5562 quaedam
991 5484 1196 5562 Paris,
1225 5486 1295 5542 ad
1314 5504 1510 5562 genus
1538 5493 1780 5562 respexit
1824 5494 1922 5547 hu-

275 5566 536 5627 manum;
578 5557 902 5627 priusquam
935 5559 1050 5626 ipse
1099 5557 1460 5627 descenderet,
1492 5569 1544 5616 et
1591 5557 1798 5618 locutus
1825 5569 1922 5620 est.

279 5618 342 5703 in
376 5628 494 5675 ant.
547 5618 759 5703 autem"
793 5618 1144 5703 editfdeest
1193 5618 1458 5698 respexit,
1483 5647 1548 5686 ac
1596 5618 1922 5703 vocula,vet.

281 5689 343 5744 In
377 5707 517 5747 mss.
552 5711 682 5749 vero
715 5693 928 5766 legitur
958 5702 1022 5750 ut
1055 5698 1112 5751 in
1145 5689 1438 5754 contextu.

2039 4695 2292 4751 adversas
2325 4693 2510 4748 noctis
2560 4691 2773 4746 umbra
2817 4707 2933 4747 non
2984 4696 3224 4758 noceat;
3279 4694 3560 4764 quoniam
3594 4694 3689 4767 qui

2031 4784 2202 4854 juxta
2230 4780 2528 4838 Christum
2553 4785 2644 4836 est
2673 4779 2813 4836 dicit
2845 4796 2857 4834 :
2890 4780 3010 4836 Non:
3036 4782 3337 4851 praeessit,
3366 4781 3482 4838 dies
3511 4786 3691 4839 autem

2036 4870 2496 4943 appropinquavit
2524 4870 2697 4939 (Rom.
2728 4884 2854 4933 xm,
2886 4868 2996 4938 12).
3030 4868 3128 4924 Est
3177 4873 3235 4924 et
3278 4870 3490 4925 umbra
3519 4887 3690 4927 saecu-

2038 4960 2251 5016 larium
2293 4974 2421 5030 quea
2467 4956 2762 5030 prasteriit,
2793 4961 2851 5012 et
2878 4957 3004 5013 dies
3047 4955 3372 5014 caelestium
3421 4957 3688 5015 Christus

2038 5050 2139 5121 qui
2187 5046 2406 5103 sanctis
2465 5045 2592 5102 suis
2621 5044 2797 5102 lucet.
2828 5044 3052 5116 Accipit
3106 5044 3228 5100 haec
3285 5045 3484 5102 anima
3541 5046 3688 5102 bona

2038 5137 2285 5210 pignora
2314 5133 2638 5191 charitatis.
2675 5158 2700 5177 -

2693 5221 2924 5278 CAPUT
2962 5221 3028 5275 V.

2105 5319 2346 5387 Sponsus
2386 5312 2560 5369 denuo
2598 5312 2884 5384 subtapsus
2930 5311 2996 5367 ab
3045 5311 3235 5366 animo
3288 5311 3352 5368 in
3397 5309 3579 5368 cubili
3627 5310 3680 5365 in

2107 5490 2220 5562 (23)
2252 5490 2469 5546 Omnes
2515 5488 2681 5554 edit.,
2712 5490 2779 5544 ab
2808 5489 2947 5562 aliis
2991 5488 3330 5562 requiratur,
3380 5504 3507 5562 prae
3554 5491 3678 5560 ipsis

2035 5581 2070 5620 α
2099 5559 2291 5634 quibus
2336 5563 2630 5632 quaeritur,
2663 5564 2772 5616 etc.
2806 5561 2944 5616 Mss.
2976 5576 3006 5615 e
3036 5559 3327 5615 contrario
3359 5559 3427 5614 ab
3476 5563 3555 5616 eis
3576 5559 3675 5613 ’re-

2037 5637 2242 5706 quirat,
2277 5638 2386 5689 etc.

2229 5677 2242 5702 ,
2278 5676 2386 5689 νυν.
