3830 6206
140 414 238 507 su
312 428 315 432 '
1247 436 1476 501 mssa
1520 433 1621 495 os
1664 427 1894 495 ISAAC
1938 431 2039 495 ar
2084 435 2360 503 ANIMA.
3379 442 3497 507 542

199 575 471 645 noctibus,
502 577 940 655 etc.,_incassum
968 578 1256 655 queritur,
1282 580 1334 655 et
1366 590 1536 655 quare
1558 573 1743 655 tidem
1771 559 1828 631 Α
1856 572 2378 643 persecutionibus,
2428 578 2485 633 et
2529 575 2643 635 cito
2693 575 3013 636 inveniunt.
3067 579 3136 636 Et
3166 579 3294 638 ideo
3325 579 3496 655 quasi

197 658 362 739 tamen
406 652 583 739 postea
620 645 921 739 invenitur
949 645 988 703 τ’
1016 647 1277 720 quomodo
1308 648 1420 739 ipse
1449 647 1623 739 generi
1652 645 1709 699 de

1983 664 2389 731 Itentationes,
2438 666 2578 737 quia
2635 667 2910 739 periculis
2960 668 3221 725 ﬁdelium
3251 686 3495 727 suorum

408 718 413 720 .
681 723 691 734 ,
1028 718 1039 720 -
1854 718 1871 732 .
2239 718 2249 719 κ
2446 718 2577 737 τη
2638 718 2908 739 rm"---
2960 718 3221 725 ..ηπ-η-
3252 718 3496 727 ηψπ-

197 723 575 862 ϐῖῗιεέζηιηέἶέξε
600 721 1296 853 ἀῖἐῗιείἕιιὲἕιῖηγηὶξῗιῗιῗῖνῗ
1324 718 1744 859 ίέιῗέῖινέοαὲδῗῖῗιῖ
2610 755 2820 862 inquit.
2862 774 2992 862 cura.
3013 759 3250 859 transivi
3396 762 3496 862 eis,

417 840 705 932 ﬁdiculis}
721 840 1102 934 "epitlialamio
1140 840 1435 934 celcb'rant.
1472 862 1587 934 Ipse
1608 873 1711 934 quo

1982 841 2042 893 ni
2089 857 2233 907 eum,
2287 844 2445 897 tenui
2491 860 2636 912 eum,
2682 848 2732 900 et
2776 862 2889 901 non
2934 846 3125 902 dimisi
3150 864 3276 903 eum
3314 848 3494 920 (Cant.

195 949 289 1005 que
343 929 584 990 animam
637 929 863 1006 propius
920 937 1165 989 vocatam
1248 932 1423 987 variis
1491 930 1747 985 laudibus
1855 944 1934 993 ιιι,
1968 930 2042 995 4).
2093 929 2297 984 Omnis
2347 930 2502 986 enim
2552 934 2650 1003 qui
2709 933 2933 1005 quaerit,
2984 934 3225 1003 invenit,
3272 940 3329 991 et
3396 935 3498 1008 qui

194 1012 426 1061 exornat.
1855 1015 2161 1085 invenerit,
2196 1018 2489 1075 adherere
2519 1021 2711 1087 debet,
2753 1038 2825 1077 ne
2855 1023 3040 1094 possit
3068 1023 3353 1080 amittere.

194 1111 271 1165 38.
312 1112 523 1167 Tertius
550 1112 757 1167 animae
780 1125 1081 1182 processus.
1110 1141 1177 1149 -—-
1206 1109 1316 1164 Sed
1351 1106 1488 1180 quia
1517 1121 1747 1178 semper
1926 1106 2013 1159 42.
2046 1105 2115 1160 Et
2176 1105 2454 1177 quoniam
2501 1124 2603 1179 per
2640 1108 3013 1181 Evangelium
3045 1111 3103 1166 in
3135 1113 3306 1169 terris
3336 1112 3498 1170 vide-

139 1196 340 1253 solliciti
387 1212 512 1252 esse
559 1197 861 1261 debemus.
910 1213 1143 1270 semper
1189 1196 1398 1253 intenti
1442 1214 1455 1263 ;
1512 1200 1569 1250 et
1609 1195 1748 1267 quia
1857 1210 1990 1248 mus
2021 1192 2278 1250 celestis
2299 1194 2574 1268 mysteria
2604 1197 2871 1268 ﬁgurata,
2897 1198 3202 1255 veniamus
3233 1200 3303 1255 ad
3336 1198 3498 1255 illam

138 1287 363 1341 Verbum
391 1285 493 1340 Dei
523 1286 674 1341 sicut
725 1285 993 1356 capreola
1039 1285 1249 1351 exsilit,
1294 1289 1394 1340 aut
1424 1284 1577 1339 sicut
1615 1283 1747 1338 hin-
1858 1281 2101 1336 Mariam
2135 1283 2266 1354 (25),
2306 1283 2611 1339 veniamus
2642 1288 2700 1339 et
2729 1285 2801 1340 ad
2840 1285 3265 1358 Magdalenam.
3299 1286 3500 1343 Consi-

138 1373 291 1429 nulus
318 1390 637 1443 cervorum,
669 1390 899 1445 semper
926 1373 1124 1445 vigilet
1172 1374 1388 1442 anima,
1422 1378 1478 1429 et
1506 1376 1746 1443 preten-
1857 1371 2129 1426 deremus
2187 1372 2683 1441 quemadmodum
2733 1373 3030 1430 Christum
3064 1375 3124 1431 in
3159 1375 3337 1431 cubili
3370 1392 3500 1431 cor-

137 1463 365 1533 datque
418 1463 666 1534 requirit
719 1479 874 1528 eum,
937 1467 994 1518 et
1025 1479 1151 1534 que
1208 1467 1405 1518 tenere
1435 1462 1745 1517 desiderat.
1857 1458 2015 1529 poris
2064 1458 2153 1513 sui
2202 1458 2262 1514 in
2312 1476 2427 1530 quo
2474 1460 2785 1515 defunctus
2828 1463 3081 1533 jacebat,
3134 1463 3191 1518 in
3226 1464 3499 1520 noctibus

137 1550 251 1605 Ideo
278 1549 435 1620 quasi
468 1550 818 1621 sublapsum
850 1542 985 1615 sibi,
1025 1552 1088 1605 In
1136 1552 1328 1616 cubiti,
1364 1551 1575 1621 inquit,
1608 1565 1745 1613 meo,
1857 1547 2248 1618 quesiverint,
2282 1547 2516 1618 quando
2549 1547 2694 1603 dixit
2721 1547 2840 1604 illis
2871 1551 3147 1619 angelus:
3181 1554 3363 1607 Iesum
3405 1553 3504 1623 qui

137 1640 185 1691 in
210 1638 449 1693 noctibus
479 1641 704 1709 quaesivi
749 1656 906 1710 quem
952 1639 1149 1695 dilexit
1191 1641 1384 1695 anima
1410 1655 1535 1694 mea
1565 1638 1745 1707 (Cant.
1856 1636 2153 1705 cruciﬁxus
2189 1643 2267 1690 est
2309 1636 2561 1705 quaeritis
2579 1652 2601 1697 ,'
2647 1652 2759 1691 non
2788 1641 2866 1692 est
2914 1639 3022 1704 hic,
3054 1641 3301 1695 surrexit
3330 1641 3497 1696 enim.

138 1742 209 1791 ιιι,
239 1725 304 1795 1).
336 1726 438 1792 Qui
481 1728 630 1783 bene
687 1729 913 1798 quaerit,
974 1728 1033 1783 in
1064 1728 1241 1783 cubili
1280 1732 1519 1798 queret,
1553 1726 1613 1781 in
1644 1742 1748 1781 no-
1860 1724 2000 1791 Quid
2041 1726 2214 1794 igitur
2257 1725 2508 1795 quaeritis
2554 1726 2820 1780 uiuentem
2865 1743 2990 1781 cum
3033 1729 3265 1783 mortuis
3291 1729 3498 1801 (Matth.

138 1813 307 1870 ctibus
334 1819 574 1885 queret,
606 1832 711 1871 nec
742 1816 865 1871 dies
909 1817 1174 1886 feriatus,
1206 1831 1394 1885 neque
1422 1819 1621 1870 noctes
1652 1814 1746 1869 sit.
1856 1828 2052 1881 xxvm,
2084 1813 2222 1879 5-7;
2256 1812 2380 1866 Luc.
2413 1828 2566 1880 xxw,
2596 1812 2702 1883 5)?
2732 1814 2878 1880 Quid
2912 1815 3171 1886 quaeritis
3215 1816 3275 1872 in
3306 1817 3503 1890 sepul-

137 1900 346 1957 Nullum
393 1906 630 1973 tempus
679 1908 892 1959 vaceta
924 1903 1176 1975 pietatis,
1208 1903 1430 1970 ofﬁcio;
1463 1908 1519 1958 et
1551 1902 1599 1957 si
1636 1919 1748 1957 non
1783 1926 1831 1990 B
1859 1917 1955 1990 cro
1988 1917 2122 1990 eum
2176 1900 2275 1972 qui
2308 1901 2434 1990 jam
2487 1900 2546 1954 in
2596 1901 2738 1990 coelo
2787 1903 2913 1958 sit?
2959 1904 3108 1968 Quid
3153 1905 3412 1976 queritis
3443 1906 3502 1963 in

136 1989 387 2045 invenerit
406 1991 620 2061 primo,
653 1996 977 2062 perseveret
1008 1992 1065 2046 in
1098 1992 1467 2063 requirendo.
1501 1990 1752 2061 Ideoque
1784 1988 1821 1990 _
1858 1988 2112 2044 vinculis
2168 1989 2480 2059 sepulture
2533 1989 2939 2047 universorum
2988 1992 3224 2049 vincula
3276 1994 3503 2051 solven-
3571 2021 3577 2026 ν

138 2076 289 2133 dicit:
334 2079 645 2147 Exsurgam
693 2082 896 2150 itaque,
941 2084 992 2135 et
1039 2095 1288 2151 queram
1334 2082 1395 2134 in
1422 2082 1658 2144 civitate,
1692 2081 1753 2133 in
1859 2079 2027 2132 tem?
2077 2077 2201 2132 Non
2236 2075 2569 2149 sepulcrum
2610 2076 2747 2132 huic
2777 2080 2966 2147 sedes,
3008 2082 3109 2137 sed
3142 2081 3354 2138 ctelum
3392 2087 3500 2139 est.

138 2169 253 2234 foro.
285 2168 342 2221 in
384 2168 587 2237 plateis
616 2167 773 2237 (Ibid.
829 2168 906 2233 2).
940 2169 1009 2223 Et
1054 2168 1300 2224 fortasse
1348 2168 1476 2224 ideo
1509 2184 1624 2222 non
1655 2167 1750 2221 in—
1861 2166 1993 2222 Ideo
2024 2166 2169 2221 dixit
2201 2182 2316 2221 una
2343 2181 2410 2220 ex
2441 2164 2571 2221 his:
2607 2167 2848 2235 Quaesivi
2893 2185 3038 2238 eum,
3089 2178 3140 2226 et
3178 2186 3288 2226 non
3319 2173 3507 2228 inveni

138 2253 273 2309 venit
298 2254 504 2321 adhuc,
540 2254 683 2326 quia
710 2255 769 2310 in
804 2255 926 2312 foro
957 2256 1242 2328 quesivit,
1286 2256 1384 2311 ubi
1413 2255 1543 2311 lites
1574 2257 1751 2321 sunt;
1862 2270 1985 2309 eum
2009 2254 2185 2326 (Cant.
2221 2272 2306 2322 ιιι,
2332 2256 2404 2327 1).

136 2339 185 2395 ἱιι
236 2341 448 2413 plateis,
509 2342 618 2399 ubi
668 2344 942 2400 nundine
998 2361 1195 2401 rerum
1252 2343 1567 2400 venalium.
1625 2343 1752 2398 Non
1933 2344 2019 2398 43.
2054 2345 2273 2400 Tamen
2306 2346 2446 2400 dum
2478 2346 2697 2402 vadunt
2725 2345 3016 2418 Apostolis
3063 2347 3352 2418 nuntiare,
3395 2347 3504 2404 mi-

139 2429 411 2499 snimulla
439 2431 712 2503 Christus
743 2433 991 2504 pecunia
1017 2437 1410 2505 comparatur.
1862 2437 2091 2487 seratus
2125 2438 2448 2503 querentes
2478 2435 2711 2489 occurrit
2739 2436 2815 2489 eis
2858 2439 3021 2492 Jesus
3067 2434 3287 2491 dicens:
3324 2437 3501 2493 Aucte.

195 2519 272 2573 39.
301 2519 625 2576 Possumus
647 2524 705 2575 et
741 2520 825 2576 sic
850 2520 1175 2592 intelligere
1203 2539 1215 2576 :
1241 2521 1304 2577 In
1335 2520 1514 2577 cubili
1547 2520 1756 2592 querit
1860 2521 1983 2576 Illae
2036 2529 2217 2576 autem
2254 2527 2614 2589 accesserunt,
2647 2526 2699 2577 et
2748 2527 3041 2580 tenuerunt
3080 2524 3243 2595 pedes
3292 2526 3431 2597 ejus,
3454 2534 3507 2582 et

138 2605 583 2680 Cbristum,que
604 2609 811 2679 querit
830 2624 966 2664 eum
983 2626 1118 2664 cum
1142 2608 1586 2681 tranquillitate,
1618 2626 1752 2664 cum
1861 2608 2225 2664 adoraverunt
2280 2625 2402 2664 eum
2453 2610 2657 2679 (Matth.
2702 2627 2897 2677 xxvm,
2948 2611 3025 2683 9).
3074 2612 3326 2669 Tenetur
3367 2629 3503 2686 ergo

138 2696 341 2764 pacein
370 2697 647 2752 noctibus
696 2698 921 2768 querit,
978 2698 1256 2769 quoniam
1314 2714 1415 2769 per
1443 2696 1752 2768 parabolas
1859 2696 1890 2751 J
1899 2712 2054 2762 esus,
2088 2698 2189 2753 sed
2220 2697 2538 2753 delectatur
2568 2698 2652 2754 sic
2682 2697 2886 2764 teneri,
2919 2699 3060 2771 quia
3088 2700 3201 2756 fide
3251 2703 3500 2757 tenetur.

139 2780 470 2854 loquebatur.
504 2785 711 2840 Posuit
730 2786 886 2840 enim
912 2787 1179 2841 tenebras
1202 2784 1513 2841 latibulum
1536 2803 1750 2853 suum;
1862 2784 2121 2857 Denique
2151 2785 2453 2842 delectavit
2501 2802 2632 2842 eum
2665 2790 2723 2842 et
2753 2785 2853 2841 illa
2897 2786 3106 2843 mulier
3157 2805 3284 2860 que
3314 2790 3503 2863 tetigit

138 2873 185 2923 et
208 2887 307 2926 nox
360 2873 513 2929 nocti
580 2871 802 2928 indicat
843 2873 1169 2929 scientiam.
1222 2874 1443 2929 Deinde
1474 2873 1753 2946 quoniam
1861 2889 2017 2939 eum,
2068 2878 2124 2929 et
2155 2879 2359 2931 curata
2385 2877 2475 2930 est
2503 2875 2809 2948 sanguinis
2857 2875 3037 2944 ﬂuxu,
3072 2876 3142 2931 de
3172 2893 3289 2949 qua
3319 2878 3499 2933 dixit:

138 2974 246 3029 que
290 2959 538 3018 dicimus
572 2960 634 3016 in
666 2962 837 3016 corde
869 2966 1089 3029 nostro,
1121 2979 1190 3017 ea
1222 2979 1329 3018 nos
1359 2978 1753 3034 compungere
1862 2964 2051 3033 Tetigit
2078 2979 2164 3019 me
2192 2964 2417 3034 aliquis,
2450 2981 2583 3019 nam
2610 2966 2783 3020 sentio
2822 2966 3078 3020 virtutem
3097 2965 3164 3020 de
3207 2982 3291 3022 me
3326 2969 3506 3023 exisse

138 3046 188 3101 in
211 3048 485 3106 cubilibus
526 3050 765 3106 debent.
800 3050 910 3106 Sed
954 3056 1148 3106 tamen
1180 3068 1285 3107 nec
1315 3052 1398 3107 sic
1425 3051 1664 3119 invenit,
1697 3055 1756 3107 et
1862 3050 2011 3121 (Luc.
2044 3068 2164 3117 VIII,
2215 3052 2325 3123 46).
2374 3052 2572 3124 Tange
2630 3068 2788 3125 ergo,
2839 3058 2896 3108 et
2942 3052 3055 3108 ﬁde
3096 3057 3229 3109 tene
3258 3070 3414 3123 eum,
3449 3059 3507 3112 et

140 3134 248 3191 ideo
295 3137 473 3192 dicit:
507 3140 844 3206 Exsurgam,
894 3138 952 3192 id
984 3141 1092 3205 est,
1125 3138 1367 3209 erigam,
1400 3143 1457 3193 et
1487 3137 1751 3193 attollam
1862 3141 2196 3212 constringe
2246 3139 2493 3195 ﬁdeliter
2543 3140 2721 3212 pedes
2781 3142 2930 3212 ejus,
2990 3145 3056 3195 ut
3112 3142 3297 3198 virtus
3329 3144 3398 3199 de
3438 3160 3505 3200 eo

140 3220 486 3282 intentionem
549 3241 765 3291 meam,
825 3243 1084 3298 queram
1141 3225 1411 3297 impigre,
1492 3240 1749 3298 queram
1791 3272 1825 3298 Δ
1862 3232 2045 3295 exeat,
2086 3233 2142 3283 et
2172 3233 2339 3297 sanet
2369 3229 2628 3284 animam
2656 3232 2841 3284 tuam.
2876 3230 2947 3283 Et
2977 3227 3026 3285 si
3058 3229 3213 3285 dicat
3236 3246 3248 3286 :
3271 3232 3398 3287 Noli
3420 3248 3505 3288 me

141 3310 389 3369 sollicite:
424 3314 682 3370 introibo
713 3286 772 3369 in
816 3286 1133 3370 civitatem.
1163 3286 1266 3370 Est
1288 3286 1351 3370 ἔι
1392 3286 1589 3369 anima
1625 3330 1754 3386 que
1785 3286 1827 3354 α
1865 3286 2091 3386 tangere
2138 3292 2313 3390 (Joan.
2357 3333 2450 3383 xx,
2483 3317 2594 3387 l7),
2626 3321 2686 3372 tu
2718 3321 2849 3371 tene
2878 3316 3011 3389 (25).
3053 3286 3305 3373 Nondum
3353 3286 3504 3375 enim

143 3398 290 3457 dicit:
340 3404 443 3475 Ego
487 3405 688 3459 civitas
731 3404 964 3468 munita,
996 3420 1092 3473 ego
1143 3405 1338 3459 civitas
1386 3404 1593 3459 obsessa
1625 3404 1749 3474 (lsa.
1862 3400 2106 3461 ascendit
2134 3405 2203 3460 ad
2243 3407 2463 3460 Patrem
2500 3421 2703 3470 meum,
2746 3403 2891 3459 dixit
2921 3404 3119 3460 semel.
3154 3406 3345 3461 Dixit:
3379 3408 3505 3464 Noli

140 3502 288 3544 xxvu.
325 3491 397 3561 3).
447 3492 553 3546 Est
601 3490 805 3546 civitas
854 3490 1083 3546 munita
1129 3491 1244 3562 'per
1294 3490 1615 3556 Christum,
1666 3495 1756 3546 est
1859 3510 1946 3550 me
1994 3499 2237 3565 tangere,
2272 3494 2504 3566 quando
2536 3492 2887 3549 resurrexit:
2934 3495 3038 3549 aut
3070 3492 3215 3549 forte
3244 3493 3329 3550 illi
3360 3495 3505 3551 dixit

142 3575 313 3633 civitas
340 3578 437 3634 illa
482 3578 852 3635 Hierusalem
902 3579 961 3634 in
1007 3579 1149 3635 ccelo
1182 3580 1239 3634 in
1305 3597 1421 3651 qua
1452 3580 1756 3635 abundant
1862 3600 1988 3655 que
2020 3583 2263 3655 putabat
2293 3582 2445 3637 furto
2475 3598 2603 3638 esse
2661 3580 2982 3651 sublatum,
3018 3584 3076 3638 et
3135 3599 3250 3639 non
3289 3583 3502 3641 virtute

141 3663 314 3720 divine
354 3667 497 3740 legis
547 3669 919 3739 interpretes,
964 3672 1021 3723 et
1056 3667 1377 3740 discipline
1410 3667 1617 3741 periti:
1651 3686 1754 3740 per
1861 3672 2095 3744 propria
2126 3671 2559 3727 resuscitatum.
2592 3669 2855 3742 Denique
2885 3671 2944 3724 in
2975 3669 3087 3725 alio
3118 3669 3265 3726 libro
3298 3670 3498 3740 habes,

142 3766 222 3807 eos
263 3754 505 3812 Verbum
560 3757 667 3812 Dei
726 3756 1027 3828 queritur.
1081 3758 1361 3825 Quarum,
1423 3758 1635 3829 inquit,
1690 3760 1750 3813 in
1861 3761 2001 3832 quia
2029 3759 2363 3816 tenentibus
2393 3759 2569 3831 pedes
2597 3762 2653 3814 et
2705 3759 3084 3815 adorantibus
3115 3757 3295 3815 dixit:
3329 3761 3503 3817 Nolite

141 3840 237 3907 foro
284 3843 434 3902 illius
481 3845 760 3910 civitatis,
807 3845 868 3901 in
899 3844 997 3901 illo
1051 3846 1174 3901 foro
1205 3846 1303 3902 ubi
1344 3850 1596 3902 tractant
1614 3848 1753 3918 jura
1861 3850 2053 3905 timere
2081 3849 2299 3920 (Matth.
2352 3864 2549 3915 xxvm,
2580 3847 2690 3919 40).
2725 3848 2880 3905 Tene
2911 3863 3048 3920 ergo
3078 3852 3135 3903 et
3162 3851 3248 3921 tu,
3282 3849 3497 3918 anima,

143 3931 380 4002 consulti,
437 3934 538 3990 ubi
590 3932 784 3989 oleum
831 3933 1120 4001 venditur,
1182 3934 1338 4007 quod
1394 3935 1749 4008 Evangelice
1858 3937 2010 3992 sicut
2038 3938 2275 3993 tenebat
2303 3942 2359 3993 et
2385 3937 2586 4003 Maria,
2619 3941 2675 3991 et
2704 3935 2799 3991 dic
2837 3952 2850 3991 :
2908 3936 3077 3991 Tenui
3115 3952 3260 4001 eum,
3293 3944 3346 3992 et
3388 3954 3499 3993 non

143 4014 360 4089 virgines
389 4030 599 4079 emunt
668 4023 876 4095 (Matth.
921 4040 1052 4093 xxv,
1092 4022 1147 4094 9)
1201 4027 1265 4078 ut
1316 4040 1547 4094 semper
1595 4026 1750 4079 faces
1858 4024 2139 4081 dimittam
2179 4025 2357 4092 (Cant.
2406 4041 2489 4089 III,
2534 4024 2608 4095 4),
2642 4023 2797 4078 sicut
2824 4023 3096 4078 dicebant
3134 4024 3357 4080 ambae:
3390 4026 3496 4081 Te-

143 4119 240 4160 sue
266 4106 505 4178 luceant,
536 4126 644 4167 nec
669 4127 768 4167 eas
789 4111 989 4167 fumus
1036 4111 1363 4183 iniquitatis
1394 4113 1746 4184 exstinguat.
1858 4130 2102 4169 neamus
2140 4116 2215 4168 te.
2260 4112 2421 4167 Vade
2469 4111 2539 4167 ad
2599 4111 2849 4179 Patrem,
2907 4111 3009 4165 sed
3050 4128 3164 4165 non
3201 4110 3497 4184 relinquas

139 4194 378 4265 Quarum,
410 4199 626 4271 inquit,
658 4201 719 4254 in
763 4200 960 4270 plateis
1007 4198 1066 4254 in
1113 4199 1329 4270 quibus
1380 4201 1750 4271 superﬂuunt
1854 4202 2048 4269 Evam,
2084 4217 2154 4256 ne
2186 4200 2395 4256 iterum
2426 4198 2678 4253 labatur.
2711 4198 2926 4252 Tecum
2957 4214 3085 4253 eam
3117 4197 3332 4265 ducito,
3367 4200 3493 4271 jam

139 4295 273 4350 aque
326 4287 393 4342 de
442 4287 563 4343 illis
604 4287 865 4343 fontibus
930 4292 1395 4359 prorumpentes,
1462 4290 1614 4345 868
1676 4290 1747 4346 de
1855 4307 1971 4345 non
2000 4292 2309 4355 errantem,
2357 4286 2457 4343 sed
2513 4285 2778 4342 arborem
2810 4284 2935 4339 vite
2965 4289 3278 4341 tenentem.
3335 4287 3496 4361 Rape

139 4368 321 4437 quibus
335 4375 607 4432 Salomon
629 4374 772 4431 dicit
800 4392 929 4432 esse
975 4377 1295 4448 potandum
1326 4377 1506 4448 (Prov.
1540 4394 1595 4444 v,
1633 4380 1738 4448 15),
1852 4379 1970 4433 tuis
2001 4376 2247 4448 pedibus
2276 4373 2746 4438 inherentem,ut
2773 4375 2969 4427 tecum
3013 4372 3293 4428 ascendat
3324 4389 3338 4428 :
3374 4374 3491 4430 noli

194 4458 269 4513 40.
290 4461 431 4518 Dum
455 4463 667 4536 querit
686 4462 867 4535 igitur
886 4463 1440 4529 Cbristum,invenit
1468 4469 1744 4523 custodes
1853 4482 1945 4522 me
1976 4465 2289 4531 dimittere,
2322 4480 2394 4518 ne
2423 4462 2636 4517 iterum
2696 4476 2933 4533 serpens
2972 4477 3187 4516 venena
3223 4479 3329 4518 sua
3359 4463 3492 4518 fun-

137 4545 218 4613 qui
260 4546 315 4604 in
346 4551 670 4607 ministerio
702 4556 860 4617 sunt,
921 4553 993 4606 ab
1023 4551 1116 4607 his
1156 4553 1402 4624 requirit
1430 4555 1621 4625 (Cant.
1656 4573 1738 4622 III,
1852 4556 1970 4622 dat,
2006 4572 2076 4611 ne
2105 4554 2319 4609 iterum
2350 4554 2571 4623 quaerat
2623 4548 2939 4605 femineum
2994 4552 3262 4606 mordere
3309 4552 3489 4608 vesti-

133 4631 195 4700 3).
242 4635 341 4692 Sed
389 4639 590 4695 anima
640 4656 768 4711 que
818 4639 1001 4695 Deum
1053 4641 1280 4712 quaerit,
1325 4642 1501 4697 etiam
1548 4650 1741 4701 custo-
1772 4642 2107 4716 Dgium,ut
2136 4640 2472 4714 supplantat
2501 4638 2705 4693 Adam.
2757 4637 2922 4693 Dicat
2957 4654 3093 4709 ergo
3126 4638 3325 4695 anima
3349 4644 3487 4697 tua:

134 4717 220 4776 des
241 4727 458 4783 transit.
491 4729 643 4784 Sunt
671 4728 826 4783 enim
860 4728 1136 4801 mysteria
1167 4746 1293 4800 que
1314 4731 1489 4788 etiam
1537 4733 1739 4805 Angeli
1848 4732 2037 4788 Teneo
2066 4735 2141 4799 te,
2176 4734 2233 4785 et
2270 4730 2543 4784 inducam
2592 4732 2647 4782 te
2690 4726 2747 4780 in
2778 4726 3018 4781 domum
3060 4728 3267 4783 matris
3307 4744 3484 4796 mee;

133 4813 518 4885 concupiscunt
565 4817 777 4872 videre.
839 4815 1001 4872 Unde
1055 4817 1257 4874 Petrus
1312 4817 1430 4874 ait:
1471 4822 1739 4879 Nuntiata
1847 4821 1991 4876 etin
2033 4822 2321 4875 secretum
2352 4817 2478 4887 ejus
2532 4831 2659 4887 que
2717 4815 2981 4887 concepit
3038 4831 3149 4882 me,
3187 4818 3250 4870 ut
3280 4830 3489 4888 cogno-

132 4906 253 4968 sunt,
298 4902 506 4975 inquit,
532 4907 684 4961 vobis
732 4921 835 4976 per
863 4921 949 4960 eos
978 4906 1172 4976 quibus
1200 4907 1734 4979 evangelisaverunt,
1847 4925 2006 4965 scam
2039 4906 2316 4979 mysteria
2372 4910 2492 4970 tua,
2552 4911 2615 4957 ut
2645 4902 2912 4958 hauriam
2968 4906 3334 4959 sacramenta
3361 4908 3482 4961 tua.

134 4981 315 5054 Spiritu
355 5001 536 5049 sancto
564 4995 730 5049 misso
766 4993 832 5048 de
880 4995 1033 5060 coelo,
1068 4996 1126 5048 in
1170 5011 1327 5066 quem
1355 4999 1739 5069 concupiscunt
1847 4997 2091 5067 Suscipe
2121 4996 2301 5067 igitur
2331 4993 2505 5047 Evam
2532 4993 2657 5062 jam
2691 5007 2803 5045 non
2852 4990 3113 5045 ficulneae
3160 4991 3315 5048 foliis
3346 4992 3486 5048 ado-

131 5076 287 5159 tmgeli
327 5083 634 5153 prospicere
670 5083 719 5153 (ι
760 5083 906 5139 Petr.
956 5100 997 5151 ι,
1045 5083 1158 5153 l2).
1201 5084 1347 5156 Ergo
1396 5086 1496 5158 qui
1543 5092 1735 5144 trans-
1844 5091 2092 5159 pertam,
2126 5083 2225 5138 sed
2281 5084 2481 5136 sancto
2513 5078 2785 5133 amictam
2816 5077 3056 5148 Spiritu,
3092 5082 3148 5132 et
3179 5095 3326 5135 nova
3355 5096 3486 5153 gra-

130 5157 240 5216 ierit
266 5169 553 5238 custodes,
594 5170 851 5226 Verbum
898 5169 1137 5227 invenit.
1188 5172 1483 5229 Transivit
1517 5175 1733 5232 Johan-
1843 5157 1927 5230 tia
1977 5172 2342 5244 gloriosam;
2413 5166 2552 5238 quia
2613 5166 2740 5238 jam
2808 5181 2923 5220 non
2979 5168 3262 5237 tanquam
3329 5169 3484 5225 809

132 5262 235 5315 nes,
264 5253 356 5324 qui
382 5255 637 5313 Verbum
682 5259 835 5331 apud
858 5259 1086 5315 Patrem
1118 5260 1340 5316 invenit
1367 5264 1545 5331 (Joan.
1580 5280 1619 5335 I,
1658 5267 1730 5337 1).
1844 5262 2064 5317 nudata
2118 5255 2499 5314 absconditur
2529 5272 2547 5307 :
2618 5254 2719 5308 sed
2781 5257 3064 5323 tanquam
3123 5253 3487 5313 circumdata

187 5338 265 5394 41.
295 5341 458 5399 Multi
513 5362 743 5419 quoque
800 5351 938 5403 sunt
995 5348 1096 5419 qui
1154 5347 1214 5403 in
1287 5350 1403 5406 otio
1462 5359 1734 5423 querunt
1839 5346 2169 5407 vestimenti
2193 5340 2795 5417 splendorefulgentis
2834 5339 3105 5405 occurrit,
3147 5340 3286 5411 quia
3311 5344 3486 5400 vestit

129 5420 412 5497 Christum,
444 5437 500 5490 et
532 5452 644 5492 non
690 5435 1015 5504 inveniunt,
1065 5441 1122 5493 et
1151 5436 1458 5495 inveniunt
1480 5420 1631 5498 eum
1671 5442 1731 5498 in
1841 5456 1969 5496 eam
2023 5434 2228 5510 gratia.
2271 5431 2382 5488 Sed
2444 5444 2547 5485 nec
2602 5429 2788 5484 Adam
2845 5426 3035 5500 primo
3093 5429 3290 5485 nudus
3360 5437 3485 5488 erat

185 5585 473 5666 (21g)‘Rom.
528 5595 664 5652 edit.
713 5614 783 5653 ex
832 5614 948 5654 uno
987 5597 1116 5654 Vat.
1165 5599 1316 5666 cod.,
1348 5603 1731 5662 veniamusad
1839 5604 1982 5660 dixit
2038 5597 2174 5660 noli,
2228 5594 2286 5649 in
2343 5587 3043 5666 edit._desiderabantur:
3081 5590 3183 5646 sed
3216 5591 3481 5647 omnium

124 5650 488 5732 Udgdalenam,
515 5650 794 5724 veniamus
824 5650 972 5725 atad
1003 5650 1634 5727 Jt'éra‘rh‘iiaﬁd’rﬁ'“
1662 5650 1731 5662 ww
1839 5650 1983 5732 ἓὶῖἑὲῖ
2009 5650 2349 5729 auctoritate
2381 5662 2649 5719 restituta
2679 5665 2837 5717 sunt.

184 5726 283 5800 (25)
312 5732 441 5798 Que
476 5726 819 5797 inseruntur
874 5740 1026 5797 inter
1076 5757 1265 5813 voces,
1317 5726 1575 5802 turritene
1649 5753 1726 5820 et,
