3830 6206
360 364 476 464 ω
1814 361 1872 426 S.

2202 363 2298 430 su
3614 379 3708 468 tu

359 503 591 580 quando
623 520 757 562 cum
789 499 1120 562 innocentia
1172 499 1449 560 vestiebat
1479 502 1573 575 (De
1618 501 1819 559 Pwnit.
1854 498 1992 561 dist.
2025 494 2082 566 Α
2111 497 2348 560 dicunt:
2396 501 2757 577 Egredimim,
2788 501 2846 573 id
2880 507 2991 578 est,
3023 505 3169 566 exite
3213 508 3284 567 de
3337 506 3704 572 sollicitudini-

355 598 411 664 2,
444 613 570 670 cap.
607 595 706 651 Sed
735 611 833 652 nec
867 594 1082 667 Adam.)
2110 592 2219 648 bus
2242 597 2299 648 et
2328 593 2780 668 cogitationibus
2810 595 3026 664 saeculi,
3050 597 3195 656 exite
3221 599 3292 656 de
3312 600 3588 673 angustiis
3606 620 3702 660 cor-

430 687 518 741 44.
551 685 825 740 Videntes
855 684 1048 755 itaque
1077 699 1206 740 eam
1240 682 1368 739 tiliae
1411 683 1738 741 Jerusalem
1769 683 1998 742 Christo
2109 681 2428 752 paratibus,
2491 684 2643 740 exite
2692 685 2764 742 de
2808 686 3165 744 vanitatibus
3197 689 3424 760 mundi,
3475 693 3527 745 et
3552 691 3703 748 videte

352 773 816 839 inhaerentem,et
843 773 1031 828 adhuc
1071 775 1481 829 ascendentem
1509 790 1642 830 cum
1674 789 1740 828 eo
1772 773 1998 846 (digna-
2108 786 2285 842 quam
2308 788 2406 828 rex
2429 773 2778 848 paciﬁcusin
2796 774 3263 848 diesponsalium
3280 794 3515 834 suorum
3533 779 3701 836 habeat

355 868 451 920 tur
481 863 634 918 enim
659 863 1051 934 quaerentibus
1075 863 1404 933 frequenter
1433 879 1753 928 occurrere,
1786 866 1842 917 et
1867 880 2000 918 con-
2105 857 2471 926 cbaritatem,
2504 879 2679 934 quam
2712 861 3002 936 gloriosus
3055 865 3208 921 870
3239 865 3335 936 sit,
3379 867 3509 938 quia
3537 883 3702 941 corpo-

356 953 703 1009 descendere
727 957 788 1006 ut
813 969 910 1009 eos
941 951 1145 1021 elevet)
1176 952 1414 1008 dicunt:
1445 953 1576 1020 Quae
1617 956 1694 1006 est
1736 953 1854 1010 haec
1873 967 1997 1024 quae
2105 948 2268 1004 ribus
2300 950 2779 1007 resurrectionem
2829 952 3008 1020 dedit,
3040 957 3098 1009 et
3127 953 3356 1010 animas
3389 954 3495 1011 sibi
3522 956 3698 1028 junxit.

353 1042 640 1098 ascendite
684 1041 894 1097 deserto
944 1040 1056 1110 (:26)
1109 1040 1289 1110 (Cant.
1345 1058 1426 1106 ιιι,
1457 1041 1512 1109 6)
1537 1040 1564 1093 ‘?
1597 1039 1870 1095 Desertus
1901 1039 1995 1094 hic
2103 1036 2232 1104 Haec
2265 1039 2462 1112 magni
2493 1044 2582 1096 est
2613 1057 2825 1096 corona
2868 1041 3223 1110 certaminis,
3261 1042 3370 1097 hoc
3402 1044 3699 1116 praeclarum

349 1135 516 1188 terrae
545 1129 708 1186 locus
739 1133 794 1184 et
837 1129 1097 1186 incultus
1137 1127 1389 1193 videtur,
1427 1127 1691 1184 sentibus
1721 1131 1778 1182 et
1808 1127 1992 1198 spinis
2103 1142 2319 1186 munus
2351 1127 2714 1199 sponsalium
2747 1128 2980 1197 Christi,
3014 1130 3254 1203 sanguis
3286 1132 3410 1201 ejus
3438 1137 3491 1188 et
3520 1132 3697 1206 passio.

351 1223 684 1276 nostrorum
716 1217 942 1274 obsitus
990 1215 1354 1272 delictorum.
1399 1217 1684 1274 Mirantur
1727 1215 1992 1273 videlicet
2101 1215 2246 1280 Quid
2299 1216 2452 1273 enim
2502 1216 2635 1290 plus
2684 1218 2875 1289 potuit
2919 1219 3077 1287 dare,
3131 1221 3232 1292 qui
3280 1220 3390 1276 sibi
3421 1221 3582 1278 etiam
3609 1239 3699 1277 non

351 1308 642 1380 quomodo
665 1307 862 1364 anima
883 1323 1008 1377 quae
1031 1305 1988 1376 anteininferno(‘27)derelinque-
2101 1305 2377 1377 pepercit,
2411 1309 2467 1360 et
2511 1323 2616 1378 pro
2665 1307 2834 1365 nobis
2881 1308 2938 1363 in
2991 1313 3239 1365 mortem
3287 1307 3533 1366 animam
3562 1327 3698 1367 suam

350 1397 538 1456 batur.
577 1396 851 1452 inhaereat
871 1395 970 1452 Dei
997 1395 1204 1461 Verbo,
1237 1399 1292 1450 et
1321 1393 1646 1450 ascenderit
1675 1394 1826 1450 sicut
1858 1395 1988 1451 vitis
2101 1392 2312 1449 obtulit
2343 1395 2451 1465 (29)
2482 1399 2504 1451 Ρ

348 1501 622 1559 pr0pago,
658 1485 714 1538 in
773 1483 1074 1556 superiora
1101 1500 1164 1540 se
1222 1483 1552 1556 subrigens,
1603 1481 1759 1538 velut
1791 1484 1987 1540 fumus

348 1527 622 1559 γενιωδνι
658 1527 714 1584 τ’
773 1527 1074 1582 ’ς“ι’ν“·ν’“
1103 1527 1164 1540 *ν
1222 1527 1552 1556 ν“’⁴“ὐ”“⁹’
1615 1527 1759 1538 “"‘"
1793 1527 1987 1540 “'"“‘"
2168 1527 2254 1580 47.
2294 1528 2419 1598 ipse
2448 1544 2680 1600 quoque
2728 1529 3013 1586 Dominus
3060 1531 3235 1587 Jesus
3277 1530 3581 1588 delectatus
3609 1533 3698 1587 ﬁde

347 1579 520 1631 natus
551 1589 617 1628 ex
673 1589 814 1644 )gm,
867 1576 1040 1644 atque
1100 1572 1216 1627 alta
1264 1577 1488 1641 petens,
1540 1576 1662 1628 tum
1713 1577 1988 1643 praeterea
2097 1613 2303 1644 ,ηεηη
2337 1616 2513 1644 με..-
2594 1618 2954 1644 ,,-ιι.,-;---
3036 1619 3216 1644 ..-ι;-
3300 1624 3350 1644 ,ι
3398 1619 3697 1644 --ιι--.ωε-

2095 1613 2304 1669 anima:
2337 1616 2534 1686 hujus,
2592 1618 2976 1684 confessione,
3034 1619 3246 1690 gratia,
3295 1624 3355 1675 et
3394 1619 3698 1676 collaudatis

2095 1705 2224 1774 ejus
2257 1705 2499 1772 meritis,
2559 1706 2798 1778 propius
2851 1723 2980 1763 eam
3033 1708 3277 1764 advocat
3323 1709 3552 1765 dicens:
3591 1708 3698 1765 Ades

2094 1793 2199 1848 huc
2225 1811 2259 1848 a
2287 1794 2514 1861 Libano,
2565 1811 2780 1866 sponsa,
2829 1796 2958 1852 ades
2982 1796 3090 1852 huc
3117 1814 3151 1852 a
3183 1798 3428 1854 Libano:
3469 1798 3696 1852 θωπεύει

2087 1889 2139 1938 et
2161 1885 2522 1954 pertransibis
2567 1901 2603 1939 a
2649 1887 2930 1957 principio
2979 1886 3108 1956 ﬁdei
3154 1904 3197 1941 ea
3247 1889 3424 1958 capite
3451 1887 3630 1956 Sanyr,
3653 1889 3696 1941 et

2091 1972 2443 2040 Hermonum,
2475 1990 2510 2029 a
2536 1975 2810 2045 speluncis
2868 1976 3108 2039 leonum,
3141 1991 3177 2029 a
3216 1977 3486 2031 montibus
3524 1975 3694 2046 parde-

2089 2075 2216 2114 rum
2246 2061 2418 2130 (Cant.
2457 2077 2530 2128 ιν,
2586 2063 2661 2128 8),
2713 2062 2823 2118 hoc
2869 2066 2994 2118 est:
3046 2063 3338 2135 Egredere
3365 2065 3435 2119 de
3474 2078 3691 2135 corpore,

2088 2154 2146 2204 et
2165 2153 2347 2204 totam
2373 2153 2428 2205 te
2449 2166 2612 2206 exue.
2646 2151 2772 2206 Non
2821 2155 2986 2223 potes
3003 2151 3168 2207 enim
3197 2152 3342 2208 mihi
3364 2153 3575 2218 adesse,
3603 2149 3695 2207 nisi

2089 2241 2222 2292 ante
2243 2239 2629 2310 peregrinaris
2657 2255 2690 2294 a
2719 2255 2980 2311 corpore,
3028 2239 3310 2312 quoniam
3341 2241 3439 2312 qui
3468 2242 3522 2296 in
3550 2254 3691 2296 carne

2089 2331 2248 2395 sunt,
2269 2327 2716 2399 peregrinantur
2734 2345 2768 2383 a
2793 2328 2888 2384 Dei
2908 2344 3106 2401 regno.
3139 2330 3301 2399 Ades,
3325 2330 3532 2401 inquit,
3561 2328 3689 2383 Ades.

2090 2415 2240 2470 Bene
2270 2417 2556 2488 repetivit,
2587 2418 2726 2488 quia
2769 2417 2891 2474 sive
2912 2434 3188 2489 praesens,
3225 2419 3345 2474 sive
3375 2419 3588 2483 absens,
3617 2417 3693 2471 ad-

2088 2519 2216 2559 esse
2237 2509 2294 2559 et
2335 2504 2562 2576 placere
2585 2503 2830 2561 Domino
2860 2505 2976 2563 Deo
2999 2511 3098 2562 tuo
3120 2506 3322 2564 debes.
3357 2507 3556 2562 Adesto
3571 2521 3689 2577 pre-

2039 2607 2244 2656 .sens,
2305 2593 2506 2649 adesto
2557 2594 2770 2650 absens
2824 2595 2934 2650 etsi
2994 2595 3188 2651 adhuc
3243 2595 3305 2651 in
3360 2611 3581 2667 corpore
3619 2608 3686 2648 es.

2088 2679 2228 2736 Mihi
2260 2681 2416 2736 enim
2466 2697 2672 2738 omnes
2728 2687 3042 2755 praesentes
3091 2687 3256 2750 sunt,
3302 2699 3540 2756 quorum
3569 2681 3688 2735 ﬁdes

2086 2784 2316 2826 mecum
2343 2773 2454 2826 est.
2488 2771 2668 2826 Adest
2696 2771 2862 2839 mihi,
2897 2771 2998 2843 qui
3057 2771 3196 2827 exiit
3245 2773 3316 2828 de
3346 2771 3564 2828 saeculo.
3591 2769 3688 2823 Ad-

2083 2861 2171 2912 est
2200 2857 2347 2913 mihi
2367 2859 2467 2930 qui
2485 2875 2577 2915 me
2591 2860 2829 2932 cogitat,
2855 2875 2951 2916 me
2972 2860 3256 2930 intuetur,
3288 2862 3358 2916 de
3387 2876 3474 2916 me
3501 2860 3684 2931 sperat,

2083 2947 2173 3002 cui
2197 2963 2304 3020 ego
2351 2949 2538 3019 portio
2567 2965 2721 3004 sum.
2757 2949 2936 3004 Adest
2978 2949 3142 3014 mihi,
3175 2949 3280 3020 qui
3313 2949 3550 3006 abfuerit
3576 2945 3684 3002 sibi.

2080 3035 2258 3092 Adest
2287 3035 2452 3103 mihi,
2486 3036 2586 3108 qui
2627 3052 2690 3092 se
2727 3037 3024 3110 negaverit
3048 3037 3182 3094 sibi.
3220 3039 3322 3094 Ille
3363 3053 3578 3094 mecum
3597 3038 3683 3099 est,

2081 3123 2182 3195 qui
2235 3125 2390 3180 intra
2427 3141 2490 3181 se
2540 3141 2654 3180 non
2705 3131 2815 3193 est,
2849 3125 3124 3198 quoniam
3175 3128 3280 3199 qui
3314 3127 3373 3182 in
3413 3140 3572 3182 carne
3593 3126 3682 3188 est,

1995 3221 2041 3292 ρ,
2077 3229 2194 3268 non
2219 3217 2307 3269 est
2337 3213 2396 3269 in
2429 3213 2657 3286 spiritu.
2691 3213 2793 3270 Ille
2841 3231 3070 3271 meeum
3118 3220 3228 3282 est,
3271 3217 3373 3288 qui
3401 3231 3466 3271 ex
3493 3230 3549 3270 se
3578 3213 3684 3284 ipso

2081 3301 2395 3374 egreditur.
2447 3303 2547 3359 Ille
2589 3304 2760 3374 juxta
2789 3319 2883 3359 me
2939 3308 3046 3370 est,
3091 3303 3191 3374 qui
3225 3309 3387 3361 extra
3435 3319 3493 3359 se
3522 3298 3681 3356 fuerit.

2080 3390 2180 3446 I-lle
2229 3391 2374 3446 mihi
2423 3392 2646 3465 integer
2689 3396 2799 3458 est,
2863 3392 2962 3464 qui
3009 3397 3250 3464 propter
3287 3410 3380 3449 me
3408 3385 3684 3464 perdiderit

2079 3479 2336 3535 animam
2368 3496 2557 3535 suam.
2592 3481 2660 3535 Et
2694 3479 2844 3547 ides,
2877 3481 3024 3546 ades,
3075 3496 3298 3552 sponsa,
3337 3480 3478 3546 ades,
3505 3477 3684 3534 transi-

2078 3570 2159 3624 bis
2188 3586 2223 3623 a
2267 3570 2546 3644 principio
2573 3568 2724 3638 ﬁdei.
2755 3569 2989 3625 Transit
3012 3573 3070 3625 et
3121 3569 3437 3640 pertransit
3461 3584 3490 3623 e
3519 3563 3682 3624 terris.

2076 3662 2134 3713 et
2160 3656 2474 3729 pertransit
2493 3673 2621 3728 qua
2646 3657 2719 3711 ad
2741 3655 3040 3713 Christum
3065 3657 3176 3727 (30)
3209 3656 3485 3728 pervenit.
3507 3655 3684 3709 Trans-

2076 3745 2121 3801 it
2170 3745 2301 3800 fidei
2351 3745 2580 3812 merito,
2639 3752 2698 3801 et
2745 3761 2989 3817 operum
3040 3744 3325 3814 claritate,
3399 3761 3519 3816 quas
3555 3741 3685 3797 lucet

344 1662 512 1719 bonis
542 1662 818 1736 operibus
849 1661 1051 1734 ﬂagret
1083 1661 1214 1731 (28).
1249 1660 1400 1715 Odor
1424 1664 1619 1716 autem
1653 1660 1748 1716 ille
1773 1660 1985 1716 oratio-

343 1753 436 1809 nis
465 1753 570 1825 piae
603 1750 823 1806 redolet
853 1751 1216 1814 suavitatem,
1241 1767 1368 1821 qua:
1408 1749 1682 1822 dirigitur
1716 1749 1867 1805 sicut
1895 1750 1984 1806 in-

344 1856 581 1898 censum
615 1839 672 1894 in
705 1843 1014 1910 conspectu
1049 1838 1244 1896 Dei.Et
1276 1839 1333 1894 in
1363 1837 1708 1912 Apocalypsi
1732 1838 1981 1911 legimus
2010 1859 2059 1926 Β

343 1929 520 2001 quod,
583 1927 831 1984 Ascendit
885 1929 1072 1997 [timus
1133 1929 1475 1984 incensorum
1523 1927 1590 1983 de
1644 1929 1982 1984 orationibus

339 2026 653 2074 sanctorum
697 2018 877 2089 (Apoc.
920 2035 1039 2083 VIII,
1089 2018 1164 2088 4),
1197 2033 1323 2089 qua:
1373 2017 1612 2072 incensa
1642 2017 1984 2073 deferuntur

339 2123 443 2182 per
473 2105 767 2179 angelum,
809 2109 1146 2162 sanctorum
1203 2105 1495 2161 orationes
1535 2104 1773 2169 scilicet,
1805 2123 1984 2177 super

341 2195 522 2252 altare
552 2195 694 2249 illud
729 2211 974 2250 aureum
1024 2194 1176 2265 quod
1225 2197 1316 2248 est
1360 2197 1492 2248 ante
1533 2195 1728 2250 sedem
1770 2195 1894 2262 Dei,
1927 2200 1982 2251 et

336 2287 620 2355 tanquam
645 2284 748 2356 piae
767 2282 1118 2351 precationis
1149 2299 1324 2338 suave
1345 2282 1562 2354 fragrat
1579 2288 1938 2355 unguentum
1965 2303 1978 2353 ;

340 2372 481 2446 quia
520 2373 589 2428 de
619 2377 965 2428 aeternorum
999 2376 1054 2426 et
1083 2370 1485 2438 invisibilium,
1518 2388 1632 2428 non
1666 2372 1734 2428 de
1773 2389 1980 2445 corpo-

337 2460 549 2517 ralium
580 2460 858 2532 petitione
890 2459 1281 2531 compositum
1313 2464 1438 2515 est:
1473 2459 1760 2533 praecipue
1783 2465 1977 2518 tamen

335 2548 556 2606 redolet
586 2553 641 2603 et
689 2548 846 2617 thus,
893 2565 961 2604 eo
1011 2549 1162 2620 quod
1216 2550 1470 2622 peccatis
1520 2553 1753 2606 mortua
1796 2550 1892 2615 sit,
1922 2554 1981 2606 et

336 2639 448 2696 Deo
481 2639 651 2693 vivat.

403 2728 490 2781 45.
525 2727 683 2784 Hanc
709 2727 888 2800 igitur
935 2728 1344 2783 ascendentem
1375 2731 1430 2782 et
1462 2744 1577 2782 non
1610 2728 1977 2785 resistentem

331 2814 610 2881 videntes,
645 2819 703 2870 et
746 2815 1088 2870 meritorum
1137 2817 1266 2886 ejus
1317 2816 1595 2872 odoribus
1656 2816 1975 2884 delectatae,

335 2908 716 2976 agnoscentes
745 2920 976 2976 quoque
1026 2903 1356 2961 Salomonis
1403 2903 1561 2961 illius
1590 2905 1815 2977 paciﬁci
1845 2922 1974 2965 esse

333 3007 633 3064 sponsam,
659 2990 833 3046 etiam
867 2991 1142 3046 comitatu
1170 2991 1376 3048 sedulo
1407 2998 1845 3066 prosequuntur
1874 3013 1972 3052 us-

333 3095 444 3151 que
477 3080 544 3134 ad
580 3078 794 3134 lectum
829 3078 1158 3136 Salomonis
1207 3081 1383 3152 (Cant.
1419 3099 1500 3149 ιιι,
1531 3084 1608 3153 7),
1642 3099 1706 3140 eo
1734 3085 1888 3155 quod
1920 3085 1970 3140 ei

327 3183 462 3224 vera
482 3168 712 3240 requies
733 3169 790 3222 in
827 3167 1056 3224 Christo
1087 3168 1382 3225 debeatur.
1410 3170 1613 3226 Lectus
1643 3171 1800 3227 enim
1831 3189 1964 3228 san-

329 3261 555 3314 ctorum
590 3255 854 3312 Christus
875 3261 982 3323 est,
1008 3257 1065 3312 in
1100 3274 1212 3330 quo
1245 3257 1649 3316 universorum
1683 3260 1838 3316 fessa
1863 3278 1966 3318 saa-

328 3343 628 3401 cularibus
661 3345 874 3418 praeliis
919 3346 1094 3402 corda
1145 3345 1536 3420 requiescunt.
1587 3348 1648 3404 In
1681 3349 1790 3405 hoc
1821 3349 1968 3407 lecto

329 3433 613 3506 requievit
662 3433 844 3501 Isaac,
875 3439 935 3490 et
992 3435 1286 3491 benedixit
1341 3435 1528 3492 ﬁlium
1552 3437 1850 3509 juniorem
1883 3439 1968 3495 di-

328 3538 503 3578 cens:
536 3522 707 3593 Major
752 3525 948 3579 serviet
994 3526 1201 3580 minori
1243 3525 1394 3594 (Gen.
1446 3543 1574 3593 xxv,
1619 3528 1731 3596 23).
1766 3528 1825 3584 In
1858 3528 1968 3586 hoc

327 3609 475 3665 lecto
507 3609 792 3664 recubans
847 3611 1024 3667 Jacob
1052 3613 1349 3668 benedixit
1379 3614 1685 3672 duodecim
1726 3616 1972 3673 Patriar-

329 3697 571 3753 chas.ln
594 3697 701 3752 hoc
725 3697 872 3754 lecto
896 3700 1180 3756 recubans
1209 3701 1651 3776 arcbisynagogi
1685 3703 1808 3760 ﬁlia
1839 3721 1968 3760 sur-

327 3786 474 3842 rexit
495 3804 529 3841 a
560 3787 832 3844 morte.1n
866 3787 974 3843 hoc
1003 3788 1148 3844 lecto
1193 3789 1391 3858 jacens
1438 3791 1624 3847 viduae
1657 3793 1967 3850 defunctus

326 3874 534 3932 mortis
561 3874 793 3931 vincula
825 3876 1039 3932 Christi
1069 3881 1306 3935 vocatus
1333 3895 1470 3935 voce
1497 3879 1786 3936 dissolvit.

397 3964 483 4019 46.
521 3964 805 4020 Perducta
837 3965 1017 4038 igitur
1061 3983 1279 4039 sponsa
1327 3984 1515 4040 usque
1545 3969 1614 4024 ad
1649 3970 1848 4041 sponsi
1879 3987 1966 4027 re-

2075 3834 2229 3890 sicut
2279 3834 2466 3903 Sanyr
2521 3837 2578 3889 et
2606 3834 2987 3902 Hermonum,
3048 3833 3155 3890 hoc
3205 3840 3317 3904 est,
3350 3833 3440 3889 via
3467 3831 3680 3887 lucerna

2073 3921 2288 3978 transit
2334 3922 2576 3978 devictis
2622 3923 3039 3980 tentationibus
3065 3923 3295 3994 seculi,
3345 3925 3400 3978 et
3427 3915 3683 3992 superatis

2076 4010 2353 4084 nequitiis
2413 4010 2842 4083 spiritualibus,
2885 4010 3128 4084 legitimi
3175 4015 3379 4082 petens
3437 4020 3679 4065 coronam

2074 4098 2448 4170 certaminis;
2481 4103 2538 4155 et
2577 4099 2705 4155 ideo
2751 4099 2967 4156 meruit
2999 4098 3235 4155 Christo
3261 4099 3554 4171 judicante
3580 4094 3687 4149 lau-

2074 4187 2219 4244 dari.

326 4053 544 4125 quiem,
598 4052 856 4125 nuptiale
905 4059 1124 4110 canunt
1177 4071 1411 4111 carmen
1443 4057 1702 4114 dicentes
1734 4057 1966 4116 filiabus

322 4141 674 4197 Jerusalem:
711 4142 1074 4213 Eyredimini,
1123 4148 1175 4199 et
1217 4144 1388 4202 valete
1416 4161 1596 4216 regem
1622 4148 1968 4204 Salomonem

324 4231 381 4285 in
405 4247 604 4286 corona
644 4247 749 4303 qua
787 4235 1066 4287 coronavit
1109 4249 1232 4288 eum
1262 4241 1436 4290 mater
1472 4236 1590 4306 ejus
1620 4238 1678 4290 in
1699 4237 1787 4292 die
1807 4253 1966 4309 spon-

321 4319 526 4386 salium
584 4320 699 4391 ejus
744 4320 923 4390 (Cant.
960 4338 1040 4386 ιιι,
1078 4321 1183 4392 11).
1229 4323 1459 4378 Canunt
1499 4323 1965 4395 epithalamium,
2145 4323 2234 4378 £8.
2273 4323 2470 4396 Hortus
2525 4321 2811 4378 conclusus
2873 4336 3025 4378 soror
3089 4337 3213 4376 mea
3277 4335 3490 4392 sponsa,
3527 4315 3686 4371 Ιιονιω

326 4411 385 4462 et
413 4423 628 4462 vocans
659 4411 891 4462 crateras
923 4413 1238 4480 potestates
1269 4410 1567 4480 caelorum,
1600 4411 1686 4467 vel
1717 4413 1966 4482 animas,
2077 4412 2384 4478 conclusus,
2432 4411 2556 4482 fons
2605 4409 2877 4484 signatus,
2921 4411 3236 4470 emissiones
3279 4412 3392 4468 tum
3427 4404 3685 4482 ρωάάίιςυδ

331 4499 393 4550 ut
423 4494 656 4549 videant
696 4495 1037 4550 charitatem
1073 4514 1247 4568 quam
1281 4498 1434 4554 circa
1464 4498 1616 4554 ﬁlias
1641 4500 1968 4558 Jerusalem
2077 4500 2350 4556 malorum
2396 4506 2752 4574 granatorum
2798 4515 2922 4554 cum
2966 4501 3152 4568 fructu
3201 4513 3487 4572 pomorum
3531 4488 3687 4564 Cypri

323 4583 499 4638 habet
546 4581 832 4637 Christus.
885 4583 1050 4638 Unde
1098 4589 1155 4638 et
1185 4585 1399 4640 meruit
1436 4588 1698 4644 coronari
1727 4606 1757 4644 a
1788 4594 1971 4648 matre
1999 4593 2054 4664 υ
2082 4589 2260 4661 (Cant.
2294 4605 2368 4656 ιν,
2403 4589 2488 4658 12,
2525 4587 2630 4659 13).
2663 4586 2958 4645 Laudatur
2977 4603 3213 4660 sponsa,
3246 4603 3312 4644 eo
3335 4584 3482 4659 quod
3507 4582 3684 4638 hortus

323 4669 488 4742 quasi
512 4668 667 4724 filius
689 4669 1009 4736 charitatis,
1034 4671 1188 4726 sicut
1211 4671 1424 4728 Paulus
1445 4674 1702 4730 ostendit
1722 4676 1922 4733 dicens
1947 4696 1960 4733 :
2029 4667 2031 4670 ⁴
2075 4678 2171 4746 sit,
2207 4677 2430 4742 habens
2458 4677 2520 4732 in
2549 4693 2614 4734 se
2643 4675 2878 4736 odorem
2928 4675 3052 4751 agri
3097 4673 3255 4732 illius
3286 4673 3462 4750 pleni,
3493 4672 3558 4726 de
3585 4681 3683 4739 quo

321 4759 464 4828 Quia
513 4759 652 4814 Deus
689 4759 893 4829 eripuit
944 4774 1041 4814 nos
1087 4759 1152 4814 de
1175 4764 1437 4831 potestate
1489 4762 1860 4831 tenebrarum,
1914 4776 1965 4824 et
2074 4765 2216 4822 dicit
2242 4765 2437 4833 Isaac;
2473 4764 2613 4821 Odor
2638 4764 2748 4835 ﬁlii
2772 4765 2885 4821 mei
2938 4768 3202 4834 tanquam
3245 4762 3385 4821 odor
3413 4761 3532 4834 agri
3551 4753 3685 4832 pleni

319 4849 604 4904 transtulit
651 4849 711 4902 in.
758 4863 987 4918 regnum
1031 4848 1143 4918 ﬁlii
1189 4848 1480 4906 charitatis
1514 4867 1628 4908 suae
1665 4853 1888 4921 (Coloss.
1922 4874 1960 4926 ι,
2072 4855 2225 4926 (Gen.
2280 4871 2454 4923 xxvn,
2504 4852 2617 4924 27).
2668 4857 2827 4912 Bona
2854 4867 2990 4926 ergo
3021 4851 3220 4910 anima
3273 4851 3508 4929 fragrat
3533 4844 3683 4901 odore

317 4939 428 5012 13).
463 4937 777 4994 Charitatis
828 4936 1024 5009 itaque
1082 4937 1240 4995 [ilius
1288 4943 1344 4994 et
1400 4939 1524 5012 ipse
1571 4941 1824 5000 charitas
1853 4949 1960 5013 est,
2067 4942 2328 5015 justitiaa.
2383 4943 2450 4999 Et
2497 4941 2744 4999 fortasse
2791 4944 3044 5016 agerest
3098 4939 3462 5013 patriarcha;
3501 4934 3680 4990 hortus

317 5045 430 5084 non
453 5043 524 5084 ex
541 5026 943 5084 accidentibus
965 5026 1186 5084 habens
1205 5026 1577 5084 charitatem:
1612 5031 1712 5087 sed
1743 5031 1964 5092 habens
2072 5036 2161 5089 est
2203 5031 2402 5105 anima
2448 5030 2742 5088 inferioris
2797 5029 3068 5108 alicujus,
3120 5028 3284 5108 quasi
3345 5025 3465 5101 agri
3492 5018 3677 5100 portio.

315 5133 548 5190 semper
577 5116 636 5174 in
670 5116 1002 5174 substantia
1055 5133 1164 5173 sua
1220 5132 1490 5189 regnum,
1536 5118 1606 5174 de
1639 5136 1753 5192 quo
1784 5120 1959 5178 dicit:
2072 5126 2130 5179 et
2160 5120 2365 5178 hortus
2395 5119 2653 5187 clausus,
2687 5134 2760 5174 ne
2789 5107 3124 5180 incursatur
3147 5135 3186 5176 a
3221 5115 3442 5184 bestiis,
3491 5114 3547 5172 et
3572 5107 3680 5163 {0118

313 5207 425 5278 Ego
455 5209 515 5264 in
545 5207 647 5264 hoc
691 5214 854 5262 natus
902 5222 1024 5261 sum
1069 5207 1288 5280 (Joann.
1338 5223 1496 5272 xvm,
1546 5208 1658 5278 37).
1711 5208 1964 5283 Ideoque
2072 5211 2338 5284 signatus
2369 5206 3149 5282 queintegritatesignaculi
3173 5200 3680 5280 perseverantiaan

530 5383 670 5460 MSS:
701 5384 947 5460 aliquot,
974 5399 1098 5460 quae
1116 5385 1390 5460 descendit
1409 5385 1672 5441 adesorto
1692 5389 1717 5439 .9
2287 5389 2426 5446 Mss,
2481 5386 2709 5460 aliqum
2771 5386 3028 5443 melioris
3075 5389 3246 5455 note,
3299 5387 3358 5440 et
3387 5395 3494 5454 “pro
3549 5371 3679 5430 110ῢῦ

387 5453 499 5531 (‘27)
532 5455 592 5531 ln
641 5453 860 5524 inferno
889 5453 1116 5531 (supple
1176 5457 1309 5531 loco,
1346 5455 1458 5510 hoc
1511 5462 1618 5521 est,
1650 5461 1804 5512 terra
1835 5475 1960 5531 quae
2070 5453 2489 5531 mortémisuam
2517 5453 2730 5516 obtulit.
2786 5528 2834 5531 A_
2940 5528 2951 5531 _
3233 5453 3239 5455 '
3377 5453 3407 5531 ξ
3517 5526 3526 5531 _
3627 5511 3660 5531 ﬂ,

297 5511 648 5602 _ita:n(_ltc_i‘tl_i_r
680 5511 941 5602 respectu
977 5511 1126 5591 6691i,
1157 5511 1321 5602 quod
1359 5511 1817 5602 supernumrest.
1841 5511 1956 5602 17“
2075 5511 2890 5602 “(36),VEidit.omnesLAdes
2918 5528 3310 5602 desponsata...
3338 5528 3390 5602 et
3411 5511 3677 5602 Ρενεναίξίίξ

387 5593 502 5672 (28)
527 5594 670 5646 Edit.
705 5585 872 5648 Hom.
907 5612 1035 5648 cum
1073 5585 1215 5651 mss.
1251 5585 1496 5668 aliquot,
1531 5599 1681 5653 bonis
1711 5601 1962 5672 operibus
2071 5585 2313 5670 cz‘terbs,
2372 5615 2497 5672 quae
2524 5622 2528 5626 '
2552 5600 2622 5658 ad
2683 5585 2984 5672 Christum,
3013 5585 3152 5655 'etc.
3205 5596 3388 5662 Nobis
3411 5585 3551 5649 'mss.
3577 5585 3676 5642 fere

315 5663 524 5729 ﬂagret.
1349 5663 1364 5668 ⁷
1740 5663 1754 5672 ’

1740 5663 1754 5672 ’
2073 5663 2337 5728 omnium
2368 5663 2538 5730 lectio
2567 5672 2757 5746 magis
2787 5663 3087 5743 probatur.
