3830 6206
119 351 229 418 545

1246 345 1481 407 LIBER
1523 342 1622 403 DE
1668 341 1896 404 ISAAC
1941 341 2042 401 ET
2085 339 2351 402 ANIMA.

3381 346 3496 406 546

119 481 244 539 ﬁdei
274 477 386 554 (3i)
418 479 649 552 propria
687 471 922 553 peccata
977 476 1230 534 diluerit.
1287 477 1432 533 Nam
1494 492 1622 548 quae
1678 476 1748 532 de
1777 475 1831 540 Α
1861 472 2154 542 dilectam,
2189 469 2440 527 exsilivit
2468 474 2525 525 et
2553 469 2807 544 reliquit.
2839 471 3032 528 Tertio
3064 490 3197 529 cum
3224 474 3284 529 in
3333 476 3499 531 cubi—

119 569 367 630 Ecclesia
399 568 637 642 accepit,
678 568 854 625 habet
883 567 1040 640 quod
1088 566 1160 622 ad
1204 566 1559 640 virginitatis
1615 581 1747 638 gra-

117 659 250 716 tiam
280 658 514 724 referat,
545 673 610 714 eo
644 657 798 730 quod
831 656 895 712 in
920 655 1193 729 paradiso
1225 653 1626 712 delectationis
1645 670 1744 726 po-

119 750 222 807 sita
250 747 380 804 sine
410 745 604 802 labore
651 746 877 802 fructus
923 743 1115 818 capiat
1161 740 1524 818 spirituales,
1580 745 1648 798 ut
1695 742 1751 798 ei

117 835 574 912 patriarcharum
605 824 815 891 animae
846 831 1032 890 rurali
1059 831 1316 906 quodam
1367 830 1565 887 labore
1595 831 1746 886 fruc~

117 929 204 984 tus
231 940 374 982 suos
401 924 700 982 conferant
726 923 867 995 (32),
898 938 1016 995 quo
1046 921 1161 978 ista
1189 934 1392 992 capere
1410 919 1600 993 possit
1619 936 1746 992 per-

116 1019 344 1088 petuam
376 1012 744 1069 suavitatem.
777 1011 914 1076 Quae
939 1009 1145 1067 merito
1177 1009 1307 1066 fons
1337 1008 1604 1082 signatus
1660 1007 1748 1062 di-

119 1104 274 1171 citur,
308 1117 376 1158 eo
410 1102 565 1175 quod
596 1101 789 1174 imago
829 1099 932 1157 Dei
962 1097 1270 1156 invisibilis
1297 1097 1358 1154 in
1401 1096 1501 1154 illa
1560 1097 1748 1170 expri-

120 1196 320 1249 matur.
355 1191 627 1248 Laudant
651 1189 833 1246 etiam
860 1203 1104 1245 munera
1133 1187 1341 1244 anima:
1382 1202 1509 1258 quae
1568 1186 1754 1242 missa

118 1285 302 1337 sunta
330 1296 548 1352 sponso
578 1278 716 1351 (33),
773 1278 990 1350 quibus
1035 1278 1236 1334 dotata
1289 1275 1576 1333 veniebat.
1636 1274 1750 1332 Dos

121 1359 303 1426 autem
333 1367 443 1440 pias
474 1366 682 1425 animus
715 1367 851 1423 boni
882 1367 1088 1422 odores
1117 1368 1280 1434 sunt,
1310 1365 1570 1437 myrrha,
1603 1363 1747 1432 aloe,

119 1472 360 1530 crocum,
393 1456 611 1530 quibus
642 1454 826 1528 spirat
853 1455 1156 1511 hortorum
1196 1454 1406 1528 gratia,
1439 1457 1495 1510 et
1548 1469 1750 1526 pecca-

121 1551 300 1602 torum
329 1542 504 1602 fmtor
531 1543 817 1602 aboletur.

181 1634 264 1690 49.
296 1635 503 1708 Itaque
532 1637 694 1690 tanto
753 1649 969 1689 secura.
1004 1632 1291 1705 praeconio
1340 1633 1752 1704 conquiescere

121 1725 254 1780 871
290 1722 630 1798 aquilonem
662 1738 898 1795 gravem
943 1725 1178 1778 ventum
1236 1721 1398 1794 petit,
1459 1738 1530 1776 ne
1583 1721 1753 1776 ﬂores

119 1813 404 1879 discutiat,
435 1811 663 1883 spirare
695 1814 961 1866 austrum
991 1809 1170 1883 (Cant.
1223 1827 1299 1877 ιν,
1359 1810 1468 1881 16),
1528 1809 1583 1864 id
1641 1812 1750 1876 est,

119 1900 229 1956 vult
255 1900 514 1957 hiemem
547 1900 858 1972 praeterire,
892 1903 949 1955 et
978 1897 1263 1956 mollioris
1296 1899 1468 1956 ﬂatus
1516 1913 1757 1954 vernare

119 1989 444 2067 temperiem
459 2031 473 2044 .
489 1989 1004 2061 lnvitat'sponsum
1028 1987 1086 2043 in
1109 1988 1346 2044 hortum
1378 2004 1550 2044 suum
1572 1986 1754 2059 (Cant.

121 2096 166 2146 ν,
197 2080 264 2140 1).
306 2075 629 2134 Descendit
657 2093 933 2149 sponsus,
975 2081 1034 2132 et
1080 2076 1340 2132 fructum
1389 2077 1534 2148 ejus.
1565 2076 1756 2131 diver-

123 2167 274 2222 sitate
302 2165 652 2234 delectatus,
693 2166 926 2222 laetatur
953 2165 1110 2237 quod
1143 2165 1430 2220 invenerit
1461 2165 1756 2220 fortiorem

124 2255 320 2322 cibum,
356 2253 649 2310 invenerit
677 2252 852 2308 etiam
884 2251 1224 2308 dulciorem.
1267 2252 1368 2307 Est
1412 2251 1568 2306 enim
1598 2248 1757 2306 velut

123 2344 274 2415 panis
303 2342 552 2415 quidam
572 2342 754 2410 verbi,
785 2347 844 2397 et
899 2341 1014 2397 mel
1048 2359 1060 2396 :
1129 2340 1282 2396 alius
1338 2339 1754 2405 vehementior,

125 2432 257 2488 alius
285 2431 595 2490 suasorias
630 2446 820 2487 sermo
851 2431 984 2503 (34).
1021 2431 1119 2486 Est
1146 2433 1204 2486 et
1232 2430 1378 2486 ﬁdes
1409 2429 1522 2485 alia
1541 2429 1757 2486 ferven-

125 2522 240 2591 tior,
271 2527 338 2577 ut
360 2521 570 2578 vinum
605 2538 617 2576 :
645 2520 762 2576 alia
790 2514 1056 2587 lucidior,
1091 2523 1156 2574 ut
1207 2536 1418 2576 succus
1449 2523 1538 2575 est
1589 2517 1758 2574 lactis

126 2608 272 2666 Hunc
301 2611 508 2668 cibum
546 2609 814 2666 Christus
842 2609 1112 2682 epulatur
1132 2609 1192 2664 in
1224 2608 1412 2678 nobis,
1447 2609 1556 2664 hoc
1587 2624 1757 2681 pocu-

127 2697 234 2754 lum
262 2701 424 2770 bibit,
461 2704 524 2756 et
545 2701 674 2772 ejus
700 2702 872 2770 potus
901 2699 1178 2756 ebrietate
1224 2715 1331 2755 nos
1371 2702 1659 2770 provocat,
1695 2701 1756 2752 ut

125 2790 185 2844 ad
216 2788 455 2846 meliora
485 2793 548 2845 et
567 2788 790 2861 optizna
819 2789 892 2844 ab
924 2787 1297 2846 inferioribus
1327 2787 1615 2844 faciamus
1665 2803 1757 2843 ex-

129 2893 364 2936 cessum.

752 2974 988 3032 CAPUT
1017 2975 1091 3030 Vl
1100 3017 1114 3030 .

131 3065 300 3122 Tribus
326 3065 727 3138 superioribus,
751 3067 1010 3136 perfectae
1036 3065 1247 3138 animae
1269 3063 1607 3138 processibus
1634 3065 1759 3138 stri-

192 3134 590 3210 ctimrre'petitis
617 3137 683 3192 de
710 3134 903 3208 quarto
929 3138 1110 3210 fusius
1140 3134 1396 3210 disputat.
1420 3137 1484 3191 In
1513 3136 1610 3190 hoc
1636 3137 1758 3190 ani-

1854 561 1920 632 li,
1943 566 1998 615 et
2015 561 2303 630 noctibus,
2328 559 2386 614 in
2405 559 2654 626 civitate,
2679 561 2738 615 in
2769 560 2910 628 foro,
2933 566 2988 616 et
3018 562 3078 616 in
3099 563 3308 635 plateis
3339 582 3498 637 qua:-

1857 648 2034 706 situm
2067 665 2182 707 non
2225 648 2554 720 reperisset,
2589 648 2900 721 aliquando
2961 652 3323 710 orationibus
3375 655 3498 710 suis

1856 736 2160 809 gratiaque
2188 737 2474 793 revocavit
2513 738 2647 809 (35),
2679 739 2820 794 adeo
2876 743 2940 794 ut
2994 741 3170 796 etiam
3229 743 3500 815 proprius

1854 830 2162 881 vocaretur
2190 843 2224 880 a
2250 841 2482 898 sponso.
2517 827 2728 892 Quarto
2780 828 2904 899 ipsa
2943 830 3069 898 jam
3124 831 3197 886 ab
3247 847 3315 886 eo
3367 832 3498 887 dor-

1857 913 2048 969 miens
2075 914 2378 981 excitatur,
2413 915 2678 985 quamvis
2709 917 2883 971 corde
2924 917 3208 990 vigilaret,
3254 923 3320 975 ut
3365 935 3502 976 con-

1857 1002 2022 1058 tinuo
2060 1017 2258 1058 vocem
2284 1001 2575 1074 pulsantis
2615 1003 2865 1059 audiret.
2895 1005 3004 1062 Sed
3041 1022 3265 1065 moram
3325 1025 3502 1081 passa

1859 1090 2000 1147 dum
2034 1090 2240 1163 surgit,
2275 1090 2414 1162 quia
2461 1091 2825 1147 velocitatem
2875 1093 3047 1150 Verbi
3099 1112 3215 1152 non
3273 1101 3502 1169 poterat

1859 1179 2370 1252 comprehendere,
2406 1179 2546 1234 dum
2583 1181 2768 1251 aperit
2801 1180 3040 1249 ostium,
3069 1183 3341 1240 transivit
3361 1185 3502 1242 Ver-

1860 1267 2024 1337 bum,
2059 1274 2115 1324 et
2142 1269 2271 1340 ipsa
2299 1269 2471 1324 exivit
2503 1270 2558 1323 in
2591 1271 2762 1325 verbo
2807 1271 2955 1341 ejus,
2988 1279 3046 1327 et
3105 1289 3208 1344 per
3262 1275 3505 1332 vulnera

1862 1357 2234 1429 requisitum,
2269 1357 2369 1413 sed
2401 1357 2641 1413 vulnera
2668 1358 2990 1427 churitatis,
3015 1360 3108 1415 vix
3138 1363 3374 1420 tandem
3414 1365 3501 1419 in-

1860 1445 2040 1514 venit,
2072 1449 2127 1501 et
2155 1446 2362 1514 tenuit,
2405 1449 2470 1500 ut
2500 1450 2702 1517 postea
2733 1464 2844 1502 non
2877 1449 3188 1506 amitteret.
3221 1453 3308 1508 Ad
3337 1469 3500 1509 sum-

1863 1551 2024 1590 mam
2055 1534 2176 1590 haac
2206 1535 2620 1606 compendioso
2651 1551 2918 1593 sermone
2976 1539 3287 1609 perstrinxi
3345 1543 3498 1615 (Sup.

1863 1639 1982 1696 cap.
2011 1624 2066 1692 3,
2100 1624 2132 1677 4
2160 1627 2213 1679 et
2241 1623 2316 1695 5).
2351 1623 2516 1679 Nunc
2546 1623 2932 1681 discutiamus
2963 1626 3214 1700 singula.
3513 1683 3518 1688 .

1933 1715 2021 1768 51.
2057 1716 2121 1767 Et
2142 1711 2191 1767 si
2223 1712 2499 1780 dormias,
2537 1711 2586 1767 si
2642 1715 2813 1767 modo
2873 1714 3236 1772 devotionem
3293 1718 3502 1774 animae

1865 1806 1975 1858 tuae
2009 1800 2230 1856 noverit
2257 1800 2542 1868 Christus,
2575 1801 2751 1866 venit,
2786 1806 2841 1856 et
2868 1803 3063 1874 pulsat
3092 1805 3500 1878 ejusjanuam,

1865 1896 1922 1946 et
1952 1890 2130 1946 dicit:
2160 1891 2328 1960 Aperi
2354 1889 2514 1958 mihi,
2547 1906 2700 1945 soror
2729 1908 2848 1945 mea
2885 1894 3071 1960 (Cant.
3133 1911 3184 1962 ν,
3216 1898 3292 1967 2).
3353 1897 3505 1954 Bene

1867 1997 2051 2046 soror,
2086 1979 2224 2051 quia
2254 1979 2472 2050 nuptiae
2523 1978 2856 2050 spirituales
2909 1986 3048 2036 sunt
3101 1982 3273 2040 Verbi
3332 1991 3505 2059 atque

1865 2069 2092 2123 animis.
2127 2068 2323 2139 Neque
2356 2067 2511 2122 enim
2575 2067 2782 2124 animae
2823 2073 3040 2141 norunt
3095 2073 3504 2146 conjugiorum

1867 2157 2101 2224 foedera,
2135 2161 2192 2212 et
2222 2173 2365 2212 usus
2409 2156 2626 2227 copula:
2667 2158 3002 2228 Corporalis,
3029 2161 3129 2215 sed
3160 2168 3301 2217 sunt
3357 2165 3508 2222 sicut

1867 2246 2057 2319 angeli
2088 2246 2147 2301 in
2179 2244 2342 2301 caelo.
2373 2246 2562 2316 Aperi,
2606 2245 2816 2316 inquit,
2859 2247 3021 2315 milii,
3056 2251 3157 2304 sed
3216 2256 3506 2310 extraneis

1866 2334 2070 2391 claude
2104 2352 2117 2388 :
2153 2334 2358 2389 claude
2391 2334 2620 2401 saeculo,
2655 2335 2858 2390 claude
2886 2338 3124 2405 mundo,
3162 2356 3350 2412 neque
3380 2343 3508 2415 ipsa

1867 2423 2021 2479 foras
2053 2424 2122 2477 ad
2159 2421 2257 2477 illa
2289 2423 2613 2478 materialia
2639 2425 3105 2498 prodeas,neque
3138 2434 3307 2484 tuum
3340 2430 3509 2487 relin-

1867 2529 2053 2583 quens
2086 2510 2305 2579 lumen,
2363 2511 2618 2566 alienum
2681 2515 2966 2585 requiras,
3025 2517 3164 2587 quia
3209 2520 3508 2577 materiale

1866 2602 2018 2657 372
2053 2600 2249 2656 lumen
2281 2601 2649 2656 tenebrosam
2674 2601 2929 2657 infundit
2948 2604 3278 2678 caliginem,
3305 2613 3370 2664 ut
3390 2627 3506 2666 non

1864 2690 2130 2745 videatur
2159 2688 2356 2744 lumen
2389 2707 2535 2745 verse
2567 2689 2782 2762 gloriae.
2815 2691 2982 2763 Aperi
3015 2709 3152 2766 ergo
3184 2696 3349 2764 mihi,
3388 2697 3505 2753 noli

1865 2779 2089 2850 aperire
2119 2778 2466 2847 adversario,
2500 2795 2688 2850 neque
2726 2780 2916 2835 locum
2950 2783 3052 2837 des
3084 2783 3336 2841 diabolo.
3359 2789 3506 2859 Ape-

1867 2868 1916 2922 ri
1946 2867 2134 2939 ipsam
2160 2871 2214 2923 te
2247 2866 2547 2939 mihi,noli
2581 2870 2880 2937 coarctari,
2914 2871 3014 2926 sed
3047 2870 3312 2941 dilatare,
3335 2878 3396 2930 et
3413 2876 3509 2931 ad-

1867 2956 2121 3029 implebo
2156 2964 2232 3013 te.
2266 2958 2335 3012 Et
2365 2958 2503 3030 quia
2546 2958 2791 3014 decurso
2821 2959 2962 3015 orbe
3015 2965 3326 3029 terrarum,
3376 2964 3510 3036 plus

1868 3045 2270 3101 molestarium
2303 3051 2360 3102 et
2381 3046 2721 3103 oll'ensionis
2753 3049 2962 3120 reperi,
2995 3066 3100 3105 nec
3136 3051 3300 3107 facile
3332 3053 3510 3109 habui

1870 3133 1970 3189 ubi
2001 3134 2427 3206 requiescerem
2464 3151 2476 3189 :
2511 3135 2640 3190 ideo
2669 3140 2727 3190 tu
2762 3137 2942 3208 aperi,
3004 3143 3066 3193 ut
3124 3139 3182 3194 in
3216 3145 3272 3196 te
3330 3141 3511 3197 Filius

189 3227 273 3299 nia
300 3205 579 3299 dormiens
598 3226 629 3299 ει
639 3205 1266 3299 ξρρἠὶςοῄιζξὲῇαἰξιζδθὶζ
1286 3205 1414 3261 dum
1438 3223 1620 3262 moras
1634 3215 1758 3290 ,ινα-

1944 3223 2130 3280 ωἱηὶε
2159 3223 2398 3279 reclinet
2427 3228 2620 3295 caput,
2657 3224 2748 3279 cui
2809 3242 2923 3280 non
2982 3232 3069 3281 est
3125 3229 3356 3299 requies
3397 3231 3508 3285 nisi

191 3279 261 3335 hit
291 3283 351 3336 in
379 3279 680 3350 surgendo,
709 3281 929 3344 transit,
967 3279 1213 3334 Verbum.
1238 3283 1366 3349 Ipsa
1396 3294 1519 3333 vero
1548 3281 1755 3350 exiens,

189 3366 276 3421 per
350 3349 586 3408 vulnera
659 3351 947 3405 charitatis
1000 3351 1330 3422 requisitum
1391 3352 1490 3405 vix
1539 3349 1759 3404 tandem

192 3425 403 3550 Exarsit,
437 3427 612 3494 atque
639 3422 716 3478 ita
746 3425 906 3486 tenet,
939 3423 1002 3475 ut
1011 3422 1133 3492 jam
1164 3422 1402 3492 amplius
1430 3436 1541 3475 non
1594 3422 1759 3476 amit-

191 3592 272 3647 50.
321 3591 587 3648 Audiens
654 3589 776 3646 haec
828 3590 1027 3645 anima
1085 3589 1286 3645 hausit
1343 3590 1759 3662 mysteriorum

140 3678 449 3737 ebrietatem
485 3678 838 3744 caelestium,
883 3681 940 3732 et
969 3677 1126 3732 velut
1156 3682 1427 3750 soporata
1465 3696 1499 3734 a
1526 3679 1679 3746 vino,
1706 3683 1763 3734 et

141 3768 284 3836 quasi
307 3769 362 3824 in
391 3785 640 3826 excessu
672 3767 758 3823 vel
789 3771 1024 3839 stupore
1056 3766 1246 3839 posita
1274 3767 1415 3822 dicit
1451 3784 1462 3822 :
1496 3770 1606 3837 Ego
1636 3768 1761 3824 dor-

140 3857 252 3922 mio,
281 3867 325 3914 et
349 3874 445 3915 cor
475 3873 663 3913 meum
693 3857 887 3925 vigilat
917 3855 1098 3926 (Cant.
1158 3872 1214 3921 v,
1247 3855 1324 3926 2).
1381 3855 1529 3912 Tum
1587 3856 1761 3912 Verbi

145 3948 415 4014 prementis
448 3945 678 4002 lumine
708 3959 1006 4016 percussa,
1039 3959 1174 3999 cum
1205 3944 1392 4001 oculis
1447 3945 1762 4017 requievis-

144 4038 217 4088 set
237 4034 455 4092 inﬂexis
479 4035 769 4092 excitatur
797 4051 832 4088 a
859 4033 1067 4089 Verbo.
1101 4034 1358 4098 Quartus
1413 4037 1610 4089 autem
1667 4033 1763 4091 hic

143 4135 419 4189 processus
444 4127 540 4181 est
556 4122 784 4180 animae.
804 4121 1000 4177 Primo
1023 4121 1239 4176 etenim
1257 4121 1561 4178 charitatis
1580 4122 1765 4195 impa-

144 4208 357 4279 tiens,et
375 4213 554 4270 Verbi
580 4228 774 4268 moras
797 4227 912 4266 non
942 4211 1133 4266 ferens
1158 4211 1418 4283 rogabat,
1462 4217 1528 4268 ut
1565 4212 1767 4269 oscula

146 4307 454 4372 mereretur,
477 4306 540 4358 et
571 4302 786 4357 meruit
811 4300 1210 4356 desideratum
1239 4299 1450 4357 videre.
1497 4302 1764 4358 Secundo

145 4383 446 4447 introducta
470 4406 705 4463 quoque
734 4389 790 4444 in
822 4386 1158 4444 cubiculum
1190 4388 1366 4462 regis,
1396 4401 1530 4446 cum
1563 4395 1768 4447 mutua

146 4475 385 4536 misceret
414 4478 695 4551 alloquia,
727 4478 785 4533 in
819 4479 1029 4535 umbra
1057 4483 1186 4553 ejus
1227 4479 1528 4550 requievit,
1559 4484 1616 4536 et
1672 4496 1764 4536 su-

146 4559 248 4620 bito
274 4567 526 4626 Verbum
552 4569 605 4624 ei
636 4569 707 4624 de
739 4568 932 4624 medio
961 4586 1232 4626 sermone
1269 4568 1558 4638 discessit,
1608 4585 1765 4641 que-
1799 4584 1844 4648 D

147 4654 272 4709 renti
293 4660 487 4714 tamen
521 4674 638 4714 non
667 4657 769 4713 diu
801 4657 1007 4726 abfuit,
1035 4659 1134 4715 sed
1165 4657 1381 4714 saliens
1406 4667 1586 4729 Supra
1604 4674 1768 4714 mon-

147 4739 218 4794 tes
235 4746 286 4798 et
304 4745 636 4802 transiliens
659 4762 724 4802 su
734 4761 836 4817 per
846 4745 1024 4802 colles
1039 4746 1412 4803 advenit.Nec
1427 4746 1612 4802 multo
1634 4752 1766 4818 post

151 4832 295 4898 quasi
318 4833 642 4907 capreolus,
665 4834 1378 4892 autcervorumbi‘nnulus
1397 4837 1538 4892 dum
1557 4837 1767 4892 ati'atur

185 4955 311 5035 .(3‘1)
348 4959 499 5035 Edit.
543 4966 770 5027 omnes,
804 4963 868 5016 et
891 4960 1232 5035 pauciis.
1273 4976 1411 5035 quae
1450 4964 1770 5035 integritate

152 5028 400 5092 signaculi
419 5035 818 5105 persevermzte,
852 5028 973 5102 quae
1003 5033 1127 5102 ﬁde,
1159 5028 1296 5105 etcf
1324 5032 1412 5086 Alei
1445 5028 1588 5088 vero
1639 5034 1766 5105 plu-

153 5108 230 5177 res
254 5105 306 5154 et
334 5103 649 5177 potiores...
677 5104 1352 5177 perseverantiaquefldei,
1386 5105 1611 5160 Rursus
1637 5103 1770 5177 post

153 5167 249 5248 {ria
279 5167 466 5248 verba,
501 5191 644 5231 mss.
677 5167 960 5248 quinque,
1001 5167 1258 5248 Nunquid
1287 5167 1527 5232 Eeclesia
1574 5167 1772 5248 aieipit

153 5237 480 5318 Habetqaml,
513 5250 619 5301 etc.
657 5265 669 5315 ;
700 5237 1270 5318 'duoiNanquid'non
1299 5248 1538 5302 Ecclesia
1573 5237 1769 5318 accipit

155 5311 272 5389 quod
301 5311 467 5381 habet,
500 5328 578 5390 ut,
613 5311 722 5390 etc.
755 5311 877 5390 Alii
897 5311 1132 5390 partim,
1165 5319 1302 5374 Nam
1331 5321 1425 5390 qui
1464 5319 1528 5373 de
1554 5311 1767 5390 Eccle-

155 5393 227 5504 ῗὲι
239 5391 516 5512 ἕεέρρενῖι,
547 5389 709 5514 thabet
738 5389 1028 5461 quod,etc.
1065 5390 1279 5462 partim
1308 5389 1443 5446 cum
1473 5389 1612 5445 edit.
1646 5396 1765 5447 ant.

247 5512 251 5514 _
367 5475 422 5512 in
478 5476 544 5514 ex
573 5477 632 5514 u.

247 5476 337 5516 [103
367 5476 422 5512 ὶῐ]
453 5476 632 5515 texm.

189 5521 320 5603 ,(32)
345 5530 525 5605 Codex
556 5531 773 5605 Long..
793 5535 857 5586 at
879 5531 1329 5605 patriarcﬂarum
1355 5532 1559 5590 animae
1605 5545 1768 5605 rara-

161 5588 212 5720 1r;
216 5588 458 5722 gantiam
510 5588 844 5663 amneusine
879 5588 1089 5663 'labore
1151 5604 1365 5681 fructus
1421 5588 1546 5665 suos
1589 5588 1769 5682 oonfe-

1868 3329 2049 3384 supra
2079 3311 2362 3367 humilem
2394 3317 2452 3368 et
2475 3318 2870 3368 mansuetum.

1941 3403 2028 3456 52.
2058 3401 2321 3456 Audiens
2354 3400 2552 3456 anima
2587 3418 2599 3456 :
2634 3402 2797 3473 Aperi
2823 3401 3028 3457 mihi...
3062 3408 3115 3458 et
3161 3414 3323 3476 caput
3371 3409 3512 3464 roris

1862 3490 2092 3561 plenum
2121 3489 2325 3560 (Ibid),
2360 3489 2468 3544 hoc
2497 3493 2606 3559 est,
2656 3490 3077 3548 tentationibus
3127 3494 3508 3552 saecularibus

1869 3578 2062 3634 subito
2095 3579 2348 3645 turbata,
2389 3583 2445 3634 et
2473 3579 2641 3650 quasi
2697 3585 3031 3637 surrectura
3087 3600 3212 3655 qum
3271 3600 3509 3658 surgere

1861 3669 2200 3738 jubebatur,
2237 3667 2337 3736 ait,
2371 3684 2507 3724 cum
2537 3667 2725 3724 aloem
2759 3669 3042 3726 redoleret
3072 3678 3130 3727 et
3185 3675 3509 3746 myrrham,

1870 3756 2124 3828 insignia
2152 3756 2468 3829 sepulturae
2502 3774 2514 3812 :
2549 3757 2695 3813 Exui
2746 3761 2989 3814 tunicam
3017 3777 3215 3831 meam,
3250 3765 3512 3834 quomodo

1871 3845 2099 3901 induam
2127 3861 2249 3901 eam
2279 3849 2301 3901 Ρ
2328 3847 2464 3900 Lavi
2485 3845 2646 3916 pedes
2674 3863 2842 3915 meos,
2899 3850 3158 3920 quomodo
3213 3853 3512 3924 inquinabo

1869 3950 1956 3991 eos
1987 3934 2144 4003 (Ibid.
2180 3936 2233 4006 3)
2265 3934 2291 3988 ?
2322 3935 2566 3990 Veretur
2592 3936 2748 3992 enim
2783 3953 2852 3992 ne
2883 3937 3092 3992 iterum
3125 3940 3183 3993 in
3241 3942 3513 3998 tcntatio-

1873 4039 1976 4078 nes
2007 4028 2294 4095 resurgat,
2334 4039 2406 4078 ne
2437 4024 2650 4078 iterum
2680 4024 2742 4078 in
2794 4024 3028 4096 culpam
3083 4027 3282 4082 redeat
3339 4035 3516 4100 atque

1873 4114 2196 4183 peccatum,
2230 4117 2285 4166 et
2313 4127 2586 4182 egressus
2615 4129 2755 4168 suos
2783 4113 3184 4185 virtutumque
3205 4132 3515 4186 processus

1873 4199 2120 4256 terrenis
2153 4199 2391 4270 incipiat
2427 4199 2688 4272 vestigiis
2746 4201 3075 4270 inquinare.
3117 4203 3280 4259 Certe
3338 4207 3515 4262 etiam

1874 4287 1984 4342 hoc
2017 4288 2188 4343 modo
2217 4287 2629 4359 perfectionem
2677 4287 2908 4344 virtutis
2940 4306 3056 4345 sua:
3112 4291 3354 4363 indicat,
3387 4310 3514 4366 quas

1874 4381 2098 4433 tantam
2129 4377 2339 4432 Christi
2370 4377 2585 4432 meruit
2614 4377 2975 4448 charitatem,
3022 4384 3086 4436 ut
3115 4382 3187 4436 ad
3245 4399 3394 4453 eam,
3423 4401 3517 4442 ve-

1877 4467 2019 4533 niat,
2033 4471 2090 4522 et
2109 4466 2304 4538 pulset
2314 4467 2561 4537 januam
2584 4468 2732 4538 ejus,
2771 4473 2827 4524 et
2848 4470 3040 4525 veniat
3060 4488 3194 4528 cum
3248 4473 3412 4531 Patre
3462 4482 3520 4533 et

1877 4561 2066 4611 coenet
2083 4573 2219 4612 cum
2244 4557 2448 4613 eadem
2489 4558 2710 4627 anima,
2753 4563 2811 4613 et
2855 4558 2982 4630 ipsa
3004 4578 3135 4617 cum
3160 4579 3246 4632 eo,
3275 4564 3427 4621 sicut
3458 4567 3517 4622 in

1875 4644 2221 4718 Apocalypsi
2252 4646 2398 4701 dixit
2435 4647 2692 4704 Joannes
2745 4651 2925 4721 (Apoc.
2986 4668 3070 4718 III,
3127 4654 3238 4724 20).
3292 4655 3518 4712 Etenim

1876 4751 2006 4790 cum
2039 4735 2098 4790 in
2133 4736 2535 4808 superioribus
2565 4738 2828 4794 audisset
2859 4756 2872 4794 :
2907 4741 3042 4796 Ades
3071 4743 3178 4808 huc
3205 4759 3241 4797 α
3291 4747 3516 4814 Libano,

1875 4839 2093 4895 sponsa,
2125 4825 2250 4881 ades
2279 4826 2384 4882 huc
2411 4843 2445 4881 a
2473 4827 2680 4884 Libano
2738 4829 2918 4899 (Cant.
2948 4847 3026 4897 IV,
3057 4832 3134 4902 8),
3167 4836 3221 4887 et
3250 4848 3383 4888 cum
3415 4835 3518 4888 ad-

1950 4949 2060 5019 (33)
2093 4948 2303 5024 Plures
2327 4967 2469 5005 mss.
2493 4966 2618 5022 quae
2646 4954 2810 5007 missa
2841 4959 2972 5008 sunt
2996 4971 3205 5024 sponso.
3239 4954 3401 5011 Unus
3419 4963 3523 5013 aut

1878 5020 2043 5087 alter,
2077 5037 2196 5091 quae
2223 5023 2394 5075 missa
2420 5020 2550 5076 sum
2573 5037 2797 5093 sponsae.
2823 5024 2956 5088 Alii,
2979 5020 3043 5078 ac
3075 5025 3214 5079 edit.
3249 5043 3374 5098 quac
3395 5031 3522 5084 mist

1876 5108 1939 5146 sa
1967 5101 2094 5147 sunt
2123 5108 2156 5145 ιι
2185 5106 2396 5162 sponso.

1947 5163 2061 5233 (3'4)
2092 5162 2394 5242 Mss._l_*3br.
2431 5166 2485 5242 et
2504 5163 2728 5242 Colb._in
2756 5179 3014 5242 corpore,
3041 5181 3104 5221 ac
3132 5168 3253 5240 Big.
3281 5169 3337 5224 in
3369 5169 3522 5242 glos-

1879 5251 1964 5300 sa,
1996 5248 2171 5288 sermo
2201 5233 2349 5288 alius
2378 5235 2760 5303 vehementior,
2814 5233 2960 5290 alius
3002 5233 3248 5295 suavior.
3301 5233 3411 5298 Sed
3462 5245 3520 5300 in

1878 5305 2126 5432 aliorum
2160 5310 2332 5374 atque
2355 5305 2492 5359 edit.
2536 5305 2796 5361 omnium
2830 5305 3073 5364 lectione
3107 5311 3250 5366 nihil
3291 5319 3522 5372 mutan-

1924 5393 2041 5431 um.

1924 5393 2041 5431 um.

1951 5446 2478 5532 (1‘35)Cunctae.edit'
2531 5452 2899 5532 cum‘paucis
2934 5470 3075 5512 mss.
3128 5459 3309 5528 gratia
3368 5476 3517 5532 aum-

1879 5522 2087 5576 rentem
2109 5520 2398 5605 revpfavil.
2432 5519 2756 5605 Nonmal'e;
2784 5526 2858 5579 At
2888 5519 3211 5605 mss.__oct0,
3233 5519 3521 5605 gratiaque

1878 5589 2258 5676 reuocauittid
2289 5595 2396 5663 est,
2430 5591 2619 5666 gratia
2647 5599 2704 5650 et
2729 5594 2921 5655 favore
2952 5599 3166 5676 quibus
3197 5589 3396 5666 anima
3423 5589 3519 5662 va-

1882 5667 1962 5724 let
1987 5666 2141 5744 apud
2176 5679 2480 5741 sponsum.
