3830 6206
290 231 409 289 547

1752 222 1819 282 S.
1862 221 2235 284 LIBROS"

3565 223 3672 284 358

298 368 539 416 mrtem
568 377 625 414 ,ο
656 374 831 415 carne
862 374 924 413 se
953 358 1183 413 Christo
1216 358 1417 410 adesse
1450 372 1561 409 non
1600 372 1792 424 posse,
1826 357 1924 408 sed
1959 362 2010 422 Α
2044 376 2153 409 bus
2186 368 2327 408 iane
2368 360 2775 426 pertransftur,
2826 358 2924 411 ubi
2971 364 3247 429 tanquam
3308 355 3668 428 signaculum

294 462 432 502 tunc
460 451 689 509 adesse,
722 449 769 501 si
804 447 1035 501 adesset
1082 449 1141 501 in
1186 448 1419 516 spiritu,
1464 444 1841 498 confrlrmans
1874 460 1935 497 se

294 539 361 591 ad
394 540 522 608 ejus
552 536 934 599 voluntatem,
954 542 1015 589 ut
1038 542 1191 589 esset
1214 542 1269 588 et
1300 536 1427 603 ipsa
1452 533 1769 586 conformis
1796 534 1935 584 ima-

294 624 409 693 gini
444 625 683 681 Christi.
706 626 831 694 jam
866 641 977 678 non
1010 630 1183 678 sentit
1228 624 1421 676 carnis
1475 620 1737 681 exuvias,
1766 624 1781 663 ἱ
1806 622 1933 687 jam

292 715 461 785 quasi
494 713 737 782 spiritus
765 714 918 766 exuit
950 728 1013 767 se
1042 712 1300 781 corporis
1330 708 1761 777 conjunctione,
1806 711 1934 777 jam

292 803 459 874 quasi
485 802 687 868 oblita,
718 806 775 855 et
804 817 931 871 qua:
964 800 1011 854 si
1046 800 1201 863 velit,
1244 798 1465 869 copulae
1514 798 1675 851 illius
1730 798 1937 850 memi-

292 891 449 945 nisse
478 906 591 943 non
624 888 830 959 possit,
852 890 935 941 ait
966 904 981 941 :
1016 889 1159 941 Erui
1186 890 1431 940 animm
1450 901 1650 939 meam.
1673 883 1935 953 quomodo

289 980 513 1032 induam
540 976 705 1031 em?
737 977 905 1030 Exuit
934 978 1091 1029 enim
1118 976 1379 1028 tunicam
1413 974 1572 1026 illam
1610 972 1931 1043 pelliceam,

286 1082 465 1138 quam
500 1070 851 1136 acceperunt
876 1065 1061 1118 Adam
1093 1070 1150 1117 et
1182 1064 1297 1117 Eva
1326 1068 1457 1133 post
1488 1062 1744 1131 culpam,
1776 1060 1932 1113 tuni-

287 1171 417 1209 cam
448 1153 813 1224 corruptelae,
847 1154 1105 1206 tunicam
1148 1153 1510 1222 passionum.
1543 1149 1813 1215 Quomodo
1844 1151 1928 1200 in-

286 1245 457 1297 duam
484 1258 608 1297 eam
634 1241 807 1295 ἵκοι)
840 1241 1085 1311 requirit
1118 1248 1181 1293 ut
1208 1241 1413 1293 induat
1444 1256 1458 1291 :
1500 1239 1599 1292 sed
1634 1239 1713 1290 ita
1744 1236 1931 1307 signi-

292 1333 427 1385 ficat
464 1331 774 1400 abiectam,
818 1334 879 1381 ut
906 1331 1029 1395 jam
1078 1328 1417 1381 indumento
1461 1326 1571 1380 sibi
1628 1341 1755 1379 esse
1812 1341 1926 1377 non

290 1426 508 1490 posset.
555 1420 689 1472 Lari
716 1418 875 1485 pedes
906 1433 1065 1475 meos.
1100 1416 1360 1485 qumodo
1409 1416 1705 1485 inquinabo
1764 1414 1932 1465 illos?

288 1512 393 1562 hoc
425 1514 534 1569 est,
568 1506 825 1567 Vestigia
854 1522 983 1558 mea
1009 1505 1139 1567 lavi,
1178 1506 1315 1557 dum
1368 1504 1691 1573 egrederer,
1724 1519 1790 1555 ac
1836 1518 1927 1554 me

284 1600 565 1651 (levarem
595 1595 666 1649 de
702 1594 965 1664 corporis
994 1593 1396 1658 contubernio,
1428 1594 1499 1645 de
1557 1592 1658 1644 illa
1715 1586 1925 1644 conne-

288 1688 519 1740 xioneet
536 1682 1555 1752 familiaritecarnalisamplexusf3!)
1586 1724 1601 1739 .
1632 1679 1926 1749 quomodo
1958 1723 2004 1786 Β

286 1774 606 1844 mquinabo
627 1789 715 1835 ea,
750 1778 811 1825 ut
839 1771 895 1823 in
919 1770 1175 1841 corporis
1206 1774 1552 1833 claustrum,
1584 1776 1639 1823 et
1664 1769 1825 1821 illum
1852 1773 1929 1819 te-

285 1866 598 1917 nebrosum
623 1862 962 1931 passionum
993 1860 1122 1928 ejus
1154 1875 1445 1913 carcerem
1476 1864 1839 1912 revertantur
1863 1856 1891 1907 ?

350 1953 443 2007 53.
478 1955 621 2005 Dum
658 1950 775 2003 haec
818 1949 916 2003 illa
944 1948 1110 2015 dicit,
1144 1949 1307 2002 misit
1334 1946 1728 2018 operationem
1756 1960 1925 1999 suam

286 2041 536 2095 Verbum
582 2043 859 2108 tanquam
903 2053 1006 2107 per
1048 2052 1375 2099 cavernam,
1436 2052 1549 2088 non
1591 2034 1785 2087 adhuc
1842 2034 1925 2086 fa-

280 2129 364 2183 cie
395 2126 720 2189 adfaciem,
757 2127 917 2179 misit
964 2132 1245 2195 tanquam
1292 2140 1583 2178 manum:
1630 2124 1695 2176 Et
1746 2130 1928 2175 venter

283 2217 492 2287 inquit,
516 2232 665 2269 meus
693 2215 1019 2268 conturbata
1082 2218 1161 2266 est
1181 2229 1346 2282 super
1390 2229 1534 2265 eum.
1583 2213 1647 2265 Et
1702 2212 1928 2265 surrexi

280 2322 373 2373 ego
404 2306 620 2374 aperire
664 2306 835 2371 fratri
878 2318 1016 2356 meo.
1069 2301 1261 2355 Munus
1306 2316 1446 2355 mea:
1498 2300 1921 2354 disliltazerunt.

282 2394 588 2461 myrrham,
618 2391 779 2460 digiti
812 2393 921 2444 mei
960 2391 1186 2457 myrrha
1225 2391 1382 2460 pleni
1421 2392 1545 2441 sunt
1590 2404 1754 2450 super
1808 2404 1921 2440 ma-

282 2498 384 2537 nus
411 2482 683 2535 clausura:
725 2480 908 2545 (Cant.
962 2495 1016 2545 v,
1049 2480 1080 2532 4
1110 2483 1185 2547 5,.
1245 2478 1393 2539 Quid
1446 2479 1553 2531 hoc
1612 2477 1920 2547 significet.

280 2570 740 2625 consideremus.
788 2567 1048 2622 Primum
1088 2568 1365 2638 operibus
1394 2566 1519 2620 suis
1561 2567 1811 2628 videtur,
1861 2569 1925 2617 ut

281 2660 420 2725 dixi,
464 2658 621 2714 Deus
680 2657 935 2712 Verbum
983 2660 1265 2726 tanquam
1319 2672 1421 2726 per
1448 2669 1775 2717 cavernam,
1810 2670 1923 2707 non

282 2748 449 2819 plene
462 2754 636 2818 atque
667 2748 916 2817 perfecte
939 2762 953 2799 :
986 2745 1197 2798 deinde
1219 2748 1471 2813 augetur
1488 2758 1674 2807 amor,
1707 2746 1765 2795 et
1791 2757 1926 2795 con-

282 2841 489 2905 ceptus
520 2833 824 2895 adolescit,
881 2838 1058 2901 atque
1112 2847 1181 2884 ex
1233 2829 1562 2885 seminibus
1621 2832 1752 2899 ejus
1796 2847 1926 2901 quae

282 2922 537 2995 quodam
570 2926 737 2976 utero
764 2918 1139 2991 intelligibilli
1161 2918 1485 2990 susceperit
1503 2918 1720 2984 anima,
1741 2922 1923 2972 totam

282 3009 708 3084 plenitudinem
739 3008 1070 3063 divinitatis
1091 3010 1221 3078 ejus
1241 3007 1601 3062 habitantem
1634 3007 1691 3061 in
1716 3022 1784 3061 eo
1804 3023 1926 3061 cor-

2046 447 2283 515 pcnit-sr
2313 447 2369 498 in
2408 446 2599 498 medio
2628 448 2755 513 ejus
2788 446 3071 500 Dominus
3096 447 3287 500 Jesus.

2112 535 2203 587 54.
2234 533 2491 604 Denique
2522 535 2722 587 statim
2752 534 2903 588 alus
2960 536 3254 605 profectus
3294 533 3469 588 Verbi
3499 540 3673 587 trans-

2043 623 2263 687 euntis,
2296 623 2435 692 quia
2464 624 2638 675 exivit
2670 624 2865 676 anima
2900 624 2955 676 in
2989 624 3163 677 verbo
3218 624 3373 692 ejus,
3431 622 3539 676 hoc
3574 627 3671 687 est,

2041 711 2280 764 verbum
2314 712 2441 778 ejus
2486 718 2687 765 secuta
2716 712 2893 766 exivit
2949 713 3021 767 de
3068 728 3331 782 corpore,
3361 709 3591 766 elevans
3616 725 3670 765 se

2042 800 2115 853 de
2143 800 2273 868 ejus
2295 799 2651 859 habitaculo.
2676 804 2732 853 et
2765 802 3131 872 peregrinam
3162 817 3226 855 se
3256 800 3481 854 faciens
3506 798 3577 866 ei,
3603 803 3662 852 ut

2042 888 2271 941 adesset
2306 888 2442 953 Deo,
2474 893 2531 941 et
2560 894 2713 943 esset
2742 889 2887 943 citis
2916 896 3275 943 sanctorum.
3308 886 3500 943 Simul
3520 885 3665 941 enim

2043 980 2099 1029 et
2128 977 2321 1029 carnis
2354 976 2682 1041 domestici,
2712 983 2768 1031 et
2826 976 2925 1031 Dei
2984 993 3114 1032 esse
3164 994 3279 1031 non
3341 990 3665 1047 possumus.

2041 1065 2190 1134 Ergo
2220 1064 2277 1116 in
2311 1065 2417 1118 hoc
2449 1064 2573 1118 loco
2602 1066 2757 1118 exire
2786 1066 3171 1136 signiﬁcatur,
3198 1072 3263 1119 ut
3290 1065 3433 1127 dixi,
3466 1063 3662 1131 anima,

2042 1153 2275 1222 quando
2306 1153 2544 1206 abducit
2568 1168 2631 1207 se
2659 1170 2693 1206 a
2720 1154 2981 1224 corporis
3036 1154 3456 1223 voluptatibus.
3508 1151 3663 1207 Deni-

2038 1258 2149 1311 que
2172 1241 2455 1311 scriptum
2482 1248 2569 1295 est
2594 1258 2609 1293 :
2632 1243 2741 1295 Exi
2760 1242 2825 1295 de
2855 1244 3150 1311 Babylone.
3191 1244 3467 1311 fugiensa
3516 1240 3666 1295 Chal-

2039 1329 2171 1383 dzi:
2215 1332 2340 1383 (sui.
2364 1345 2558 1389 XLVIII.
2580 1332 2651 1382 '20
2681 1331 2833 1384 .Xon
2870 1332 3071 1401 utique
3103 1338 3163 1383 ut
3192 1331 3484 1402 regionem
3508 1329 3664 1400 Baby-

2042 1418 2193 1471 lonis
2228 1418 2504 1471 Hebraeus
2551 1420 2755 1483 fugiat,
2788 1420 2886 1473 sed
2950 1426 3013 1471 ut
3068 1436 3281 1483 mores,
3344 1417 3662 1490 prophetico

2041 1508 2391 1560 admonetur
2412 1508 2483 1561 aii
2506 1508 2667 1577 Anqtiin
2697 1526 2711 1563 :
2746 1509 3033 1578 siquidem
3068 1508 3185 1560 sint
3218 1509 3319 1578 qui
3352 1508 3409 1560 in
3442 1506 3664 1577 Babylo-

2039 1612 2109 1647 ne
2130 1598 2243 1647 sint
2270 1596 2503 1649 hebraei.
2528 1604 2580 1648 et
2600 1596 2671 1647 de
2694 1595 2979 1665 Babylone
3008 1598 3197 1649 exisse
3228 1594 3491 1649 moribus
3517 1593 3665 1648 doce-

2038 1690 2159 1736 ant.
2186 1683 2327 1736 Nam
2359 1690 2413 1736 et
2446 1683 2526 1735 iili
2559 1686 2629 1736 de
2660 1685 2877 1753 quibus
2901 1685 3039 1737 dicit
3074 1685 3361 1754 propheta
3389 1684 3538 1755 quod
3582 1698 3663 1736 se-

2036 1773 2251 1825 debant
2284 1788 2461 1842 super
2494 1774 2739 1825 tlumina
2770 1772 3076 1843 Babylonis
3118 1774 3292 1837 (Psal.
3345 1788 3562 1827 CXXXVI.
3594 1772 3658 1838 l).

2035 1862 2312 1914 sedebant
2344 1862 2578 1930 quidem
2613 1861 2669 1914 in
2703 1863 2935 1917 regione
2958 1862 3292 1930 Babylonis,
3314 1861 3417 1915 sed
3446 1860 3504 1915 in
3544 1860 3658 1928 ejus

2036 1967 2149 2003 non
2181 1956 2347 2004 erant
2374 1950 2532 2002 vitiis
2562 1955 2616 2003 et
2649 1950 3007 2004 confusione.
3032 1950 3176 2004 Nam
3198 1950 3491 2021 quomodo
3512 1951 3659 2003 erant

2037 2038 2091 2089 in
2128 2038 2226 2090 illa
2258 2037 2598 2091 confusione
2635 2037 2928 2101 vitiorum,
2987 2039 3087 2108 qui
3147 2037 3369 2092 ﬂebant
3415 2040 3655 2109 gerentes

2038 2128 2437 2198 prenitentiam
2471 2127 2624 2195 quod
2666 2127 2737 2181 de
2768 2140 2903 2179 arca
2931 2126 3280 2189 devotionis,
3338 2143 3405 2181 ac
3436 2126 3582 2195 ﬁdei,
3609 2128 3657 2178 et

2034 2214 2267 2268 virtutis
2301 2220 2554 2284 paterna:
2586 2215 2811 2268 meritis
2841 2215 3197 2269 excidissent
3221 2213 3250 2268 τ
3301 2214 3438 2278 Qua
3481 2219 3654 2268 autem

2034 2304 2090 2357 in
2124 2302 2312 2358 Verbo
2343 2303 2461 2357 eXit
2481 2304 2698 2363 anima,
2726 2303 2981 2357 Verbum
3004 2304 3271 2374 requirit.

2101 2395 2192 2446 55.
2228 2392 2388 2446 L'nde
2418 2398 2473 2445 et
2503 2392 2616 2445 ista
2645 2408 2777 2445 cum
2813 2399 3115 2463 quaereret,
3145 2391 3354 2447 incidit
3384 2391 3440 2446 in
3484 2395 3653 2446 custo-

2033 2483 2137 2537 des
2166 2481 2266 2552 qui
2292 2482 2661 2534 circumeunt
2681 2480 2968 2535 civitatem
2992 2483 3432 2548 :Percusserunt,
3460 2479 3649 2550 inquit,

2032 2587 2137 2629 me,
2168 2579 2218 2624 el
2248 2570 2677 2623 vulnerat-erunt
2702 2585 2807 2625 me.
2862 2569 3105 2622 tulerunt
3134 2569 3373 2638 pallium
3399 2584 3429 2620 α
3450 2583 3530 2621 me
3572 2581 3652 2619 ru-

2030 2658 2202 2712 stodes
2274 2673 2555 2709 murormn
2630 2670 2643 2723 i~
2666 2658 2829 2711 Cant.
2904 2673 2957 2721 v,
3037 2659 3132 2725 7).
3211 2658 3361 2711 Bene
3432 2656 3650 2727 quidem

2033 2746 2201 2816 quasi
2234 2762 2451 2816 sponsa
2474 2745 2741 2800 veniebat
2781 2762 2916 2799 cum
2949 2746 3125 2817 pallio
3180 2762 3325 2815 quo'
3358 2744 3652 2800 obnuberet

2034 2840 2207 2906 caput
2237 2852 2412 2888 suum
2442 2851 2575 2887 cum
2610 2851 2864 2904 sponsus
2893 2841 3207 2889 ocurreret.
3231 2834 3399 2889 Sicut
3419 2833 3652 2888 Rebecca

2033 2941 2162 2996 quin
2188 2924 2421 2994 cognito
2450 2924 2606 2993 quod
2640 2924 2800 2977 Isaac
2858 2922 2967 2977 sibi
3016 2923 3237 2976 veniret
3294 2922 3515 2986 obvius,
3569 2920 3651 2973 de-

2035 3013 2263 3067 scendit
2290 3013 2364 3066 de
2391 3010 2635 3079 camelo,
2667 3017 2725 3065 et
2754 3010 2930 3082 pallio
2960 3028 3023 3065 se
3047 3011 3283 3083 operuit
3310 3010 3457 3075 (Gen.
3513 3022 3649 3071 xxtv,

283 3098 576 3172 poraliter,
610 3101 675 3152 ut
720 3096 992 3169 legimus,
1036 3096 1229 3151 Videre
1284 3096 1592 3152 desiderat-
1642 3095 1923 3162 Surrexit,
1954 3087 1996 3154 C
2035 3104 2125 3171 65)
2161 3118 2174 3155 :
2206 3102 2289 3155 ita
2316 3105 2373 3155 et
2403 3100 2524 3155 haec
2555 3100 2754 3154 anima
2781 3099 3063 3171 nuptialis
3086 3100 3264 3155 vestis
3298 3096 3653 3172 przeveniebat

285 3194 345 3243 ut
374 3186 644 3261 proprius
676 3185 819 3241 illud
848 3186 948 3241 Dei
987 3185 1242 3241 Verbum
1300 3186 1541 3241 videret.
1576 3186 1645 3240 Et
1700 3185 1759 3239 in
1812 3184 1921 3239 hoc

284 3279 408 3347 ipso
440 3291 750 3348 processus
779 3275 908 3346 ejus
938 3274 1329 3347 significatur,
1360 3276 1512 3346 quod
1546 3274 1797 3329 surrexit
1822 3289 1925 3344 per

284 3368 537 3438 vigorem
563 3368 738 3437 atque
793 3367 1088 3419 virtutem.
1158 3364 1472 3419 Praesentia
1526 3364 1681 3419 enim
1749 3362 1920 3417 Verbi

282 3454 481 3510 hausit
509 3455 664 3510 87³
694 3453 893 3508 anima
925 3453 1226 3518 virtutem,
1276 3453 1431 3507 sicut
1458 3451 1769 3524 praesentia
1806 3455 1923 3505 Ma-

284 3544 403 3608 riae,
424 3559 559 3598 cum
584 3546 746 3597 utero
771 3542 963 3613 gravis
996 3546 1170 3605 esset,
1217 3541 1465 3597 erudivit
1518 3543 1803 3599 Joannem
1862 3539 1922 3593 in

287 3638 451 3687 utero
471 3629 1034 3696 constitutum,adeo
1060 3638 1119 3684 ut
1144 3629 1402 3685 exsiliret
1443 3631 1501 3685 in
1524 3636 1707 3697 utero,
1731 3634 1789 3684 et
1826 3645 1924 3683 ex-

286 3720 532 3776 sultaret
550 3717 779 3774 Domini
799 3717 1168 3788 presentiam
1191 3733 1633 3791 recognoscens.
1666 3716 1928 3772 Surrexit

285 3808 533 3880 aperire,
555 3811 615 3863 et
633 3822 808 3878 Opera
828 3806 956 3877 ejus
972 3810 1026 3861 et
1049 3806 1199 3860 facta
1220 3808 1567 3862 mortificata
1593 3810 1731 3862 sunt
1754 3821 1924 3860 mun-

286 3900 381 3953 do.
403 3896 561 3952 Talis
575 3894 730 3952 enim
753 3895 924 3951 debet
947 3894 1293 3951 esseanima
1308 3912 1435 3967 quas
1454 3894 1707 3950 Verbum
1729 3899 1818 3950 est
1838 3910 1926 3949 re-

288 3989 550 4058 ceptura,
612 3987 678 4039 ut
741 3983 1027 4039 moriatur
1084 3984 1325 4050 mundo,
1385 3988 1444 4038 et
1498 3982 1930 4056 consepeliatur

289 4075 541 4131 Christo.
574 4072 669 4130 Sic
697 4072 854 4129 enim
903 4072 1170 4128 Christus
1218 4072 1528 4141 invenitur,
1568 4080 1628 4129 et
1669 4072 1784 4128 tale
1815 4071 1927 4128 sibi

290 4163 500 4237 quierit
528 4162 870 4235 hospitium.
904 4161 1122 4218 Deinde
1164 4161 1293 4233 ipsa
1340 4162 1665 4220 ministeria
1719 4177 1929 4233 cpera-

290 4254 539 4319 tiuuum,
572 4251 631 4306 id
662 4256 770 4317 est,
804 4267 1016 4305 manus
1041 4254 1095 4306 et
1125 4249 1288 4323 digiti
1323 4251 1538 4323 quibus
1554 4250 1931 4323 comprehcn-

291 4341 452 4396 ditur
480 4340 769 4411 Christus,
812 4339 1235 4396 Mortiﬁcantur
1266 4358 1279 4407 ;
1313 4356 1461 4411 quos
1508 4339 1728 4411 digitos
1773 4338 1931 4395 velut

2031 3190 2289 3260 insignia
2318 3190 2451 3258 (37),
2484 3206 2556 3243 ne
2617 3189 2764 3243 forte
2819 3188 3176 3259 rejiceretur,
3232 3188 3404 3260 quasi
3457 3189 3651 3241 vestem

2030 3296 2145 3334 non
2178 3278 2402 3333 habens
2431 3276 2794 3348 nuptialem;
2827 3278 2913 3332 vel
2947 3282 3012 3332 ut
3040 3282 3217 3349 caput
3243 3276 3464 3332 velaret
3501 3288 3649 3345 prop—

2030 3376 2121 3423 ter
2146 3367 2405 3439 angelos,
2430 3366 2529 3420 sed
2559 3364 2643 3419 illi
2673 3371 3088 3436 percusserunt
3110 3381 3260 3430 eam,
3317 3369 3383 3421 ut
3413 3361 3643 3434 amplius

2033 3458 2394 3529 probaretur.
2414 3456 2769 3509 Exercentur
2795 3456 2951 3509 814
2974 3454 3130 3509 enim
3163 3453 3373 3508 anima:
3416 3448 3652 3508 tentatio-

2031 3547 2226 3600 nibus.
2249 3543 2598 3599 Tuleruntei
2620 3542 2885 3613 pallium,
2909 3548 3238 3614 quaerentes
3258 3543 3309 3598 si
3333 3558 3525 3597 verum
3564 3538 3647 3592 de-

2034 3646 2225 3688 corem
2250 3632 2420 3686 nuda:
2442 3632 2672 3685 virtutis
2695 3631 2956 3687 afferret:
2982 3629 3067 3685 vel
3108 3631 3247 3702 quia
3269 3632 3398 3685 sine
3443 3630 3648 3698 integu-

2035 3726 2251 3789 mento,
2274 3721 2408 3792 quis
2432 3722 2490 3774 in
2514 3719 2677 3774 illam
2694 3719 2982 3775 caelestem
3008 3719 3299 3774 civitatem
3328 3719 3527 3775 debeat
3569 3715 3647 3767 in-

2034 3812 2229 3875 troire,
2256 3810 2417 3864 nulla
2437 3809 2703 3863 deferens
2728 3824 2929 3863 secum
2977 3809 3344 3879 Operimenta
3385 3808 3643 3862 fucorum.

2035 3903 2184 3956 Sunt
2198 3900 2371 3955 etiam
2392 3898 2827 3969 quirequirant,
2852 3913 3051 3968 nequa
3069 3898 3265 3951 anima
3309 3895 3534 3953 exuvias
3568 3907 3648 3946 se-

2036 4006 2170 4045 cum
2183 3988 2353 4044 vehat
2364 3984 2997 4053 carnalisillecebraa,et
3010 3983 3534 4058 concupiscentiam
3547 3993 3651 4036 cor-

2037 4077 2319 4151 poralem.
2388 4076 2653 4130 Nudatur
2708 4073 2909 4146 pallio,
2943 4092 3078 4129 cum
3136 4076 3265 4145 ejus
3324 4066 3651 4129 conscientia

2039 4166 2467 4221 manifestatur.
2526 4164 2639 4218 Sed
2695 4168 2783 4219 est
2867 4167 2923 4217 et
2979 4179 3106 4235 quae
3190 4164 3335 4218 bene
3394 4160 3650 4220 nudatur,

2038 4254 2130 4309 cui
2163 4254 2295 4309 licet
2324 4250 2541 4306 imitari
2575 4251 2775 4306 dicens
2810 4268 2822 4303 :
2864 4252 3015 4306 Venit
3043 4251 3198 4306 enim
3227 4253 3481 4323 princeps
3509 4244 3654 4316 hujus

2036 4342 2254 4409 mundi,
2285 4345 2335 4397 et
2367 4344 2425 4395 in
2456 4357 2542 4397 me
2572 4342 2810 4397 inveniet
2838 4341 2984 4395 nihil
3014 4342 3191 4411 (luan.
3222 4357 3340 4406 xxv,
3372 4338 3460 4409 30)
3492 4354 3504 4404 ;
3534 4331 3653 4405 quia

292 4428 612 4485 eminentia
627 4428 909 4483 factorum
934 4434 1265 4483 nostrorum
1296 4444 1472 4500 opera
1487 4445 1804 4499 possumus
1823 4445 1929 4484 ωε·
1959 4448 2008 4513 D
2039 4439 2195 4488 certe
2224 4432 2281 4485 in
2316 4429 2413 4485 illo
2444 4429 2567 4485 solo
2599 4429 2745 4484 nihil
2778 4429 3015 4492 invenit,
3060 4429 3159 4500 qui
3218 4432 3513 4499 peccatum
3552 4435 3650 4477 non

292 4519 521 4573 limare.
555 4516 753 4587 Itaque
780 4515 937 4571 velut
961 4532 992 4572 e
1020 4515 1325 4588 complexu
1356 4533 1464 4572 suo
1493 4533 1627 4571 cum
1652 4518 1778 4588 jam
1835 4534 1929 4573 ex-

295 4606 559 4663 tenderet
579 4602 974 4676 intelligibiles
996 4620 1207 4659 manus
1228 4621 1366 4661 suas
1386 4605 1762 4676 etdigitos,ut
1778 4623 1934 4661 com-

296 4692 680 4769 prehenderet
698 4691 953 4747 Verbum
976 4692 1259 4748 transisse
1286 4691 1395 4748 sibi
1419 4693 1584 4761 illud,
1601 4710 1715 4750 non
1736 4699 1932 4751 tamen

295 4783 487 4840 adhuc
514 4779 901 4854 pertransisse
929 4780 1128 4836 anima
1157 4781 1254 4853 pia
1279 4781 1437 4837 dicit.
1473 4782 1539 4838 Et
1567 4783 1675 4839 hoc
1696 4800 1935 4856 proces-

296 4891 426 4929 sum
458 4871 655 4938 habet,
690 4870 926 4943 quando
953 4870 1164 4925 transit
1192 4873 1249 4926 et
1306 4874 1621 4943 pertransit
1675 4874 1934 4928 animam

296 4961 550 5019 Verbum
582 4959 706 5029 Dei,
740 4960 878 5033 quia
904 4959 1191 5032 scriptum
1251 4965 1380 5016 est:
1434 4963 1498 5017 Et
1552 4966 1705 5017 tuam
1762 4966 1934 5035 ipsius

293 5053 543 5107 animum
560 5049 923 5122 pertransibit
940 5048 1183 5120 gladius,
1203 5051 1261 5104 ut
1281 5050 1591 5106 revelantur
1636 5051 1935 5107 multorum

294 5141 539 5197 cordium
602 5139 950 5211 cogitationes
1016 5139 1165 5209 (Luc.
1249 5155 1307 5208 II,
1374 5140 1488 5209 35).
1566 5139 1669 5195 Hic
1743 5139 1935 5196 adhuc

298 5229 599 5294 transitur,
621 5244 736 5284 non
766 5225 1154 5301 pertransitur
1181 5243 1193 5283 :
1229 5230 1294 5284 ut
1318 5226 1571 5285 Mariain
1603 5228 1934 5301 posteriori-

300 5448 517 5595 pugfg)
545 5447 817 5508 Nonnulli
851 5466 1017 5510 mss"
1046 5452 1433 5525 familiaritate
1490 5457 1778 5532 carnisque
1818 5475 1938 5519 am.

2038 4521 2193 4576 fecit.
2224 4520 2396 4575 Beata
2424 4524 2481 4573 et
2510 4517 2612 4572 illa
2639 4522 2728 4572 est
2756 4518 2812 4570 in
2847 4534 2963 4589 qua
2990 4534 3102 4573 non
3135 4517 3333 4590 gravia
3363 4518 3462 4571 aut
3490 4508 3653 4567 multa

2039 4607 2259 4665 invenit
2286 4625 2298 4663 :
2328 4607 2428 4662 sed
2456 4605 2678 4661 invenit
2707 4606 2765 4660 in
2797 4623 2865 4661 ea
2895 4605 3174 4660 amictum
3196 4604 3425 4671 ﬁdei,et
3451 4597 3654 4671 sapien-

2038 4699 2131 4754 tia:
2158 4696 2555 4768 disciplinam.

2109 4787 2201 4843 56.
2233 4787 2435 4857 Itaque
2466 4785 2593 4841 sine
2651 4784 2961 4856 dispendio
3020 4783 3111 4839 sui
3176 4783 3338 4855 (quia
3393 4778 3495 4835 etsi
3524 4771 3654 4831 volet

2043 4877 2194 4948 quis,
2230 4892 2347 4931 non
2380 4878 2571 4946 potest
2598 4890 2795 4929 veram
2826 4873 3055 4929 auferre
3113 4871 3456 4944 sapientiam
3491 4882 3503 4919 :
3558 4857 3651 4917 etsi

2043 4964 2410 5021 adversarius
2440 4963 2757 5034 obstrepat,
2791 4960 2870 5017 ibi
2896 4965 3093 5016 tamen
3122 4976 3258 5015 vera
3285 4955 3521 5013 innoxie
3542 4963 3652 5006 con-

2040 5052 2384 5110 versationis
2428 5051 2619 5107 elucet
2645 5050 2991 5123 integritas),
3046 5049 3173 5106 sine
3209 5044 3508 5120 dispendio
3535 5049 3649 5108 ergo

2042 5142 2313 5200 transivit
2342 5141 2637 5210 custodes,
2670 5144 2729 5196 et
2754 5138 2986 5196 ﬁliabus
3015 5138 3172 5194 illius
3203 5134 3450 5193 coalestis
3484 5127 3649 5187 civita-

2041 5232 2118 5289 tis
2144 5231 2397 5288 admista
2417 5229 2674 5287 Verbum
2706 5229 2966 5300 requirit,
2999 5232 3058 5285 et
3087 5225 3392 5302 querendo
3438 5221 3555 5293 ejus
3601 5212 3652 5267 in

2059 5533 2069 5544 ,
2114 5455 2473 5589 (ξηρωηθε
2498 5455 2636 5515 edit.
2671 5471 2805 5513 cum
2836 5452 3038 5530 paucis
3095 5468 3264 5520 mss.,
3312 5434 3652 5525 prwmittebal

2059 5546 2135 5589 ms
2162 5545 2311 5589 ama.

2046 5545 2311 5609 insignia.
