3830 6206
155 291 254 353 549

1252 280 1483 349 LIBER
1528 290 1628 350 DE
1670 282 1897 352 ISAAC
1939 289 2037 354 ΕΤ
2082 286 2362 354 ΑΝΙΜΑ.

3387 300 3509 360 550

151 442 203 482 se
229 422 417 480 excitat
443 417 800 486 charitatem,
832 421 889 477 et
919 418 1017 475 ubi
1038 418 1293 476 Verbum
1324 424 1543 494 quaerat
1573 436 1748 494 agno-
1775 423 1829 489 Α
1860 429 2115 480 avertere
2192 423 2350 481 illam
2390 424 2612 497 oculos,
2655 439 2726 481 ne
2764 442 2890 482 eam
2933 427 3311 484 considerans
3350 432 3506 502 quod

151 513 260 571 scit.
290 509 439 574 Quod
471 509 618 565 inter
665 508 956 565 orationes
1002 512 1338 565 sanctorum
1388 513 1665 579 moretur,
1698 514 1755 566 et

151 600 279 675 quod
340 599 479 672 ipsis
537 596 835 666 inhaereat,
885 599 1066 666 novit,
1118 602 1175 654 et
1225 599 1379 671 quod
1434 597 1752 655 Ecclesiam

149 705 310 756 suam,
365 686 448 743 vel
505 686 728 743 animas
786 688 1075 758 iustorum
1137 703 1379 744 suorum
1436 687 1589 744 inter
1631 687 1756 744 lilia

88 791 97 798 '
147 780 336 852 pascat,
368 774 652 849 intelligit.
682 775 799 832 Hoc
830 775 1176 849 mysterium
1225 776 1334 832 tibi
1364 776 1424 831 in
1455 774 1752 848 evangelio

145 866 396 922 Dominus
424 863 864 932 demonstravit,
885 880 1021 920 cum
1040 863 1102 920 in
1124 863 1369 921 sabbato
1395 864 1629 920 duceret
1650 879 1754 937 per

143 953 399 1012 seminata
458 951 776 1025 discipulos
844 951 996 1025 (Luc.
1063 967 1143 1021 vr,
1212 951 1287 1024 l).
1357 951 1585 1024 Moyses
1649 968 1753 1024 per

143 1043 404 1099 desertum
453 1039 618 1097 duxit
671 1040 958 1115 p0pulum
1016 1040 1357 1098 Judmorum
1386 1040 1562 1113 (Deut.
1592 1057 1748 1109 XXIX,

141 1131 184 1203 5)
210 1147 223 1186 :
251 1128 506 1187 Christus
535 1145 640 1202 per
671 1127 961 1185 seminata
990 1127 1172 1197 ducit,
1204 1128 1471 1186 Christus
1501 1144 1604 1201 per
1626 1127 1751 1185 lilia

142 1218 291 1285 ducit,
322 1217 455 1290 quia
481 1221 540 1274 et
568 1233 673 1290 per
701 1217 1035 1290 passionem
1079 1217 1209 1290 ejus
1256 1217 1555 1274 desertum
1582 1217 1751 1274 ﬂoret

140 1310 193 1362 ut
214 1305 407 1363 lilium.
438 1306 766 1379 Sequemur
793 1321 951 1379 ergo,
987 1308 1053 1362 ut
1080 1304 1141 1361 in
1173 1305 1268 1363 die
1296 1305 1545 1375 sabbati,
1590 1304 1750 1362 illius

141 1394 306 1469 magni
337 1393 581 1463 sabbati,
615 1394 676 1450 in
707 1410 823 1466 quo
855 1394 1088 1466 requies
1117 1409 1336 1467 magna
1381 1398 1492 1463 est,
1521 1394 1748 1453 fructus

139 1482 463 1556 colligamus.
496 1482 613 1539 Nec
643 1482 895 1539 verearis
926 1499 999 1539 ne
1027 1482 1301 1539 Pharisaai
1332 1486 1610 1539 accusent
1657 1498 1748 1538 se-

137 1572 326 1627 minata
354 1570 741 1644 colligentem.
773 1571 896 1627 Etsi
930 1569 1011 1625 illi
1045 1574 1319 1627 accusent
1344 1571 1443 1627 sed
1480 1570 1748 1628 Christus

137 1663 361 1729 excusat,
410 1664 468 1715 et
532 1657 757 1716 similes
824 1659 961 1715 facit
1014 1675 1164 1732 quas
1216 1659 1340 1715 vult
1395 1659 1626 1715 animas
1685 1669 1787 1715 se‘

137 1752 406 1820 sequentes
435 1747 616 1804 David
648 1747 826 1816 illius,
851 1747 954 1820 qui
987 1765 1165 1821 supra
1184 1746 1371 1822 legem
1402 1763 1585 1822 panes
1615 1765 1745 1821 pro-

133 1835 406 1908 positionis
452 1837 851 1893 manducabat
897 1837 947 1910 (I
972 1837 1096 1910 Reg.
1143 1854 1258 1905 ιιι,
1297 1837 1374 1909 6),
1417 1853 1574 1893 novas
1613 1852 1744 1910 gra-

134 1924 206 1979 tiie
253 1928 615 1982 sacramenta
653 1924 996 1998 prophetica
1025 1926 1152 1997 jam
1192 1928 1333 1981 tunc
1373 1930 1568 1982 mente
1609 1942 1743 1998 pro-

134 2030 370 2086 spiciens.

729 2129 957 2187 CAPUT
995 2129 1118 2185 VII.

132 2220 302 2274 Anima
330 2220 594 2275 laudatur
621 2235 655 2274 a
683 2234 899 2291 sponso,
931 2218 1226 2291 quodcum
1270 2227 1409 2291 tam;
1433 2219 1563 2275 bene
1590 2235 1748 2276 cons-

187 2293 449 2363 tanterque
477 2289 845 2363 requisiérit‘:
877 2289 1018 2363 quod
1045 2289 1240 2363 fidelis,
1271 2289 1411 2362 quod
1429 2290 1606 2363 _verbo
1650 2306 1746 2363 po-

188 2367 319 2435 tens,
337 2361 474 2435 quod
512 2361 624 2416 una
650 2365 713 2416 ut
738 2361 1020 2435 columba;
1049 2361 1444 2435 deniquequ
1470 2363 1543 2417 sit
1557 2361 1747 2433 fecun-

188 2432 248 2487 da
270 2432 581 2500 virtutibus,
616 2448 681 2488 ac
706 2433 859 2487 vitiis
888 2436 1089 2488 careat.

187 2545 268 2603 57.
298 2547 597 2604 Laudatur
626 2546 824 2619 itaque
854 2562 889 2602 a
913 2562 1131 2620 sponso
1161 2547 1317 2620 quod
1349 2550 1470 2603 tam
1514 2546 1662 2603 bene
1691 2552 1750 2603 et

136 2638 435 2691 constanter
462 2633 803 2708 requisierit
847 2651 1017 2703 eum;
1060 2634 1308 2708 ideoque
1347 2636 1474 2707 jam
1505 2652 1621 2691 non
1656 2652 1748 2692 so-

132 2714 234 2778 lum
260 2740 415 2781 soror
442 2722 789 2792 dicitur,sed
811 2722 987 2780 etiam
1005 2723 1371 2797 beneplacita
1387 2723 1747 2795 nominatur,

132 2812 276 2884 quasi
336 2812 386 2869 ei
448 2811 805 2886 complacita
868 2812 971 2885 qui
1023 2812 1377 2886 complacuit
1434 2813 1624 2883 Patri;
1693 2817 1752 2870 et

132 2901 365 2972 speciosa
435 2901 599 2960 sicut
663 2899 1014 2972 Jerusalem,
1072 2901 1225 2957 sicut
1281 2901 1590 2958 admiratio
1656 2918 1749 2958 or-

132 2987 306 3045 dinata
372 2990 566 3062 (Cant.
642 3005 729 3055 Vl,
805 2989 890 3061 3),
968 2990 1124 3062 quod
1198 2988 1451 3046 civitatis
1522 2993 1748 3046 aeterna)

132 3077 373 3135 universa
425 3077 648 3135 habeat
668 3078 1027 3151 mysteria,et
1055 3076 1427 3134 admirationi
1453 3078 1531 3135 sit
1558 3079 1750 3136 omni-

132 3164 225 3223 bus
248 3167 579 3223 videntibus
609 3182 772 3235 eam;
802 3166 942 3239 quia
968 3166 1141 3239 plena
1187 3171 1252 3222 ut
1292 3167 1535 3241 aequitas
1574 3172 1748 3241 atque
1778 3151 1822 3219 C

133 3255 354 3325 perfecta
380 3261 489 3322 est,
507 3259 567 3312 et
596 3254 877 3328 fulgorem
911 3256 982 3312 de
1011 3256 1183 3312 Verbi
1213 3254 1437 3313 lumine
1462 3260 1747 3325 mutuata,

134 3341 252 3398 dum
280 3344 334 3400 id
358 3359 596 3418 semper
622 3343 901 3411 intendit;
935 3344 998 3399 fit
1028 3344 1203 3400 etiam
1231 3344 1512 3400 terribilis
1548 3346 1751 3402 ordine

136 3431 356 3501 quodam
389 3434 460 3490 ad
495 3448 803 3489 summum
853 3436 1121 3504 provecta
1161 3435 1464 3489 virtutum.
1503 3434 1755 3506 Ideoque

139 3519 280 3589 quasi
331 3522 602 3594 perfecta
663 3519 805 3577 dicit
854 3536 868 3575 :
917 3522 1115 3577 Averte
1162 3522 1347 3577 oculos
1395 3538 1431 3578 a
1475 3538 1581 3589 me,
1637 3524 1756 3579 noli

138 3616 296 3666 contra
338 3627 422 3667 me
467 3610 756 3667 intendere
798 3609 954 3680 (Ibid.
1002 3611 1092 3679 4),.
1118 3610 1422 3667 devotione
1468 3611 1651 3667 nimia
1688 3628 1755 3668 ac

138 3694 232 3752 ﬁde
265 3699 712 3771 possibilitatem
752 3703 976 3755 naturas
1013 3702 1071 3754 et
1110 3699 1461 3756 conditionis
1508 3701 1754 3773 propria:

142 3799 487 3858 supergressa
544 3787 683 3859 quia
736 3786 927 3843 lucem
963 3786 1430 3844 inaccessibilem
1462 3805 1493 3844 e
1521 3789 1757 3862 regione

140 3870 319 3930 intueri
356 3880 444 3932 est
481 3891 679 3950 grave.
714 3876 923 3944 Averte,
954 3875 1168 3948 inquit,
1200 3876 1381 3933 oculos
1410 3884 1529 3933 tuos
1558 3894 1594 3933 τι
1633 3894 1720 3933 me
1731 3895 1754 3941 ;

139 3976 193 4017 eo
215 3965 352 4035 quod
382 3964 808 4038 plenitudinem
842 3964 1163 4020 divinitatis
1191 3965 1342 4036 ejus,
1384 3969 1441 4021 et
1483 3964 1755 4038 splendo-

140 4065 239 4106 rem
263 4055 375 4109 veri
402 4052 654 4110 luminis
686 4053 978 4109 sustinere
1029 4070 1144 4109 non
1194 4052 1399 4127 possit.
1434 4052 1756 4110 Possumus

139 4140 305 4196 tamen
354 4146 412 4199 et
461 4142 553 4199 sic
606 4142 865 4214 accipere
905 4159 919 4198 :
961 4143 1151 4198 Avertc
1188 4141 1372 4198 oculos
1409 4146 1529 4199 tuos
1574 4160 1610 4199 a
1645 4158 1753 4199 me.

139 4224 237 4282 Etsi
271 4235 329 4285 tu
367 4231 628 4304 perfecta
665 4246 750 4296 es,
792 4229 916 4286 alia!
956 4230 1105 4286 mihi
1158 4230 1350 4288 adhuc
1402 4231 1755 4288 redimendae

139 4320 254 4371 sunt
286 4319 513 4388 animae,
558 4318 687 4375 aliae
724 4318 1047 4375 fulcienda.
1088 4318 1291 4375 Elevas
1330 4320 1487 4376 enim
1539 4335 1634 4376 me
1669 4320 1754 4374 vi-

137 4400 297 4461 dendo
336 4423 350 4463 :
389 4423 495 4481 ego
539 4412 732 4463 autem
774 4406 904 4463 ideo
955 4407 1251 4476 descendi,
1295 4412 1359 4464 ut
1396 4424 1598 4465 omnes
1636 4408 1755 4464 ele-

1853 512 1982 583 jam
2039 513 2108 569 ad
2168 508 2469 586 superiora
2526 515 2690 587 sequi
2748 515 2951 588 possit,
2992 515 3266 584 elevetur,
3307 521 3363 574 et
3400 535 3505 574 cs:-

1862 604 2016 657 teras
2065 602 2293 658 animas
2350 602 2736 676 derelinquat.
2780 604 2912 660 Ideo
2966 608 3023 660 et
3078 604 3136 659 in
3197 606 3506 679 Evangelia

1861 705 1978 745 non
2017 692 2292 747 omnibus
2330 691 2658 764 discipulis,
2703 692 2804 748 sed
2848 692 3287 765 perfectioribus
3335 712 3506 751 suam

1860 776 2108 850 gloriam
2147 779 2568 836 demonstravit
2597 781 2804 853 (Matth.
2838 797 2976 844 xvn,
3009 782 3033 835 1
3070 785 3121 837 et
3154 782 3231 854 2).
3282 782 3506 838 Consti-

1860 869 1960 922 tue
2008 884 2165 923 nunc
2216 866 2474 940 aliquem
2529 869 2846 939 doctorem,
2889 868 2989 940 qui
3030 886 3149 924 rem
3191 871 3507 927 obscuram

1858 954 2254 1028 velitaperire
2292 956 2668 1013 audientibus
2691 973 2703 1011 :
2726 957 3221 1029 quemadmodum
3255 958 3363 1014 etsi
3383 957 3511 1031 ipse

1858 1046 2065 1115 potens
2114 1043 2172 1099 in
2224 1060 2495 1100 sermone
2544 1044 2619 1099 sit
2664 1050 2719 1100 et
2770 1044 3029 1111 scientia,
3081 1046 3511 1102 condescendat

1859 1134 2057 1187 tamen
2106 1133 2180 1187 ad
2229 1148 2431 1188 eorum
2486 1132 2779 1188 inscitiam
2823 1132 2936 1205 (38)
2978 1133 3079 1205 qui
3139 1150 3254 1189 non
3294 1134 3507 1191 intelli-

1858 1223 2100 1293 gunt,et
2129 1220 2383 1293 simplici
2414 1224 2470 1277 et
2500 1220 2760 1293 planiore
2792 1224 2964 1293 atque
2996 1220 3211 1277 usitato
3241 1238 3510 1279 sermone

1860 1312 2079 1378 utatur,
2133 1313 2199 1364 ut
2244 1309 2433 1381 possit
2479 1308 2751 1381 intelligi.
2803 1309 3083 1382 Quisquis
3134 1310 3316 1383 igitur
3358 1310 3512 1367 inter

1858 1396 2163 1454 audientes
2191 1396 2442 1453 vivacior
2472 1414 2647 1453 sensu
2683 1397 2777 1464 sit,
2822 1397 2921 1469 qui
2975 1397 3139 1454 facile
3170 1399 3339 1471 sequi
3369 1414 3510 1472 pos-

1859 1484 1955 1553 sit,
2008 1485 2193 1541 elevat
2220 1502 2353 1541 eum
2388 1489 2563 1557 atque
2593 1486 2829 1540 excutit.
2861 1485 3027 1541 Hunc
3076 1485 3280 1542 videns
3309 1487 3512 1543 doctor

1858 1577 2104 1639 revocat,
2147 1578 2212 1628 ut
2241 1573 2501 1646 patiatur
2547 1574 2732 1647 magis
2765 1574 3060 1629 doctorem
3092 1573 3509 1631 humilioribus

1856 1665 1913 1717 et
1934 1661 2297 1735 planioribus
2322 1662 2763 1734 immorari.quo
2783 1666 2836 1717 et
2857 1662 3046 1717 caeteri
3072 1663 3236 1735 sequi
3258 1665 3507 1736 possint.

1926 1751 2214 1815 58..Quod
2250 1751 2329 1806 ait
2360 1750 2573 1822 Aquila
2605 1768 2617 1806 :
2655 1750 2865 1806 Sonans
2894 1755 2957 1806 ut
2994 1752 3258 1821 revelata,
3290 1770 3509 1810 sonan-

1854 1842 1974 1894 tem
2003 1839 2075 1894 ad
2107 1839 2553 1895 admirationem
2587 1840 2826 1912 dignam
2859 1839 3079 1906 retulit,
3103 1840 3271 1913 quasi
3296 1857 3511 1915 magna

1854 1930 1910 1983 et
1940 1943 2151 1983 sonora
2181 1927 2493 1985 habentem
2527 1945 2702 2000 opera
2755 1945 2767 1982 :
2817 1927 3085 1994 revelata,
3142 1930 3213 1984 ad
3264 1947 3506 2002 operum

1856 2015 2177 2072 claritatem
2221 2016 2355 2073 :vel
2407 2018 2561 2089 quod
2616 2019 2743 2089 ejus
2793 2017 3001 2072 animae
3047 2034 3221 2090 opera
3274 2017 3510 2076 luceant

1857 2120 2050 2160 coram
2074 2104 2240 2161 Patre
2263 2106 2360 2178 qui
2382 2106 2440 2160 in
2472 2105 2632 2161 oculis
2650 2106 2927 2162 est.Unde
2944 2123 3057 2161 non
3070 2106 3250 2164 otiose
3263 2106 3508 2180 pallium

1856 2195 1982 2264 ejus
2012 2193 2308 2250 sublatum
2338 2193 2638 2267 intelligis,
2671 2199 2734 2249 ut
2765 2199 2963 2267 aperta
3010 2194 3236 2252 meritis
3267 2199 3325 2251 et
3352 2196 3512 2253 nuda

1862 2281 2128 2355 fulgeret.

1925 2372 2015 2424 57.
2052 2371 2352 2427 Laudatur
2380 2375 2658 2443 praeterea
2688 2372 2842 2444 quod
2891 2371 3100 2441 ﬁdelis,
3135 2373 3290 2445 quod
3333 2374 3507 2429 verbo

1859 2463 2087 2531 potens,
2121 2460 2274 2531 quod
2307 2459 2595 2515 fructibus
2629 2459 2876 2515 fecunda
2905 2461 3174 2527 diversis,
3207 2461 3361 2534 quod
3392 2480 3511 2519 una

1859 2548 2011 2603 sicut
2040 2547 2312 2603 columba
2340 2548 2566 2605 habens
2595 2548 2839 2623 spiritus
2871 2550 3179 2622 unitatem,
3203 2550 3258 2605 in
3292 2567 3409 2623 qua
3432 2551 3511 2607 sit

1859 2652 1993 2708 pax,
2040 2652 2172 2709 qum
2217 2636 2351 2693 fecit
2400 2641 2646 2710 utraque
2698 2653 2881 2692 unum
2927 2638 3144 2711 (Ephes.
3187 2639 3394 2709 11,14),
3452 2642 3509 2694 et

1859 2741 1985 2797 quae
2035 2742 2150 2781 non
2183 2725 2260 2780 sit
2288 2725 2611 2799 composita
2662 2742 2729 2782 ex
2776 2725 3019 2781 diversis
3067 2726 3372 2781 elementis
3421 2727 3508 2783 di-

1859 2818 2057 2871 scretae
2090 2814 2664 2887 compugnantisque
2713 2819 2954 2869 naturis.
2989 2815 3138 2881 Quid
3191 2815 3348 2870 enim
3387 2820 3510 2872 tam

1859 2902 2152 2959 diversum
2188 2920 2365 2975 quam
2397 2903 2552 2976 ignis
2581 2907 2638 2958 et
2669 2919 2840 2975 aqua,
2873 2919 2973 2958 aer
3001 2908 3056 2959 et
3086 2908 3242 2958 terra
3269 2921 3338 2960 ex
3378 2903 3507 2976 qui-

1859 2992 1976 3048 bus
2034 2991 2294 3064 corporis
2352 2992 2534 3047 nostri
2594 2996 2862 3047 creatura
2922 2991 3236 3047 consistit?
3303 2992 3513 3049 Anima

1858 3084 2053 3137 autem
2094 3080 2397 3136 benedicta
2434 3080 2627 3136 omnis
2658 3079 2906 3152 simplex
2947 3097 3072 3152 quae
3112 3080 3379 3135 imitatur
3423 3081 3509 3135 di-

1859 3173 2083 3225 centem
2134 3186 2146 3225 :
2205 3170 2268 3226 Ut
2308 3184 2493 3225 omnes
2536 3185 2711 3224 unum
2752 3170 2884 3235 sint,
2928 3170 3066 3224 sicut
3104 3171 3185 3237 tu,
3234 3173 3417 3238 Pater,
3450 3172 3514 3224 in

1860 3273 1946 3313 me
1973 3262 2026 3313 et
2062 3274 2158 3327 ego
2196 3260 2257 3313 in
2295 3261 2362 3325 te,
2405 3261 2458 3313 et
2500 3258 2612 3329 ipsi
2666 3260 2727 3312 in
2771 3256 2931 3311 nobis
2968 3273 3143 3311 unum
3179 3258 3294 3311 sint
3334 3258 3509 3326 (Joan.

1860 3363 1997 3413 xvn,
2055 3346 2166 3417 21).
2218 3346 2350 3401 Haec
2402 3349 2492 3401 est
2532 3345 2689 3401 enim
2721 3344 3148 3401 consummatio
3180 3348 3353 3415 atque
3383 3360 3508 3417 per-

1861 3434 2054 3491 fectio.
2098 3434 2261 3490 Unde
2310 3438 2368 3489 et
2423 3433 2647 3489 addidit
2695 3450 2709 3488 :
2764 3434 2827 3490 Ut
2873 3434 2983 3487 sint
3029 3449 3221 3499 unum,
3270 3435 3411 3489 sicut
3456 3438 3508 3489 et

1862 3539 1958 3579 nos
2006 3539 2179 3578 unum
2220 3539 2410 3578 sumus
2439 3540 2457 3577 :
2487 3538 2581 3594 ego
2612 3524 2671 3577 in
2696 3524 2803 3590 his,
2855 3526 2907 3577 et
2952 3526 3014 3576 tu
3054 3523 3115 3576 in
3157 3538 3245 3577 me
3293 3530 3352 3577 ut
3399 3524 3512 3579 sint

1861 3614 2223 3668 cousummali
2253 3614 2309 3666 in
2336 3628 2510 3666 unum
2540 3611 2697 3683 (Ibid.
2728 3612 2843 3680 23).
2868 3610 2998 3666 Haec
3031 3614 3118 3667 est
3148 3626 3282 3683 ergo
3314 3612 3512 3668 anima

1864 3700 2137 3758 columba
2166 3718 2282 3757 una
2330 3705 2506 3773 atque
2556 3700 2830 3773 perfecta,
2863 3715 2991 3771 quas
3040 3698 3289 3772 simplex
3338 3704 3512 3772 atque

1865 3790 2207 3863 spiritualis,
2242 3806 2431 3863 neque
2461 3789 2639 3861 hujus
2669 3788 2944 3845 turbatur
2974 3789 3230 3860 corporis
3282 3790 3508 3862 passio-

1866 3878 2060 3948 nibus,
2090 3896 2204 3951 quo
2256 3878 2394 3935 foris
2446 3894 2674 3952 pugnae,
2718 3879 2878 3933 intus
2925 3878 3163 3933 timores
3196 3882 3351 3933 sunt.
3402 3878 3507 3934 De-

1866 3967 2042 4040 nique
2088 3967 2195 4023 hoc
2252 3968 2427 4023 verbo
2487 3966 2728 4023 unitatis
2775 3966 3143 4021 concordiam
3197 3972 3251 4019 ct
3309 3983 3511 4037 pacem

1866 4055 2183 4128 signiﬁcari
2216 4055 2516 4127 Scriptura
2546 4072 2651 4111 nos
2702 4055 2869 4109 docet
2914 4053 3114 4109 dicens
3156 4071 3169 4108 :
3223 4052 3511 4109 Multitudo

1863 4152 2046 4200 autem
2091 4144 2422 4200 credentium
2490 4143 2717 4198 habebat
2742 4215 2751 4221 .
2774 4157 2867 4196 cor
2921 4157 3113 4207 unum,
3167 4144 3219 4195 et
3265 4142 3513 4196 animam

1864 4250 2053 4299 unam,
2108 4239 2160 4291 et
2211 4247 2320 4288 non
2375 4234 2493 4287 erat
2547 4232 2819 4303 separatio
2858 4231 2919 4284 in
2959 4231 3037 4285 eis
3074 4229 3194 4284 ulla
3234 4229 3369 4301 (Act.
3430 4246 3509 4300 ιν,

1866 4321 1977 4393 32).

1935 4409 2025 4464 60.
2086 4409 2200 4464 Nec
2267 4407 2449 4463 otiose
2515 4406 2891 4463 fecunditatis
2955 4405 3228 4462 laudatur
3294 4407 3511 4471 anima.

136 4505 261 4585 vem.
290 4495 356 4551 Et
383 4496 432 4553 si
463 4496 715 4563 surrexi,
746 4500 811 4585 et
853 4495 1037 4552 habeo
1068 4496 1257 4553 Patris
1295 4498 1516 4566 sedem,
1556 4501 1752 4554 tamen
1786 4520 1833 4585 Β
1865 4514 1978 4553 non
2011 4496 2204 4552 solum
2236 4496 2389 4568 quod
2422 4495 2499 4551 sit
2529 4494 2786 4585 fecunda!
2806 4495 3142 4585 virtutibus,
3184 4495 3287 4585 sed
3335 4495 3513 4552 etiam

136 4581 399 4652 orphanos
427 4601 534 4641 vos
566 4601 682 4641 non
714 4583 1044 4657 relinquam
1075 4589 1316 4658 paterno
1343 4586 1512 4659 quasi
1554 4586 1753 4659 praesi-

136 4665 216 4723 dio
242 4670 569 4741 destitutos,
600 4673 701 4729 sed
733 4673 1044 4746 praesentia
1073 4688 1205 4730 mea
1229 4690 1332 4730 vos
1370 4674 1751 4732 conﬁrmabo.

136 4751 301 4814 Habes
328 4760 386 4816 in
416 4759 726 4834 Evangelia
755 4760 865 4817 hoc
902 4760 1184 4834 scriptum
1219 4777 1231 4817 :
1263 4762 1395 4818 Ecce
1435 4778 1529 4835 ego
1577 4763 1754 4819 vobis-

136 4858 242 4900 cum
273 4864 391 4905 sum
426 4866 598 4923 usque
633 4849 704 4906 ad
748 4852 1270 4907 consummationem
1311 4851 1506 4907 mundi
1542 4852 1753 4923 (Matth.

136 4945 308 5005 xxvul,
346 4938 464 5010 20).
511 4940 715 4995 Averte
773 4953 910 5012 ergo
966 4938 1165 4995 oculos
1220 4956 1256 4995 a
1308 4955 1423 5006 me,
1467 4939 1607 5012 quia
1663 4957 1757 4997 me

135 5020 319 5082 elevas.
357 5027 586 5091 Quanto
625 5028 783 5083 enim
824 5029 959 5101 quis
997 5028 1069 5084 ad
1110 5027 1425 5085 Dominum
1478 5029 1771 5097 intendit,’

138 5113 275 5167 tanto
320 5113 573 5188 amplius
621 5115 772 5172 815
818 5115 1103 5173 Dominus
1145 5115 1348 5186 elevat,
1381 5121 1440 5173 et
1476 5117 1601 5190 ipse
1641 5116 1755 5174 ele-

135 5201 301 5256 vatur.
338 5201 504 5260 Unde
531 5208 587 5261 et
614 5203 714 5261 ille
756 5205 838 5262 ait
868 5223 881 5262 :
914 5205 1179 5262 Exaltabo
1222 5213 1294 5269 te,
1335 5206 1584 5274 Domine,
1615 5222 1755 5279 quo-

136 5286 273 5343 niam
317 5295 598 5364 suscepisti
651 5310 738 5350 me
776 5294 946 5368 (Psal.
987 5311 1142 5363 xxxx,
1194 5294 1269 5367 4).
1312 5294 1562 5352 Sanctus
1599 5294 1756 5352 enim

136 5373 330 5433 exaltat
365 5380 698 5451 Dominum,
756 5386 1023 5455 peccator
1075 5381 1369 5440 humiliat.
1421 5382 1564 5440 Vult
1617 5400 1754 5458 ergo

215 5526 300 5617 38)
348 5530 444 5593 Sic
501 5548 701 5599 omnes
755 5534 893 5595 edit.
953 5534 1094 5597 Mss.
1154 5538 1375 5617 contra,
1435 5536 1507 5597 ad
1559 5553 1748 5602 eorum
1782 5535 2075 5603 scientiam
2129 5551 2149 5595 ,ο

135 5606 332 5679 potest.

1862 4587 2017 4659 quod
2052 4585 2197 4641 nihil
2231 4584 2444 4641 habeat
2472 4584 2532 4640 in
2560 4601 2622 4640 se
2656 4583 2812 4638 mali.
2848 4583 2996 4640 Illud
3030 4584 3185 4639 enim
3236 4584 3514 4641 decorum

1862 4679 2039 4747 atque
2068 4674 2395 4747 speciosum
2427 4678 2536 4742 est,
2570 4672 2627 4728 in
2660 4689 2776 4745 quo
2808 4671 2954 4728 nihil
3008 4672 3086 4728 sit
3134 4672 3293 4728 mali.
3336 4672 3514 4729 Deco-

1863 4778 1994 4819 rum
2025 4763 2179 4819 enim
2211 4763 2366 4835 quod
2397 4763 2618 4819 bonum
2653 4780 2666 4818 :
2701 4762 2853 4834 quod
2899 4765 3098 4818 autem
3146 4761 3513 4830 indecorum,

1861 4851 1972 4909 hoc
2043 4851 2286 4909 malum.
2352 4851 2628 4924 Speciosa
2691 4850 3022 4907 fecunditas
3079 4854 3170 4907 est
3224 4850 3513 4905 bonorum

1863 4957 2103 5014 operum
2165 4957 2178 4995 :
2249 4940 2543 4996 contraria
2597 4955 2733 5012 ergo
2773 4938 3130 5011 speciositati
3193 4936 3510 5005 sterilitas;

1865 5030 2142 5101 quoniam
2173 5028 2273 5100 qui
2305 5028 2568 5100 privatur
2608 5029 2799 5099 specie
2850 5026 2936 5081 vel
2977 5027 3202 5092 decere,
3237 5024 3293 5078 in
3328 5040 3394 5080 eo
3424 5029 3514 5080 est

1863 5115 2086 5173 malum
2121 5134 2134 5171 :
2168 5114 2322 5188 quod
2354 5120 2549 5172 autem
2597 5113 2844 5179 malum,
2875 5112 2983 5168 hoc
3027 5110 3221 5168 sterile
3264 5116 3323 5167 et
3366 5111 3510 5169 infe-

1864 5204 2331 5275 cundum.Cujus
2361 5204 2443 5258 rei
2473 5203 2627 5274 quod
2655 5201 2981 5258 evidentius
3012 5200 3295 5256 indicium
3323 5218 3503 5273 quam

1864 5298 2076 5350 natura
2104 5291 2234 5348 est?
2265 5292 2445 5347 Terra
2474 5290 2631 5347 enim
2661 5307 2788 5362 quae
2810 5290 2962 5345 bona
2981 5288 3304 5357 est,fertilis
3334 5295 3511 5362 atque

1863 5382 2114 5440 fecunda
2146 5397 2160 5438 ε
2194 5396 2322 5453 quae
2352 5383 2549 5436 autem
2578 5377 2754 5447 mala,
2787 5395 2856 5435 ea
2888 5378 3096 5450 jejuna
3127 5381 3302 5451 atque
3333 5378 3506 5435 steri-

2211 5532 2367 5613 quod
2411 5530 2590 5593 etiam
2639 5546 2755 5590 non
2804 5529 2958 5592 male
2999 5546 3177 5593 sensu
3234 5529 3512 5615 explicari
3552 5598 3559 5603 ,
