3830 6206
89 450 186 511 553
376 522 387 529 ῃ
1183 448 1412 509 LIBER
1458 449 1558 510 DE
1601 449 1829 510 lSAAC
1875 450 1973 509 ET
2017 448 2294 511 ANIMA.
3323 445 3440 507 554

678 578 910 637 CAPUT
958 579 1082 637 VIII
1384 572 1425 613 ⁸
1711 583 1767 649 Α
1797 582 2071 638 admonet
2089 581 2315 655 ﬂagello
2341 583 2576 655 proprio
2592 582 2920 656 segniorem
2940 599 2953 650 ;
2973 580 3024 636 si
3054 577 3441 651 temperantia

84 668 253 741 Eadem
280 669 465 741 anima
494 668 771 740 refugiens
791 684 976 724 coram
1005 668 1250 736 laudari,
1280 672 1359 726 ait
1380 686 1438 726 se
1466 670 1684 726 descen-
1795 670 2175 738 mansuetior,
2209 671 2489 733 fortitudo
2521 672 2743 740 durior,
2783 670 2943 727 novit
2980 668 3259 741 .copulare
3316 667 3436 723 dis-

598 741 773 831 nucis,
805 740 1160 831 ειςηιφιιὶριέε
1189 742 1595 798 amaritudines
1623 758 1652 831 ςι

1936 777 1998 816 es
2027 760 2140 831 (ΑΒ)
2171 776 2243 816 ne
2274 760 2419 816 forte
2445 777 2684 817 currum
2727 777 2903 816 suum
2950 739 3264 830 dissipent.
3325 757 3442 812 Ita-

137 810 1686 957 ἒὲἔίὲίῗῖξιῗςείὲῗέἕέιτῧῖέἵιῖέῖἒἒῖὲέὲἓίἱῗἔπε’νῖῗὲἐὶέῗὲἕιξ
1794 806 2083 957 satis?
2101 806 3180 957 ίίιὲεῖηίβίβίξίμδ)ερεξίαεῖλὲοὲἒτξξθὲξδ
3209 862 3443 957 sui“

135 936 205 1009 ἐιᾶ
213 936 681 1027 senatus;
694 936 766 1009 .1.
779 936 959 1025 ipse
984 936 1427 1011 retentam;
1440 936 1682 1027 signa;
1790 954 2092 1027 Quamque
2122 937 2382 994 animam
2414 954 2548 993 cum
2576 955 2811 995 summo
2860 936 3178 1027 certamine
3205 936 3278 992 ad
3321 952 3441 1027 903-

130 1024 228 1095 cat,
255 1027 673 1100 institutionem,
700 1024 1070 1100 progressum,
1102 1024 1682 1099 perfectioriemCQuz
1789 1024 1913 1081 lum
1945 1027 2093 1098 rapi,
2126 1027 2472 1083 festinantes
2503 1043 2686 1098 equos
2715 1029 2815 1100 qui
2846 1026 3070 1099 priores
3101 1025 3443 1099 perveniant

129 1098 351 1169 “quitur
378 1097 447 1152 ad
482 1097 810 1153 σῘιανίίαίεπῑ
839 1098 1170 1154 “mortuum
1200 1097 1204 1099 Ὗ
1789 1115 1861 1169 ad
1897 1097 2162 1171 brevium
2201 1115 2440 1183 Christi,
2471 1097 2587 1188 quo
2638 1097 2803 1188 prius
2850 1097 3195 1187 imponatur
3243 1112 3440 1186 palma

60 1222 67 1229 ί
126 1205 202 1260 64.
233 1208 371 1260 Dum
403 1203 681 1260 laudatur
710 1221 744 1259 a
775 1220 1017 1276 sponso,
1038 1206 1365 1261 verecunde
1383 1205 1678 1278 refugiens
1787 1203 2249 1259 cervicibus.Isti
2282 1208 2421 1260 sunt
2450 1205 2585 1276 equi
2616 1204 2864 1276 subjecti
2898 1204 3033 1260 ﬁdei
3059 1204 3228 1274 jugo,
3258 1201 3429 1258 astri-

75 1310 234 1349 coram
263 1291 501 1358 laudari,
534 1291 744 1349 deinde
776 1292 978 1364 sponsi
1014 1308 1210 1349 amore
1254 1297 1518 1350 revocata
1548 1294 1629 1349 ait
1662 1312 1674 1350 :
1785 1292 1860 1347 cti
1892 1292 2123 1348 vinculo
2152 1292 2476 1349 charitatis.
2511 1293 2755 1349 Pulchre
2775 1310 2911 1365 ergo
2957 1293 3038 1347 ait
3071 1310 3082 1346 :
3133 1293 3323 1347 Posuit
3351 1308 3439 1345 me

73 1383 119 1437 In
139 1382 331 1438 hortum
354 1383 508 1437 nucis
527 1380 783 1438 descendi
804 1382 987 1437 videre
1014 1382 1071 1436 in
1100 1383 1389 1439 nativitate
1419 1384 1677 1440 torrentis
1783 1397 1978 1435 currus
2011 1381 2342 1447 Aminadab,
2372 1381 2481 1437 hoc
2510 1386 2618 1446 est,
2651 1386 2817 1454 pater
2841 1380 3043 1453 populi
3070 1399 3083 1437 :
3145 1380 3271 1452 ipse
3328 1398 3429 1436 au-

76 1474 224 1541 (ljant.
249 1486 321 1538 vr,
350 1470 453 1542 10).
490 1470 597 1526 Ubi
623 1471 783 1526 enim
808 1475 898 1527 est
926 1469 1206 1541 Ecclesia,
1240 1470 1353 1527 nisi
1414 1472 1513 1526 ubi
1560 1471 1673 1527 vir-
1786 1473 1905 1526 tem
1945 1469 2043 1541 qui
2077 1475 2241 1542 pater
2271 1469 2494 1543 populi,
2528 1471 2681 1526 idem
2714 1475 2879 1543 pater
2906 1472 3159 1537 Naason,
3219 1470 3277 1525 id
3315 1473 3424 1534 est,

72 1564 195 1632 gaet
214 1559 389 1634 gratia
420 1559 585 1615 ﬂoret
614 1558 994 1615 sacerdotalis
1024 1558 1052 1625 ‘2
1082 1558 1167 1614 lbi
1199 1564 1287 1614 est
1318 1560 1673 1631 frequenter,
1784 1563 2120 1630 serpentum
2153 1560 2286 1630 (47).
2315 1560 2448 1615 Jam
2480 1563 2545 1614 tu
2575 1559 2762 1615 recole
2811 1560 2943 1631 quis
2975 1559 3129 1613 sicut
3187 1574 3429 1628 serpens

74 1652 125 1702 ut
170 1648 221 1704 in
249 1647 734 1705 amaritudinibus
789 1653 849 1705 et
899 1647 1321 1704 tentationibus
1376 1649 1672 1721 probetur.
1784 1647 1844 1701 in
1876 1663 2047 1703 cruce
2080 1648 2419 1720 pependerit
2446 1666 2549 1721 pro
2582 1648 2771 1704 salute
2804 1648 3235 1715 universorum,
3259 1651 3318 1702 et
3347 1647 3431 1702 in-

71 1737 157 1791 Pcr
180 1751 370 1792 nucem
408 1736 831 1792 amaritudines
874 1735 1276 1809 intelligimus,
1310 1754 1413 1809 per
1449 1741 1673 1793 torren-
1782 1735 1999 1807 telligis
2031 1735 2192 1792 illam
2223 1736 2482 1793 animam
2541 1754 2669 1793 esse
2723 1737 3051 1809 paciﬁcum,
3112 1737 3206 1792 cui
3261 1737 3431 1793 Pater

69 1832 161 1881 tem
186 1824 541 1894 tentationes,
574 1825 675 1881 sed
705 1830 900 1882 tamen
933 1824 1284 1894 tolerabiles,
1336 1826 1476 1898 quia
1530 1825 1673 1882 scri-
1782 1823 1936 1880 Deus
1968 1823 2179 1896 praesul
2210 1824 2305 1893 sit,
2337 1824 2605 1882 Christus
2625 1826 2875 1899 agitator
2907 1843 2920 1879 :
2954 1826 3093 1896 quia
3144 1824 3432 1898 scriptum

69 1920 202 1984 ptum
247 1918 330 1971 est
367 1931 380 1970 :
442 1915 752 1971 Torrentem
801 1916 1166 1987 pertransivit
1221 1916 1414 1972 anima
1484 1921 1675 1972 nostra
1703 1953 1749 1987 ι,
1781 1916 1950 1969 estet
1972 1913 2079 1970 hoc
2109 1930 2321 1971 nomen
2361 1915 2423 1969 in
2462 1915 2679 1971 nostris
2713 1932 2726 1969 :
2772 1917 2954 1984 Pater,
2994 1919 3155 1986 pater
3198 1917 3434 1987 agitator

68 2004 202 2071 (Prol.
229 2019 412 2071 cum,
437 2004 516 2074 5),
551 2002 753 2074 Itaque
774 2002 1074 2063 descendit
1101 2002 1163 2059 in
1214 2002 1411 2060 locum
1444 2003 1663 2060 amari-
1703 2002 1750 2019 "
1777 2002 1948 2056 Israel
1977 2002 2023 2072 (1
2032 2004 2069 2059 V
2096 2005 2224 2074 Reg.
2257 2020 2296 2058 ιι
2331 2004 2439 2075 13).

67 2090 252 2148 tudinis
297 2092 393 2149 ubi
445 2091 617 2148 ﬂoret
638 2090 800 2160 vitis,
834 2095 891 2148 et
932 2091 1222 2149 malorum
1279 2099 1659 2167 granatorum
1835 2091 1925 2144 66.
1960 2089 2063 2146 Hic
2094 2107 2231 2163 ergo
2263 2091 2514 2164 agitator
2543 2092 2719 2148 dicit:
2755 2094 3096 2158 Convertere,
3160 2092 3423 2147 Sunami—

66 2181 218 2251 specie
239 2180 498 2238 diversus
527 2184 587 2236 et
618 2176 924 2253 multiplex
953 2181 1200 2250 fructus,
1233 2184 1334 2255 qui
1364 2182 1523 2239 velut
1545 2201 1660 2241 uno
1764 2180 1853 2246 tis,
1885 2183 2194 2236 convertere
2234 2179 2412 2250 (Cant.
2467 2198 2544 2248 vn,
2587 2182 2697 2252 12).
2745 2182 2898 2237 Bene
2928 2186 2988 2237 et
3017 2180 3187 2253 quasi
3223 2180 3415 2254 agitaa

66 2269 273 2341 tegmine
299 2268 477 2327 totius
507 2269 770 2342 corporis
800 2270 915 2326 ﬁde
945 2274 1003 2326 et
1032 2269 1314 2326 charitate
1373 2272 1655 2329 munitur.
1766 2273 1875 2332 tor.
1911 2271 1968 2323 et
1995 2268 2161 2341 quasi
2186 2270 2257 2324 ad
2287 2285 2524 2326 currum
2558 2270 2700 2327 dicit
2727 2288 2739 2325 :
2789 2270 3107 2327 Convertere
3142 2270 3414 2326 Sunami-

67 2358 112 2413 In
136 2358 223 2414 illa
246 2375 374 2432 ergo
403 2358 799 2415 amaritudine
832 2376 947 2415 non
991 2360 1261 2433 cognovit
1291 2378 1354 2417 se
1411 2362 1609 2419 anima
1642 2381 1656 2432 ;
1764 2359 1857 2424 εις,
1885 2356 1993 2413 hoc
2023 2361 2130 2424 est,
2164 2357 2425 2429 pacifica.
2462 2360 2597 2423 Quae
2614 2359 2772 2415 enim
2806 2358 3049 2432 pacifica
3076 2363 3166 2415 est
3193 2359 3415 2430 anima,

62 2447 386 2520 corruptibile
414 2448 577 2503 enim
607 2464 819 2521 corpus
848 2451 1124 2521 aggravat
1152 2448 1434 2518 animam,
1464 2455 1523 2506 et
1550 2454 1660 2506 ter.
1766 2446 1880 2502 cito
1902 2462 1966 2502 se
1995 2447 2283 2502 convertit
2312 2452 2371 2502 et
2400 2449 2661 2521 corrigit,
2690 2449 2921 2505 etiamsi
2968 2451 3103 2505 ante
3158 2448 3417 2521 peccavit

63 2550 232 2592 renum
272 2535 681 2594 habitaculum
736 2535 850 2592 cito
906 2535 1238 2593 inclinatur.
1299 2530 1657 2610 cognoscere
1765 2539 1823 2591 et
1856 2535 2042 2609 magis
2071 2551 2200 2591 eam
2230 2536 2496 2592 Christus
2529 2539 2811 2605 ascendit,
2856 2542 2916 2593 et
2944 2554 3142 2612 regere
3198 2537 3407 2609 digna-

63 2628 216 2680 autcm
242 2640 464 2699 semper
493 2640 561 2681 se
589 2625 780 2681 debet.
814 2625 922 2681 Sed
983 2629 1243 2683 tentatus
1294 2632 1385 2683 est
1440 2632 1498 2683 et
1552 2630 1655 2685 Pe-
1764 2629 1880 2691 tur,
1915 2624 2004 2679 cui
2038 2623 2250 2679 dicitur
2282 2626 2557 2683 :Ascendo
2588 2630 2645 2681 in
2688 2642 2852 2699 equos
2879 2635 3018 2693 tuos,
3050 2631 3101 2682 et
3130 2627 3407 2697 equitatus

60 2715 173 2781 trus,
201 2717 253 2770 et
279 2730 391 2770 non
412 2731 476 2771 se
497 2712 773 2787 cognovit
798 2718 857 2770 et
878 2713 1081 2771 Petrus
1116 2732 1129 2783 ;
1170 2732 1308 2771 nam
1339 2717 1390 2772 si
1438 2732 1655 2790 cognoo
1763 2719 1889 2769 tuus
1916 2715 2127 2789 sanitas
2157 2713 2366 2784 (Habet.
2394 2731 2478 2783 ιιι,
2509 2715 2584 2787 8).
2633 2717 2703 2771 Et
2731 2715 2869 2771 alibi
2919 2716 3045 2772 Misi
3099 2716 3215 2787 (48)
3246 2732 3408 2789 equos

57 2800 215 2872 visset,
243 2819 353 2860 non
378 2802 714 2878 negavisset
742 2806 1059 2859 auctorem.
1092 2803 1203 2859 Sed
1234 2806 1501 2878 cognovit
1520 2824 1655 2863 eum
1764 2802 1983 2859 Thai-sis
2012 2802 2172 2874 (Ibid.
2206 2804 2314 2872 15).
2348 2803 2419 2859 Hi
2449 2807 2591 2861 sunt
2640 2805 2779 2876 equi
2835 2804 3075 2862 Christi.
3129 2806 3411 2863 Ascendit

57 2887 280 2948 Christus
310 2907 324 2947 :
368 2886 628 2964 denique
650 2891 936 2964 cognovit,
971 2890 1070 2964 qui
1095 2892 1270 2949 etiam
1303 2906 1438 2950 eum
1471 2912 1657 2968 respe-
1763 2908 1899 2964 ergo
1929 2907 2111 2964 equos
2139 2908 2279 2948 suos
2311 2891 2600 2961 Christus,
2623 2894 2887 2951 ascendit
2905 2893 3164 2951 Verbum
3192 2893 3294 2951 Dei
3315 2893 3411 2950 ani

12 3010 13 3045 ι
57 2978 116 3032 xit
139 2980 437 3053 (cognoscit
465 2981 629 3038 enim
682 2979 969 3037 Dominus
1000 2980 1101 3053 qui
1159 2987 1298 3038 sunt
1343 2982 1551 3056 ipsius)
1599 2988 1657 3040 et
1764 2996 1894 3036 mas
1926 2980 2076 3053 pias.

12 3056 13 3117 ξ
57 3070 290 3140 tanquam
311 3086 483 3128 suum
517 3067 936 3125 misericordiae
967 3085 1086 3126 suae
1120 3070 1322 3141 frenis,
1353 3076 1419 3128 ut
1464 3074 1655 3130 bonus
1832 3070 1923 3124 67.
1950 3068 2112 3125 Unde
2132 3084 2414 3142 cognosce
2445 3069 2584 3142 quia
2603 3078 2658 3127 et
2690 3071 2867 3128 istam
2889 3072 3170 3139 ascendit,
3196 3076 3253 3128 et
3283 3088 3411 3144 per-

14 3144 15 3223 ?
57 3161 206 3212 rector
229 3159 510 3217 revocavit
540 3174 577 3214 a
608 3156 799 3230 lapsu.
836 3157 1043 3214 Hector
1072 3174 1207 3231 ergo
1240 3165 1437 3218 noster
1467 3161 1656 3220 Chris-
1763 3158 1932 3214 duxit
1958 3174 2085 3214 eam
2117 3159 2187 3214 ad
2223 3158 2417 3214 locum
2451 3158 2683 3231 palmae,
2742 3162 2975 3232 quando
3023 3164 3080 3216 et
3129 3160 3274 3216 dicit
3334 3162 3405 3215 ad

61 3248 131 3301 tus
154 3250 248 3303 est.
1762 3264 1892 3304 eam
1923 3264 1937 3302 :
1967 3248 2073 3315 Qui
2098 3247 2335 3318 pulchra
2362 3252 2412 3303 et
2440 3251 2627 3303 suavis
2675 3251 2824 3319 facta
2878 3265 2955 3314 es,
3015 3248 3286 3315 charitas,
3348 3250 3409 3301 in.

105 3335 632 3408 31865.1deoque
660 3334 743 3390 ait
779 3335 1015 3391 anima:
1076 3338 1265 3393 Posuit
1321 3354 1409 3394 me
1458 3322 1727 3396 currusC
1761 3336 1976 3393 deliciis
2016 3337 2167 3391 tuis?
2221 3336 2446 3391 Statura
2477 3341 2573 3392 tua
2626 3338 2831 3392 similis
2869 3340 3019 3406 facta
3073 3341 3152 3392 est
3202 3336 3411 3408 palm

65 3424 323 3481 .lminadab
352 3426 542 3498 (Cant.
570 3441 647 3492 v1,
681 3424 793 3495 11).
821 3424 1035 3481 Anima
1086 3442 1223 3499 ergo
1289 3444 1497 3484 currus
1554 3430 1656 3501 qui
1763 3425 1943 3497 (Cant.
1966 3441 2067 3493 vn,
2096 3426 2150 3492 6,
2175 3425 2251 3495 7).
2282 3425 2351 3480 Et
2379 3425 2509 3497 ipsa
2538 3426 2621 3480 ait
2654 3442 2666 3479 :
2700 3426 2852 3480 Dixi.
2875 3425 3177 3481 Aseendam
3206 3427 3264 3481 in
3281 3426 3408 3497 pal-

60 3509 232 3571 bonum
258 3520 545 3574 rectorem
569 3512 841 3571 sustinet.
870 3512 932 3570 Si
959 3530 1168 3571 currus
1193 3520 1282 3571 est
1310 3517 1529 3586 anima,
1550 3518 1653 3575 ha-
1764 3530 1914 3569 mam
1944 3512 2101 3583 (Ibid.
2137 3513 2212 3585 8).
2246 3511 2358 3570 Sed
2386 3514 2564 3570 etiam
2608 3514 2739 3586 ipsa
2762 3514 3018 3572 charitas
3045 3513 3242 3586 palma
3262 3517 3353 3569 est
3384 3531 3398 3581 ;

61 3598 132 3655 bet
151 3618 312 3676 equos
329 3604 417 3662 vel
449 3606 645 3661 bonos
676 3602 767 3659 vel
798 3602 1004 3660 malos.
1051 3603 1195 3660 Boni
1220 3605 1355 3678 equi
1412 3606 1656 3664 virtutes
1763 3603 1894 3676 ipsa
1921 3606 2012 3659 est
2039 3602 2195 3658 enim
2226 3602 2527 3674 plenitudo
2581 3604 2732 3659 819
2774 3602 3046 3659 victorias.
3096 3602 3408 3659 Plenitudo

62 3694 164 3745 sunt
186 3685 376 3749 anima;
418 3684 569 3749 mali
619 3691 774 3764 equi,
833 3692 1139 3764 passiones
1209 3698 1350 3750 sunt
1400 3697 1658 3768 corporis
1764 3692 1922 3748 enim
1952 3690 2099 3763 legis
2131 3690 2390 3748 charitas
2409 3696 2517 3747 est.
2535 3692 2854 3749 Curramus
2879 3708 3039 3766 ergo,
3071 3696 3137 3749 ut
3153 3708 3414 3766 compre-

64 3774 254 3843 (Vid.S.
289 3784 544 3858 August.
578 3789 751 3838 contr.
784 3781 1107 3853 Jut.Petag.
1160 3779 1262 3839 lib.
1297 3799 1359 3851 ιι,
1415 3801 1540 3857 cap.
1599 3787 1654 3856 5,
1766 3781 2093 3837 hendamus
2128 3798 2140 3835 :
2175 3796 2507 3849 curramus,
2565 3785 2630 3837 ut
2681 3782 3018 3839 vincamus.
3083 3782 3192 3846 Qui
3248 3780 3410 3848 vicit,

61 3869 101 3920 et
121 3866 202 3926 lib.
231 3889 307 3943 ιιι,
338 3888 387 3929 c.
424 3874 546 3946 14).
578 3872 777 3928 Bonus
807 3887 944 3945 ergo
1003 3875 1193 3928 rector
1230 3872 1418 3930 malos
1475 3891 1659 3947 equos
1767 3868 2032 3926 ascendit
2057 3869 2118 3923 in
2178 3868 2459 3941 palmam,
2492 3874 2549 3925 et
2608 3870 2928 3927 manducet
2982 3871 3208 3926 fructus
3261 3870 3409 3941 ejus.

62 3952 309 4032 restringit
332 3966 390 4018 et
417 3964 681 4027 revocat,
713 3959 900 4016 bonos
938 3959 1162 4017 incitat.
1194 3961 1337 4017 Boni
1366 3962 1501 4034 equi
1523 3969 1663 4019 sunt
1770 3959 1877 4025 Qui
1906 3956 2061 4024 vicit,
2088 3957 2213 4029 jam
2245 3973 2362 4013 non
2392 3958 2596 4026 currit,
2629 3960 2729 4014 sed
2762 3960 2926 4015 sedet
2955 3958 3107 4015 sicut
3127 3958 3412 4029 scriptum

62 4050 279 4118 quatuor,
316 4048 661 4123 prudentia,
692 4048 1096 4121 temperantia,
1156 4048 1457 4118 fortitudo,
1482 4052 1661 4122 justi-
1770 4055 1857 4103 est
1890 4064 1903 4102 :
1935 4047 2047 4117 Qui
2072 4047 2285 4114 vicerit,
2317 4046 2454 4102 dabo
2484 4049 2537 4102 ei
2564 4047 2747 4104 sedere
2774 4064 2989 4103 mecum
3019 4049 3081 4102 in
3105 4046 3227 4102 sede
3268 4061 3411 4114 mea,

60 4130 136 4185 tia.
160 4135 276 4193 Mali
294 4139 427 4212 equi
451 4138 787 4209 iracundia,
818 4138 1311 4210 concupiscentia,
1334 4139 1531 4207 timor,
1549 4139 1661 4196 ini-
1768 4139 1909 4192 sicut
1934 4139 1988 4191 et
2014 4150 2108 4205 ego
2122 4136 2305 4201 vici,et
2332 4135 2486 4191 sedeo
2514 4152 2638 4190 cum
2659 4138 2824 4191 Patre
2866 4151 2983 4191 meo
3014 4137 3075 4190 in
3101 4134 3222 4190 sede
3244 4135 3414 4205 ipsius

60 4221 529 4289 quitaanterdnm
558 4226 670 4299 ipsi
692 4225 829 4299 equi
858 4226 1012 4282 inter
1040 4244 1102 4282 se
1130 4227 1438 4298 dissident,
1470 4234 1527 4286 et
1563 4234 1665 4286 aut
1771 4227 1951 4297 (Apoc.
1986 4239 2066 4279 ιιι.
2097 4222 2211 4294 21).
2244 4222 2390 4277 Hinc
2422 4222 2755 4295 philosophi
2787 4223 3015 4281 curulia
3049 4222 3152 4279 illa
3188 4221 3413 4279 anima-

53 4310 310 4373 imcundia
343 4314 669 4390 protendit,
692 4319 796 4371 aut
816 4314 1012 4382 timor,
1044 4320 1101 4372 et
1126 4333 1188 4373 se
1235 4317 1483 4375 invicem
1544 4319 1662 4375 im-
1772 4330 1902 4370 rum
1941 4314 2002 4368 in
2033 4311 2157 4369 suis
2205 4310 2372 4368 libris
2402 4327 2736 4384 expressere
2783 4312 3123 4382 certamina,
3173 4328 3279 4368 nec
3328 4315 3414 4367 ta-

61 4398 357 4475 pcdiunt,et
382 4420 634 4462 cursum
666 4404 985 4461 retardant.
1019 4408 1094 4460 At
1138 4422 1272 4462 vero
1332 4407 1471 4463 boni
1527 4409 1662 4481 equi
1772 4419 1904 4460 men
1936 4402 2009 4458 ad
2056 4400 2313 4474 palmam
2372 4402 2676 4473 pervenire
2733 4406 3072 4474 potuerunt,
3134 4402 3414 4474 quoniam

61 4486 262 4560 evolant,
280 4497 335 4549 et
361 4511 397 4550 a
418 4492 599 4551 terris
628 4492 699 4549 ad
731 4493 1039 4566 superiora
1067 4511 1130 4551 se
1160 4496 1495 4569 subrigunt,
1534 4498 1666 4554 ani-
1772 4492 2178 4551 summitatem
2209 4488 2383 4546 Verbi
2415 4494 2472 4546 et
2502 4489 2873 4547 altitudinem
2912 4490 3151 4547 illorum
3209 4491 3417 4547 animis

62 4587 288 4651 tuamque
314 4581 551 4639 elevant
578 4597 589 4636 :
625 4582 878 4638 maxime
904 4583 957 4638 si
982 4583 1198 4657 jugum
1228 4584 1497 4657 habeant,
1527 4603 1662 4643 sua-
1772 4581 2126 4647 nescierunt,
2150 4595 2326 4652 quam
2355 4579 2626 4652 cognovit
2654 4580 2778 4636 haec
2808 4580 3027 4650 anima,
3061 4581 3121 4635 in
3154 4597 3272 4653 qua
3295 4582 3423 4638 erat

59 4671 193 4762 Ve.et
209 4684 350 4727 onus
372 4669 499 4729 leve
521 4670 808 4728 dicentis:
843 4672 1032 4729 Tollite
1051 4656 1253 4745 jugum
1287 4691 1473 4731 meum
1492 4656 1669 4748 super
1694 4692 1742 4762 Ι)
1773 4669 1948 4762 Verbi
1978 4668 2299 4762 conversio.
2327 4758 2336 4762 _
2453 4760 2471 4762 4
2600 4761 2607 4762 7
3268 4676 3275 4682 ‘

60 4765 127 4806 vos
146 4757 351 4829 ς
376 4762 534 4818 enim
550 4774 742 4817 meum
766 4775 933 4817 suave
960 4766 1058 4830 est,
1092 4766 1141 4817 et
1162 4778 1300 4818 onus
1326 4780 1512 4820 meum
1556 4766 1668 4823 ιευθ
1695 4757 1731 4762 —
1842 4761 1936 4815 68.
1971 4757 2066 4815 Sic
2097 4758 2255 4814 enim
2286 4758 2368 4814 ait
2401 4775 2414 4813 :
2442 4760 2550 4831 Ego
2578 4761 2751 4829 fratri
2776 4776 2916 4831 meo,
2936 4763 2989 4815 et
3014 4776 3177 4832 super
3202 4775 3425 4816 mecon-

58 4835 224 4907 (ΪαιιΙι.
252 4862 327 4916 ιι,
350 4847 449 4917 29,
484 4848 601 4919 30).
636 4847 767 4919 Ipse
798 4852 987 4905 rector
1016 4852 1106 4906 est
1131 4849 1234 4922 qui
1267 4850 1427 4906 novit
1483 4867 1667 4925 equos
1773 4849 1948 4905 versio
1978 4849 2094 4921 ejus
2125 4848 2306 4919 (Cant.
2339 4849 2561 4917 vn,lO).
2596 4847 2764 4904 Hunc
2793 4865 3036 4905 sensum
3070 4850 3238 4904 tertio
3260 4863 3423 4918 repe-

61 4932 282 5001 proprios
336 4937 691 5010 gubernare,
752 4941 818 4991 ut
872 4935 1116 5010 aequalis
1200 4939 1466 4996 omnium
1537 4957 1669 4997 cur-
1777 4938 1906 4993 tivit
1929 4938 2156 4993 diverse
2186 4937 2247 4991 in
2291 4936 2547 4992 Canticis
2595 4937 2979 4993 canticorum.
3015 4938 3081 4991 In
3138 4934 3425 5008 principio

50 5028 139 5097 lsus
164 5020 232 5079 sit
261 5042 274 5093 ;
304 5024 354 5082 si
383 5023 641 5083 velocior
660 5029 754 5085 est
770 5026 1113 5099 prudentia,
1166 5028 1390 5085 tardior
1409 5030 1669 5101 justitia.
1779 5027 1862 5084 ait
1893 5044 1906 5083 :
1939 5028 2129 5082 Frater
2157 5040 2308 5081 meus
2335 5026 2495 5091 mihi,
2528 5028 2576 5080 et
2615 5041 2709 5097 ego
2741 5028 2811 5093 ei,
2844 5027 2940 5096 qui
2962 5026 3140 5097 pascit
3169 5026 3229 5078 in
3261 5023 3424 5089 liliis,

52 5133 576 5218 _._,‘(;55)Fdit.IRom.
597 5142 949 5218 :__Velociores
968 5142 1267 5218 prudentia
1293 5145 1475 5202 tardat
1504 5161 1524 5199 :
1547 5152 1671 5218 jus-
1851 5143 1966 5218 (Ii?)
1991 5140 2131 5218 μεθ.
2167 5156 2284 5195 non
2316 5139 2514 5218 pauci,
2542 5141 2804 5218 Naasson,
2836 5140 2893 5194 id
2921 5140 3370 5218 est,_serpentini.

54 5202 160 5290 ξξιίιι
183 5206 426 5290 admonet
453 5213 925 5290 ﬂagettoprqprio
963 5202 1261 5290 segniores,
1310 5202 1675 5290 ιειηρςνιῇιιὶα
2001 5212 2085 5290 ita
2114 5226 2266 5290 mss;
2290 5202 2672 5290 probatiores,
2699 5202 2897 5290 “atque
2951 5202 3090 5266 edit.
3116 5202 3424 5290 _'anti_quie.

54 5270 734 5358 Epiln‘uuetioresffortitudo
771 5270 1045 5358 duriores:
1094 5270 1671 5358 redd‘ii,‘}ib{yu,"éié;
1782 5270 1895 5358 Alii
1919 5270 2210 5358 autemac
2228 5270 2669 5358 Bdm_.,__rni_sisti.'
2699 5270 2871 5358 Por'ro
2924 5299 3060 5358 cum
3116 5281 3212 5338 hic
3264 5270 3428 5358 locus

56 5340 231 5429 Eurus
249 5340 492 5429 quidem
526 5340 757 5424 sensus,
780 5340 884 5412 sed
912 5340 1090 5429 quem
1122 5340 1674 5416 édiiikﬁiIéi'niééL
1786 5356 1997 5411 iisdem
2020 5353 2216 5429 verbis
2253 5352 2314 5407 in
2364 5340 2847 5429 Bibliis__nostris
2891 5354 3164 5429 nuspiam
3192 5357 3426 5429 exstet,

93 5414 300 5493 Ennide
336 5429 690 5498 anteponere
725 5414 840 5484 non
873 5414 1082 5487 sumus
1140 5430 1292 5485 ausi.
1324 5414 1470 5487 Cum
1528 5414 1675 5504 prie?
1786 5443 1922 5484 eum
1936 5442 2005 5482 ex
2020 5423 2721 5549 Habac.cap.m,lpetitum
2737 5426 2810 5480 ob
2843 5414 3305 5481 convenientiam
3323 5414 3429 5479 ali;

110 5502 207 5556 pne
240 5496 435 5565 verba,
470 5512 600 5570 quas
631 5515 701 5555 ex
727 5499 846 5555 illis
876 5506 1369 5572 representamus
1395 5518 1510 5558 non
1543 5502 1676 5575 reji-
1790 5514 1969 5571 quam
1997 5496 2424 5553 existimamus.
2487 5496 2543 5551 bi
2573 5498 2731 5551 enim
2764 5499 3089 5554 secundum
3116 5497 3254 5553 LXX
3286 5496 3429 5571 legi-

108 5560 293 5619 endam
310 5567 565 5629 oﬂerant
591 5570 968 5626 sententiam.
1792 5585 1948 5639 mus,
1980 5573 2055 5625 Et
2082 5567 2455 5640 superduxisti
2482 5568 2543 5622 in
2569 5584 2725 5624 mare
2753 5584 2915 5642 equos
2959 5572 3099 5636 tuos,
3159 5569 3258 5625 sed
3297 5585 3429 5625 voce

120 5630 616 5717 (ἀθλῐτιεειιίσὶὸίιε,
646 5641 742 5698 hic
758 5644 816 5698 et
843 5642 1066 5715 passim
1089 5643 1243 5700 idem
1267 5648 1356 5700 est
1374 5643 1683 5702 Ambrosio
1797 5643 2012 5698 Tharsis
2040 5655 2203 5695 mare
2243 5637 2560 5713 signiﬁcari
2610 5640 2998 5714 Hieronymus
3064 5645 3267 5698 auctor
3323 5644 3429 5709 est,

150 5709 402 5777 spiritale
431 5709 524 5768 vel
555 5728 610 5768 m
652 5712 888 5781 sticum,
963 5714 1078 5772 uod
1108 5714 1391 5772 nimirum
1443 5733 1512 5773 ea
1565 5731 1683 5775 nou
1793 5714 2156 5789 proindeque
2184 5711 2315 5785 ipsa
2344 5709 2535 5786 potuit
2563 5712 2635 5768 ab
2660 5712 2855 5786 aliquo
2881 5713 3196 5789 interprete
3227 5712 3429 5771 retine-

124 5776 315 5847 rporis,
347 5781 451 5841 sed
473 5730 802 5845 intellectus
832 5730 1020 5847 ocutlis
1050 5786 1211 5847 cerni
1240 5787 1486 5847 possint.
1795 5786 1866 5847 ri.
1890 5785 1992 5846 ubi
2022 5788 2319 5847 verterunt
2346 5782 2466 5847 alii.
2499 5807 2562 5847 ιις
2590 5791 2857 5846 θάλασσαν.

110 5502 207 5575 ita?
240 5496 435 5575 verba,
470 5496 600 5575 quas
631 5499 846 5575 exillis
876 5506 1369 5572 representamus
1395 5518 1510 5558 non
1530 5496 1676 5575 'reji-
1790 5514 1969 5571 quam
1992 5496 2429 5575 existimamus.
2445 5496 2543 5575 ilbi
2573 5498 2731 5551 enim
2764 5499 3089 5575 secundum
3116 5497 3256 5575 LXX_
3286 5496 3432 5571 legi-

108 5560 293 5642 ιξῐξρςὶιιι
310 5560 565 5642 agerent
591 5560 968 5642 sententiam:
1600 5560 1623 5575 ’
1792 5560 1948 5639 ᾶιιιε,
1980 5573 2055 5625 Et
2082 5567 2455 5642 superduxisti
2482 5568 2725 5642 inerrare
2753 5584 2915 5642 equos
2959 5572 3099 5636 tuos,
3159 5569 3258 5625 sed
3297 5560 3435 5625 voce

120 5630 227 5715 (46),
243 5637 616 5717 Ιῃεςιιίσϋζὶιε,
646 5641 742 5717 hic
758 5644 816 5698 et
843 5642 1073 5717 passim
1089 5643 1247 5717 idem
1267 5648 1356 5700 est
1374 5644 1632 5702 Ambros?

1920 5630 2012 5717 rsis
2040 5630 2203 5717 mare
2243 5637 2560 5717 significari
2600 5630 2998 5717 _Hieronyr_nus
3064 5630 3267 5698 auctor
3297 5644 3432 5717 est,

150 5709 402 5790 §Piljilalc
429 5709 524 5790 yet
546 5709 888 5790 mysticum,
923 5714 1078 5790 quod
1108 5714 1394 5790 nimirum
1443 5733 1512 5773 ea
1565 5731 1683 5775 nou
1793 5714 2156 5790 proindeque
2184 5709 2325 5790 ipsa
2344 5709 2535 5790 putuit
2563 5712 2635 5768 ab
2660 5709 2855 5786 aliquo
2881 5713 3196 5789 interprete
3227 5712 3436 5771 retine-

124 5781 315 5853 rporis,
347 5781 451 5841 sed
473 5781 802 5845 intellectus
832 5781 1020 5847 oculis
1050 5786 1211 5847 cerni
1240 5787 1486 5865 possint.

1344 5787 1486 5849 sint.
1793 5781 1866 5858 ri,
1890 5785 1992 5846 ubi
2022 5781 2319 5848 vérterunt
2344 5781 2466 5858 alii,
2499 5807 2562 5856 ιις
2590 5781 2856 5846 ϐάλοιο-ἄσιν.

350 5908 618 5980 Panos.
663 5912 863 6000 Χινη

3043 5910 3122 5980 18

66 5850 71 6155 l
