3830 6206
114 368 201 434 557

1184 362 1416 427 LIBER
1459 362 1560 426 DE
1608 364 1835 426 [SAAC
1878 362 1981 426 ΕΤ
2025 365 2301 429 ΑΝΙΜΑ.

3320 368 3438 434 558

113 506 160 561 lu
203 502 382 566 fronte,
432 501 492 554 ut
534 510 766 572 semper
824 498 1235 568 conﬁteamur;
1276 499 1336 554 in
1388 499 1580 566 corde,
1624 503 1689 555 ut
1715 502 1768 565 Α
1800 501 2154 569 penetrabat.
2221 499 2296 553 Et‘
2340 515 2470 555 vere
2522 499 2624 555 ala
2662 500 2837 572 ignis,
2879 502 3018 573 quia
3055 502 3286 575 eloquia
3324 506 3435 562 Do-

112 606 297 664 semper
343 586 679 660 diligamus;
751 587 1122 661 signaculum
1178 587 1237 643 in
1294 586 1555 653 brachio,
1617 590 1684 643 ut

111 693 294 751 semper
317 691 626 750 operemur.
660 676 876 733 Luceat
903 692 1040 749 ergo
1070 676 1264 750 imago
1295 676 1425 748 ejus
1452 675 1512 730 in
1544 691 1681 731 con-

108 766 307 825 fessione
340 767 547 821 nostra.
588 764 803 822 Luceat
857 765 917 821 in
973 763 1278 821 dilectione
1316 764 1450 837 (54),
1490 763 1683 820 luceat

107 857 151 912 in
180 853 418 927 operibus
452 856 508 909 et
544 852 736 922 factis,
771 857 836 909 ut
881 852 931 909 si
976 854 1103 910 ﬁeri
1150 857 1359 926 potest,
1391 857 1515 910 tota
1552 855 1680 925 ejus

105 942 280 1016 species
307 941 652 1014 exprimatur
696 942 755 997 in
804 941 994 999 nobis.
1028 942 1158 1014 Ipse
1206 943 1313 1021 sit.
1330 946 1507 1015 caput
1546 959 1687 1025 nos:

105 1030 371 1102 trum,quia
396 1033 566 1101 caput
590 1029 696 1085 viri
727 1029 996 1087 Christus
1030 1048 1043 1087 :
1073 1030 1200 1103 ipse
1229 1031 1434 1088 oculus
1463 1036 1680 1100 noster,

104 1123 153 1174 ut
186 1134 271 1192 per
311 1116 466 1173 illum
513 1118 816 1175 videamus
847 1119 1074 1175 Patrem
1109 1138 1122 1175 :
1157 1120 1281 1192 ipse
1319 1136 1428 1176 vox
1457 1123 1679 1189 nostra,

102 1225 180 1282 per
200 1224 351 1281 quem
378 1202 685 1280 loquamur
712 1209 785 1264 ad
817 1209 1044 1264 Patrem
1079 1226 1092 1264 :
1128 1209 1254 1282 ipse
1282 1209 1535 1279 dextera,
1579 1226 1682 1282 per

102 1314 235 1370 quem
264 1301 367 1353 Deo
396 1296 546 1352 Patri
578 1296 932 1353 sacriﬁcium
977 1300 1243 1354 nostrum
1290 1298 1623 1354 deferamus
1664 1316 1677 1354 :

100 1386 212 1442 881
244 1387 356 1458 ipse
390 1401 618 1458 quoque
662 1389 753 1442 est
798 1386 1168 1459 signaculum
1216 1391 1482 1442 nostrum
1528 1388 1681 1460 quod

98 1478 164 1530 est
186 1473 522 1546 perfectionis
552 1478 609 1530 et
638 1474 939 1531 charitatis
980 1475 1234 1548 insigne,
1262 1474 1401 1547 quia
1430 1476 1682 1548 diligens

97 1562 227 1617 Pater
264 1562 503 1634 signavit
546 1562 776 1630 Filium,
808 1564 960 1618 sicut
989 1562 1241 1635 legimus
1274 1580 1287 1618 :
1322 1565 1489 1633 Quem
1517 1569 1683 1620 Pater

94 1652 287 1721 signavit
310 1651 437 1706 Deus
465 1652 648 1719 (Joan.
680 1668 759 1717 v1,
790 1652 903 1723 27).
936 1651 1203 1708 Charitas
1235 1653 1431 1725 itaque
1483 1659 1684 1710 nostra

93 1739 326 1795 Christus.
359 1740 510 1795 Bona
540 1739 818 1805 charitas,
860 1742 1094 1813 quando
1143 1740 1356 1796 obtulit
1398 1743 1572 1797 morti
1621 1758 1684 1797 se

92 1843 169 1897 pro
192 1826 393 1928 delictis
421 1829 641 1884 nostris
671 1829 783 1899 (55)
815 1846 827 1884 :
863 1828 1015 1884 bona
1046 1828 1323 1898 charitas,
1367 1846 1494 1902 qua
1548 1845 1680 1902 pec-
1712 1868 1759 1933 Β

92 1921 188 1970 cata
207 1915 427 1973 remisit.

140 2005 212 2059 76.
239 2005 301 2060 Et
325 2005 447 2062 ideo
506 2006 701 2062 anima
742 2011 943 2063 nostra
987 2006 1194 2064 induat
1224 2007 1590 2074 charitatem,
1624 2012 1683 2064 et

89 2091 368 2149 cbarilatem
401 2094 744 2166 hujusmodi
763 2111 891 2167 qua
913 2096 989 2151 sit
1008 2095 1202 2152 valida
1222 2100 1287 2151 ut
1318 2112 1527 2163 mores;
1544 2096 1683 2168 quia

90 2180 206 2237 sicut
227 2198 368 2239 mors
388 2182 531 2239 ﬂuis
560 2188 934 2256 peccatorum
991 2188 1099 2250 est,
1151 2184 1234 2239 ita
1284 2188 1342 2239 et
1386 2184 1677 2253 charitas;

88 2270 311 2339 quoniam
354 2272 453 2343 qui
508 2270 700 2344 diligit
736 2272 1072 2337 Dominum,
1118 2288 1356 2345 peccare
1402 2273 1619 2329 desinit
1664 2290 1676 2327 :

87 2356 291 2415 cbaritas
330 2360 482 2416 enim
533 2377 648 2416 non
698 2361 914 2433 cogitat
965 2360 1209 2428 malum,
1244 2377 1431 2433 neque
1467 2362 1683 2434 gaudet

85 2461 223 2518 super
245 2448 569 2521 iniquitate,
603 2449 703 2505 sed
735 2449 934 2506 omnia
964 2450 1235 2505 sustinet.
1290 2450 1437 2506 Nam
1469 2450 1570 2522 qui
1614 2466 1682 2506 ea

86 2550 182 2604 qua
205 2553 301 2592 sua
328 2543 464 2593 sunt
497 2554 616 2594 non
648 2539 1179 2610 quarit,quomodo
1201 2538 1391 2594 aliena
1421 2540 1682 2611 quaret?

82 2623 159 2679 Est
189 2629 237 2680 et
270 2642 420 2683 mors
459 2625 569 2681 illa
603 2626 795 2682 valida
842 2643 946 2698 per
991 2626 1306 2695 lavacrum,
1358 2643 1460 2699 per
1502 2643 1679 2699 quam

81 2717 330 2781 peccatum
358 2731 539 2771 omne
568 2714 869 2788 sepelitur,
893 2719 949 2771 et
977 2715 1149 2788 culpa
1181 2715 1681 2772 dimittitur.Talis

78 2806 175 2856 erat
197 2802 434 2860 charitas
464 2820 653 2875 quam
681 2803 979 2860 deferebat
1025 2803 1359 2876 evangelica
1404 2803 1507 2860 illa
1550 2821 1681 2859 mu-

76 2888 174 2954 lier,
215 2891 280 2946 de
321 2908 436 2965 qua
481 2892 780 2948 Dominus
839 2892 968 2947 ait:
1007 2892 1247 2947 Remissa
1290 2896 1421 2946 sunt
1462 2901 1682 2963 peccata

76 2979 166 3045 ejus
200 2981 382 3047 multa,
428 2982 699 3053 quoniam
744 2981 943 3036 dilexit
981 2981 1219 3035 multum
1249 2981 1400 3053 (Luc.
1433 2998 1532 3047 VII,
1566 2983 1677 3049 47).

74 3064 150 3119 Est
175 3070 225 3122 et
248 3067 344 3123 illa
372 3085 542 3125 mors
572 3071 907 3124 sanctorum
939 3072 1263 3139 martyrum
1294 3067 1506 3135 valida,
1554 3085 1680 3140 qua

77 3152 265 3225 culpam
306 3156 499 3214 abolet
550 3156 936 3229 superiorem;
987 3160 1045 3211 et
1089 3154 1220 3212 ideo
1271 3155 1462 3212 valida
1511 3157 1682 3228 cujus

76 3256 163 3297 non
186 3242 364 3317 impar
391 3250 485 3302 est
518 3243 796 3313 charitas,
827 3261 953 3316 qua
984 3244 1327 3316 adaquatur
1356 3249 1677 3317 martyrum
1708 3234 1754 3299 C

78 3332 308 3399 passioni,
339 3337 404 3390 ut
434 3333 669 3390 auferat
696 3334 970 3389 meritum
1002 3332 1366 3389 delictorum.

124 3420 197 3474 77.
224 3420 383 3479 Zelus
429 3438 675 3495 quoque
720 3427 787 3477 ut
830 3422 1001 3477 inferi
1041 3421 1222 3490 (Cant.
1266 3439 1392 3490 VIII,
1422 3422 1498 3494 6),
1531 3439 1679 3494 quo-

77 3504 197 3563 niam
223 3510 315 3582 qui
344 3511 543 3567 zelum
592 3510 691 3566 Dei
742 3510 938 3579 habet,
972 3527 1072 3581 pro
1117 3510 1345 3567 Christo
1401 3528 1505 3567 nec
1551 3512 1677 3567 suis

76 3597 234 3663 parcit.
266 3599 465 3673 Itaque
506 3602 570 3656 et
599 3604 849 3655 mortem
881 3599 1056 3655 habet
1094 3599 1370 3665 charitas,
1402 3605 1458 3655 et
1485 3599 1677 3656 zelum

75 3681 212 3741 habet
235 3688 507 3757 charitas,
546 3692 604 3744 et
626 3686 750 3744 alas
779 3687 934 3760 ignis
964 3688 1141 3744 habet
1189 3687 1458 3745 charitas.
1504 3689 1676 3744 Deni-

75 3784 158 3841 que
180 3774 427 3833 Christus
458 3776 720 3849 diligens
748 3776 1007 3848 Moysen,
1040 3776 1100 3831 in
1141 3775 1275 3848 igne
1301 3776 1350 3831 ei
1384 3776 1675 3848 apparuit.

75 3858 125 3914 Et
147 3861 439 3923 Hieremias
471 3866 704 3922 habens
733 3865 794 3919 in
824 3881 886 3920 se
915 3865 1135 3921 donum
1176 3864 1382 3920 divina
1435 3864 1683 3920 charita-

76 3947 149 4015 tis,
180 3950 390 4009 dicebat
432 3972 446 4010 :
493 3957 565 4011 Et
599 3960 718 4009 erat
755 3954 898 4024 ignis
947 3953 1304 4023 inﬂammans
1360 3954 1422 4008 in
1472 3954 1681 4008 ossibus

72 4040 176 4094 meis
200 4058 214 4097 :
240 4047 288 4100 et
314 4044 622 4100 dissolutus
649 4059 771 4098 sum
808 4042 1072 4115 undique,
1120 4047 1173 4098 et
1217 4046 1364 4115 ferre
1406 4059 1514 4099 non
1557 4051 1680 4115 pos-

71 4130 403 4196 31(mem.
456 4149 560 4198 xx,
610 4130 687 4202 9).
734 4131 893 4187 Bona
938 4129 1120 4202 igitur
1166 4130 1421 4186 charitas
1460 4130 1684 4187 habens

72 4212 168 4270 alas
191 4216 334 4291 ignis
361 4220 652 4288 ardentis,
669 4236 797 4292 qua
822 4218 1024 4275 volitat
1044 4235 1146 4291 per
1175 4223 1409 4290 pectora
1431 4222 1489 4275 et
1508 4219 1687 4275 corda

73 4308 390 4378 sanctorum,
414 4313 476 4367 et
505 4307 699 4365 exurit
728 4306 1017 4379 quidquid
1038 4306 1340 4362 materiale
1369 4311 1545 4379 atque
1575 4312 1687 4363 ter-

72 4406 237 4450 renum
287 4402 394 4464 est,
447 4395 744 4470 quidquid
792 4411 927 4451 vero
976 4395 1270 4451 sincerum
1302 4401 1409 4462 est,
1456 4396 1683 4468 probat,

72 4483 113 4529 et
137 4485 272 4551 quod
301 4485 639 4559 contigerit,
674 4501 781 4541 suo
809 4485 942 4557 igne
973 4483 1259 4540 meliorat.
1293 4484 1459 4540 Hunc
1490 4485 1686 4558 ignem

1791 587 1957 653 mini,
1998 587 2232 661 eloquia
2269 593 2450 655 casta,
2493 594 2804 661 argentum
2843 590 2977 662 igne
3014 592 3433 650 examinatum.

1788 676 1934 732 Cum
1974 676 2189 733 Paulus
2226 692 2461 749 quoque
2502 680 2902 733 assumeretur
2940 695 2974 733 a
3009 679 3260 748 Christo,
3294 682 3440 738 vidit

1789 763 2257 821 circumfulsisse
2295 782 2472 838 super
2510 782 2573 821 se
2610 765 2829 835 lumen,
2871 771 2929 822 et
2966 783 3144 840 super
3179 785 3279 826 eos
3337 771 3439 842 qui

1791 852 1972 908 simul
2005 858 2193 919 erant,
2223 855 2432 910 cecidit
2468 870 2503 909 a
2540 871 2770 925 pavore,
2810 859 2868 910 et
2904 857 3204 927 probatior
3240 875 3439 915 resur-

1788 942 1936 997 rexit
1969 959 1981 996 :
2024 941 2275 1013 denique
2313 941 2611 1014 apostolus
2650 943 2837 999 factus
2875 949 2985 1013 est,
3026 946 3128 1016 qui
3166 961 3438 1018 persecu-

1791 1036 1884 1086 tor
1921 1031 2252 1086 advenerat.
2282 1030 2538 1102 Spiritus
2566 1046 2797 1103 quoque
2834 1038 3077 1088 sanctus
3114 1035 3435 1104 descendit,

1791 1123 1848 1174 et
1915 1118 2155 1191 replevit
2192 1121 2375 1174 totam
2416 1119 2657 1175 domum
2711 1118 2770 1173 in
2826 1135 2942 1190 qua
2996 1126 3162 1177 erant
3199 1123 3434 1195 plurimi

1789 1208 2079 1273 sedentes,
2112 1212 2171 1263 et
2197 1207 2331 1263 visa
2362 1212 2502 1263 sunt
2529 1207 2848 1279 dispertita
2892 1207 3104 1281 lingua
3152 1215 3436 1284 tanquam

1789 1295 1963 1369 ignis.
1990 1300 2157 1351 Bona
2187 1295 2291 1351 ala
2320 1295 2793 1360 charitatis,vera
2824 1296 2927 1352 ala
2959 1313 3086 1368 qua
3116 1300 3439 1357 volitabant

1791 1400 1893 1456 per
1922 1401 2024 1440 ora
2055 1383 2452 1456 apostolorum
2484 1385 2617 1455 (56),
2659 1389 2717 1439 et
2746 1383 2848 1439 ala
2876 1385 3031 1457 ignis
3060 1402 3189 1457 qua
3221 1405 3435 1462 purga-

1789 1477 1917 1528 tum
1975 1488 2305 1529 sermonem
2363 1472 2771 1544 loquebantur.
2844 1473 2946 1528 His
3015 1474 3124 1530 alis
3193 1478 3438 1534 evolavit

1790 1561 1984 1617 Enoch
2020 1566 2220 1632 raptus
2260 1561 2332 1615 ad
2373 1560 2600 1615 caelum.
2642 1560 2745 1615 His
2802 1561 2912 1615 alis
2974 1562 3217 1619 evolavit
3280 1566 3434 1623 Elias

1791 1666 1963 1704 curru
1998 1650 2260 1721 igneo,et
2285 1649 2454 1720 equis
2485 1648 2671 1721 igneis
2708 1648 2780 1703 ad
2808 1665 3062 1721 superna
3091 1654 3432 1723 translatus,

1792 1738 1892 1794 His
1922 1738 2031 1794 alis
2061 1738 2345 1793 Dominus
2392 1737 2544 1793 Deus
2575 1754 2678 1809 per
2701 1736 3035 1794 columnam
3067 1740 3221 1813 ignis
3252 1744 3434 1799 dedu-

1792 1827 1958 1882 cebat
1995 1827 2233 1881 Patrum
2269 1825 2516 1898 plebem.
2552 1825 2668 1881 Has
2708 1824 2830 1881 alas
2858 1826 3064 1883 habuit
3099 1830 3429 1903 Seraphin].

1791 1916 2025 1986 quando
2056 1914 2312 1986 sumpsit
2340 1915 2653 1970 carbonem
2676 1913 2829 1986 ignis
2858 1916 2928 1971 de
2958 1916 3126 1973 altari
3158 1924 3214 1975 et
3243 1923 3435 1995 tetigit

1789 2020 1855 2060 os
1886 2003 2199 2076 propheta,
2231 2006 2289 2058 et
2316 2002 2658 2074 iniquitates
2687 2004 2814 2072 ejus
2844 2004 3169 2075 abstulit,et
3197 2015 3436 2080 peccata

1791 2092 2077 2165 purgavit.
2119 2093 2339 2147 Harum
2380 2092 2605 2147 alarum
2643 2092 2799 2148 882
2839 2093 2973 2164 igne
3011 2097 3241 2168 purgati
3295 2103 3435 2154 sunt

1792 2181 1896 2236 filii
1949 2180 2100 2247 Levi,
2153 2185 2211 2236 et
2266 2179 2637 2253 baptizantur
2674 2180 2873 2252 populi
2913 2183 3238 2253 nationum,
3282 2186 3435 2243 sicut

1790 2270 2138 2326 testificatur
2172 2270 2430 2325 Joannes
2468 2268 2667 2325 dicens
2706 2270 2777 2325 de
2816 2272 3060 2327 Domino
3097 2273 3237 2330 Jesu
3271 2291 3284 2331 :
3318 2277 3436 2348 Ipse

1789 2375 1881 2414 vos
1940 2359 2238 2429 baptizabit
2284 2360 2346 2412 in
2401 2359 2603 2428 spiritu
2645 2362 2697 2413 et
2742 2360 2869 2429 igne
2918 2359 3128 2431 (Matth.
3178 2380 3262 2429 III,
3322 2366 3430 2436 11).

1791 2447 1997 2503 Merito
2029 2447 2118 2502 uri
2150 2462 2317 2503 renes
2347 2462 2487 2502 suos
2517 2445 2766 2514 volebat,
2799 2453 2854 2503 et
2885 2464 2984 2504 cor
3012 2467 3187 2507 suum
3227 2452 3429 2521 David,

1792 2536 1890 2608 qui
1946 2535 2068 2591 alas
2126 2536 2326 2607 igneas
2373 2534 2675 2589 charitatis
2731 2535 2952 2592 sciebat
2989 2555 3103 2594 non
3144 2556 3272 2597 esse
3311 2558 3431 2597 me-

1790 2626 2058 2680 tuendas.
2094 2624 2297 2680 Merito
2345 2623 2566 2679 Hebrai
2612 2624 2776 2695 pueri
2823 2624 2883 2679 in
2929 2625 3161 2682 fornace
3204 2630 3432 2685 ardenti

1791 2730 1905 2767 non
1939 2712 2269 2768 sentiebant
2315 2710 2467 2783 ignis
2517 2711 2806 2780 incendia,
2832 2712 2971 2784 quia
3001 2714 3304 2773 charitatis
3333 2735 3432 2775 eos

1791 2802 2032 2856 ﬂamma
2074 2800 2472 2871 refrigerabat.
2506 2801 2576 2855 Et
2605 2805 2671 2855 ut
2708 2799 2939 2872 plenius
2986 2819 3430 2877 cognoscamus,

1791 2890 1931 2962 quia
1979 2889 2103 2945 alas
2151 2889 2402 2944 habebat
2450 2888 2705 2959 perfecta
2750 2889 3024 2963 charitas,
3057 2893 3276 2949 audisti
3324 2900 3436 2952 Do-

1791 2978 2019 3033 minum
2061 2978 2349 3033 dicentem
2393 2993 2405 3031 :
2448 2978 2664 3045 Quoties
2700 2976 2857 3034 volui
2913 2995 3239 3053 congregare
3292 2985 3439 3055 ﬁlios

1788 3069 1907 3122 tuos
1958 3068 2103 3123 sicut
2152 3067 2367 3137 gallina
2412 3070 2701 3136 congregat
2750 3070 2932 3138 pullos
2985 3086 3110 3125 suos
3166 3074 3266 3127 sub
3320 3075 3439 3129 alas

1788 3172 1915 3211 suas
1943 3156 2152 3224 (Matth.
2180 3171 2340 3221 xxm,
2365 3155 2477 3226 37).

1858 3246 1948 3299 78.
1980 3244 2297 3300 Sumamus
2327 3243 2508 3315 igitur
2535 3243 2642 3298 has
2672 3243 2816 3310 alas,
2845 3261 2975 3315 qua
3004 3247 3157 3303 sicut
3186 3249 3436 3305 ﬂamma

1786 3333 1858 3388 ad
1888 3332 2191 3404 superiora
2216 3331 2493 3403 dirigant.
2517 3331 2704 3385 Exuat
2733 3333 3143 3406 unusquisque
3172 3337 3434 3393 animam

1785 3438 1955 3478 suam
1984 3420 2300 3477 involucris
2332 3419 2779 3486 sordidioribus,
2798 3425 2857 3476 et
2885 3423 3090 3494 quasia
3107 3441 3279 3481 urum
3302 3427 3436 3500 igne

1787 3510 2067 3582 approbet
2095 3509 2385 3564 detersam
2417 3507 2559 3563 luto.
2585 3508 2679 3563 Sic
2709 3509 2867 3564 enim
2898 3518 3183 3585 purgatur
3211 3516 3433 3585 anima,

1786 3599 1943 3655 velut
1971 3615 2181 3655 aurum
2212 3597 2524 3669 optimum.
2559 3595 2935 3655 Pulchritudo
2980 3606 3177 3658 autem
3224 3605 3433 3661 anima

1789 3688 2016 3743 sincera
2052 3686 2257 3751 virtus,
2305 3691 2363 3741 et
2410 3686 2587 3741 decus
2633 3688 2822 3742 verior
2861 3689 3113 3761 cognitio
3152 3708 3436 3764 superno-

1790 3793 1943 3846 rum,
1985 3780 2051 3830 ut
2087 3775 2278 3831 videat
2317 3775 2462 3829 illud
2504 3776 2723 3831 bonum
2763 3792 2831 3832 ex
2870 3795 2987 3849 quo
3027 3781 3282 3851 pendent
3320 3799 3439 3838 om-

1791 3865 1909 3930 nia,
1942 3864 2139 3935 ipsum
2171 3869 2368 3919 autem
2400 3880 2468 3919 ex
2499 3862 2681 3919 nullo.
2715 3866 2794 3920 Eo
2843 3865 3023 3937 igitur
3069 3869 3228 3934 vivit,
3263 3874 3439 3941 atque

1792 3951 2149 4008 intellectum
2191 3951 2416 4023 accipit.
2447 3952 2588 4007 Vita
2637 3953 2795 4008 enim
2841 3954 2969 4009 fons
3009 3961 3098 4010 est
3135 3974 3438 4013 summum

1792 4040 1938 4095 illud
1986 4040 2229 4104 bonum,
2262 4041 2433 4109 cujus
2483 4040 2736 4096 charilas
2777 4042 2944 4098 nobis
2984 4046 3041 4098 et
3079 4045 3438 4101 desiderium

1794 4128 2146 4194 ascenditur,
2182 4127 2273 4182 cui
2306 4130 2774 4199 apprOpinquare
2805 4134 2861 4184 et
2909 4131 3141 4186 misceri
3170 4132 3440 4207 voluptas

1794 4221 1884 4273 est
1910 4233 1923 4271 :
1959 4216 2112 4288 quod
2145 4215 2196 4271 ei
2227 4215 2327 4287 qui
2358 4233 2473 4271 non
2504 4216 2678 4283 videt,
2708 4217 2996 4274 desiderio
3027 4226 3137 4289 est,
3171 4226 3227 4277 et
3256 4222 3306 4277 ei
3338 4225 3440 4295 qui

1794 4305 1969 4373 videt,
2030 4305 2211 4373 inest;
2270 4305 2514 4375 ideoque
2562 4305 2833 4363 universa
2871 4307 2986 4363 alia
3024 4311 3291 4384 despicit,
3332 4314 3442 4370 hoc

1797 4411 1913 4450 uno
1944 4393 2231 4450 mulcetur
2270 4400 2325 4448 et
2364 4394 2703 4449 delectatur.
2746 4396 2863 4452 Hoc
2904 4403 2992 4453 est
3030 4402 3186 4471 quod
3226 4403 3445 4459 submi-

1797 4484 2009 4540 nistrat
2045 4483 2332 4539 universis
2371 4484 2764 4540 substantiam
2804 4486 2916 4557 (57)
2958 4506 2970 4542 :
3014 4488 3210 4560 ipsum
3249 4496 3444 4549 autem

70 4564 113 4619 in
152 4576 346 4630 terram
400 4575 573 4631 misit
613 4573 900 4630 Dominus
946 4573 1140 4634 Jesus.
1173 4576 1229 4628 et
1258 4572 1490 4629 refulsit
1518 4572 1685 4637 ﬁdes,
1718 4595 1766 4661 Ι)
1798 4573 1858 4628 in
1898 4572 2210 4645 semetipso
2252 4588 2496 4628 manens
2536 4574 2635 4628 dat
2673 4572 2825 4639 aliis,
2868 4576 3016 4632 nihil
3056 4583 3251 4636 autem
3291 4582 3352 4637 in
3384 4599 3446 4639 se

71 4669 278 4717 accensa
303 4667 395 4719 est
425 4660 1020 4729 devotio,illuminata
1045 4666 1135 4718 est
1150 4661 1426 4728 charitas,
1453 4662 1690 4733 jnstitia

69 4745 415 4816 msplenduit.
449 4751 575 4808 Hoc
624 4751 759 4823 igne
800 4749 1187 4806 inﬂammavit
1233 4751 1408 4806 corda
1457 4755 1687 4822 aposto-

70 4830 226 4891 lorum
290 4855 567 4906 suorum,
607 4838 762 4895 sicut
796 4842 1046 4896 testatur
1096 4838 1380 4910 Cleophas
1430 4838 1632 4895 dicens
1673 4856 1687 4894 :

66 4920 225 4981 Nonne
250 4943 344 4983 cor
362 4936 624 4985 nostrum
655 4926 853 4983 ardens
882 4936 1002 4983 erat
1028 4928 1089 4985 in
1111 4928 1267 4982 nobis
1304 4943 1426 4982 cum
1454 4930 1694 5000 aperiret

66 5008 343 5082 Scripturas
374 5017 534 5089 (Luc.
560 5032 714 5082 xx1v,
747 5015 883 5087 32)?
932 5015 1047 5070 Ala
1096 5015 1277 5089 igitur
1323 5014 1478 5089 ignis
1526 5015 1691 5072 ﬂam-

68 5111 156 5152 ma:
208 5101 530 5178 Scriptura
588 5110 729 5161 sunt
785 5103 1013 5159 divina.
1087 5103 1343 5177 Denique
1398 5104 1697 5177 aperiebat

67 5186 393 5261 Scripturas,
426 5197 490 5249 et
520 5192 675 5266 ignis
704 5192 1096 5264 exibat,atque
1127 5191 1494 5249 audientium
1523 5193 1699 5250 corda

77 5452 86 5462 .
123 5384 227 5455 (54)
253 5388 482 5445 Omnes
512 5389 673 5462 edit.,
704 5392 903 5448 Luceat
929 5393 992 5447 in
1017 5391 1264 5460 lectione,
1294 5407 1498 5448 omnes
1527 5408 1695 5463 mss.,

67 5467 115 5505 in
140 5456 444 5517 dilectione.

122 5527 224 5602 (54)
253 5531 353 5589 Sic
384 5532 536 5589 edit.
565 5534 690 5591 Am.
742 5537 801 5590 et
842 5549 985 5590 mss.
1038 5532 1154 5590 fere
1204 5533 1276 5589 ad
1320 5549 1527 5589 unum.
1560 5533 1700 5591 Alia

67 5604 239 5731 algam
287 5604 435 5662 edit.
480 5608 542 5663 et
576 5621 717 5663 mss.
751 5622 904 5666 unus
951 5608 1148 5663 autem
1201 5604 1367 5675 alter,
1420 5621 1518 5682 pro
1561 5606 1701 5667 dile-

1796 4678 1864 4718 ex
1894 4661 2027 4717 aliis
2058 4660 2329 4733 suscipit.
2370 4661 2452 4717 De
2501 4679 2616 4734 quo
2669 4663 2958 4737 Propheta
3006 4668 3131 4725 ait:
3165 4671 3297 4726 Dixi
3342 4673 3446 4727 Do-

1796 4752 1948 4806 mino
1982 4768 1995 4805 :
2027 4751 2167 4806 Deus
2195 4766 2346 4805 meus
2392 4766 2449 4805 es
2490 4759 2569 4820 tu,
2602 4755 2865 4822 quoniam
2902 4755 3167 4813 bonorum
3206 4775 3449 4815 meorum

1797 4855 1909 4895 non
1938 4855 2057 4910 eges
2083 4839 2255 4911 (Psal.
2288 4857 2380 4906 xv,
2411 4841 2488 4911 2).
2544 4840 2661 4895 Hoc
2706 4842 2898 4898 solum
2929 4846 3126 4903 videre
3151 4847 3445 4903 desidera-

1799 4927 1901 4993 vit,
1954 4926 2106 4981 sicut
2158 4926 2282 4997 ipse
2341 4926 2480 4981 alibi
2534 4927 2616 4981 ait
2660 4944 2671 4983 :
2719 4932 2893 4987 Unam
2944 4935 3090 5003 petii
3125 4951 3160 4987 α
3195 4934 3446 5002 Domino,

1801 5015 1941 5069 hanc
1968 5016 2270 5085 requiram.
2320 5023 2380 5069 ut
2424 5015 2727 5072 inhabilem
2778 5021 2839 5073 in
2875 5020 3028 5076 domo
3064 5022 3285 5077 Domini
3327 5038 3449 5078 om-

1801 5120 1898 5159 nes
1926 5103 2038 5158 dies
2064 5104 2195 5159 vitae
2236 5119 2385 5170 mea,
2415 5111 2465 5158 et
2492 5104 2705 5160 videam
2750 5105 3158 5164 delectationem
3205 5111 3445 5180 Domini,

1803 5195 1855 5248 et
1892 5191 2223 5247 considerem
2266 5191 2527 5263 templum
2565 5194 2682 5263 ejus
2728 5194 2899 5265 (Psal.
2931 5213 3083 5265 xxvx,
3118 5198 3192 5270 4).
3225 5198 3282 5254 Si
3314 5201 3448 5272 quis

1878 5390 1993 5462 (56)
2022 5388 2166 5445 Mss.
2207 5386 2338 5455 Th.,
2371 5386 2523 5460 Rig.,
2557 5386 2755 5470 Torn.,
2788 5390 2947 5448 Colb.
2981 5397 3037 5449 et
3064 5394 3284 5453 Theod.
3324 5397 3474 5470 pri-4

1807 5459 1905 5518 ma
1936 5459 2136 5524 manu,
2166 5475 2265 5530 per
2291 5474 2389 5513 ora
2416 5459 2758 5530 populorum.

1881 5533 1995 5605 (57)
2024 5530 2175 5587 Edit.
2207 5545 2412 5605 omnes
2459 5546 2593 5605 cum
2644 5548 2787 5605 mss.
2820 5535 3144 5604 nonnullis,
3174 5541 3451 5603 submini-

1808 5601 1945 5664 strat
1971 5604 2286 5688 universam
2312 5601 2836 5688 substantiamﬁlii
2870 5601 3227 5685 mss.majori
3256 5629 3454 5678 nume.

1811 5693 1897 5751 ro,
1930 5680 2105 5754 atque
2129 5677 2492 5750 auctoritate,
2525 5677 2675 5739 utin
2703 5679 2885 5749 textu.
