3830 6206
438 332 558 397 559

1828 400 1839 406 ί
1894 330 1959 389 s.
2004 329 2381 391 AMBROSII
3654 336 3735 404 εθο
3794 342 3795 353 ι

438 462 619 535 igitur
648 477 864 537 purum
896 461 1065 532 illud,
1090 466 1147 519 et
1174 462 1579 535 incorporeum
1611 476 1913 517 summum
1937 458 2082 515 illud
2112 460 2166 527 Α
2200 475 2496 515 movemur.
2524 459 2697 531 Ipsius
2726 460 2872 516 enim
2903 466 2955 517 et
2980 474 3147 528 genus
3170 476 3344 518 sumus
3377 461 3497 534 (Act.
3522 468 3733 540 “11.28),

439 551 637 609 videre
667 553 968 618 meruerit,
1002 551 1142 624 quid
1183 550 1397 608 habeat
1438 549 1598 606 aliud
1648 549 1803 621 quod
1853 549 2086 605 deside-

440 639 563 695 ret?
591 640 850 713 Denique
881 641 1085 697 Petrus
1115 640 1174 695 in
1207 644 1403 696 monte
1434 637 1679 714 gloriam
1709 638 2084 694 resurrectio-

441 728 535 785 nis
589 728 803 787 Christi
852 728 1017 798 vidit,
1060 733 1115 785 et
1154 729 1391 785 nolebat
1440 727 1791 785 descendere
1829 726 2029 782 dicens
2072 744 2084 781 :

439 818 690 885 Domine,
745 819 945 875 bonum
986 827 1066 876 est
1112 834 1209 875 nos
1255 818 1347 873 hic
1396 833 1508 874 esse
1556 816 1764 889 (Matth.
1817 832 1953 883 xvu,
2011 816 2085 885 4).

434 906 507 963 Et
534 910 752 979 quanto
780 906 1296 980 incomparabilior
1344 911 1436 962 est
1485 905 1587 962 illa
1616 904 1935 961 divinitatis
1965 902 2088 976 glo-

438 994 546 1062 ria,
574 999 633 1052 et
660 994 762 1053 lux
791 995 1237 1064 inaccessibilis,
1257 1011 1435 1067 quam
1467 995 1518 1050 si
1547 993 1682 1067 quis
1709 991 2087 1064 viderit,quid

439 1083 598 1141 aliud
630 1084 1044 1157 concupiscat?
1074 1085 1200 1141 Non
1230 1100 1428 1158 regna,
1461 1100 1577 1141 non
1624 1081 1950 1147 facultates,
1985 1080 2089 1134 hoc

441 1188 635 1240 nores,
668 1172 937 1245 gloriam,
970 1177 1308 1246 potestates.
1334 1172 1452 1228 Illis
1484 1172 1639 1227 enim
1672 1171 1759 1227 uti
1789 1169 1934 1226 nihil
1965 1170 2092 1224 bea—

442 1259 717 1318 titudinis
746 1265 854 1330 est,
876 1262 987 1319 hoc
1019 1262 1368 1318 uti-beatum
1401 1264 1581 1328 est,ut
1610 1259 1711 1316 illa
1740 1259 2088 1331 despiciens,

443 1349 516 1406 ad
544 1349 655 1408 hoc
680 1366 994 1407 conversus
1025 1354 1276 1406 maneat.
1312 1350 1470 1405 Hanc
1500 1349 1677 1421 igitur
1723 1348 1926 1403 videns
1968 1345 2091 1418 pul-

441 1436 645 1497 chram
676 1438 994 1512 imaginem
1024 1439 1390 1513 ingrediatur
1420 1438 1600 1507 intus,
1626 1437 1767 1493 foris
1798 1436 2092 1507 relinquat

437 1525 664 1583 vultum
702 1528 984 1601 corporis.
1026 1528 1173 1583 Nam
1213 1527 1313 1599 qui
1354 1526 1618 1582 intuetur
1669 1543 1932 1597 corpora,
1974 1542 2089 1580 non

438 1615 611 1673 debet
646 1615 969 1673 introrsum
1023 1615 1261 1685 intueri,
1303 1632 1375 1672 ne
1435 1631 1598 1672 more
1656 1615 1973 1687 mergentis
2030 1614 2090 1668 in

437 1704 670 1778 gurgite
727 1705 992 1777 rapiatur
1045 1709 1221 1777 atque
1277 1705 1683 1771 absorbeatur,
1724 1709 1782 1759 et
1820 1702 1989 1776 quasi
2029 1702 2089 1759 in

437 1793 793 1865 profundum
817 1794 1123 1851 demersus
1146 1811 1442 1866 nusquam
1465 1793 2090 1866 appareat.Fugiamus

437 1897 574 1955 ergo
603 1882 663 1938 in
694 1882 947 1956 patriam
972 1883 1362 1940 verissimam.
1397 1882 1522 1939 lllic
1571 1881 1761 1955 patria
1809 1882 1997 1948 nobis,
2031 1885 2089 1937 et

436 1970 555 2027 illic
587 1971 756 2047 Pater
783 1990 816 2029 a
846 1989 962 2045 quo
992 1973 1168 2029 creati
1199 1990 1433 2038 sumus,
1478 1972 1574 2028 ubi
1608 1976 1696 2027 est
1724 1970 2085 2026 Hierusalem

436 2059 639 2116 civitas
667 2076 795 2133 quae
827 2066 916 2119 est
948 2066 1136 2117 mater
1163 2061 1454 2117 omnium.

505 2148 596 2204 79.
628 2150 740 2206 Sed
772 2166 899 2222 quas
938 2155 1029 2207 est
1076 2149 1255 2222 fuga?
1286 2150 1412 2205 Non
1463 2149 1666 2221 utique
1712 2149 1950 2221 pedum,
1987 2149 2086 2221 qui

439 2240 580 2293 sunt
606 2238 889 2310 corporis.
922 2238 1025 2294 Isti
1056 2238 1214 2295 enim
1248 2254 1595 2310 quocunque
1617 2237 1996 2309 (58)currunt,
2028 2236 2087 2292 in

438 2329 596 2381 terra
620 2331 884 2393 currunt,
917 2328 1072 2383 etde
1104 2326 1229 2383 solo
1269 2328 1339 2382 ad
1392 2326 1584 2383 solum
1618 2330 1943 2382 transeunt.
1976 2326 2089 2381 Nec

440 2413 689 2477 navibus
709 2415 1028 2489 fugiamus,
1055 2421 1158 2472 aut
1188 2417 1591 2483 curribus,aut
1623 2415 1792 2487 cquis
1823 2414 1921 2487 qui
1942 2414 2088 2469 obli-

437 2506 656 2576 gantur
682 2507 740 2560 et
767 2504 984 2561 cadunt
1015 2521 1027 2561 :
1063 2506 1164 2561 sed
1198 2504 1495 2577 fugiamus
1524 2504 1743 2569 animo,
1775 2508 1832 2559 et
1879 2502 2087 2568 oculis,

436 2596 539 2648 aut
567 2593 815 2665 pedibus
846 2593 1695 2650 interioribus.Assuescamus
1724 2591 1925 2648 oculos
1948 2608 2087 2647 nos—

436 2684 558 2737 tros
586 2681 780 2738 videre
810 2698 936 2754 qua:
968 2680 1229 2737 dilucida
1258 2686 1314 2735 et
1344 2680 1500 2736 clara
1521 2684 1947 2752 sunt,spectare
1962 2679 2087 2734 vul-

357 2803 369 2812 -
434 2774 564 2825 tum
595 2770 964 2827 continentia
990 2772 1048 2827 et
1075 2770 1501 2841 temperantiae.
1558 2769 1711 2825 888
1766 2785 2088 2840 omnesque

434 2858 704 2930 virtutes,
734 2859 795 2914 in
826 2859 1046 2930 quibus
1074 2857 1224 2913 nihil
1256 2858 1552 2927 scabrum,
1587 2856 1734 2912 nihil
1769 2858 2085 2914 obscurum

437 2951 496 3003 et
522 2949 856 3003 tortuosum
886 2947 965 3003 sit
998 2965 1012 3003 :
1045 2951 1103 3002 et
1130 2962 1192 3002 se
1222 2946 1420 3019 ipsum
1443 2950 1664 3019 spectet
1685 2947 1842 3019 quis,
1877 2951 1935 3001 et
1960 2963 2089 3002 con-

437 3035 743 3093 scientiam
791 3053 962 3093 suam
999 3036 1113 3108 (59)
1146 3052 1161 3092 :
1194 3035 1362 3091 illum
1416 3035 1651 3091 oculum
1700 3036 1965 3102 mundet,
2015 3052 2087 3090 ne

438 3124 581 3197 quid
612 3124 876 3181 sordium
908 3124 1320 3190 habeat.Quod
1352 3126 1509 3181 enim
1542 3124 1791 3192 videtur,
1824 3141 1942 3179 non
1985 3124 2083 3180 de-

2198 553 2262 604 ut
2306 548 2622 619 Apostolus
2667 548 2915 621 gentiles
2962 549 3159 622 posuit
3186 550 3291 622 (60)
3317 550 3629 625 signiﬁcem.
3676 555 3736 626 Ip-

2196 653 2328 691 sum
2359 641 2449 693 est
2487 638 2705 694 bonum
2735 639 2891 710 quod
2917 637 3250 710 quaerimus,
3280 642 3334 695 et
3360 639 3531 697 solum
3558 641 3736 700 bonum.

2196 726 2377 781 Nemo
2408 725 2564 781 enim
2594 726 2808 794 bonus,
2838 726 2953 784 nisi
2982 743 3143 783 unus
3164 726 3336 786 Deus.
3372 728 3469 784 Hic
3492 733 3570 785 est
3591 728 3741 791 oculus

2198 814 2301 886 qui
2333 830 2614 887 magnum
2662 818 2721 871 et
2767 814 2937 872 illum
2989 831 3190 872 verum
3239 816 3485 875 decorem
3520 817 3737 876 intuetur.

2196 902 2390 958 Solem
2440 902 2554 985 nisi
2604 919 2784 960 sanus
2827 907 2885 959 et
2927 903 3130 976 vigens
3176 903 3372 961 oculus
3415 921 3519 962 non
3555 906 3743 977 aspicit;

2198 1008 2303 1047 nec
2327 992 2548 1049 bonum
2575 997 2766 1064 potest
2794 992 2988 1049 videre
3020 993 3134 1050 nisi
3166 994 3357 1051 anima
3378 994 3537 1051 bona.
3570 994 3671 1051 Fiat
3691 1011 3746 1051 er-

2198 1098 2270 1153 go
2304 1082 2491 1136 bonus
2535 1080 2634 1152 qui
2680 1081 2805 1136 vult
2849 1081 3044 1137 videre
3094 1081 3417 1149 Dominum,
3445 1085 3497 1137 et
3529 1082 3652 1153 quod
3687 1084 3746 1141 est

2199 1170 2445 1225 bonum.
2487 1169 2839 1241 Hujusmodi
2871 1170 3095 1226 similes
3140 1170 3344 1237 simus,
3369 1175 3424 1226 et
3444 1171 3689 1231 secundus
3708 1170 3744 1225 id

2199 1275 2509 1331 operemur
2539 1276 2667 1330 quae
2718 1258 2870 1315 bona
2913 1263 3078 1315 sunt.
3118 1258 3237 1315 Hoc
3283 1262 3370 1315 est
3410 1259 3603 1316 bonum
3636 1258 3745 1330 quod

2199 1364 2379 1419 supra
2407 1364 2638 1403 omnem
2670 1347 3066 1419 operationem
3096 1351 3386 1419 est,supra
3413 1363 3615 1404 omnem
3635 1361 3749 1401 men-

2199 1440 2316 1491 tem
2347 1438 2524 1507 atque
2565 1434 2925 1492 intellectum
2975 1454 2987 1492 :
3035 1436 3231 1507 ipsum
3277 1439 3363 1491 est
3404 1435 3542 1506 quod
3582 1450 3750 1505 semper

2201 1530 2417 1590 manet,
2451 1526 2521 1581 ad
2567 1525 2760 1597 ipsum
2804 1529 3223 1581 convertuntur
3266 1523 3453 1581 omnia
3476 1523 3571 1593 (6|)
3598 1523 3647 1577 in
3675 1538 3750 1593 quo

2200 1614 2425 1669 habitat
2464 1614 2762 1685 plenitudo
2821 1614 2977 1671 384
3028 1613 3369 1684 divinitatis,
3407 1616 3460 1668 et
3492 1628 3582 1683 per
3611 1611 3749 1683 ipsum

2200 1702 2652 1759 reconciliantur
2680 1702 2879 1758 omnia
2907 1703 2967 1758 in
2998 1703 3219 1775 ipsum.
3260 1704 3328 1758 Et
3355 1705 3417 1758 ut
3444 1699 3641 1774 plenius
3663 1698 3754 1754 deli-

2202 1792 2434 1847 niamus
2482 1792 2621 1863 quid
2673 1792 2751 1846 sit
2797 1792 3041 1862 bonum,
3078 1809 3090 1847 :
3124 1809 3251 1847 vna
3293 1793 3380 1847 est
3419 1791 3629 1853 bonum,
3662 1784 3753 1856 quia

2198 1895 2428 1950 semper
2461 1883 2677 1946 manet,
2710 1880 2857 1935 dans
2888 1880 3075 1935 vivere
3114 1884 3171 1935 et
3206 1895 3332 1936 esse
3360 1877 3635 1943 omnibus;
3663 1873 3756 1946 quia

2198 1970 2327 2023 fons
2358 1974 2445 2025 est
2475 1969 2739 2024 omnium
2770 1969 2889 2024 vita
2918 1968 3210 2037 Christus,
3244 1969 3313 2025 de
3342 1984 3452 2040 quo
3478 1969 3551 2023 ait
3573 1962 3755 2039 prophe-

2199 2062 2301 2112 ta:
2337 2058 2397 2111 In
2444 2059 2639 2113 umbra
2685 2059 2800 2130 ejus
2850 2060 3093 2115 vivemus
3146 2059 3356 2129 (Thr-en.
3389 2066 3460 2125 1v,
3495 2056 3597 2127 20).
3640 2052 3757 2113 Nunt

2202 2146 2359 2201 enim
2380 2148 2497 2202 vita
2513 2151 2711 2203 nostra
2727 2148 3071 2205 abscondita
3090 2148 3153 2203 in
3172 2147 3400 2204 Christo
3429 2149 3511 2202 est
3540 2161 3551 2200 :
3575 2158 3682 2200 cum
3693 2156 3760 2197 au-

2203 2238 2320 2290 tem
2350 2235 2966 2307 apparueritChristus
2985 2236 3106 2292 vita
3125 2239 3482 2304 nostra,tunc
3497 2236 3645 2289 etnos
3667 2242 3758 2285 cum

2198 2322 2297 2379 illo
2327 2324 2742 2397 apparebimus
2792 2326 2850 2379 in
2899 2324 3110 2397 gloria.
3176 2326 3327 2398 Ergo
3372 2340 3481 2380 non
3522 2320 3761 2378 timeamus

2199 2418 2470 2481 mortem,
2519 2413 2799 2484 quoniam
2855 2413 3088 2485 requies
3159 2418 3250 2470 est
3313 2410 3573 2485 corporis,
3612 2406 3760 2465 anime

2198 2506 2391 2557 autem
2431 2501 2521 2557 vel
2563 2501 2919 2568 libertas,vel
2978 2503 3300 2560 absolutio.
3367 2502 3476 2559 Nec
3532 2508 3765 2556 versamus

2199 2608 2331 2647 eum
2362 2591 2458 2662 qui
2497 2596 2684 2663 potest
2712 2609 2947 2648 carnem
2979 2592 3331 2661 interficere,
3364 2591 3598 2647 animam
3624 2588 3763 2641 autem

2199 2697 2312 2735 non
2348 2684 2570 2751 potest;
2606 2680 2743 2752 quia
2765 2697 2882 2737 non
2913 2682 3196 2739 timemus
3224 2697 3362 2738 eum
3392 2679 3486 2752 qui
3514 2679 3674 2750 potest
3704 2687 3767 2726 ve-

2197 2768 2542 2824 stimentum
2576 2769 2822 2837 auferre,
2858 2786 2974 2826 non
3004 2771 3292 2827 timemus
3335 2786 3465 2826 eum
3505 2765 3594 2839 qui
3631 2760 3769 2835 ροῐωί

2198 2862 2398 2913 nostra
2430 2858 2635 2926 furari,
2665 2876 2772 2915 nos
2819 2863 3013 2916 autem
3073 2877 3196 2916 non
3240 2862 3455 2933 potest.
3507 2856 3613 2911 Nos
3645 2850 3772 2923 igitur

2197 2947 2406 3002 animae
2438 2964 2667 3013 sumus,
2701 2948 2750 3003 si
2776 2949 3047 3005 volumus
3095 2965 3230 3006 esse
3269 2946 3487 3004 Hebraei
3522 2946 3585 3000 de
3615 2941 3674 2996 iis
3702 2936 3769 3008 qui

2195 3040 2334 3092 sunt
2364 3036 2503 3091 socii
2550 3037 2749 3105 Jacob,
2783 3037 2840 3092 id
2871 3042 2982 3105 est,
3012 3038 3347 3096 imitatores
3377 3037 3524 3106 ejus.
3561 3031 3660 3088 Nos
3687 3023 3772 3081 ani-

2194 3142 2299 3180 mae
2332 3129 2770 3196 sumus,nostra
2792 3130 2986 3183 autem
3017 3128 3292 3184 membra
3319 3125 3641 3182 vestimenta
3656 3116 3769 3178 sunt;

436 3213 534 3270 bet
560 3213 865 3271 dissonare
892 3214 965 3270 ab
1006 3230 1073 3270 eo
1101 3212 1202 3286 qui
1232 3213 1409 3284 videt,
1447 3212 1726 3285 quoniam
1757 3214 2086 3269 conformes
2115 3202 2159 3268 C
2197 3214 2483 3271 servanda
2507 3219 2645 3270 sunt
2675 3215 2912 3288 quidem
2960 3216 3337 3285 vestimenta,
3369 3230 3443 3273 ne
3485 3209 3772 3269 scindantur.

436 3319 543 3360 nos
570 3303 727 3360 Deus
756 3302 1033 3376 imaginis
1075 3302 1258 3359 voluit
1299 3319 1426 3358 esse
1467 3301 1593 3358 Filii
1625 3303 1738 3358 sui.
1780 3302 2087 3374 Cognitum

439 3392 619 3464 igitur
646 3391 819 3449 nobis
844 3396 938 3449 est
968 3391 1114 3447 illud
1146 3392 1498 3461 bonum,nec
1527 3390 1699 3465 longe
1728 3396 1819 3448 est
1845 3392 1919 3447 ah
1951 3408 2090 3447 uno-

443 3497 677 3552 quoque
705 3484 974 3538 nostrum
1007 3499 1020 3538 :
1053 3483 1116 3537 In
1144 3484 1257 3553 ipso
1287 3483 1440 3538 enim
1466 3482 1720 3549 vivimus,
1746 3490 1798 3538 et
1817 3485 2091 3549 sumus,et

482 3621 628 3750 t(58)
656 3622 802 3679 Mss.
841 3624 1042 3692 Rem.,
1074 3626 1194 3681 Istis
1237 3627 1386 3682 enim
1434 3627 1784 3697 quincunque
1830 3629 2084 3693 currunt,

507 3710 563 3750 c.

446 3710 563 3750 etc.

515 3764 629 3837 (59)
674 3764 948 3839 Ita_edit.
1001 3782 1247 3839 omnes,
1275 3770 1332 3820 et
1377 3784 1524 3822 mss.
1588 3767 1834 3839 aliquot.
1874 3771 2085 3824 Verum

442 3835 562 3893 tres
611 3835 725 3893 non
776 3835 991 3891 inﬁmas
1042 3841 1188 3892 nota:
1237 3838 1474 3908 habent,
1506 3848 1556 3893 et
1598 3835 1946 3895 conscientia:
1973 3856 2086 3895 sum

442 3909 608 3963 illum
656 3908 875 3964 oculum
919 3908 1167 3964 mandet.
1208 3910 1486 3977 Quatuor,
1517 3913 1903 3966 conscientiam
1930 3927 2088 3966 suam

436 3997 537 4051 per
567 3980 730 4036 illum
771 3980 989 4035 oculum
1034 3980 1279 4036 mandet.
1313 3980 1556 4048 Ibidem,
1588 3998 1791 4038 omnes
1837 3982 1979 4037 edit.
2022 3998 2087 4037 ac

441 4068 589 4124 mss.
630 4055 902 4124 quatuor,
934 4052 1179 4124 nequid
1222 4052 1503 4107 sordidum
1550 4053 1762 4109 habeat.
1794 4053 1908 4107 Alii
1962 4071 2087 4109 me-

438 4123 575 4189 lius,
598 4139 670 4178 ne
697 4123 827 4194 quid
854 4123 1156 4190 sordidum,
1182 4127 1294 4179 etc.

509 4195 634 4267 (60),
652 4194 798 4251 Mss.
858 4194 1101 4266 aliquot,
1152 4198 1205 4252 et
1250 4196 1475 4263 gentilis
1516 4197 1719 4267 posuit.
1751 4198 1957 4267 Ipsum
2008 4200 2087 4251 est

436 4268 589 4322 enim
617 4266 817 4321 bonum
846 4265 983 4338 quod
1011 4269 1313 4339 qumrimus
1351 4265 1531 4324 solum
1557 4265 2087 4339 (aliqui,_summum

2199 3318 2270 3359 ne
2308 3303 2738 3359 inveterascant
2770 3320 2782 3358 :
2815 3304 2919 3359 sed
2960 3302 3057 3359 ille
3106 3304 3326 3379 magis,
3358 3302 3455 3375 qui
3500 3299 3583 3355 his
3627 3292 3772 3353 utitur,

2197 3409 2427 3449 servare
2459 3409 2521 3448 se
2555 3393 2725 3448 debet
2753 3396 2808 3448 et
2839 3392 3154 3449 custodire.

2196 3625 2416 3682 bonum.
2446 3624 2683 3697 Alii,qui
2716 3641 2785 3680 ex
2814 3624 3071 3682 melioris
3103 3625 3234 3693 aevi,
3268 3640 3383 3697 nec
3407 3620 3654 3697 nouant

2196 3701 2262 3752 ut
2291 3697 2353 3751 in
2385 3691 2650 3752 contentu
2689 3714 2701 3751 :
2733 3697 2843 3753 nisi
2876 3698 3030 3769 quod
3073 3691 3313 3753 Amsac
3357 3694 3487 3769 Gill.
3520 3691 3777 3769 legunt,

2195 3769 2473 3838 gniﬁcari.
2509 3769 2772 3823 Tandem
2805 3763 2975 3825 Roin.
3005 3769 3174 3841 edit.,
3205 3768 3444 3841 gentiles
3473 3763 3632 3821 voluit
3649 3766 3777 3841 πιέζῃς·

2196 3824 2304 3893 ἵε]
2328 3841 2511 3910 Ipsum
2540 3848 2638 3904 est,
2669 3846 2777 3895 etc.
2813 3841 2921 3895 Sed
2964 3824 3249 3896 varietati
3300 3838 3469 3896 locus
3516 3824 3781 3911 non'relin:

2196 3907 2470 3987 queatur,
2504 3912 2552 3966 si
2571 3910 2981 3987 interpreteris
3010 3912 3120 3968 hoc
3154 3912 3337 3987 modo
3366 3929 3378 3966 :
3413 3907 3619 3987 Paulus
3642 3907 3781 3987 in‘g‘ltf

2198 3966 2271 4037 ad
2292 3966 2968 4056 ’Areopagitaslo‘ratione
2983 3966 3245 4056 posuit;
3262 3966 3385 4039 sive
3407 3966 3781 4056 pdixit_gentilef

2196 4058 2395 4125 poetas
2426 4047 2483 4108 id
2521 4047 2903 4125 signiﬁcasse,
2936 4047 3227 4110 nimirum
3262 4053 3426 4127 quod
3474 4052 3531 4106 in
3576 4047 3674 4103 Deo
3697 4047 3785 4094 vm-

2197 4142 2352 4190 mus,
2388 4142 2619 4191 sumus,
2650 4130 2762 4181 etc.
3741 4180 3747 4188 .

2268 4198 2379 4268 (61)
2412 4197 2514 4252 Ms.
2553 4197 2770 4269 Long.,
2802 4196 3111 4253 divinitatis
3139 4196 3530 4270 corporaliter,
3559 4196 3607 4247 et
3626 4200 3709 4261 per
3733 4193 3785 4249 Ψ

2193 4283 2318 4323 sum
2345 4272 2736 4324 convertuntur
2766 4269 2975 4340 omnia,
3006 4272 3123 4325 etc.

440 4441 3792 4492 Μ

932 4634 1047 4721 ΙΝ
1104 4633 1737 4722 LIBRUMDE
1796 4633 2116 4723 BONO
2175 4634 2609 4727 MORTIS
2669 4635 3370 4724 ADMONITIO,

530 4837 650 4902 Ubi
690 4836 1004 4919 praecipue
1046 4855 1122 4900 ns
1168 4854 1582 4902 HABITACULIS
1625 4856 1954 4902 ANIMARUI
1997 4856 2138 4903 rosr
2180 4857 2449 4919 nomen,
2501 4841 2703 4922 deque
2746 4841 2907 4903 libro
2949 4843 3031 4904 IV
3073 4841 3303 4907 Esdrse
3350 4840 3729 4918 disceptatur-

499 5200 728 5263 Ouanta
757 5198 906 5255 libro
938 5200 1010 5256 De
1039 5199 1172 5255 bono
1198 5199 1391 5254 mortis
1422 5214 1553 5253 cum
1586 5198 1882 5271 superiore
1913 5200 1986 5256 De
2009 5204 2168 5256 Isaac
2195 5206 2246 5255 et
2279 5202 2489 5256 Ani-ma
2519 5200 2794 5273 cognatio
2846 5199 3190 5267 intercedat,
3225 5200 3436 5272 prima
3484 5195 3637 5252 illius
3680 5181 3796 5242 verba

430 5289 579 5345 satis
608 5288 951 5344 declarant:
987 5305 1114 5360 quae
1146 5287 1382 5360 quidem
1416 5288 1464 5343 si
1498 5287 1631 5360 quis
1685 5287 1946 5344 strictius
1995 5288 2244 5345 voluerit
2293 5289 2682 5362 interpretari,
2735 5290 2879 5345 forte
2928 5306 3043 5345 non
3095 5286 3454 5344 inconsulto
3503 5294 3674 5341 unum
3714 5277 3796 5327 035‘

430 5377 817 5432 affirmaverit
845 5377 1038 5448 operis
1069 5381 1406 5433 contextum
1452 5382 1509 5431 ct
1556 5376 1723 5449 quasi
1755 5393 1990 5450 corpus,
2036 5378 2207 5449 cujus
2250 5377 2397 5434 liber
2440 5361 2668 5451 primus
2716 5378 2863 5434 alter
2905 5378 3017 5434 dici
3066 5377 3310 5446 debeat,
3354 5376 3509 5434 alter
3553 5361 3795 5428 secundui

428 5464 652 5535 Ecquid
684 5464 842 5520 enim
875 5463 1031 5519 aliud
1066 5465 1177 5521 sibi
1207 5464 1463 5522 voluisse
1491 5465 1720 5522 videtur
1749 5466 2114 5534 Ambrosius,
2143 5483 2278 5522 cum
2309 5472 2440 5539 post
2468 5467 2686 5525 librum
2718 5468 2790 5524 de
2820 5469 2970 5524 Isaac
3011 5466 3253 5522 ﬁnitum
3310 5465 3376 5520 in
3428 5464 3583 5519 hanc
3625 5455 3796 5539 sentén‘

430 5551 574 5607 tiam
609 5566 624 5606 ε
658 5553 800 5622 Ergo
828 5568 940 5608 non
979 5553 1270 5609 timeamus
1317 5557 1565 5619 mortem,
1616 5558 1763 5623 etc.,
1819 5558 2163 5627 sequentem
2215 5536 2552 5631 auspicatur
2597 5557 2758 5613 hisce
2784 5556 2977 5613 verbis
3010 5574 3023 5613 :
3059 5556 3350 5625 Quoniam
3400 5553 3675 5629 superiore

429 5638 496 5702 de
522 5640 715 5700 anima
741 5655 1048 5704 sermonem
1069 5641 1311 5717 aliquem
1335 5644 1735 5717 contemnimus,
1760 5643 2073 5717 faciliorem
2102 5647 2249 5703 viam
2270 5662 2534 5722 paramus
2580 5646 2647 5705 de
2698 5647 2832 5706 bono
2877 5647 3069 5708 mortis
3113 5645 3401 5721 conﬁcere
3426 5636 3655 5717 αιίᾳαίἀ,
3699 5632 3785 5690 οπο·
