3830 6206
84 372 167 468 sill
900 393 1134 461 mssa
1176 394 1279 460 ne
1322 395 1533 461 sono
1578 378 1897 462 MORTIS.
1930 430 2007 446 —
2037 384 2531 465 annom'rlo.‘
3276 363 3401 463 sesi

82 537 228 612 Igitur
250 530 385 609 quod
412 531 467 588 in
495 529 608 589 ﬁne
638 528 854 588 ultimae
883 528 1308 588 lucubrationis
1340 546 1455 587 non
1486 529 1630 587 satis
1661 529 1818 588 fusse
1847 533 2163 589 tractatum
2192 530 2401 601 fuerat,
2428 531 2488 590 id
2520 531 2581 590 in
2603 529 2712 592 hac
2741 529 2981 592 uberius
3012 532 3187 607 atque
3219 540 3398 591 accu-

82 626 225 684 ratius
236 619 636 680 discutiendum
658 621 1022 694 proponitur.

134 715 215 772 Hic
236 714 409 784 itaque
436 710 686 767 ostendit
730 714 969 765 sanctus
1018 709 1217 764 doctor
1266 708 1423 780 quod
1472 708 1692 764 bonum
1733 707 1832 776 sit,
1865 725 2062 780 quaeve
2094 708 2377 766 utilitates
2423 711 2648 779 mortis,
2696 728 2990 786 quamque
3038 711 3141 768 illa
3187 728 3397 785 parum

80 800 461 861 extimesconda.
492 797 860 872 Propositum
888 797 1227 854 autemhoc
1257 813 1432 851 suum
1465 797 1607 852 satis
1637 800 1908 852 accurata
1938 797 2210 854 methodo
2240 800 2628 871 persequitur.
2663 801 2889 857 Etenim
2921 801 3228 873 prmmissa
3273 799 3399 856 vitm

80 911 128 949 ac
150 891 321 948 mortis
348 888 692 955 deﬁnitione,
723 891 782 944 et
809 886 1107 942 nonnullis
1135 891 1338 941 contra
1362 886 1568 942 mortis
1598 885 1911 942 utilitatem
1941 888 2245 960 appositis,
2279 905 2406 959 qua:
2437 894 2637 961 postea
2667 890 2857 959 diluit,
2906 890 3203 964 triplicem
3248 891 3402 947 inve-

77 982 160 1039 niri
186 984 401 1037 mortem
431 978 809 1044 demonstrat,
842 978 1085 1048 ejusque
1115 976 1352 1031 tertium
1380 991 1565 1047 genus
1597 976 1753 1048 quod
1786 976 1843 1030 in
1873 976 2082 1031 animae
2113 980 2289 1049 atque
2321 978 2580 1050 corporis
2610 980 2976 1051 separatione
3005 970 3263 1053 positum
3289 984 3397 1049 est,

76 1074 245 1129 bonum
274 1084 390 1125 esse
417 1083 480 1121 ac
509 1065 804 1122 felicitatis
836 1064 1073 1138 plenum
1108 1064 1337 1131 evincit,
1372 1069 1428 1120 et
1459 1064 1507 1119 si
1551 1064 1692 1137 quid
1727 1064 2027 1120 metuendi
2059 1064 2145 1120 vel
2200 1065 2553 1122 incommodi
2604 1066 2835 1135 habeat,
2886 1070 2945 1124 id
2995 1056 3232 1142 quidem
3283 1074 3399 1126 nOn

76 1160 226 1227 morti,
255 1158 344 1214 sed
375 1158 576 1212 nostras
606 1154 867 1226 ipsorum
900 1153 1227 1208 inﬁrmitati
1261 1153 1697 1209 ascribendum.
1733 1152 1879 1208 Illud
1913 1171 2067 1225 vero,
2101 1154 2149 1209 si
2183 1155 2323 1227 quid
2358 1154 2537 1223 aliud,
2585 1154 2691 1210 viri
2743 1156 2929 1212 sancti
2979 1157 3252 1229 pietatem
3301 1159 3400 1215 d'e-

75 1247 229 1313 clarat,
255 1244 393 1317 quod
424 1242 619 1299 omnia
649 1242 829 1297 ferme
856 1241 1048 1315 ipsius
1079 1246 1424 1313 argumenta
1454 1232 1755 1297 sacrorum
1785 1241 2054 1297 codicum
2100 1243 2447 1299 auctoritate
2479 1244 2762 1313 nitantur,
2797 1248 2898 1300 aut
2941 1244 2989 1301 si
3021 1247 3176 1317 quod
3224 1246 3400 1302 etiam

74 1339 124 1391 ex
146 1332 359 1391 naturali
389 1332 606 1389 ratione
638 1331 1017 1403 desumptum
1070 1330 1363 1397 adhibeat,
1420 1331 1574 1402 quod
1600 1331 1727 1402 jam
1781 1330 1840 1385 in
1871 1329 2051 1386 simili
2101 1348 2279 1386 causa
2325 1331 2569 1387 allatum
2614 1333 2822 1389 fuisset
2851 1352 2884 1389 a
2911 1334 3297 1408 philosophis,
3343 1336 3402 1392 id

73 1439 315 1498 nunquam
343 1437 451 1477 non
484 1419 677 1476 divino
708 1417 985 1491 quopiam
1015 1418 1348 1474 testimonio
1379 1417 1703 1474 conﬁrmet.
1737 1419 1881 1475 Hinc
1912 1436 2113 1475 ansam
2149 1424 2356 1476 nactus
2383 1421 2744 1477 Christianos
2773 1423 2941 1479 docet
2970 1440 3146 1495 quam
3192 1441 3402 1496 parum

70 1500 173 1570 huic
196 1512 305 1569 vita:
332 1527 496 1568 omne
524 1526 709 1583 genus
736 1508 1107 1563 miseriarum
1140 1507 1495 1580 plenissimae
1528 1508 1965 1575 adhaerendum,
2000 1512 2296 1581 quamque
2345 1509 2606 1566 studiose
2654 1510 2887 1580 saeculo,
2931 1512 3233 1568 exstinctis
3284 1530 3403 1569 cor-

67 1606 180 1675 poris
202 1598 647 1667 delectationibus,
693 1597 1087 1671 cupiditatibus
1134 1597 1404 1665 omnibus,
1461 1597 1761 1669 mundique
1797 1596 2067 1652 illecebris
2112 1600 2262 1670 (cap.
2312 1598 2367 1664 3,
2418 1601 2571 1670 etc.),
2623 1599 3017 1667 moriendum,
3070 1605 3136 1656 ut
3166 1600 3402 1674 integrae

68 1696 337 1765 sancteque
362 1689 491 1745 vitae
519 1687 801 1744 beneﬁcio
832 1703 991 1742 mors
1024 1703 1201 1758 quam
1235 1689 1540 1758 peccatum
1570 1685 1763 1742 solum
1790 1690 1982 1759 potest
2011 1686 2252 1742 reddere
2280 1685 2730 1755 formidabilem,
2764 1705 2880 1745 non
2936 1688 3232 1746 timeatur.
3285 1690 3403 1748 Hoc

66 1780 282 1836 ultimum
312 1778 560 1835 subinde
590 1776 817 1850 probat,
851 1775 1219 1846 maximeque
1248 1775 1386 1830 totis
1407 1775 1597 1830 tribus
1626 1774 1807 1846 hujus
1837 1773 2037 1847 opella:
2068 1774 2360 1848 capitibus
2390 1775 2539 1848 (cap.
2573 1777 2630 1844 5,
2670 1777 2704 1832 6
2734 1780 2789 1832 et
2815 1778 2893 1849 7).
2944 1778 3029 1833 Ad
3077 1781 3402 1836 extremum

67 1862 139 1924 ubi
157 1867 332 1924 animae
362 1863 861 1922 immortalitatem
889 1864 1159 1930 asseruit,
1193 1863 1435 1935 quinam
1471 1862 1702 1919 futurus
1733 1863 1809 1919 sit
1860 1862 2016 1919 illius
2064 1880 2098 1919 a
2123 1864 2380 1937 corporis
2420 1865 2798 1922 contubernio
2831 1871 3146 1939 segregatas
3190 1872 3404 1940 status,

67 1955 258 2029 explicat
286 1982 300 2024 ;
328 1972 391 2012 ac
421 1954 751 2028 perorando
781 1951 985 2009 ﬁdeles
1015 1952 1379 2020 adhortatur,
1414 1955 1479 2007 ut
1508 1953 1666 2008 omni
1697 1951 1989 2007 industria
2016 1952 2130 2008 Deo
2166 1951 2462 2026 conjungi,
2486 1953 2656 2024 eique
2678 1954 2970 2010 indivulso
2984 1956 3180 2012 animo
3210 1958 3401 2015 adhae-

62 2062 157 2116 rere
181 2048 441 2118 satagant,
483 2060 599 2117 quo
630 2046 763 2116 post
791 2041 1024 2097 ﬁnitum
1056 2040 1230 2097 istius
1272 2041 1401 2096 vitae
1433 2039 1789 2097 curriculum
1834 2041 2132 2113 pervenire
2158 2041 2458 2114 contingat
2498 2041 2568 2097 ad
2603 2042 3053 2114 patriarcharum
3087 2048 3403 2118 concilium,

64 2140 313 2193 sanctorum
333 2139 552 2200 cretum,
569 2133 953 2204 justorumque
980 2134 1324 2197 conventum,
1356 2132 1450 2186 ubi
1473 2131 1702 2186 servulis
1743 2132 1857 2185 suis
1900 2131 2164 2186 Dominus
2213 2132 2365 2186 Jesus
2416 2131 2725 2188 mansiones
2768 2136 3013 2205 paravit,
3062 2143 3121 2191 ut
3164 2129 3279 2193 ubi’
3308 2138 3406 2194 ille

64 2232 178 2281 estet
199 2240 283 2281 nos
307 2226 477 2279 simus
504 2222 653 2295 (cap.
688 2221 797 2292 12).

110 2314 174 2370 Ex
198 2313 339 2369 omni
370 2315 571 2368 autem
604 2310 796 2383 operis
825 2308 1007 2382 hujus
1037 2308 1359 2365 oeconomia
1388 2325 1735 2382 cognoscere
1766 2312 1875 2376 est,
1919 2325 2034 2365 non
2082 2306 2274 2364 solum
2324 2325 2390 2364 eo
2438 2308 2584 2365 nihil
2632 2310 2703 2366 ad
2758 2327 2989 2368 morum
3033 2311 3405 2387 disciplinam

63 2400 429 2458 accomodatius
480 2397 750 2465 inveniri,
801 2414 1005 2454 verum
1058 2398 1234 2453 etiam
1295 2396 1437 2453 illud
1489 2397 1635 2454 libro
1678 2400 1753 2454 De
1798 2400 1948 2454 Isaac
1992 2397 2161 2470 plane
2204 2397 2602 2469 synchronum
2655 2415 2807 2469 esse,
2849 2391 2960 2457 Hoc
3009 2406 3134 2471 est,
3181 2403 3405 2461 editum

62 2507 174 2546 anno
194 2490 405 2546 circiter
433 2504 786 2544 cccnxxxvn.
818 2487 1017 2559 Neque
1045 2502 1178 2542 vero
1208 2485 1343 2541 hinc
1373 2503 1604 2559 quoque
1634 2486 1861 2542 videtur
1893 2485 2041 2541 male
2073 2484 2281 2556 conjici
2310 2484 2465 2541 idem
2497 2485 2643 2543 illud
2675 2492 2942 2545 constare
3001 2491 3403 2562 concionibus,

63 2595 169 2649 quas
191 2578 253 2634 ad
280 2572 515 2636 eoSdem
548 2592 696 2649 quos
727 2576 1060 2649 superiores
1094 2578 1379 2631 tractatus
1423 2576 1783 2649 spectabant,
1829 2574 2061 2631 habitas
2110 2574 2171 2629 in
2220 2573 2435 2629 librum
2482 2575 2763 2631 convertit
2810 2578 3173 2648 Ambrosius,
3219 2579 3407 2637 indita

57 2666 374 2741 inscriptione
404 2670 475 2723 De
512 2666 646 2722 bono
674 2668 885 2730 mortis,
919 2664 1029 2720 sub
1060 2680 1178 2736 qua
1204 2681 1319 2721 non
1358 2663 1539 2721 semel
1571 2664 1783 2720 citatur
1811 2665 1883 2720 ab
1913 2662 2241 2737 Augustino
2290 2662 2415 2731 (lib.
2451 2680 2529 2731 IV,
2582 2665 2763 2721 Contr.
2815 2666 2947 2723 duas
2986 2670 3144 2740 epist.
3192 2669 3404 2742 Pelag.,

55 2772 148 2827 cap.
175 2756 272 2828 ll).
298 2755 366 2811 Et
396 2756 550 2813 forte
580 2753 710 2811 istis
742 2753 1018 2810 omnibus
1049 2752 1245 2809 causis
1276 2754 1515 2820 factum,
1550 2757 1616 2808 ut
1641 2752 1702 2808 in
1730 2769 1847 2808 uno
1882 2753 2175 2825 regiorum
2207 2751 2473 2807 codicum
2504 2750 2586 2808 ita
2616 2752 3068 2812 inscriberetur:
3103 2758 3267 2815 Liber
3297 2766 3405 2816 ter-

46 2846 139 2899 ‘tius
160 2861 222 2900 ex
242 2844 372 2901 libro
390 2845 465 2900 De
486 2842 848 2916 patriarchis,
869 2842 966 2914 qui
986 2842 1309 2896 inlitulatur
1335 2843 1414 2897 De
1440 2842 1574 2897 bono
1602 2843 1811 2897 mortis.

101 2932 286 2989 Verum
315 2949 442 3006 qua
472 2931 537 2988 S.
570 2932 772 2987 doctor
799 2932 870 2986 de
898 2929 1229 2985 animarum
1258 2930 1599 3003 corporibus
1640 2930 1764 2986 suis
1803 2931 2110 2984 exutarum
2143 2932 2320 2997 statu,
2346 2929 2530 3001 deque
2580 2934 2814 2987 auctore
2863 2949 2898 2988 a
2977 2949 3092 3004 quo
3147 2934 3410 2992 doctrina

54 3018 125 3077 illa
147 3023 383 3095 profecta
411 3018 530 3088 est,
561 3020 671 3077 sub
702 3017 1040 3092 scriptionis
1072 3019 1321 3090 hujusce
1350 3019 1528 3075 ﬁnem
1558 3018 1760 3087 tradit,
1793 3035 1861 3074 ea
1890 3034 2030 3073 sane
2061 3036 2167 3074 nos
2198 3019 2258 3074 in
2281 3019 2427 3075 duas
2450 3035 2563 3073 non
2578 3019 2856 3077 minimas
2879 3020 3256 3082 difﬁcultates
3272 3042 3408 3081 con-

50 3110 230 3180 jiciunt.
260 3111 523 3167 Primum
553 3110 708 3166 enim
740 3108 790 3164 si
822 3108 1075 3164 doctoris
1106 3109 1290 3164 nostri
1320 3108 1493 3165 verba
1517 3108 1715 3164 stricte
1746 3109 1918 3179 atque
1949 3124 2017 3163 ex
2046 3107 2309 3179 apicibus
2339 3108 2810 3181 interpretemur,
2860 3110 3139 3183 cogemur
3185 3112 3410 3187 liquido

55 3200 262 3256 conﬁteri
292 3200 526 3258 animas
557 3198 745 3271 ipsius
768 3196 988 3267 judicio
1020 3197 1079 3251 in
1112 3196 1467 3269 quibusdam
1497 3194 1850 3253 habitaculis
1877 3199 2026 3268 (cap.
2061 3197 2149 3266 lO)
2180 3196 2489 3253 conclusas
2522 3195 2788 3268 adusque
2826 3198 3158 3270 generalem
3209 3217 3406 3257 resur-

54 3291 310 3346 rectionem
341 3286 594 3355 servari,
626 3304 725 3343 eas
776 3286 857 3342 ibi
889 3286 1216 3341 mercedem
1250 3286 1507 3341 debitam
1537 3285 1811 3358 operibus
1841 3285 1989 3354 suis,
2014 3285 2115 3341 sed
2146 3290 2282 3342 ante
2312 3285 2467 3340 diem
2497 3284 2774 3342 ultimum
2797 3286 3039 3342 minime
3052 3287 3409 3346 reddendam

55 3383 347 3449 exspectare,
379 3377 621 3434 interim
650 3380 847 3430 tamen
882 3373 1011 3430 illas
1041 3374 1129 3429 vel
1161 3374 1333 3430 bonis
1356 3373 1732 3446 quibusdam,
1765 3373 1852 3430 vel
1901 3374 2089 3446 poenis
2121 3375 2273 3431 afﬁci
2307 3374 2488 3445 (ibid.,
2531 3378 2572 3444 ),
2615 3379 2790 3447 prout
2841 3375 3105 3448 ipsarum
3163 3395 3410 3452 quisque

50 3465 130 3521 fuit
155 3466 509 3529 commerita,
566 3467 866 3537 postremo
889 3464 1172 3535 justorum
1205 3464 1457 3519 lwtitiam
1480 3479 1584 3534 per
1613 3462 1873 3536 quosdam
1894 3463 2112 3519 ordines
2140 3479 2250 3519 esse
2277 3462 2541 3534 digestum
2562 3465 2712 3535 (cap.
2765 3463 2876 3536 Η).

100 3554 277 3611 Mirum
315 3555 562 3628 quidem
595 3569 712 3608 non
742 3555 831 3608 est
856 3550 966 3606 hoc
998 3550 1171 3606 modo
1202 3551 1273 3607 de
1305 3550 1635 3607 animarum
1668 3554 1823 3606 statu
1854 3550 2127 3623 scripisse
2155 3551 2549 3619 Ambrosium,
2607 3552 2708 3607 sed
2768 3551 2914 3609 illud
2971 3551 3396 3628 propemodum

52 3641 328 3702 incredibile
356 3642 550 3701 videri
582 3644 795 3715 potest,
826 3657 1004 3713 quam
1036 3639 1096 3695 in
1152 3656 1220 3696 ea
1248 3639 1584 3712 questiones
1642 3641 1827 3696 sancti
1860 3640 2058 3697 Patres
2103 3641 2174 3696 ab
2231 3639 2375 3713 ipsis
2436 3639 2832 3712 apostolorum
2891 3643 3257 3715 temporibus
3323 3648 3395 3704 ad

52 3729 256 3805 Gregorii
279 3735 348 3790 XI
378 3731 817 3807 pontiﬁcatum,
867 3728 1384 3802 Florentinumque
1443 3729 1777 3797 concilium,
1829 3729 1940 3786 hoc
1991 3740 2100 3797 est,
2149 3734 2268 3786 toto
2318 3730 2500 3785 ferme
2559 3730 3002 3803 quatuordecim
3052 3732 3400 3794 saeculorum

51 3821 214 3891 spatio,
242 3822 444 3880 incerti
479 3838 554 3879 ac
585 3836 795 3893 parum
824 3822 1162 3875 constantes
1215 3817 1564 3874 exstiterint.
1625 3817 1749 3873 Non
1784 3818 1941 3873 enim
1973 3817 2166 3873 solum
2196 3817 2345 3873 alius
2377 3810 2447 3872 ab
2480 3817 2613 3887 alio,
2647 3822 2714 3874 ut
2760 3819 2819 3874 in
2853 3819 3194 3891 hujusmodi
3245 3840 3400 3896 quae-

52 3907 286 3968 stionibus
313 3912 573 3968 necdum
604 3909 676 3965 ab
705 3906 963 3964 Ecclesia
990 3906 1248 3962 deﬁnitis
1281 3905 1615 3979 contingere
1647 3910 1827 3974 amat,
1855 3905 2212 3962 dissentiunt
2238 3924 2250 3962 :
2282 3922 2485 3961 verum
2518 3906 2695 3962 etiam
2739 3924 2855 3963 non
2912 3908 3057 3965 satis
3114 3910 3405 3968 cohaerent

53 3995 135 4051 sibi
163 3997 260 4070 ipsi
293 4018 305 4068 ;
339 4016 478 4056 cum
513 3996 753 4054 easdem
784 3995 1011 4051 animas
1041 3993 1196 4051 claro
1227 3995 1433 4051 divinm
1464 4000 1687 4051 naturae
1721 3999 2036 4067 conspectu
2066 3993 2181 4049 frui
2206 3994 2561 4066 quibusdam
2592 3995 2942 4067 scriptorum
2974 4014 3215 4055 suorum
3262 3999 3407 4058 locis

50 4088 331 4156 concedere,
377 4103 598 4145 rursus
650 4084 1006 4157 quibusdam
1039 4082 1170 4138 aliis
1218 4083 1276 4138 id
1326 4084 1521 4156 ipsum
1561 4100 1772 4156 negare
1814 4082 2139 4139 videantur.
2190 4082 2377 4154 Hujus
2409 4087 2604 4137 autem
2648 4083 2833 4138 nostri
2867 4083 3119 4140 instituti
3170 4102 3287 4143 non
3317 4093 3407 4145 est

46 4170 253 4234 diversas
303 4177 437 4234 illas
500 4170 884 4247 antiquorum
913 4173 1152 4228 Patrum
1186 4173 1504 4229 sententias
1535 4172 1631 4228 hic
1661 4188 1969 4245 congerere
1996 4190 2007 4227 :
2041 4171 2133 4226 cui
2164 4170 2334 4243 plura
2363 4170 2472 4225 hac
2494 4171 2566 4226 de
2608 4187 2669 4226 re
2702 4187 3050 4244 cognoscere
3108 4173 3404 4233 libueruit.

44 4261 272 4333 Alpheus.
302 4267 509 4323 Castra
543 4262 668 4335 (lib.
702 4279 787 4330 ιιι,
837 4261 968 4317 Adv.
1019 4262 1269 4333 IIwrea),
1331 4261 1475 4317 Sixt.
1522 4262 1650 4316 Sen.
1700 4261 1868 4331 (Bibl.
1913 4261 1954 4315 Ι.
2006 4278 2079 4327 VI,
2131 4261 2342 4314 Annot.
2395 4259 2541 4329 345),
2594 4259 2864 4315 Bellarm.
2911 4260 3034 4333 (lib.
3070 4277 3089 4319 ι
3130 4258 3215 4320 De
3264 4265 3403 4324 beat.

45 4363 135 4422 cap.
164 4353 181 4408 l
216 4359 267 4410 et
290 4357 467 4429 seq.).
524 4356 721 4409 Petav.
746 4350 1015 4423 (Theolog.
1068 4349 1244 4421 dogm.
1279 4350 1344 4405 de
1374 4351 1503 4417 Deo,
1537 4365 1662 4422 cap.
1697 4349 1766 4405 l3
1796 4352 1853 4405 et
1884 4350 1986 4428 14).
2026 4351 2200 4421 atque
2249 4347 2395 4404 alios
2443 4347 2713 4404 consulat
2759 4348 2913 4405 licet.
2969 4348 3120 4407 lllud
3174 4357 3407 4412 tantum

43 4435 124 4496 hoc
138 4441 234 4501 loci
254 4445 673 4510 admonemus,
698 4455 932 4496 omnem
954 4437 1117 4495 illam
1150 4438 1441 4495 sermonis
1475 4438 1870 4494 diversitatem
1896 4455 1965 4494 ex
1993 4438 2170 4494 variis
2198 4454 2469 4493 manasse
2502 4436 2829 4511 principiis,
2860 4455 2987 4512 quae
3018 4437 3240 4500 sanctis
3287 4443 3405 4503 illis

42 4526 147 4585 viris
172 4548 463 4590 sacraram
497 4529 852 4605 paginarum
874 4526 1045 4584 lectio
1092 4527 1526 4600 suppeditabat.
1574 4527 1719 4582 Hinc
1744 4531 1832 4582 est
1857 4528 2009 4599 quod
2042 4528 2139 4599 qui
2164 4526 2621 4583 Millenariorum
2644 4543 2900 4585 errorem
2927 4528 3189 4603 amplexi
3244 4538 3403 4603 sunt,

41 4616 92 4670 ab
114 4618 175 4676 iis
202 4623 400 4679 eodem
436 4621 787 4695 argumento
817 4616 1016 4673 futura
1047 4620 1179 4673 ante
1211 4633 1518 4689 corporum
1550 4616 2035 4673 resurrectionem
2066 4617 2335 4673 beatiﬁca
2362 4615 2506 4672 visio
2537 4617 2880 4691 negabatur.
2912 4618 2980 4674 Et
3009 4618 3279 4692 quamvis
3304 4620 3407 4696 qui

41 4709 185 4763 secuti
215 4715 352 4767 sunt
380 4725 605 4783 magno
637 4707 831 4765 studio
844 4706 1120 4763 eumdem
1151 4721 1405 4761 errorem
1429 4704 1835 4778 impugnarint
1862 4704 2366 4779 proﬂigarintque,
2396 4709 2592 4761 tamen
2620 4706 2774 4763 circa
2788 4705 2888 4763 Dei
2914 4707 3200 4767 visionem
3216 4710 3407 4768 adhuc

42 4797 332 4863 pendebant
360 4798 675 4872 ancipites.

90 4882 291 4944 Etenim
321 4905 465 4944 cum
488 4887 564 4943 ad
594 4883 812 4942 Christi
858 4881 1249 4954 precationem
1281 4900 1398 4955 qua
1428 4883 1578 4955 patri
1611 4881 1902 4955 supplicat
1933 4899 2036 4955 pro
2080 4882 2301 4949 electis,
2354 4891 2414 4937 ut
2464 4885 2597 4951 sint,
2646 4883 2839 4955 inquit
2880 4884 3065 4955 (Joan.
3111 4903 3246 4942 xvn.
3296 4886 3408 4955 42),

39 4984 227 5046 meeum,
276 4981 417 5045 etc.;
468 4991 607 5033 cum
664 4973 737 5030 ad
803 4970 1187 5045 apostolicum
1248 4971 1436 5028 illud:
1495 4972 1735 5039 dissolvi,
1785 4980 1840 5027 et
1882 4986 1991 5027 esse
2028 4987 2153 5025 cum
2184 4969 2393 5026 Christo
2432 4970 2606 5027 multo
2654 4972 2854 5027 melius
2900 4971 3164 5044 (Philipp.
3215 4991 3233 5028 ι
3277 4975 3411 5043 23);

36 5069 140 5116 cum
166 5064 233 5120 ad
265 5063 415 5122 istas
476 5080 671 5131 voces,
694 5077 925 5133 regnum
957 5061 1233 5129 caelorum,
1255 5063 1434 5117 vitam
1462 5070 1726 5117 ademtam
1753 5101 1767 5127 ,
1800 5076 1866 5116 ac
1898 5057 2121 5115 similes
2165 5057 2309 5113 alias
2339 5058 2651 5114 advertunt
2679 5058 2943 5114 animum
2969 5075 2982 5113 :
3018 5060 3119 5116 sed
3149 5077 3269 5132 prae
3314 5078 3417 5118 cae-

34 5147 142 5206 teris
162 5168 289 5210 cum
322 5169 539 5211 eorum
571 5167 818 5225 quorum
844 5151 1038 5207 obitus
1069 5148 1282 5207 Christi
1316 5148 1803 5206 resurrectionem
1836 5145 2164 5215 antevertit,
2190 5162 2294 5201 nec
2316 5162 2432 5201 non
2455 5161 2660 5202 eorum
2691 5145 2825 5218 quis
2847 5145 2964 5203 illis
2990 5162 3096 5219 per
3116 5147 3415 5208 Christum

33 5234 231 5296 elimbo
254 5244 384 5315 jam
417 5241 707 5310 liberatis,
735 5239 854 5295 vita
884 5243 1206 5306 cesserunt,
1240 5239 1557 5295 discrimen
1589 5238 1948 5306 examinant,
1993 5239 2120 5291 tum
2169 5251 2302 5291 vero
2351 5233 2593 5290 minime
2645 5234 2916 5290 dubitant
2963 5235 3197 5292 beatum
3246 5236 3417 5297 illum

35 5333 372 5401 conspectum
406 5328 622 5387 solutis
662 5327 972 5385 animabus
1003 5327 1339 5391 attribuere,
1360 5326 1537 5399 idque
1557 5325 1932 5400 potissimum
1962 5324 2061 5380 ubi
2078 5322 2165 5379 vel
2191 5327 2474 5394 martyres
2501 5321 2772 5392 solemni,
2795 5322 2885 5379 vel
2907 5322 3055 5381 alios
3071 5328 3416 5398 praestantes

31 5413 152 5473 viros
176 5417 409 5477 funebri
441 5416 780 5475 laudatione
809 5419 1267 5490 prosequuntur.
1298 5417 1371 5471 At
1398 5432 1429 5472 e
1467 5414 1754 5472 contrario
1772 5418 1899 5470 tum
1944 5414 2184 5470 demum
2241 5411 2513 5473 eumdem
2572 5428 2944 5484 nequaquam
2993 5412 3264 5472 videntur
3309 5406 3418 5474 ad-

34 5501 241 5576 mittere,
292 5525 436 5565 cum
470 5506 889 5564 similitudines
934 5501 1331 5562 laborantium
1376 5504 1436 5560 in
1478 5504 1664 5573 vinea,
1716 5503 1934 5572 Lazari,
1980 5502 2205 5570 Divitis,
2240 5518 2305 5557 ac
2354 5501 2522 5557 sinus
2554 5500 2800 5557 Abrahae
2849 5502 3264 5562 considerant:
3312 5509 3417 5565 sed

33 5595 249 5652 maxime
278 5614 422 5653 cum
456 5594 561 5651 illa
585 5595 786 5652 omnia
815 5593 1204 5668 perpendunt,
1254 5611 1381 5665 quae
1430 5594 1489 5648 in
1540 5594 1859 5665 Scripturis
1910 5594 2187 5648 docemur
2244 5592 2314 5646 de
2362 5595 2656 5663 postremo
2701 5591 2951 5663 judicio,
3005 5595 3063 5648 et
3099 5592 3415 5653 universali

47 5686 476 5754 resurrectione,
511 5685 725 5757 quibus
747 5682 909 5740 velut
947 5683 1178 5739 duobus
1228 5683 1569 5739 cardinibus
1595 5687 1904 5739 vertuntur
1931 5698 2134 5738 omnes
2165 5680 2602 5738 adhortationes
2639 5681 3177 5756 promissionesque
3205 5682 3419 5741 Christi

33 5762 75 5823 in
94 5773 205 5831 suis
239 5771 573 5847 parabolis,
603 5771 1001 5847 apostolorum
1032 5771 1090 5827 in
1123 5772 1422 5829 canonicis
1451 5771 1735 5845 epistolis,
1768 5775 1824 5827 et
1855 5788 1970 5828 uno
2001 5772 2197 5842 verbo,
2226 5769 2502 5845 Apostolo
2535 5773 2702 5842 teste,
2728 5770 2921 5828 omnis
2951 5770 3417 5829 Christianorum

33 5854 187 5935 ﬁdes;
218 5864 341 5922 imo
375 5864 563 5923 etiam
586 5879 722 5939 spes
752 5863 1058 5922 beatorum
1089 5862 1200 5920 Job
1233 5879 1297 5920 ac
1326 5862 1541 5933 Tobiae,
1595 5861 2083 5920 comminationes
2112 5860 2553 5934 prophetarum,
2584 5877 2700 5918 non
2752 5877 2923 5919 secus
2968 5877 3033 5917 ac
3078 5862 3416 5920 sanctorum
