3830 6206
361 351 477 418 563
1820 359 1883 420 S.
1929 355 2300 422 AMBROSII
3605 357 3697 425 564

359 488 671 548 orationes.
703 489 849 556 Quin
889 495 945 548 et
974 491 1225 549 fatentur
1255 489 1365 564 ipsi
1407 488 1740 548 scholastici
1774 489 1981 547 anima:
2027 489 2275 564 gloriam
2325 488 2384 546 id
2420 488 2699 563 temporis
2742 487 2901 548 haud
2951 489 3314 547 mediocriter
3365 495 3580 550 auctum
3621 495 3696 564 iri,

357 580 438 635 ita
471 585 532 636 ut
561 597 666 636 nec
696 581 984 636 defuerint
1013 581 1110 652 qui
1141 581 1327 651 ipsam
1361 596 1594 652 quoque
1627 579 1957 635 intuitivam
1990 581 2084 636 Dei
2116 580 2402 636 visionem
2436 581 2622 636 multo
2656 580 3034 638 intensiorem
3077 580 3568 654 perfectioremque
3599 583 3695 641 fore

360 674 781 726 asseverarent.

427 760 549 814 Non
573 759 853 813 difﬁtetur
899 762 1050 812 certe
1099 775 1348 830 magnus
1400 759 1765 830 Augustinus
1814 760 1999 829 (serm,
2048 759 2154 813 220
2185 761 2241 812 et
2293 758 2422 817 238.
2482 758 2538 812 in
2592 757 2779 813 Natali
2831 758 3038 824 Mart;
3089 759 3148 813 in
3185 759 3529 830 psat.xxxv1,
3575 776 3700 820 mu.

355 865 494 914 cxv;
529 848 627 902 lib.
677 865 754 901 xu
785 849 856 901 De
885 849 1034 902 civit.
1069 865 1118 915 c,
1149 850 1221 913 9;
1272 847 1374 901 lib.
1421 865 1510 914 xx,
1564 865 1613 901 c.
1660 849 1869 915 14,15,
1931 847 2035 915 46;
2071 847 2128 902 in
2165 846 2295 902 Gen.
2347 846 2448 902 lib.
2501 864 2599 914 xu,
2633 863 2756 918 cap.
2794 847 2865 902 34
2914 851 2972 902 et
3030 846 3189 917 alibi)
3246 862 3392 920 aagre
3434 847 3700 904 admodum

356 953 558 1008 capere
614 953 676 991 se
709 952 962 1006 quonam
993 940 1158 1008 pacto
1190 935 1395 990 divinae
1437 941 1749 1007 conspectu
1780 939 1996 990 naturas
2029 935 2199 1007 potiri
2225 934 2335 990 illas
2363 935 2570 990 animas
2602 939 2841 1006 queant,
2874 935 3349 1008 quandoquidem
3375 936 3441 990 ad
3471 952 3588 991 eum
3611 941 3703 992 toto

356 1025 489 1080 nisu
523 1029 698 1096 atque
728 1024 947 1095 impetu
983 1041 1099 1078 non
1134 1025 1415 1090 ferantur,
1449 1025 1520 1078 ad
1553 1023 1773 1077 bonum
1820 1028 2102 1088 creatum,
2156 1023 2414 1094 corporis
2463 1023 2684 1079 scilicet
2731 1024 3095 1092 societatem,
3136 1023 3323 1080 adhuc
3378 1024 3706 1096 propensissi-

361 1131 489 1168 mae.
521 1112 767 1168 Aliunde
796 1129 928 1166 vero
962 1129 1096 1166 cum
1132 1112 1469 1181 hujusmodi
1517 1111 1963 1182 propensionem
2031 1115 2147 1167 Deo
2188 1113 2486 1168 subditam
2536 1128 2665 1169 esse
2712 1130 2882 1184 posse
2931 1113 3429 1179 animadverteret,
3485 1129 3576 1168 nec
3616 1130 3705 1168 non

360 1202 483 1257 fore
512 1201 688 1255 etiam
719 1204 784 1254 ut
814 1206 945 1272 post
974 1201 1457 1255 resurrectionem
1489 1201 1704 1254 emdem
1739 1200 1946 1254 anima:
1979 1200 2428 1255 administrandi
2465 1201 2722 1273 corporis
2754 1218 2896 1256 cura
2939 1201 3350 1268 distineantur,
3381 1200 3527 1255 hisce
3552 1201 3707 1256 causis

363 1294 665 1363 permotus
694 1293 826 1361 post
855 1289 1165 1360 inquisitas
1195 1290 1385 1344 varias
1418 1287 1739 1343 solutiones
1784 1289 2018 1344 tandem
2071 1289 2130 1344 in
2179 1289 2713 1345 Retractationibus
2744 1289 2870 1360 (lib.
2923 1307 2963 1356 1,
3010 1307 3135 1362 cap.
3194 1291 3300 1361 14),
3347 1289 3530 1344 animo
3571 1288 3709 1344 etiam

367 1383 492 1434 tum
553 1378 729 1434 dubio
786 1383 841 1433 et
870 1378 1108 1449 ancipiti
1141 1395 1202 1432 se
1231 1394 1376 1443 esse,
1411 1394 1476 1432 ac
1509 1376 1653 1431 nihil
1689 1393 1866 1448 super
1891 1377 1998 1431 hoc
2037 1377 2280 1434 definire
2311 1378 2524 1433 audere
2556 1395 2669 1433 non
2711 1377 3066 1444 dissimulat,
3117 1377 3586 1450 Augustinianum
3627 1376 3709 1431 hoc

366 1468 721 1542 principium
756 1472 993 1523 secutus
1042 1467 1368 1522 Bernardus
1400 1468 1583 1535 (ser-m.
1617 1466 1650 1520 3
1687 1469 1744 1519 et
1783 1467 1812 1518 4
1859 1467 1934 1521 De
1983 1465 2198 1520 Omnib.
2245 1467 2432 1521 Sanct.
2494 1483 2670 1522 serm.
2705 1469 2736 1521 4
2786 1467 2844 1522 in
2875 1466 3072 1522 Dedic.
3121 1464 3298 1538 Eccl.)
3345 1465 3423 1521 ita
3473 1465 3584 1535 ejus
3608 1481 3712 1520 can-

371 1557 546 1613 cellos
579 1556 879 1621 transiliit,
912 1560 975 1609 ut
997 1557 1296 1625 justorum
1331 1554 1636 1626 spiritibus
1669 1553 1860 1608 solum
1887 1554 2273 1610 humanitatis
2305 1555 2519 1610 Christi
2548 1555 2833 1611 visionem
2885 1572 2988 1611 seu
3037 1554 3422 1628 cognitionem
3449 1553 3711 1609 concedere

365 1646 666 1712 videatur;
732 1645 802 1698 ad
835 1660 1008 1714 quem
1041 1643 1236 1698 hacin
1270 1643 1558 1698 sententia
1601 1642 1843 1714 propius
1875 1643 2147 1698 accedere
2198 1647 2478 1714 putamus
2518 1644 2834 1708 neminem,
2894 1661 3070 1716 quam
3119 1648 3410 1699 auctorem
3457 1643 3627 1710 Quaest.
3662 1641 3712 1695 ad

369 1734 700 1790 Orthodoxos
727 1734 950 1804 (Qucesl.
983 1733 1095 1803 75),
1129 1749 1255 1803 quae
1288 1732 1573 1786 hactenus
1606 1732 1756 1786 inter
1782 1731 2003 1786 Justini
2026 1747 2197 1802 opera
2223 1732 2459 1786 fuerunt
2477 1733 2665 1787 editae.
2719 1732 2975 1788 Lectoris
3024 1736 3132 1798 est,
3185 1731 3340 1787 unde
3387 1729 3617 1802 profecta
3655 1727 3710 1782 sit

321 1853 328 1860 ι
370 1823 474 1879 illa
493 1824 822 1888 consensio,
848 1823 1134 1892 judicare.
1169 1822 1453 1876 Caterum
1484 1820 1864 1892 proferuntur
1891 1836 2004 1874 non
2029 1837 2215 1891 pauca
2243 1820 2520 1875 Bernardi
2551 1821 2890 1876 testimonia
2923 1821 3044 1890 (lib.
3079 1839 3118 1887 ι,
3149 1820 3216 1876 de
3243 1820 3340 1874 dit.
3377 1823 3508 1886 Deo;
3567 1818 3711 1873 Serm.

365 1914 435 1968 de
459 1913 513 1968 S.
552 1910 819 1976 Malach.,
854 1915 910 1964 et
941 1911 1012 1964 de
1042 1909 1193 1964 Obit.
1227 1910 1444 1964 Humb.
1482 1935 1496 1977 ;
1529 1925 1707 1975 serm,
1741 1926 1778 1975 1,
1810 1908 1870 1964 in
1905 1909 2130 1964 Peutee.
2165 1912 2233 1976 2;
2281 1909 2352 1964 de
2386 1913 2624 1964 Ascens.
2656 1910 2728 1976 6;
2792 1909 2850 1963 in
2908 1910 3071 1964 Cant.
3123 1909 3298 1982 epist.
3355 1908 3423 1963 98
3451 1911 3505 1962 et
3545 1907 3650 1974 266,
3675 1909 3716 1958 et

367 2001 550 2071 alibi),
584 1999 798 2072 quibus
831 1999 1026 2068 ipsum
1047 1997 1230 2068 justis
1263 1997 1584 2052 demortuis
1611 2013 1983 2068 nequaquam
2012 2013 2222 2069 negare
2259 1997 2351 2052 Dei
2383 1997 2668 2053 visionem
2702 2001 3019 2052 astruatur.

438 2091 570 2152 Quae
602 2103 734 2142 cum
768 2086 847 2140 ita
877 2086 1016 2152 sint,
1050 2102 1166 2140 non
1197 2090 1351 2139 esset
1379 2101 1484 2139 cur
1515 2084 1826 2146 miraretur
1856 2085 2192 2156 quisquam,
2227 2084 2275 2139 si
2318 2083 2568 2140 aliorum
2622 2085 2858 2140 Patrum
2912 2085 3099 2140 instar
3148 2083 3488 2141 Ambrosius
3531 2097 3716 2154 quoque

371 2175 616 2232 diversis
645 2174 949 2246 principiis
981 2175 1213 2240 ductus,
1250 2190 1282 2227 a
1313 2173 1534 2229 sanctis
1586 2172 1769 2238 Dmm
1817 2172 1997 2229 videri
2048 2175 2399 2245 quandoque
2448 2174 2808 2241 concederet,
2862 2174 3218 2245 quandoque
3260 2175 3504 2246 negaret.
3547 2170 3716 2225 Verum
3802 2229 3803 2246 ἦ

371 2282 504 2320 cum
533 2263 697 2318 locus
729 2263 786 2316 in
819 2262 927 2316 hac
973 2262 1218 2316 materia
1249 2260 1447 2317 nullus
1479 2262 1797 2332 reperiatur
1829 2261 2112 2318 celebrior
2143 2266 2241 2316 aut
2270 2261 2565 2317 difﬁcilior
2607 2277 2672 2317 eo
2703 2263 2775 2316 de
2817 2278 2931 2334 quo
2977 2261 3233 2334 agimus,
3284 2261 3537 2316 videmur
3585 2257 3717 2313 nobis

373 2368 644 2409 recusare
675 2368 789 2406 non
823 2367 1014 2422 posse,
1049 2351 1190 2422 quin
1223 2351 1496 2406 eumdem
1529 2351 1715 2422 magis
1745 2350 1947 2407 sedulo
2003 2351 2414 2407 discutiamus.
2468 2350 2661 2407 Primo
2707 2352 2905 2423 itaque
2953 2355 3114 2407 extra
3163 2349 3594 2407 controversiam
3634 2351 3717 2408 est,

375 2456 681 2514 corporeae
707 2439 1101 2494 habitationes
1134 2440 1224 2494 hic
1256 2456 1370 2495 non
1402 2439 1650 2512 intelligi
1683 2441 1753 2494 ab
1784 2440 2115 2505 Ambrosio,
2143 2440 2360 2512 quippe
2389 2440 2490 2511 qui
2541 2439 2762 2512 passim
2806 2445 2933 2496 tum
2987 2439 3148 2508 alibi,
3196 2445 3322 2495 tum
3373 2438 3431 2494 in
3470 2437 3570 2492 hoc
3608 2434 3721 2490 libro

373 2533 710 2587 constanter
755 2527 1288 2598 animam,spiritali
1340 2531 1549 2582 natura
1591 2545 1720 2583 esse
1769 2527 2088 2599 praedicet;
2129 2528 2284 2582 unde
2332 2527 2601 2600 sequitur
2645 2545 2773 2584 eam
2833 2527 3118 2600 corporali
3151 2528 3290 2597 jloco
3339 2543 3449 2582 non
3490 2525 3720 2597 indigere.

371 2619 591 2676 Deinde
617 2615 1000 2688 reproborum
1032 2615 1261 2670 animas
1293 2633 1360 2671 ea
1391 2633 1450 2671 re
1471 2615 1729 2686 torqueri
1757 2616 1985 2681 asserit,
2018 2616 2172 2687 quod
2203 2616 2438 2671 videant
2460 2618 2644 2687 justis
2691 2618 2956 2690 quaedam
2997 2616 3361 2685 habitacula,
3411 2613 3602 2687 quibus
3637 2610 3721 2686 illa

370 2715 501 2782 post
531 2705 877 2761 universalis
902 2704 1107 2776 judicii
1145 2705 1296 2760 diem
1331 2705 1679 2776 excipiendae
1710 2709 1868 2772 sunt,
1902 2705 1973 2758 ab
2005 2705 2230 2776 angelis
2261 2706 2565 2761 custodiri.
2617 2707 2687 2761 Et
2743 2706 2866 2762 haec
2913 2711 3054 2762 sunt
3097 2706 3280 2762 dubio
3327 2703 3518 2777 procul
3563 2699 3718 2773 gloriae

371 2794 668 2853 domicilia
693 2810 821 2863 quae
855 2794 1157 2862 propterea
1187 2795 1455 2862 opportet
1483 2808 1758 2862 corporea
1787 2809 1935 2858 esse,
1971 2792 2125 2863 quod
2152 2792 2358 2847 animze
2391 2793 2584 2848 denuo
2617 2794 2743 2848 suis
2779 2793 3124 2865 corporibus
3173 2810 3303 2864 quas
3343 2792 3526 2848 locum
3567 2787 3724 2857 utique

371 2898 718 2956 corporeum
770 2879 1102 2950 implebunt
1152 2879 1270 2934 sint
1351 2879 1708 2952 copulandaz.
1761 2881 2062 2937 Postremo
2128 2881 2421 2954 signiﬁcat
2467 2888 2618 2953 (cap.
2665 2884 2734 2937 10
2783 2888 2840 2939 et
2884 2883 2976 2954 l2)
3039 2883 3111 2937 de
3163 2881 3372 2955 primis
3431 2879 3539 2934 illis
3596 2873 3725 2931 habi-

373 2971 693 3029 tationibus
723 2987 757 3024 a
801 2967 1031 3023 Christo
1082 2967 1340 3023 dictum:
1382 2969 1444 3022 In
1491 2969 1645 3025 domo
1675 2971 1860 3024 Patris
1910 2972 2018 3025 mei
2064 2972 2378 3026 mansiones
2426 2972 2620 3028 multa?
2665 2979 2796 3026 sunt
2843 2972 3021 3043 (Joan.
3069 2987 3193 3038 xxv,
3241 2972 3319 3042 2).
3389 2967 3522 3035 Quis
3571 2968 3723 3020 autem

375 3061 599 3118 nesciat
629 3075 730 3131 per
769 3056 1100 3112 mansiones
1133 3055 1264 3112 illas
1286 3055 1429 3110 nihil
1477 3057 1634 3112 aliud
1667 3057 1984 3130 designari,
2020 3058 2132 3114 nisi
2166 3059 2354 3114 varios
2385 3058 2578 3129 gloriae
2623 3060 2842 3131 gradus
2890 3075 3039 3130 quos
3091 3060 3400 3116 beatorum
3442 3055 3627 3112 anima
3653 3048 3727 3123 qui

377 3150 570 3206 divino
602 3149 880 3203 fruuntur
909 3149 1244 3217 conspectu,
1279 3145 1337 3199 in
1378 3145 1542 3201 caelis
1572 3146 2021 3216 adipiscuntur?
2044 3146 2324 3211 Quocirca
2350 3148 2406 3202 id
2439 3147 2680 3204 minime
2712 3149 3038 3204 absurdum
3069 3148 3194 3203 fore
3225 3152 3516 3221 putamus,
3557 3143 3600 3198 si
3628 3140 3726 3213 quia
3801 3161 3803 3170 ι

377 3241 632 3298 afﬁrmet
663 3239 930 3292 sanctum
964 3232 1294 3306 praesulem,
1327 3251 1461 3289 cum
1492 3234 1789 3290 domicilia
1819 3235 1918 3292 illa
1942 3241 1999 3292 et
2029 3235 2402 3292 distributam
2427 3237 2484 3290 in
2509 3242 2732 3309 septem
2765 3237 3000 3292 ordines
3045 3242 3390 3293 sanctorum
3445 3234 3726 3290 beatitatem

377 3333 541 3384 tanta
571 3325 752 3380 animi
783 3323 1152 3379 contentione
1181 3322 1430 3393 explicat
1453 3323 1648 3395 potius
1680 3323 1779 3379 Dei
1808 3323 2091 3380 visionem
2119 3325 2178 3379 in
2215 3325 2390 3381 rebus
2421 3326 2594 3380 certis
2642 3342 2856 3398 ponere
2899 3325 3255 3398 habereque,
3288 3340 3464 3398 quam
3509 3320 3724 3379 eamdem

380 3415 647 3473 inﬁciari.
689 3415 910 3479 Nonne,
945 3413 1174 3482 amabo,
1205 3411 1320 3467 huc
1353 3412 1526 3467 etiam
1577 3412 1734 3481 faeit,
1777 3430 1954 3484 quam
1999 3414 2260 3470 indidem
2313 3414 2493 3481 ducit,
2536 3413 2640 3470 illa
2684 3414 2995 3471 collectio?
3043 3419 3190 3484 Ergo
3235 3417 3369 3487 quia
3393 3413 3550 3487 justi,
3579 3407 3730 3480 inquit

385 3508 531 3578 (cap.
583 3503 696 3573 11),
726 3502 865 3556 hanc
893 3503 1388 3556 remunerationem
1421 3501 1635 3567 habent,
1668 3509 1728 3556 ut
1757 3502 1972 3557 videant
1991 3504 2191 3573 faciem
2223 3503 2339 3568 Dei,
2371 3511 2423 3558 et
2457 3503 2643 3557 tamen
2673 3502 2814 3557 illud
2843 3502 2983 3574 quod
3022 3503 3313 3559 illuminat
3358 3517 3560 3558 omnem
3599 3495 3729 3552 homi-

382 3609 530 3658 nem,
562 3595 668 3648 etc.
704 3589 818 3644 Nec
850 3587 1028 3642 semel
1055 3588 1162 3644 hoc
1193 3587 1316 3644 loco
1347 3590 1688 3660 pronuntiat
1716 3589 2263 3662 animas.justorum
2318 3607 2442 3646 cum
2499 3592 2710 3648 Christo
2769 3591 3018 3656 futuras,
3077 3592 3240 3648 haud
3299 3591 3474 3647 dubie
3517 3589 3572 3644 in
3614 3581 3729 3641 felici

380 3681 484 3737 illa
513 3679 614 3735 Dei
645 3675 1152 3746 contemplatione,
1185 3693 1364 3747 quam
1391 3678 1608 3749 apertis
1651 3678 1843 3734 verbis
1891 3678 2187 3744 Gratiano,
2234 3677 2599 3746 Valentiano,
2649 3696 2714 3734 ac
2764 3679 3090 3736 Theodosio
3139 3680 3443 3752 adjudicat
3486 3679 3647 3745 (Orat.
3686 3671 3731 3723 de

384 3771 525 3827 Obit.
554 3768 806 3831 Vatent..,
839 3768 894 3818 et
914 3763 979 3818 de
1009 3764 1147 3819 Obit.
1177 3765 1412 3835 Theod.).

450 3858 613 3924 Quod
646 3856 695 3911 si
722 3870 842 3909 rem
875 3851 1130 3924 penitius
1161 3853 1692 3926 introspisciamus,
1725 3853 2105 3912 Ambrosium
2138 3856 2496 3928 reperiemus
2538 3873 2938 3929 saepenumero
2968 3858 3212 3913 iterasse
3245 3861 3423 3929 atque
3459 3851 3727 3910 astruxisse

378 3951 486 4005 hoc
511 3943 884 4020 principium,
915 3940 1120 3996 animae
1151 3943 1467 4013 quominus
1497 3942 1680 3998 Deum
1712 3958 1944 3998 cernere
1966 3949 2161 4016 queat,
2196 3945 2319 4000 sola
2347 3945 2742 4018 corruptibilis
2789 3944 3047 4017 corporis
3084 3945 3327 4000 vincula
3367 3941 3730 4015 impedimento
3802 3949 3803 3958 ‘

377 4055 524 4095 esse.
559 4036 620 4090 Id
653 4050 787 4088 cum
819 4031 949 4086 aliis
976 4031 1102 4100 ejus
1132 4031 1191 4084 in
1225 4031 1499 4102 operibus
1523 4031 1855 4103 frequenter
1876 4034 2152 4101 occurrit,
2173 4038 2298 4089 tum
2328 4035 2392 4089 in
2425 4035 2534 4089 hoc
2564 4034 2688 4090 loco
2721 4052 2836 4090 non
2864 4033 3138 4107 ambigue
3167 4035 3502 4090 declaratur
3529 4030 3617 4086 ubi
3642 4027 3731 4082 ait:

382 4130 526 4183 Tunc
554 4123 789 4179 revelata
819 4119 961 4188 facie
991 4118 1230 4189 gloriam
1261 4121 1483 4174 Domini
1501 4121 1778 4190 speculari
1807 4121 2009 4187 licebit,
2041 4138 2208 4193 quam
2247 4139 2395 4178 nunc
2441 4125 2643 4178 animae
2688 4125 2928 4195 corporis
2971 4123 3135 4194 hujus
3177 4124 3449 4180 concretis
3491 4116 3732 4175 visceribus

374 4216 657 4277 involutaz,
714 4214 766 4264 et
811 4207 1138 4279 quibusdam
1182 4210 1366 4263 carnis
1415 4208 1580 4279 hujus
1619 4211 1854 4265 maculis
1890 4253 1899 4261 .
1940 4213 2193 4266 .sincere
2225 4213 2409 4267 videre
2453 4228 2563 4267 non.
2604 4217 2830 4284 possunt
2871 4214 3020 4284 (cap.
3075 4213 3187 4280 11).
3243 4215 3599 4284 Quapropter
3635 4218 3733 4261 cum
3802 4207 3803 4274 l

374 4305 468 4361 hic
500 4303 752 4375 legimus
784 4299 854 4353 ab
887 4297 1002 4351 illis
1034 4298 1525 4352 remunerationem
1556 4298 1795 4352 debitam
1838 4299 1986 4370 (cap.
2023 4300 2110 4367 10)
2159 4302 2498 4370 exspectari,
2541 4301 2743 4371 quidni
2794 4300 3120 4373 intelligere
3171 4301 3349 4356 nobis
3391 4299 3554 4353 liceat
3579 4307 3734 4350 secun-

379 4395 514 4449 dam
565 4407 699 4446 cum
737 4388 858 4443 suis
899 4386 1241 4457 corporibus
1290 4387 1785 4456 conjunctionem,
1837 4389 2174 4444 eorumdem
2226 4405 2533 4460 corporum
2577 4388 2848 4461 gloriam,
2895 4388 3088 4444 ultimi
3137 4389 3355 4458 judieii
3409 4383 3733 4444 sententiam.

377 4481 691 4536 electorum
723 4474 988 4530 omnium
1015 4473 1606 4537 consummationem,
1636 4475 1709 4530 ob
1741 4492 1938 4546 quam,
1973 4477 2057 4531 uti
2089 4476 2201 4532 alio
2232 4476 2356 4532 loco
2387 4477 2609 4543 scribit,
2641 4480 2823 4533 sancti
2852 4480 3221 4547 ingemiscunt
3241 4479 3272 4533 7
3303 4477 3560 4546 Quamvis
3598 4473 3728 4528 enim,

379 4566 590 4638 inquit,
622 4564 687 4618 de
715 4579 813 4617 suo
832 4563 1023 4616 merito
1055 4563 1167 4615 sint
1198 4563 1396 4628 sec-uri,
1431 4569 1612 4616 tamen
1661 4565 1788 4633 quia
1831 4563 2007 4619 adhuc
2033 4567 2229 4636 futura
2266 4569 2343 4620 est
2376 4567 2679 4637 redemptio
2728 4568 2891 4621 totius
2938 4567 3182 4638 corporis
3232 4566 3518 4629 Ecclesiae,
3558 4572 3738 4629 compa-

378 4659 610 4712 tiantur.
646 4653 779 4707 Cum
808 4651 955 4705 enim
983 4649 1159 4704 adhuc
1187 4651 1433 4704 membra
1477 4652 1770 4721 patiuntur
1817 4655 2058 4725 corporis
2093 4656 2202 4720 sui,
2245 4654 2510 4725 quomodo
2547 4654 2662 4709 alia
2697 4655 2941 4711 membra
2991 4655 3121 4710 licet
3155 4656 3450 4726 superiora
3497 4667 3598 4706 non
3630 4660 3737 4701 com-

371 4744 673 4818 paleantur
694 4737 884 4810 (epist.
917 4737 1005 4800 39,
1029 4737 1098 4791 ad
1119 4737 1378 4809 0ront.)?
1407 4738 1570 4804 Quod
1599 4756 1766 4811 porro
1797 4741 1862 4795 de
1889 4759 1988 4797 suo
2035 4745 2231 4800 merito
2274 4746 2458 4798 securi
2485 4747 2636 4816 (cap.
2690 4745 2779 4814 11)
2826 4742 3240 4816 praedicantur,
3297 4741 3589 4814 quomodo
3636 4746 3735 4790 cum

375 4833 487 4890 alio
517 4831 644 4887 loco
674 4828 776 4882 lib.
803 4843 843 4881 ιι
873 4831 953 4882 De
980 4826 1114 4881 Cain
1137 4835 1185 4882 et
1214 4827 1343 4883 Abel
1372 4829 1520 4900 (cap.
1548 4831 1601 4896 2,
1638 4845 1800 4884 num.
1832 4829 1888 4900 9)
1914 4831 2211 4888 conciliari
2243 4836 2440 4904 queat,
2473 4830 2762 4905 intelliges
2787 4847 2854 4886 ex
2884 4837 3024 4888 nota
3073 4831 3229 4887 infra
3259 4831 3336 4888 ad
3369 4847 3495 4903 cap.
3529 4828 3583 4883 ll
3635 4821 3736 4879 sub-

376 4925 542 4980 iecta.

432 4941 542 4978 eia.

364 4941 566 5067 JeNon
589 5013 679 5064 est
696 5010 890 5062 autem
917 5005 1477 5076 praetermittendum
1496 5005 1648 5060 inter
1669 5005 1984 5076 scriptores
2006 5024 2202 5063 sacros
2221 5008 2528 5064 Ambrosio
2575 5010 2635 5063 in
2676 5009 2988 5064 statuenda
3033 4977 3376 5066 adimarum
3426 5000 3736 5065 beatitudine

369 5097 752 5174 petendisque
783 5109 849 5149 ex
884 5094 1210 5166 apocrypho
1241 5094 1422 5149 Esdra
1450 5093 1821 5158 testimoniis,
1854 5095 2118 5149 omnium
2149 5095 2522 5150 simillimum
2553 5111 2682 5150 esse
2732 5101 3029 5152 auctorem
3080 5097 3288 5168 Operis
3345 5091 3652 5170 imperfecti
3693 5086 3734 5138 in

367 5187 707 5245 Matthzeum
739 5183 891 5254 apud
923 5181 1426 5254 Chrysostomum.
1457 5180 1754 5235 Judicabit
1784 5180 1964 5237 lector
1995 5199 2136 5237 num
2169 5183 2302 5239 inde
2333 5184 2466 5238 duci
2498 5184 2685 5255 possit
2714 5183 2937 5255 aliquid
2993 5187 3332 5258 argumenti
3374 5174 3736 5242 confirmanda!

365 5277 601 5332 illorum
634 5271 953 5337 sententim,
990 5287 1023 5324 a
1054 5271 1268 5341 quibus
1291 5271 1398 5323 iste
1433 5270 1488 5322 in
1526 5274 1830 5325 auctorum
1854 5270 2121 5325 Ecclesiae
2155 5272 2370 5326 Latinae
2401 5271 2602 5328 album
2634 5272 2884 5328 refertur
2913 5273 3278 5344 (Homil.3h),

436 5365 566 5418 Jam
600 5359 948 5415 veniendum
982 5358 1053 5411 ad
1087 5357 1330 5411 alterum
1370 5363 1546 5428 caput
1595 5357 1747 5428 quod
1791 5357 2060 5414 videlicet
2105 5360 2450 5416 Ambrosius
2498 5361 2788 5434 quidquid
2829 5360 2923 5417 hic
2968 5363 3039 5418 de
3082 5362 3400 5419 animabus
3431 5379 3465 5417 a
3512 5363 3738 5427 corpore8

363 5451 633 5508 societate
662 5445 948 5518 expeditis
978 5445 1170 5510 tradit,
1203 5462 1270 5500 ex
1300 5445 1446 5499 libro
1492 5445 1590 5516 qui
1642 5446 1835 5500 Esdra:
1868 5451 2114 5518 quartus
2164 5448 2529 5511 inscribitur.
2576 5453 2652 5506 sit
2703 5455 3026 5508 mutuatus.
3075 5452 3201 5506 Non
3248 5450 3489 5504 dubitat
3535 5443 3730 5517 quidem

364 5545 422 5595 S.
459 5535 668 5610 praesul
718 5551 852 5589 eum
903 5531 1118 5587 librum
1171 5533 1321 5586 inter
1368 5533 1697 5604 Scripturas
1766 5535 2078 5590 canonicas
2129 5553 2446 5606 recensere,
2503 5537 2704 5611 illique
2753 5543 3052 5611 parentem
3093 5538 3394 5596 ascribere
3441 5533 3736 5610 prophetam

363 5627 633 5685 Esdram,
685 5639 859 5692 quem
911 5621 1191 5674 divinitus
1236 5621 1520 5685 afflatum,
1575 5622 1863 5692 quidquid
1917 5623 2029 5678 sibi
2086 5642 2120 5681 a
2158 5626 2378 5698 Spiritu
2438 5610 2638 5682 sancto
2697 5610 3019 5683 revelatum
3085 5629 3260 5697 esset,
3322 5625 3536 5682 litteris
3584 5610 3735 5675 consi-

364 5724 580 5788 gnasse
605 5713 912 5763 memorat.
944 5708 1200 5776 Denique
1231 5707 1534 5776 proﬁtetur
1563 5715 1620 5764 et
1650 5710 1852 5766 crebro
1884 5713 2092 5784 repetit
2121 5714 2318 5770 divina
2343 5714 2509 5770 illum
2560 5713 2774 5788 pollere
2830 5715 3189 5784 auctoritate,
3251 5731 3365 5771 nec
3427 5711 3529 5770 ulli
3573 5713 3736 5765 eorum

373 5801 474 5876 qui
502 5795 719 5852 nostris
743 5795 802 5849 in
853 5794 1032 5849 Biblis
1075 5795 1469 5865 continentur,
1499 5795 1836 5857 habendum
1889 5801 2245 5861 inferiorem.
2288 5805 2487 5876 Neque
2515 5821 2648 5862 vero
2679 5804 2775 5862 hic
2819 5809 3048 5863 tantum
3116 5807 3193 5860 ita
3232 5803 3524 5875 loquitur,
3572 5804 3733 5853 verum
