3850 6214
107 319 226 383 565
1020 319 1252 384 LIBER
1293 319 1394 382 DE
1438 317 1651 384 BONO
1693 319 2011 385 MOR'I‘IS.
2043 355 2121 368 --
2150 321 2614 390 ADMONITIO.
3402 319 3518 386 566

107 456 288 514 etiam
323 452 383 511 in
413 449 679 527 pluribus
710 449 841 511 aliis
872 451 1400 521 lucubrationibus,
1435 458 1500 510 ut
1531 457 1672 528 puta
1701 456 2133 513 Commentario
2166 458 2223 513 in
2258 457 2475 515 Lucam
2508 458 2636 531 (lib.
2672 457 2758 533 ιι),
2789 456 3045 518 secundo
3076 454 3226 515 libro
3273 455 3344 515 de
3383 455 3522 530 Spi-

108 546 222 600 ritu
257 547 461 600 sancto
494 544 647 616 (cap.
683 545 763 613 7),
789 543 1060 600 Oratione
1089 545 1159 598 de
1191 543 1366 598 Obitu
1400 543 1597 599 fratris
1629 545 1816 617 Satyri
1866 546 2045 618 (circa
2089 548 2246 617 ﬁn.),
2303 549 2374 603 ad
2425 553 2748 604 extremum
2796 548 2964 621 epist.
3015 548 3087 604 ad
3133 547 3519 604 Orontianum

109 635 308 707 (epist.
352 633 464 703 38),
494 649 667 704 quem
703 637 767 688 ut
799 633 1061 706 diligenti
1093 633 1356 704 ejusdem
1389 631 1634 689 lectione
1666 636 2056 690 substantiam
2109 636 2315 691 animos
2365 637 2689 709 spiritalem
2742 642 2914 710 atque
2955 636 3348 692 immortalem
3392 651 3520 692 esse

108 727 444 796 cognoscat,
471 721 839 780 adhortatur.

173 813 481 868 Moventur
508 811 769 883 plerique
799 827 1004 868 omnes
1037 810 1312 867 neoterici
1343 813 1496 882 quod
1533 816 1770 868 sanctus
1801 814 2004 868 doctor
2037 815 2106 869 ad
2139 831 2273 869 eum
2308 815 2548 870 modum
2581 813 2810 870 locutus
2844 814 3017 871 fuerit
3048 815 3117 869 de
3149 813 3295 869 libro
3341 827 3517 884 quem

105 901 262 957 omni
289 917 361 956 ex
392 904 554 972 parte
584 900 982 973 apocryphum
1015 917 1143 956 esse
1185 904 1515 966 autumant,
1569 902 1624 955 id
1679 906 1786 969 est,
1840 903 2029 973 cujus,
2085 906 2149 955 ut
2196 903 2381 969 aiunt,
2416 920 2530 958 non
2578 907 2804 958 tantum
2854 904 3138 958 obscurus
3169 901 3409 968 ’auctor,
3465 903 3522 956 et

107 990 324 1063 Spiritu
357 993 562 1044 sancto
592 989 846 1044 dictante
877 989 1185 1061 scripsisse
1234 1007 1347 1044 non
1395 989 1692 1045 creditur:
1730 991 1829 1044 sed
1863 991 2038 1045 etiam
2092 991 2261 1059 cujus
2313 991 2565 1046 obscura
2613 991 2670 1046 in
2724 991 2978 1047 Ecclesia
3015 990 3357 1057 auctoritas;
3390 995 3518 1044 tum

106 1080 239 1153 quia
269 1077 435 1133 nullo
462 1093 722 1149 unquam
750 1094 970 1134 canone
999 1078 1084 1133 vel
1119 1079 1270 1148 apud
1302 1078 1553 1147 Judaeos,
1579 1079 1665 1132 vel
1700 1078 1758 1132 in
1791 1078 2044 1133 Ecclesia
2076 1083 2322 1150 recepta,
2359 1079 2454 1145 sit,
2489 1079 2590 1134 sed
2632 1080 2929 1135 communi
2960 1080 3197 1135 Patrum
3227 1093 3516 1133 consensu

109 1169 348 1240 rejecta;
382 1172 509 1222 tum
541 1167 680 1238 quia
705 1166 846 1222 varii
880 1167 936 1221 in
971 1183 1036 1221 eo
1069 1167 1435 1238 reperiantur
1482 1184 1730 1234 errores,
1776 1168 2104 1239 cujusmodi
2137 1173 2246 1233 est,
2281 1169 2431 1239 quod
2467 1170 2536 1222 de
2569 1170 2898 1223 animarum
2929 1169 3348 1239 promptuariis
3377 1184 3511 1222 nar-

108 1262 191 1313 rat
219 1263 274 1312 et
306 1255 545 1311 similia.
580 1253 665 1310 Illi
695 1255 932 1326 quidem
963 1255 1295 1326 Hieronymi
1347 1256 1751 1312 auctoritatem
1793 1257 2040 1326 jactant,
2075 1255 2172 1327 qui
2227 1256 2506 1310 adversus
2558 1254 2934 1326 Vigilantiam
2981 1256 3312 1327 disputans,
3345 1270 3515 1311 eum-

107 1347 231 1402 dem
263 1345 440 1418 quasi
473 1345 544 1400 ab
570 1344 824 1399 Ecclesia
850 1344 1093 1398 minime
1134 1349 1430 1415 receptum
1483 1346 1770 1416 repudiat,
1807 1345 2075 1416 quamvis
2133 1345 2392 1398 nondum
2446 1345 2556 1398 sibi
2607 1343 2844 1413 lectum,
2876 1361 3010 1400 cum
3051 1345 3172 1401 haec
3216 1343 3517 1400 scriberet.

101 1436 190 1508 (Sic
220 1437 381 1490 enim
414 1433 509 1488 ille
544 1449 556 1487 :
594 1435 664 1488 Tu
693 1434 929 1503 vigilans
956 1433 1181 1496 dormis,
1223 1442 1272 1487 et
1303 1434 1578 1487 dormiens
1617 1435 1833 1499 scribis,
1866 1442 1917 1488 et
1945 1435 2202 1504 proponis
2248 1433 2388 1487 mihi
2436 1434 2640 1487 librum
2690 1434 3077 1505 apocryphum,
3129 1436 3228 1505 qui
3275 1433 3374 1488 sub
3423 1447 3520 1486 no.

106 1526 245 1580 mine
274 1524 469 1580 Esdrae
499 1525 608 1578 ate
635 1530 685 1577 et
712 1540 746 1578 a
773 1523 1049 1577 similibus
1080 1524 1190 1576 tuis
1229 1524 1447 1592 legitur.
1497 1565 1507 1576 .
1556 1565 1567 1576 .
1615 1564 1625 1576 .
1674 1565 1684 1576 .
1727 1540 1888 1594 quem
1913 1539 2008 1592 ego
2055 1522 2264 1576 librum
2309 1538 2593 1592 nunquam
2644 1523 2770 1590 legi.
2823 1523 2963 1590 Quid
3007 1525 3154 1577 enim
3199 1537 3411 1577 necesse
3455 1523 3516 1575 in

106 1631 295 1670 manus
323 1628 561 1680 sumere,
594 1612 734 1682 quod
762 1613 996 1666 Ecclesia
1024 1628 1134 1667 non
1167 1613 1394 1684 recipit?
1430 1611 1634 1666 Adhuc
1673 1611 2079 1666 vehementius
2127 1610 2239 1665 alio
2295 1611 2419 1666 loco
2470 1611 2678 1682 (Epist.
2722 1613 2792 1666 ad
2826 1611 3161 1667 Dominion.
3201 1613 3257 1666 et
3288 1610 3516 1682 Rogat.)

107 1722 211 1761 non
239 1709 474 1760 tantum
506 1701 565 1756 in
597 1706 874 1773 quartum
904 1700 1219 1767 invehitur,
1252 1702 1351 1756 sed
1387 1700 1560 1755 etiam
1587 1701 1642 1754 in
1675 1701 1936 1766 tertium,
1971 1717 2105 1754 cum
2140 1705 2332 1754 tamen
2367 1699 2404 1754 ii
2439 1701 2536 1770 qui
2572 1704 2838 1756 sanctum
2872 1700 3029 1756 hunc
3058 1700 3117 1754 in
3149 1715 3217 1755 ea
3245 1698 3516 1771 opinione

107 1795 302 1849 ducem
338 1795 693 1863 sequuntur,
727 1789 862 1845 huic
895 1789 1043 1845 libro
1078 1806 1205 1846 esse
1234 1807 1347 1845 non
1382 1794 1683 1861 tantopere
1713 1789 1972 1846 infensos
2005 1789 2335 1844 exhibeant.
2367 1789 2606 1844 Addunt
2655 1789 2920 1844 nonnulli
2970 1804 3343 1859 nequaquam
3388 1803 3514 1842 ma-

107 1899 276 1955 gnum
308 1881 482 1937 illum
522 1881 788 1945 Esdram,
822 1880 1074 1934 scribam
1106 1896 1171 1934 ac
1204 1879 1346 1950 legis
1379 1879 1697 1945 doctorem,
1733 1879 1902 1949 cujus
1934 1877 2170 1933 tertium
2203 1893 2331 1933 esse
2381 1878 2713 1950 opinantur,
2749 1877 2938 1950 quarti
2985 1881 3279 1932 auctorem
3311 1874 3511 1944 videri,

111 1973 201 2028 sed
233 1971 419 2026 alium
453 1969 886 2042 cognominem.

174 2061 296 2116 Non
327 2059 646 2114 defuerunt
676 2061 871 2112 tamen
906 2057 1004 2128 qui
1035 2058 1107 2112 de
1138 2056 1247 2111 hoc
1277 2072 1449 2128 opere
1481 2055 1704 2127 aequius
1735 2053 2164 2128 benigniusque
2188 2056 2544 2127 judicarent.
2580 2056 2805 2112 Etenim
2836 2073 2902 2112 eo
2932 2072 3047 2112 non
3079 2054 3269 2111 solum
3299 2053 3514 2110 erroris

114 2149 249 2205 nihil
296 2146 582 2203 contineri
633 2146 1060 2210 existimarunt,
1114 2147 1213 2200 sed
1267 2146 1442 2200 etiam
1493 2146 1898 2202 auctoritatem
1950 2147 2078 2217 ejus
2138 2147 2492 2218 praecipuam
2542 2162 2669 2202 esse
2719 2147 2778 2200 in
2827 2145 3106 2213 Ecclesia,
3139 2143 3356 2217 quippe
3386 2159 3512 2215 qua:

114 2235 382 2293 nonnulla
413 2234 550 2290 inde
582 2233 760 2305 petita
791 2233 1062 2306 precibus
1094 2233 1218 2288 suis
1251 2233 1560 2287 inseruerit
1591 2234 1672 2300 (in
1707 2233 1888 2288 Missa
1920 2234 2026 2289 fer.
2067 2235 2100 2287 3
2132 2235 2454 2289 Pentecost.
2489 2237 2547 2287 et
2598 2233 2656 2287 in
2708 2233 2873 2288 festis
2923 2234 3150 2300 Mart.),
3183 2237 3240 2288 et
3281 2228 3513 2302 quomi-

96 2343 218 2389 ,nus
263 2324 407 2379 illud
441 2323 516 2378 ad
557 2323 773 2377 calcem
823 2321 1142 2377 Bibliorum
1193 2323 1593 2389 excuderetur,
1649 2340 1760 2377 non
1823 2324 2207 2395 prohibuerit.
2251 2323 2399 2386 Quin
2456 2324 2631 2377 etiam
2680 2322 2953 2378 eumdem
3007 2323 3164 2376 hunc
3210 2319 3364 2375 inter
3411 2336 3512 2374 ca-

117 2415 341 2470 nonicos
371 2411 733 2482 descriptum
767 2411 824 2465 in
857 2411 1216 2482 quibusdam
1249 2411 1472 2484 antiqui
1505 2412 1606 2466 sevi
1643 2429 1790 2467 mss.
1834 2412 2085 2483 reperire
2115 2416 2345 2476 est,non
2374 2416 2569 2466 tamen
2601 2412 2659 2466 in
2691 2411 2988 2478 omnibus,
3024 2428 3127 2466 nec
3156 2409 3281 2465 sine
3311 2406 3514 2464 discri-

116 2502 258 2559 mine
287 2501 513 2573 aliquo.
553 2500 817 2570 Namque
847 2499 907 2553 in
939 2500 1192 2570 quodam
1229 2504 1558 2571 pervctusto
1591 2501 1787 2555 codice
1831 2505 1930 2572 qui
1965 2506 2164 2555 nostra
2195 2500 2254 2554 in
2287 2500 2644 2555 Biblionbeca
2697 2505 3053 2567 asservatur,
3101 2497 3422 2570 compactis
3453 2497 3512 2550 in

120 2607 286 2645 unum
319 2587 853 2645 duobuscanonicis
913 2586 1079 2640 libris
1110 2588 1325 2653 Esdrae,
1359 2589 1652 2642 secundus
1701 2605 1729 2642 a
1777 2589 1964 2659 primo
1995 2588 2180 2659 capite
2212 2589 2457 2659 hujusce
2513 2589 2706 2661 quarti
2751 2589 2935 2644 sumit
2982 2587 3304 2652 exordium,
3354 2584 3512 2642 haud

117 2679 274 2734 dubie
306 2678 443 2750 quia
474 2678 602 2748 ejus
636 2675 778 2730 illud
809 2675 1040 2730 initium
1073 2680 1162 2730 est
1195 2693 1206 2729 :
1244 2677 1401 2731 Liber
1430 2677 1616 2733 Esdraz
1640 2677 1921 2748 propheta?
1956 2678 2218 2732 secundus
2254 2694 2266 2731 :
2296 2683 2420 2732 tum
2472 2695 2540 2732 ex
2587 2679 2716 2748 ejus
2761 2683 2936 2748 atque
2984 2677 3138 2733 tertii
3189 2675 3322 2730 libri
3357 2674 3511 2745 capi-

116 2767 259 2824 tibus
288 2769 438 2822 inter
471 2783 534 2822 se
566 2765 885 2837 permistis,
919 2770 1171 2837 quatuor
1200 2765 1378 2820 libelli
1411 2765 1822 2820 conficiuntur.
1865 2765 2251 2822 Doctissimus
2285 2767 2487 2832 Faber,
2522 2767 2796 2822 Ludovici
2829 2767 2956 2822 XIII
2988 2767 3504 2837 praeceptor(Epist.

119 2856 178 2910 ad
201 2856 344 2912 card.
381 2855 630 2924 Raram),
667 2854 981 2925 quemdam
1012 2854 1275 2924 ejusdem
1311 2854 1501 2925 quarti
1535 2854 1668 2908 libri
1717 2871 1826 2909 ms.
1861 2856 2006 2910 adeo
2054 2855 2387 2928 discrepare
2436 2857 2506 2910 ab
2557 2855 2806 2911 editione
2855 2855 3255 2926 deprehendit,
3307 2857 3371 2907 ut
3415 2868 3514 2908 va-

118 2945 224 3000 rias
254 2947 375 3016 ejus
407 2943 688 2999 lectiones
719 2943 874 2997 card.
908 2943 1154 2997 Baronio
1184 2943 1667 2998 transmittendas
1717 2948 1967 3015 putaret.
2003 2947 2136 3009 Qua}
2187 2945 2492 3000 diversitas
2543 2946 2688 3000 forte
2735 2944 2795 2999 in
2846 2960 3023 2999 causa
3069 2947 3180 3009 est,
3209 2959 3315 2997 cur
3363 2957 3514 2996 non-

121 3033 267 3088 nulla
294 3034 365 3089 ab
395 3031 703 3088 Ambrosio
734 3048 802 3087 ex
831 3032 1031 3086 eodem
1082 3031 1230 3086 libro
1283 3032 1460 3086 citata
1507 3032 1561 3085 in
1613 3032 1764 3086 edito
1815 3032 2055 3088 minime
2104 3033 2490 3103 reperiantur.
2543 3033 2818 3088 Inventus
2867 3037 2956 3087 est
3002 3032 3257 3103 denique
3311 3033 3514 3086 auctor

124 3121 346 3192 quidam
377 3121 559 3191 hujus
590 3121 797 3183 (etatis,
832 3121 928 3192 qui
965 3121 1111 3175 duos
1143 3120 1383 3175 ultimos
1414 3119 1697 3175 librorum
1730 3121 1918 3175 Esdras
1950 3121 2256 3174 canonicos
2290 3137 2355 3175 ac
2385 3120 2591 3174 divinze
2639 3120 3002 3175 auctoritatis
3053 3135 3184 3175 esse
3233 3119 3510 3183 crederet,

122 3209 370 3283 hancque
399 3226 571 3266 suam
607 3209 941 3280 opinionem
996 3209 1169 3264 etiam
1224 3209 1438 3280 scripto
1484 3211 1718 3263 ﬁrmare
1769 3209 2051 3263 niteretur
2101 3209 2367 3277 (Genebr,
2404 3208 2598 3263 Chron.
2652 3207 2690 3261 l.
2745 3226 2805 3274 ιι,
2858 3209 2929 3263 ad
2984 3224 3079 3262 an.
3114 3207 3317 3262 mundi
3349 3207 3501 3274 368).

123 3298 318 3354 Verum
352 3297 639 3370 quidquid
674 3299 802 3367 ejus
833 3297 913 3352 rei
948 3297 1042 3360 sit,
1071 3301 1302 3353 constat
1333 3314 1446 3351 non
1481 3297 1668 3352 solum
1705 3314 1773 3352 ex
1803 3296 2060 3368 antiquis
2105 3297 2370 3351 Patribus
2415 3297 2789 3352 Ambrosium
2823 3297 2904 3350 ita
2933 3297 3208 3352 sensisse.
3242 3293 3509 3349 Clemens

125 3385 529 3442 Alexandrinus
562 3385 684 3454 (lib.
719 3403 776 3440 ιιι
812 3387 1044 3452 Sirom.)
1077 3387 1316 3441 Esdram
1361 3384 1534 3440 citato
1565 3390 1772 3456 quarto
1806 3385 1965 3440 illius
1999 3385 2144 3440 libro
2180 3385 2519 3456 prophetam
2554 3383 3051 3454 salutat,eumque
3081 3399 3218 3450 non,
3251 3380 3508 3437 absimili

126 3475 277 3530 modo
307 3479 508 3531 auctor
534 3474 736 3546 Operis
767 3474 914 3546 imp.
957 3491 1134 3546 super
1165 3473 1497 3528 Matthmum
1533 3473 1731 3529 laudat
1763 3473 1894 3544 (loc.
1937 3490 2068 3545 sup.
2103 3474 2248 3543 cit.),
2283 3489 2348 3528 ac
2381 3473 2617 3528 demum
2651 3474 2719 3528 ad
2751 3473 3022 3528 eumdem
3049 3471 3309 3529 alludere
3349 3469 3508 3526 vide-

125 3567 211 3618 tur
235 3565 553 3636 Cyprianus
583 3564 710 3634 (Ad.
746 3564 1050 3634 Demetr.).

185 3653 533 3725 QuaprOpter
567 3652 909 3723 neutiquam
941 3652 1110 3707 nobis
1141 3652 1356 3706 mirum
1386 3653 1636 3716 videtur,
1670 3652 1824 3723 quod
1856 3649 2198 3706 Ambrosius
2248 3650 2380 3705 libri
2433 3668 2608 3722 quem
2659 3653 2812 3707 bona
2859 3652 2992 3717 ﬁde,
3028 3655 3091 3706 ut
3119 3667 3188 3707 ex
3217 3649 3348 3706 aliis
3378 3649 3510 3721 ejus

130 3740 698 3796 commentationibus
730 3744 905 3813 patet,
941 3757 1042 3812 pro
1076 3740 1352 3794 canonico
1404 3739 1673 3807 habebat,
1722 3739 1814 3793 hic
1864 3738 2268 3794 auctoritatem
2321 3741 2834 3807 commendaverit,
2885 3739 3289 3810 extuleritque.
3327 3737 3387 3792 Id
3434 3737 3516 3792 si-

131 3829 364 3898 quidem,
394 3835 458 3885 ut
486 3830 614 3901 ipse
645 3830 969 3900 profitetur,
995 3844 1061 3883 eo
1093 3827 1334 3883 consilio
1367 3828 1685 3892 factitabat,
1728 3834 1791 3881 ut
1833 3828 2078 3899 gentiles
2127 3827 2228 3898 qui
2284 3827 2577 3883 Christum
2619 3830 2864 3900 ejusque
2901 3827 3222 3900 discipulos
3269 3830 3515 3897 accepta:

133 3915 403 3973 aPlatone
451 3922 510 3974 et
556 3917 674 3972 illis
725 3916 1093 3989 philosophis
1139 3934 1256 3972 suae
1307 3915 1582 3971 doctrinae
1632 3916 2075 3980 insimulabant,
2111 3917 2398 3972 mendacii
2451 3923 2740 3988 argueret,
2775 3934 2908 3973 cum
2969 3918 3167 3988 ipsum
3217 3914 3516 3970 Platonem

132 4005 302 4073 potius
331 4007 398 4062 ab
427 4007 634 4075 Esdra,
667 4005 918 4077 aliisque
947 4005 1165 4061 nostris
1197 4005 1534 4060 auctoribus
1570 4009 1900 4059 mutuatum
1933 4004 2218 4076 quidquid
2253 4005 2387 4060 boni
2420 4007 2490 4061 de
2535 4011 2689 4062 statu
2739 4006 3070 4061 animarum
3103 4007 3234 4075 post
3265 4006 3516 4057 mortem

134 4089 400 4162 docuerat,
432 4094 674 4166 planum
708 4094 945 4148 faceret.
987 4093 1249 4148 Ethnicis
1281 4109 1426 4146 nova
1457 4109 1572 4146 non
1603 4097 1726 4147 erat
1755 4092 2095 4161 hujusmodi
2145 4091 2498 4147 criminatio.
2560 4093 2762 4149 Celsus
2811 4109 2939 4147 eam
2971 4091 3204 4162 Origeni
3237 4087 3420 4161 (Orig.
3463 4088 3506 4144 l.

133 4194 218 4244 vn,
244 4191 404 4238 contr.
456 4183 615 4254 Cels.)
664 4182 868 4238 multis
912 4187 1045 4237 ante
1095 4181 1265 4236 annis
1314 4181 1371 4235 in
1430 4182 1631 4235 eodem
1685 4197 1924 4252 prorsus
1973 4183 2318 4252 argumento
2367 4181 2706 4249 objectarat.
2761 4180 2907 4235 Cum
2969 4183 3164 4234 autem
3221 4177 3516 4233 Ambrosii

135 4268 468 4340 temporibus
501 4271 691 4327 adhuc
723 4287 838 4326 non
870 4286 1077 4342 parum
1111 4268 1326 4324 valeret
1357 4267 1694 4323 idololatrias
1728 4284 1903 4340 quam
1937 4267 2325 4338 Symmachus
2357 4268 2700 4322 auctoritate
2745 4285 2853 4322 sua
2901 4267 3191 4333 tuebatur,
3235 4266 3519 4339 potentia,

137 4354 356 4412 dubium
381 4376 494 4414 non
526 4363 616 4414 est
646 4359 788 4430 quin
821 4363 960 4412 tunc
989 4357 1190 4413 eadem
1244 4355 1540 4411 calumnia
1584 4363 1856 4411 renovata
1903 4356 2094 4410 fuerit.
2127 4355 2450 4418 Quodcirca
2480 4356 2720 4411 minime
2766 4357 2981 4410 mirum
3012 4355 3324 4425 videbitur,
3358 4355 3407 4410 si
3444 4356 3514 4410 ad

138 4445 550 4502 convellendum
585 4447 976 4512 mendacium,
1012 4447 1166 4518 quod
1202 4445 1464 4499 funditus
1497 4445 1886 4500 Christianam
1937 4445 2112 4499 fidem
2163 4459 2426 4499 eversum
2479 4445 2618 4508 ibat,
2651 4446 2713 4501 S.
2772 4445 2973 4500 doctor
3022 4449 3380 4516 quantopere
3419 4461 3515 4500 va-

141 4527 253 4596 luit,
283 4533 575 4606 scriptoris
603 4535 784 4604 hujus
813 4535 1215 4589 auctoritatem
1249 4533 1605 4604 prazdicavit.
1648 4533 1822 4604 Atqui
1855 4532 1969 4588 alia
2000 4549 2232 4604 quoque
2265 4533 2427 4586 addit
2457 4549 2753 4588 sacrarum
2787 4534 3134 4605 paginarum
3159 4532 3517 4601 testimonia,

141 4615 333 4685 quibus
364 4621 568 4677 invicte
600 4623 871 4694 superbis
896 4623 1014 4677 illis
1045 4621 1363 4694 gentilibus
1395 4621 1756 4678 demonstret
1791 4621 2086 4676 Platonem
2144 4627 2199 4675 et
2244 4622 2536 4676 Socratem
2569 4639 2742 4676 suum
2791 4639 2860 4676 ex
2905 4622 3036 4677 istis
3082 4621 3521 4694 limpidissimis

141 4704 375 4764 veritatis
400 4711 652 4766 fontibus
685 4710 872 4766 multa
897 4711 1187 4778 hausisse,
1223 4727 1350 4781 quae
1382 4717 1584 4782 postea
1609 4711 1719 4783 ipsi
1749 4710 1934 4765 diluto
1964 4710 2255 4765 variarum
2291 4709 2618 4765 fabularum
2651 4727 2812 4776 coeno
2844 4711 3232 4783 corruperint.
3273 4712 3354 4766 De
3390 4711 3516 4766 Pla-

144 4794 262 4848 tone
291 4796 517 4866 quidem
553 4801 693 4855 adeo
721 4803 996 4855 constans
1027 4803 1114 4854 est
1142 4816 1275 4854 eum
1311 4800 1452 4854 bene
1487 4799 1673 4855 multa
1711 4800 1829 4854 sive
1859 4817 1927 4854 ex
1959 4799 2141 4854 sacris
2172 4799 2493 4865 codicibus,
2527 4805 2591 4854 ut
2639 4800 2730 4855 hic
2773 4802 2939 4856 docet
2980 4800 3344 4868 Ambrosius,
3378 4800 3519 4866 sive,

148 4884 203 4931 ut
228 4883 412 4938 volunt
442 4887 559 4954 alii,
594 4905 627 4943 a
660 4888 1002 4961 Pythagora,
1037 4889 1134 4960 qui
1168 4894 1224 4942 et
1255 4889 1379 4960 ipse
1408 4889 1642 4943 Judzeos
1674 4888 1967 4960 sapientes
2000 4889 2282 4956 audierat,
2318 4888 2614 4955 didicisse,
2649 4894 2710 4944 ut
2744 4890 3046 4961 vulgatum
3093 4888 3266 4944 fuerit
3295 4888 3364 4942 de
3397 4888 3522 4958 ipso

148 4963 274 5026 illud
305 4971 566 5031 Numenii
591 4976 956 5049 Pythagorici
987 4976 1208 5031 dictum
1246 4995 1257 5032 :
1292 4985 1461 5048 Τίγάρ
1495 4983 1595 5033 ἐστι
1625 4986 1668 5032 n'

907 4977 956 5032 ci
987 4976 1208 5031 dictum
1246 4995 1257 5032 :
1292 4985 1461 5048 Τίγάρ
1495 4983 1595 5033 ἐστι
1625 4985 1829 5033 Πλάτων
1849 4986 1881 5043 ἦ
1907 4985 2116 5044 Μωῦσῆς
2144 4987 2427 5044 άττικίζωη
