3830 6206
331 314 453 381 567

1791 331 1857 394 s.
1905 316 2282 398 saliuosa

332 494 3714 530 Ἢ

982 690 1810 850 ΞΑΝΟΤΙ
2000 695 3098 861 AMBROSII

1588 968 2223 1033 MEDIOLANENSIS
2265 974 2623 1037 EPISCOPI

1066 1160 1342 1288 .DE
1467 1132 2026 1295 ΒΟ·Νο
2156 1162 2963 1301 MO‘RTlS

1750 1405 2040 1481 LIBER
2075 1405 2149 1470 (ί)
2200 1407 2446 1483 UNUS

850 1733 1096 1793 884-9
1136 1732 1367 1791 CAPUT
1405 1734 1447 1791 Ι.

336 1827 650 1887 Commectit
680 1825 824 1899 hunc
855 1825 1058 1899 librum
1087 1841 1207 1879 cum
1234 1824 1599 1899 prmcedenti;
1629 1829 1680 1882 et
1723 1828 1979 1899 proponit

406 1901 635 1956 dubium
665 1917 683 1953 :
716 1897 985 1967 Quomodo
1031 1912 1176 1952 mors
1222 1912 1333 1952 non
1378 1898 1602 1953 dicatur
1649 1897 1835 1964 mata,‘
1856 1899 1982 1954 licet

408 1975 481 2029 sit
513 1974 645 2028 vitae
673 1970 989 2026 contraria?

408 2064 462 2117 1.
495 2058 780 2128 Quoniam
812 2058 885 2114 de
911 2056 1113 2112 anima
1141 2056 1441 2129 superiore
1470 2056 1619 2113 libro
1648 2073 1979 2115 sermonem

337 2150 594 2222 aliquem
626 2146 1053 2213 contexuimus,
1073 2145 1392 2202 faciliorem
1415 2145 1568 2201 viam
1601 2150 1880 2219 putamus
1910 2147 1981 2202 de

337 2242 494 2297 Bono
526 2238 733 2294 mortis
779 2236 1065 2291 conficere
1111 2232 1352 2307 aliquid.
1384 2237 1519 2301 Quae
1550 2234 1599 2291 si
1629 2235 1838 2292 animos
1876 2254 1979 2293 no-

339 2334 484 2395 ceat,
516 2326 740 2383 malum
769 2324 952 2380 videri
999 2327 1191 2396 potest
1220 2340 1232 2377 :
1268 2323 1317 2378 si
1348 2323 1497 2379 nihil
1530 2328 1724 2381 autem
1763 2326 1981 2383 officiat

340 2418 577 2484 animae,
606 2431 679 2470 ne
717 2412 939 2469 malum
989 2412 1246 2484 quidem.
1297 2412 1457 2475 Quod
1516 2416 1711 2469 autem
1756 2411 1978 2469 malum

338 2523 455 2563 non
486 2508 594 2573 est,
610 2504 668 2560 id
699 2503 877 2558 etiam
907 2501 1159 2570 bonum;
1193 2500 1466 2572 quoniam
1500 2502 1655 2573 quod
1679 2502 1975 2570 vitiosum,

334 2595 394 2652 id
427 2595 648 2650 malum
704 2611 717 2648 :
774 2590 929 2664 quod
979 2594 1173 2646 autem
1221 2590 1360 2646 vitio
1404 2595 1582 2659 caret,
1605 2591 1665 2646 id
1713 2591 1975 2660 bonum;

336 2685 584 2759 ideoque
614 2682 768 2739 bona
798 2679 969 2736 malis
1000 2680 1290 2736 contraria
1320 2684 1459 2735 sunt
1487 2683 1543 2735 et
1572 2678 1729 2736 mala
1772 2679 1967 2737 bonis.

333 2772 594 2845 Denique
624 2770 957 2826 innocentia
985 2776 1096 2834 est,
1128 2768 1229 2823 ubi
1276 2783 1392 2823 non
1441 2772 1532 2824 est
1578 2768 1827 2824 nocendi
1873 2785 1978 2826 vo-

335 2860 554 2926 luntas,
581 2864 640 2915 et
667 2859 878 2914 noxius
902 2858 1117 2913 dicitur
1145 2857 1245 2927 qui
1278 2874 1394 2912 non
1425 2856 1503 2912 sit
1538 2857 1833 2927 innoxius;
1868 2858 1975 2913 mi-

338 2948 606 3015 sericors,
640 2946 740 3018 qui
773 2945 1057 3011 remittat;
1092 2944 1527 3008 immisericors,
1559 2944 1658 3017 qui
1678 2945 1979 3020 ignoscere

339 3042 515 3109 atque
543 3034 761 3091 inflecti
790 3034 1037 3089 nesciat.

408 3127 461 3181 2.
495 3125 606 3182 Sed
639 3125 783 3181 forte
826 3122 1040 3195 aliquis
1090 3125 1315 3178 asserat
1346 3140 1359 3177 :
1393 3122 1541 3189 Quid
1589 3128 1710 3180 tam
1755 3128 1983 3181 contra-
2014 3111 2062 3176 Β

337 3216 514 3283 rium,
549 3230 729 3288 quam
757 3214 875 3269 vita
906 3212 1125 3269 morti?
1156 3211 1215 3268 Si
1247 3228 1381 3284 ergo
1428 3213 1547 3268 vita
1592 3217 1834 3285 putatur
1878 3215 1982 3271 bo-

338 3320 503 3373 num,
537 3304 828 3377 quomodo
860 3319 1018 3357 mors
1066 3318 1179 3356 non
1222 3305 1313 3357 est
1362 3300 1555 3357 mala?
1579 3303 1649 3357 Et
1679 3303 1808 3358 ideo
1837 3303 1978 3376 quid

340 3393 416 3450 sit
441 3393 579 3460 vita,
612 3393 753 3465 quid
778 3393 954 3448 etiam
987 3407 1166 3459 mors,
1201 3389 1659 3447 consideremus.
1710 3392 1844 3448 Vita
1891 3396 1982 3449 est

337 3481 601 3557 spirandi
652 3498 894 3538 munere
935 3479 1073 3549 frui,
1121 3496 1280 3535 mors
1329 3480 1567 3551 privari.
1617 3478 1734 3537 Hoc
1782 3485 1976 3538 autem

335 3571 599 3644 spirandi
625 3587 842 3626 munus
872 3571 1025 3641 apud
1077 3568 1384 3641 plerosque
1434 3570 1493 3625 in
1539 3569 1707 3626 bonis
1739 3571 1974 3626 dicitur.

330 3658 451 3716 Hoc
480 3661 569 3715 est
597 3675 733 3731 ergo
761 3657 897 3723 vita,
927 3658 1039 3712 frui
1086 3657 1259 3713 bonis
1291 3675 1303 3713 :
1339 3673 1499 3714 mors
1546 3662 1766 3728 contra,
1804 3659 1975 3717 bonis

329 3747 491 3819 exui;
548 3750 605 3802 et
650 3745 952 3818 Scriptura
997 3745 1138 3801 dicit
1192 3763 1204 3800 :
1257 3747 1387 3802 Ecce
1427 3746 1554 3801 dedi
1601 3751 1731 3803 ante
1775 3750 1975 3819 faciem

324 3814 485 3893 tua‘m
506 3837 676 3892 vitam
703 3837 753 3890 et
781 3814 1024 3902 mortem,
1061 3835 1259 3890 bonum
1301 3838 1351 3890 et
1396 3836 1608 3890 malum
1632 3814 1806 3906 (Deut.
1840 3855 1968 3907 xxx,

324 3927 434 3996 15),
465 3924 646 3981 vitam
676 3925 900 3980 bonum
933 3921 1258 3995 appellans,
1292 3928 1540 3980 mortem
1571 3924 1830 3993 malum;
1881 3914 1968 3982 vel

318 4012 421 4071 illa
451 4013 563 4070 sibi
596 4013 812 4086 priora,
846 4017 903 4068 et
931 4011 1054 4067 haec
1080 4011 1192 4068 sibi
1225 4013 1551 4069 conferens.
1593 4014 1857 4086 Denique
1905 4021 1971 4072 ut

318 4102 584 4160 lectionis
633 4102 839 4159 divinae
892 4100 1157 4175 exemplo
1189 4104 1449 4168 utamur,
1483 4103 1541 4158 in
1574 4103 1848 4176 paradiso
1880 4110 1970 4162 est

316 4191 543 4263 positus
574 4191 770 4261 homo,
806 4194 870 4246 ut
901 4192 1097 4247 ederet
1140 4191 1210 4248 de
1262 4190 1419 4264 ligno
1475 4192 1623 4262 vitm,
1654 4197 1712 4249 et
1741 4195 1965 4250 caeteris

313 4280 574 4353 paradisi
606 4279 802 4354 lignis,
837 4281 907 4336 de
935 4280 1092 4353 ligno
1123 4286 1318 4336 autem
1353 4281 1408 4335 in
1445 4297 1561 4353 quo
1589 4285 1745 4337 esset
1772 4284 1966 4356 cogni-

313 4368 394 4425 tio
425 4369 562 4425 boui
591 4374 650 4425 et
678 4368 841 4439 mali,
897 4386 1012 4425 non
1062 4369 1259 4425 ederet
1291 4387 1304 4425 ε
1342 4386 1457 4442 qua
1486 4370 1579 4427 die
1610 4374 1807 4427 autem
1837 4373 1965 4429 ede~

313 4458 423 4525 ret,
477 4461 663 4511 morte
716 4462 1038 4513 moreretur
1069 4458 1227 4527 (Gen.
1278 4475 1338 4524 ιι,
1392 4459 1503 4531 17).
1547 4459 1675 4515 Non
1717 4462 1965 4519 servavit
1993 4482 2036 4550 ρ

311 4549 689 4617 praeceptum,
721 4550 779 4600 et
808 4546 993 4601 caruit
1024 4547 1236 4613 fructu,
1268 4551 1444 4619 atque
1472 4547 1693 4618 ejectus
1748 4549 1819 4605 de
1856 4567 1957 4622 pa-

311 4631 508 4688 radiso
540 4636 787 4688 mortem
841 4635 1119 4706 gustavit.
1161 4634 1381 4691 Malum
1407 4635 1588 4708 igitur
1616 4653 1795 4707 mors,
1828 4656 1956 4711 qua:

309 4719 496 4792 pretio
527 4719 921 4777 damnationis
950 4722 1221 4778 infertur.

870 4811 1026 4866 890
1061 4811 1289 4866 CAPUT
1330 4813 1397 4867 ΙΙ.

303 4900 596 4955 Praemisso
623 4898 971 4956 distinctione
997 4899 1060 4972 de
1089 4900 1297 4971 triplici
1316 4917 1516 4972 genere
1543 4906 1751 4971 mortis,
1776 4908 1952 4961 asteri-

376 4972 471 5046 dit
490 4973 717 5046 tertium
743 4971 1184 5046 genusgmedium
1212 4989 1359 5035 esse;
1392 4975 1500 5030 imo
1529 4978 1710 5046 potius
1753 4977 1953 5033 bonum

367 5042 755 5117 judicandum,
787 5044 929 5115 quod
956 5060 1055 5099 nos
1086 5045 1216 5101 vitae
1244 5047 1484 5101 miseriis
1512 5042 1577 5101 ac
1609 5050 1842 5117 peccatis
1881 5049 1948 5103 li-

377 5116 550 5178 beret;
582 5115 724 5172 idem
752 5120 933 5171 tamen
963 5119 1233 5186 patienter
1259 5115 1698 5189 exspectandam.

374 5203 432 5258 3.
474 5205 586 5260 Sed
631 5206 836 5261 mortis
893 5206 1006 5261 tria
1052 5210 1193 5261 sunt
1248 5222 1462 5279 genera
1495 5225 1678 5275 (mors
1729 5210 1948 5280 peccati

303 5295 412 5357 est,
438 5292 508 5348 de
540 5309 657 5365 qua
689 5293 974 5366 scriptum
1024 5298 1109 5350 est
1160 5311 1173 5349 :
1226 5296 1425 5351 Anima
1451 5312 1569 5368 quae
1590 5305 1795 5367 peccat,
1829 5299 1949 5369 ipsa

302 5381 567 5435 morietur
621 5382 833 5451 (Ezech.
902 5399 1058 5449 xvm,
1126 5384 1202 5454 4).
1271 5383 1401 5439 Alia
1464 5400 1622 5442 mors
1679 5385 1944 5459 mystica,

374 5521 450 5589 (1)
481 5521 743 5592 Scriptus
774 5524 913 5579 circ.
956 5541 1091 5579 ann.
1124 5526 1250 5580 387.

303 5664 507 5718 misera
561 5664 649 5717 avi

376 5547 450 5589 ιι)
482 5547 743 5592 ῡυιΊμιυδ
774 5547 913 5579 ωΓυ.
956 5547 1091 5579 ann.
1124 5547 1250 5580 om.
2051 5547 2142 5588 eas
2207 5547 2479 5605 possideat
2545 5550 2635 5589 σιιι
2694 5547 2945 5605 proaesse
2986 5549 3097 5590 non

376 5593 451 5673 (2)
483 5591 711 5717 Remiq.
739 5596 878 5661 Quia
905 5596 1328 5677 ergoocustodire
1364 5613 1476 5652 non
1518 5598 1761 5669 prodest;
1807 5615 1942 5673 quas
2051 5604 2220 5670 enim,
2270 5609 2377 5660 etc.
2432 5605 2517 5660 Ita
2569 5604 2746 5661 etiam
2795 5605 3038 5673 Theod.,
3086 5620 3148 5661 se

376 5677 507 5717 :sera
561 5679 669 5717 αυτ(
691 5667 820 5717 atate
875 5670 1169 5717 σηπίδιον-ιι.
1197 5682 1407 5717 necesse
1464 5672 1541 5717 est
1582 5674 1643 5717 ut
1684 5673 1944 5717 miserim
2051 5690 2181 5717 nam

652 5667 820 5747 (litate
875 5668 1169 5735 quaesierit,
1197 5682 1407 5723 necesse
1464 5667 1541 5725 est
1582 5674 1643 5725 ut
1684 5667 1944 5728 miserius
2051 5690 2205 5732 nem.

2005 1740 2062 1808 Α
2090 1739 2325 1812 quando
2357 1741 2491 1815 quis
2529 1746 2762 1817 peccato
2794 1743 3065 1814 moritur,
3096 1747 3154 1803 et
3182 1745 3301 1803 Deo
3330 1745 3489 1814 vivit,
3518 1747 3584 1804 de
3612 1764 3711 1821 qua

2091 1828 2172 1885 ait
2219 1830 2519 1903 apostolus
2581 1850 2595 1889 :
2665 1833 2983 1907 Consepulti
3026 1836 3177 1891 enim
3221 1852 3411 1891 sumus
3463 1852 3582 1893 cum
3626 1837 3709 1893 illo

2082 1933 2186 1989 per
2213 1918 2537 1990 baptismum
2568 1924 2629 1977 in
2657 1926 2885 1979 mortem
2914 1922 3085 1996 (Rom.
3118 1941 3197 1991 v1,
3231 1923 3306 1997 4).
3346 1920 3539 1981 Tertia
3572 1941 3707 1981 mors

2088 2011 2196 2074 est,
2229 2024 2347 2080 qua
2375 2024 2615 2066 cursum
2658 2011 2787 2068 vitae
2818 2011 2998 2085 hujus
3042 2016 3098 2070 et
3145 2016 3387 2071 munus
3416 2014 3707 2087 explemus,

2090 2093 2145 2150 id
2196 2100 2304 2163 est,
2350 2098 2562 2155 anima:
2610 2100 2989 2176 corporisque
3037 2104 3313 2160 secessio.
3363 2104 3706 2161 Advertimus

2089 2182 2269 2257 igitur
2298 2187 2455 2259 quod
2487 2206 2606 2245 una
2637 2206 2795 2247 mors
2825 2190 2905 2247 sit
2932 2190 3109 2263 mala,
3142 2191 3193 2250 si
3219 2196 3458 2266 propter
3500 2196 3707 2266 peccata

2089 2274 2454 2332 moriamur:
2484 2277 2601 2334 alia
2629 2296 2787 2336 mors
2833 2279 2989 2337 bona
3035 2281 3132 2350 sit,
3166 2298 3287 2354 qua
3335 2281 3386 2339 is
3433 2282 3531 2356 qui
3557 2280 3709 2338 fuerit

2089 2367 2376 2433 mortuus,
2404 2367 2767 2438 justiﬁcatus
2816 2372 2906 2425 est
2953 2386 2989 2426 a
3034 2372 3320 2443 peccato:
3355 2370 3521 2426 tertia
3568 2387 3705 2426 mors

2089 2452 2279 2509 media
2310 2452 2415 2523 sit;
2449 2473 2586 2512 nam
2634 2460 2693 2512 et
2737 2458 2891 2514 bona
2931 2458 3114 2530 justis
3152 2457 3404 2528 videtur,
3438 2462 3492 2514 et
3522 2457 3703 2531 pleris-

2087 2556 2200 2612 que
2227 2545 2561 2615 metuenda,
2595 2562 2722 2619 quas
2749 2563 2887 2603 cum
2935 2545 3197 2603 absolvat
3234 2564 3460 2617 omnes,
3515 2562 3703 2621 paucos

2086 2627 2356 2687 delectat.
2397 2634 2511 2691 Sed
2538 2651 2654 2691 non
2686 2636 2795 2692 hoc
2824 2635 3031 2693 mortis
3061 2639 3149 2693 est
3175 2636 3407 2709 vitium,
3420 2641 3477 2692 at
3519 2640 3703 2693 nostra

2088 2718 2469 2789 inﬁrmitatis,
2502 2723 2605 2795 qui
2634 2723 2929 2798 voluptate
2959 2723 3243 2799 corporis,
3270 2731 3329 2783 et
3357 2723 3707 2782 delectatione

2085 2807 2214 2864 vita:
2245 2808 2418 2867 istius
2444 2812 2732 2885 capimur,
2762 2817 2821 2871 et
2850 2830 3089 2871 cursum
3121 2813 3281 2871 hunc
3329 2830 3704 2872 consummare

2084 2897 2471 2969 trepidamus,
2505 2900 2566 2957 in
2597 2919 2712 2975 quo
2743 2901 2876 2976 plus
2907 2902 3341 2973 amaritudinis,
3373 2920 3544 2976 quam
3572 2901 3704 2959 volu-

2088 2987 2266 3081 ptatis
2295 2992 2413 3081 est;
2448 2992 2508 3046 at
2536 3006 2652 3047 non
2683 2989 2868 3081 sancti
2902 3008 2969 3081 ac
2994 2992 3294 3081 sapientes
3319 2991 3577 3081 viri,_qui
3599 2990 3702 3081 lon-

2089 3074 2415 3147 gaevitatem
2471 3077 2957 3152 peregrinationis
3015 3078 3195 3150 hujus
3251 3074 3697 3151 ingemis'cebanl,

2099 3162 2360 3241 dissolvi,
2392 3169 2606 3223 etcum
2637 3164 2868 3225 Christo
2916 3182 3045 3224 esse
3089 3166 3397 3240 pulchrius
3442 3166 3700 3223 mstiman-

2088 3253 2474 3327 tes:denique
2502 3256 2657 3313 diem
2687 3256 3082 3330 generationis
3112 3273 3231 3313 suis
3262 3256 3697 3321 exsecrabantur,

2088 3342 2243 3399 sicut
2271 3343 2404 3416 quis
2435 3346 2517 3402 ait
2548 3364 2562 3402 :
2594 3350 2792 3403 Pereat
2839 3345 2955 3403 dies
2998 3344 3100 3402 illa
3148 3347 3210 3400 in
3257 3364 3370 3418 qua
3411 3353 3567 3403 natus
3600 3358 3699 3400 sum

2087 3431 2226 3500 (Job.
2262 3449 2345 3497 ιιι,
2378 3434 2454 3505 3).

2157 3525 2215 3577 4.
2258 3522 2405 3588 Quid
2437 3523 2594 3579 enim
2624 3527 2716 3580 est
2762 3540 2913 3597 quoe
2950 3522 3071 3580 haec
3108 3522 3227 3579 vita
3269 3521 3531 3591 delectet,
3554 3520 3700 3595 plena

2084 3626 2479 3668 arumnarum
2517 3616 2575 3667 et
2612 3606 3098 3683 sollicitudinum,
3147 3610 3210 3667 in
3257 3627 3380 3685 qua
3419 3611 3700 3668 innumera

2082 3698 2411 3769 calumniae,
2441 3704 2500 3757 et
2529 3700 2728 3758 multae
2776 3698 3079 3771 molestiae,
3115 3704 3175 3756 et
3219 3700 3420 3756 multae
3465 3700 3699 3771 lacryme

2081 3804 2283 3845 eorum
2316 3788 2418 3862 qui
2444 3788 2803 3847 afﬂictantur
2832 3788 3121 3848 molestiis
3151 3793 3210 3845 et
3238 3805 3358 3845 non
3387 3793 3492 3855 est,
3534 3784 3701 3859 inquit

2082 3877 2298 3948 (Thren.
2333 3895 2372 3947 ι,
2404 3879 2482 3947 2),
2517 3878 2620 3951 qui
2668 3895 2767 3936 eos
2815 3876 3187 3937 consoletur?
3228 3876 3304 3933 Et
3350 3878 3476 3934 ideo
3524 3876 3701 3931 laudat

2079 3964 2455 4023 Ecclesiastes
2519 3966 2798 4040 defunctos
2862 3970 3040 4038 magis
3104 3981 3269 4039 quam
3338 3967 3584 4023 viventes.
3648 3962 3701 4018 Et

2075 4056 2330 4125 optimus,
2372 4055 2583 4128 inquit,
2623 4073 2794 4129 supra
2840 4055 2933 4114 hos
2980 4057 3134 4125 duos,
3182 4060 3281 4130 qui
3327 4050 3564 4113 nondum
3608 4067 3695 4108 no-

2075 4151 2163 4199 tus
2209 4152 2307 4211 est,
2351 4147 2447 4217 qui
2492 4161 2603 4202 non
2645 4145 2785 4202 vidit
2833 4138 2933 4203 hoc
2976 4148 3191 4202 nmium
3227 4146 3396 4216 (Eccl.
3430 4162 3503 4211 IV,
3553 4144 3603 4207 2.
3628 4137 3728 4211 3)-'

2074 4232 2143 4287 Et
2173 4231 2309 4288 alibi
2342 4232 2495 4289 idem
2528 4233 2908 4292 Ecclesiastes
2956 4234 3255 4292 meliorem
3299 4224 3547 4308 longaevo
3591 4228 3695 4285 viro

2071 4336 2208 4376 eum
2266 4322 2518 4377 asseruit
2571 4323 2765 4394 (Eccle.
2804 4340 2881 4391 v1,
2922 4322 2997 4395 3),
3058 4340 3232 4396 quem
3287 4323 3495 4380 abortu
3547 4316 3697 4391 ejecit

2073 4412 2260 4465 mater
2288 4426 2416 4480 sua,
2449 4408 2589 4482 quia
2618 4427 2735 4467 non
2765 4411 2911 4466 vidit
2938 4410 3061 4468 hac
3091 4409 3248 4467 mala
3294 4426 3427 4484 qua:
3467 4402 3615 4493 ﬁunt.
3642 4402 3690 4493 in

2069 4497 2179 4554 hoc
2208 4499 2454 4566 mundo,
2487 4513 2591 4555 nec
2619 4499 2682 4554 in
2711 4498 2821 4556 has
2847 4498 3007 4556 venit
3036 4499 3441 4566 tenebras,neo
3464 4497 3530 4562 in,
3550 4491 3689 4551 vani-

2067 4590 2186 4644 tate
2214 4586 2538 4644 ambulavit
2566 4587 2795 4655 smculi;
2845 4591 2904 4644 et
2952 4587 3082 4645 ideo
3130 4588 3394 4661 requiem
3440 4585 3579 4645 εοι
3612 4579 3688 4639 hic

2066 4676 2257 4751 magis
2286 4676 2525 4733 habebit
2553 4676 2657 4750 qui
2687 4677 2746 4732 in
2773 4677 2924 4734 hanc
2975 4676 3155 4735 vitam
3186 4694 3301 4734 non
3333 4676 3508 4747 venit,
3533 4685 3687 4757 quam

2064 4763 2162 4822 ille
2191 4764 2293 4838 qui
2324 4765 2501 4821 venit.
2536 4765 2687 4831 Quid
2729 4766 2889 4822 enim
2933 4765 3069 4823 boni
3121 4769 3211 4824 est
3256 4764 3481 4823 homini
3508 4764 3566 4820 in
3594 4760 3683 4817 bac

2059 4854 2178 4911 vita
2207 4855 2307 4927 qui
2338 4854 2399 4911 in
2429 4854 2641 4911 umbra
2667 4845 2831 4926 vivit,
2862 4871 2968 4913 nec
2998 4854 3213 4929 expleri
3238 4858 3460 4929 postest
3486 4847 3683 4926 cupidi-

2059 4942 2281 5000 tatibus
2334 4944 2498 5000 suis?
2555 4942 2625 5024 Et
2677 4942 2727 5000 si
2794 4943 3096 5023 expleatur
3152 4932 3395 5011 divitiis,
3452 4942 3681 5024 fructus!

2061 5031 2275 5105 quietis
2304 5032 2540 5100 amittit,
2574 5022 2711 5104 quia
2740 5022 2967 5106 cogitur
2995 5032 3290 5089 custodire
3319 5031 3474 5105 quod
3520 5022 3671 5085 mise-

2058 5138 2124 5177 ra
2148 5121 2419 5178 aviditate
2450 5122 2763 5194 quaesierit,
2797 5126 2866 5178 ut
2913 5122 3190 5178 miserius
3237 5138 3334 5178 eas
3387 5116 3675 5194 possideat,

2056 5210 2148 5266 cui
2182 5211 2458 5283 prodesse
2488 5228 2605 5267 non
2636 5215 2930 5283 poterunt.
2955 5211 3103 5279 Quid
3135 5210 3292 5267 enim
3321 5210 3399 5283 (2)
3429 5204 3675 5264 miserius

2055 5316 2234 5371 quam
2285 5303 2351 5355 ut
2398 5300 2665 5356 custodia
2710 5303 3000 5373 torqueat,
3046 5315 3298 5373 quarum
3343 5290 3675 5355 abundantia

2055 5388 2203 5445 nihil
2234 5387 2463 5462 prosit?

2207 5532 2479 5605 possideat
2545 5534 2637 5589 cui
2694 5533 2945 5605 prodesse
2986 5549 3097 5590 non
3153 5534 3472 5661 (potuerunt.
3537 5519 3671 5606 Quid

2207 5645 2220 5661 .
2270 5609 2377 5660 etc.
2432 5605 2517 5660 Ita
2569 5604 2746 5661 etiam
2795 5605 3038 5661 Theod..
3086 5620 3148 5661 se
3238 5620 3338 5661 ner
3383 5600 3663 5658 correctio-

3238 5620 3338 5677 per
3383 5600 3663 5658 correctio-
