3850 6214
112 338 231 426 56.9...

1296 349 1531 415 mean
1575 327 1679 413 mi
1715 330 1925 413 sono
1968 347 2291 416 MOR'I‘IS.

3374 325 3511 426 s70"

174 494 225 554 5.
256 488 459 566 Itaque
478 486 529 551 si
552 486 725 567 plena
753 476 959 569 oneris.
976 486 1116 558 vita,
1148 488 1355 566 utique
1415 489 1552 547 ﬁnis
1609 489 1738 562 ejus
1766 481 1824 551 Α
1851 487 2091 547 h‘onoris
2121 487 2333 562 specie,
2365 490 2469 547 aut
2497 470 2758 549 muneris
2788 486 3041 565 alicujus
3098 508 3276 551 causa
3321 491 3496 566 jubet

112 582 475 646 a‘llevamento
504 586 594 640 est
616 600 629 640 :
650 578 1105 639 allevamentum
1148 578 1344 638 autem
1376 585 1464 638 est
1491 579 1735 646 bonum,

113 682 259 733 mors
286 677 480 731 autem
506 671 643 728 ﬁnis
671 687 685 727 :
718 670 1084 743 moraigitur
1133 670 1354 728 bonum
1375 673 1482 728 est.
1540 667 1739 742 Neque

114 762 258 823 enim
303 760 473 819 aliter
501 760 740 835 gavisus
778 763 867 818 est
915 749 1182 831 Simeon,
1231 760 1331 834 qui
1390 774 1739 832 responsum

112 854 392 925 acceperat
420 868 537 907 non
566 846 835 907 visurum
856 867 919 907 se
939 853 1208 918 mortem,
1234 849 1356 906 nisi
1388 849 1551 921 prius
1579 846 1742 904 vide-

112 944 191 1001 ret
218 936 510 998 Christum
542 939 773 996 Domini
808 958 823 1009 ;
853 943 911 995 et
939 956 1073 995 cum
1139 954 1273 995 eum
1339 942 1612 1012 parentes
1679 937 1738 992 in

111 1030 383 1105 templum
405 1029 770 1097 inducerent,
804 1029 1064 1102 suscepit
1129 1027 1405 1085 manibus
1469 1027 1617 1095 suis,
1685 1029 1743 1082 et

113 1118 245 1178 dixit
274 1135 288 1175 :
322 1120 474 1177 Nunc
495 1120 709 1176 dimitis
737 1135 953 1185 servum
993 1123 1150 1174 tuum.
1179 1121 1239 1174 in
1263 1133 1400 1191 pace
1454 1116 1530 1190 (3)
1586 1118 1737 1185 (Luc.

111 1224 166 1276 ιι,
189 1209 279 1279 29)
310 1225 326 1277 ;
358 1207 528 1281 quasi
558 1206 904 1264 necessitate
934 1206 1189 1278 quadam
1219 1208 1513 1262 teneretur
1541 1204 1602 1259 in
1632 1203 1742 1259 hac

113 1297 240 1366 vita,
270 1314 390 1353 non
417 1297 741 1353 voluntate.
779 1295 864 1352 Ita
912 1290 1130 1351 dimitti
1160 1293 1324 1367 petit,
1357 1292 1525 1366 quasi
1557 1311 1591 1350 a
1616 1291 1742 1348 vin-

113 1383 248 1443 culis
295 1385 655 1458 quihusdam
709 1385 782 1440 ad
835 1383 1167 1457 libertatem
1216 1383 1538 1440 festinaret.
1597 1385 1745 1437 Sunt

114 1474 257 1532 enim
284 1473 448 1530 velut
473 1472 709 1530 vincula
737 1473 1006 1546 quaedam
1072 1473 1332 1547 corporis
1396 1472 1578 1545 hujus
1643 1471 1741 1544 (4),

117 1568 171 1620 et
199 1560 353 1639 quod
385 1566 475 1619 est
503 1556 1015 1636 gravius,vin'cula
1031 1562 1443 1629 tentationum,
1472 1578 1599 1634 quin
1637 1577 1745 1616 nos

116 1644 365 1725 alligant,
407 1655 465 1708 et
530 1651 602 1708 ad
666 1651 944 1724 injuriam
1011 1649 1364 1725 captivitatis
1410 1650 1748 1722 astringunt

114 1736 355 1812 quadam
386 1740 514 1814 lege
534 1738 778 1813 peccati.
812 1738 1075 1813 Denique
1106 1741 1166 1797 in
1195 1741 1350 1797 exitu
1405 1741 1533 1814 ipso
1582 1734 1748 1794 vide-

114 1842 234 1919 mus
264 1828 767 1901 quemadmodum
816 1828 1016 1885 anima
1068 1828 1404 1887 decedentis
1462 1828 1745 1903 paulatim
1777 1844 1827 1922 Β

113 1912 285 1975 solvat
312 1935 374 1975 se
407 1916 659 1974 vinculis
691 1916 907 1986 carnis,
938 1921 996 1974 et
1024 1934 1123 1976 ore
1152 1919 1371 1976 emissa
1399 1919 1585 1976 evolet
1622 1922 1747 1974 tan-

111 1998 276 2078 quam
305 2022 575 2064 carcereo
607 2006 866 2079 corporis
894 2005 1078 2078 hujus
1108 2011 1281 2065 exuta
1306 2008 1746 2082 gurgustio.De-

110 2085 277 2169 niqu‘e
306 2094 635 2153 festinabat
663 2094 840 2153 etiam
873 2100 1115 2154 sanctus
1145 2096 1325 2154 David
1359 2099 1429 2154 de
1457 2097 1569 2154 hoc
1624 2097 1748 2155 loco

108 2178 596 2259 peregrinationis
652 2183 828 2250 exire,
907 2184 1156 2241 dicens:
1210 2185 1427 2242 Advena
1480 2203 1574 2259 ego
1628 2203 1751 2244 sum

105 2266 239 2347 apud
265 2280 322 2330 te
356 2276 432 2330 im
453 2281 601 2330 terra
639 2277 689 2330 et
745 2276 1085 2347 peregrinus,
1140 2275 1281 2331 sicut
1334 2291 1520 2333 omnes
1563 2281 1751 2349 patres

107 2362 403 2443 mei(Psal.
437 2380 675 2432 xxxvm,
712 2364 819 2435 13).
854 2366 920 2419 Et
947 2363 1078 2420 ideo
1103 2350 1387 2437 tanquam
1406 2352 1750 2439 peregrinus

114 2437 181 2508 ad
205 2436 377 2509 illum
406 2457 748 2510 sanctorum
779 2462 1153 2509 communem
1202 2436 1468 2510 omnium
1498 2436 1748 2528 patriam

115 2529 436 2611 festinabat,
475 2538 685 2614 petens
710 2556 814 2614 pro
845 2541 1025 2613 hujus
1046 2542 1525 2599 commorationis
1555 2544 1748 2616 inqui-

117 2625 380 2687 namento
413 2628 642 2686 remitti
669 2629 784 2686 sibi
808 2633 1069 2702 peccata,
1100 2631 1449 2705 priusquam
1488 2632 1750 2691 discede-

113 2722 251 2777 rete
274 2718 413 2776 vita.
451 2719 561 2785 Qui
595 2717 750 2775 enim
784 2708 880 2774 hic
928 2735 1044 2774 non
1101 2716 1391 2791 acceperit
1448 2722 1748 2778 remissio-

113 2822 235 2864 nem
264 2806 663 2887 peccatorum,
694 2806 815 2863 illic
847 2823 961 2863 non
986 2807 1115 2863 erit.
1149 2807 1275 2864 Non
1304 2807 1413 2887 erit
1430 2813 1625 2867 autem
1648 2811 1749 2884 qui

110 2897 178 2954 a‘d
206 2897 381 2953 vitam
410 2898 696 2953 aeternam
727 2912 843 2952 non
871 2896 1132 2970 potuerit
1161 2897 1480 2969 pervenire,
1514 2899 1654 2972 quia
1672 2900 1751 2956 vi-

111 2989 167 3043 ta
194 2984 402 3043 interna
418 2985 708 3043 remissio
739 2988 1110 3058 peccatorum
1142 2989 1248 3042 est.
1290 2985 1540 3059 Ideoque
1570 2974 1709 3045 dicit
1735 3008 1747 3047 :

114 3062 330 3132 Bemme
357 3074 529 3143 mihi,
568 3082 632 3130 ut
677 3076 995 3146 refrigerer,
1048 3076 1381 3148 priusquam
1431 3075 1639 3147 abeam,
1700 3082 1753 3134 et

114 3165 341 3245 amplius
366 3154 486 3223 non’
516 3178 607 3219 ero
637 3161 805 3236 (Psal.
838 3178 1071 3241 xxxvm,
1105 3162 1217 3237 14).

176 3251 227 3307 6.
257 3252 406 3333 Quid
436 3252 626 3326 igitur
652 3255 955 3326 tantopere
983 3252 1163 3309 vitam
1219 3252 1394 3309 istam
1448 3252 1750 3313 desidera-

116 3356 261 3399 mus.
290 3341 350 3398 in
382 3357 510 3415 qua
539 3344 756 3414 quanto
787 3340 1010 3397 diutius
1041 3341 1175 3413 quis
1206 3336 1399 3410 fuerit,
1434 3345 1595 3399 tanto
1630 3361 1751 3401 ma-

111 3428 228 3497 jore
251 3433 536 3486 oneratur
564 3428 795 3486 sarcina
822 3431 1193 3503 peccatorum
1223 3429 1251 3484 ?
1291 3430 1421 3503 Ipse
1468 3431 1754 3490 Dominus

117 3515 190 3573 ait
219 3534 233 3575 :
263 3518 488 3592 Sufﬁcit
517 3510 631 3574 diei
659 3518 879 3575 malitia
908 3535 1010 3575 sua
1040 3516 1245 3590 (Matth.
1277 3536 1353 3589 v1,
1386 3519 1500 3588 34).
1530 3522 1601 3577 Et
1655 3522 1752 3579 Ja-

118 3604 215 3661 cob
239 3607 382 3664 dixit
413 3626 428 3665 :
461 3609 593 3665 Dies
621 3623 856 3663 auorum
874 3609 999 3664 vita
1026 3622 1170 3665 mea?
1200 3624 1333 3681 quos
1390 3609 1576 3679 habeo,
1636 3626 1755 3667 cen-

113 3695 221 3775 tum
249 3698 483 3769 triginta
538 3698 763 3753 minimi
806 3704 859 3753 et
898 3697 1038 3753 mali
1084 3697 1237 3769 (Gen.
1285 3715 1456 3766 XLVII,
1506 3697 1583 3769 9),
1635 3716 1753 3757 non

111 3780 240 3853 quia
266 3785 391 3842 dies
421 3783 595 3859 mali,
628 3786 730 3841 sed
763 3785 900 3858 quia
929 3784 1098 3841 nobis
1120 3800 1359 3841 accessu
1383 3786 1610 3843 dierum
1633 3804 1753 3845 ma-

106 3868 237 3927 litias
256 3872 628 3932 incrementa
648 3872 1046 3931 cumulantur.
1080 3864 1290 3931 Nullus
1317 3874 1471 3931 enim
1506 3876 1633 3932 dies
1673 3876 1751 3934 si-

105 3953 171 4015 ne
197 3965 393 4025 nostro
423 3966 671 4038 peccato
700 3963 973 4036 preterit.

166 4042 217 4105 7.
249 4046 411 4109 Unde
440 4050 680 4127 egregie
733 4050 1048 4124 Apostolus
1108 4051 1223 4107 ait:
1284 4052 1419 4108 Mihi
1471 4055 1621 4109 enim
1677 4055 1753 4111 vi-

107 4146 220 4194 vere
248 4140 493 4197 Christus
518 4145 620 4209 est,
640 4143 691 4197 et
707 4140 853 4196 mori
883 4140 1097 4196 lucrum
1120 4140 1385 4213 (Philipp.
1412 4158 1450 4207 ι,
1469 4142 1748 4210 21),aliud

110 4219 174 4280 ad
214 4229 632 4286 necessitatem
670 4229 811 4285 vitae
840 4229 1118 4296 referens,
1178 4227 1335 4284 aliud
1402 4229 1476 4285 ad
1542 4231 1750 4287 mortis

108 4308 427 4387 utilitatem.
498 4316 769 4374 Christus
836 4318 992 4374 enim
1087 4317 1255 4373 nobis
1345 4316 1536 4374 vivere
1639 4323 1746 4389 est,

111 4401 196 4477 cui
223 4405 538 4481 servimus,
581 4406 673 4462 cui
716 4410 942 4481 oportet
980 4410 1045 4463 ut
1109 4421 1144 4462 a
1210 4405 1431 4463 sanctis
1498 4406 1623 4464 suis
1688 4408 1749 4463 in

104 4484 387 4566 Evangelii
418 4492 837 4573 pimdicatione
866 4484 1174 4551 deferatur
1218 4495 1589 4567 obsequium.
1642 4496 1749 4553 De-

1846 579 2394 655 degerelNunquid
2423 580 2484 636 hi
2538 579 2872 638 inconsulto
2930 576 3085 640 89!
3141 581 3495 657 imperatore

1848 668 2158 726 discedunt
2184 670 2212 725 ?
2240 667 2311 725 Et
2339 674 2559 743 quanto
2594 669 2851 742 amplius
2881 675 2969 729 est
2997 672 3211 729 divinis
3264 689 3489 746 parere,

1848 777 2026 832 quam
2057 759 2371 817 humanis!
2408 760 2612 817 Vivere
2644 760 2718 833 (5)
2777 776 2912 833 ergo
2968 765 3169 818 sancto
3226 762 3493 820 Christus

1848 854 1937 906 est
1961 853 2017 906 et
2046 850 2193 905 mori
2224 849 2476 906 lucrum.
2512 850 2678 906 Unde
2707 848 3023 923 Apostolus
3049 851 3217 922 quasi
3250 868 3452 908 servus
3476 871 3489 909 :

1849 938 1965 995 non
1996 939 2151 995 enim
2179 939 2393 1012 refugit
2420 938 2547 995 vitae
2578 939 2951 1012 obsequium,
2982 942 3040 995 et
3068 941 3236 1011 quasi
3259 940 3494 1014 sapiens

1847 1027 2078 1083 lucrum
2111 1028 2318 1084 mortis
2347 1027 2741 1101 amplectitur.
2777 1029 3030 1084 Lucrum
3054 1031 3142 1084 est
3171 1029 3328 1085 enim
3359 1044 3493 1087 eva-

1849 1116 1997 1174 sisse
2027 1118 2387 1173 incrementa
2413 1117 2657 1189 peccati,
2691 1117 2921 1173 lucrum
2938 1116 3158 1190 fugisse
3183 1117 3491 1175 deteriora.

1848 1207 1905 1261 et
1935 1206 2004 1260 ad
2037 1204 2277 1261 meliora
2303 1204 2587 1261 transisse
2619 1224 2633 1274 ;
2666 1209 2721 1260 et
2751 1204 2976 1261 addidit
3007 1223 3020 1261 :
3050 1206 3290 1262 Dissolvi
3323 1209 3492 1273 enim,

1848 1298 1901 1350 et
1927 1310 2054 1350 cum
2089 1293 2299 1350 Christo
2330 1309 2440 1350 esse
2466 1293 2640 1349 multo
2666 1294 2865 1350 melius
2899 1310 2911 1348 :
2952 1310 3279 1366 permanere
3313 1302 3497 1350 autem

1848 1386 1911 1439 in
1947 1399 2112 1440 carne
2138 1384 2316 1452 magis
2344 1385 2713 1439 necessarium
2738 1386 2959 1455 propter
2998 1399 3089 1438 vos
3145 1382 3409 1456 (Philipp.
3448 1400 3492 1450 ι,

1848 1475 1941 1541 23,
1961 1474 2076 1545 24).
2106 1472 2279 1528 Aliud
2312 1472 2544 1537 melius,
2577 1471 2735 1528 aliud
2769 1472 3184 1528 necessarium.
3220 1473 3497 1529 Necessa-

1853 1560 2006 1618 rium
2036 1565 2272 1635 propter
2293 1560 2549 1617 fructum
2582 1559 2795 1634 operis,
2825 1560 3036 1617 melius
3065 1566 3304 1634 propter
3358 1578 3491 1635 gra-

1853 1649 1998 1707 tiam
2031 1655 2086 1707 et
2117 1649 2386 1724 copulam
2417 1649 2652 1706 Christi.

1856 1814 1994 1888 Mors
2025 1814 2302 1868 naturalis
2330 1812 2590 1888 deﬁnitur
2614 1827 2680 1867 ac
2701 1810 2988 1888 laudatur.
3005 1812 3153 1888 item
3175 1811 3500 1888 _mortiﬁca-

1930 1882 2026 1951 tio,
2053 1890 2171 1956 quae
2199 1887 2393 1957 mortis
2412 1883 2669 1957 quaedam
2686 1884 2932 1957 imitatio;
2942 1884 3035 1938 est.
3059 1882 3384 1957 explicatur,
3410 1890 3492 1939 at-

1929 1972 2032 2029 que
2060 1952 2094 2012 Et
2118 1952 2435 2029 multiplici
2469 1955 2709 2029 utilitate
2730 1955 3019 2029 _similiter
3072 1952 3500 2029 commendatur.

1929 2025 2011 2155 ἑά
2039 2025 2339 2152 εαςιῖᾳγηιιᾶη
2367 2027 2695 2100 proponitur
2727 2026 2899 2082 brevis
2928 2033 3090 2097 atque
3108 2025 3326 2095 elegans
3374 2027 3502 2083 vitae

1966 2116 2139 2155 escrw
2165 2114 2237 2154 ιο.

1966 2114 2237 2171 escripno.

1928 2186 1981 2243 8.
2016 2188 2164 2261 Ergo
2191 2187 2469 2260 quoniam
2513 2185 2711 2243 docuit
2764 2184 3081 2258 Apostolus
3138 2187 3399 2259 (Philipp.
3460 2202 3502 2259 ι,

1856 2278 1946 2345 23,
1979 2276 2070 2350 24)
2104 2294 2241 2333 eum
2274 2276 2373 2349 qui
2405 2275 2653 2332 evaserit
2682 2291 2750 2331 ex
2779 2275 2888 2332 hoc
2945 2288 3207 2348 corpore,
3273 2275 3321 2331 si
3381 2288 3502 2331 me-

1858 2366 2040 2423 ruerit
2068 2370 2288 2432 tamen,
2318 2381 2451 2421 cum
2484 2363 2710 2420 Christo
2743 2363 3027 2430 futurum,
3049 2361 3189 2436 quid
3213 2364 3291 2419 sit
3320 2379 3501 2430 mors,

1858 2454 1999 2528 quid
2032 2455 2210 2511 etiam
2248 2454 2368 2509 vita
2426 2453 2886 2509 consideremus.
2949 2453 3150 2525 Itaque
3202 2453 3505 2527 Scriptura

1860 2545 2123 2610 docente,
2154 2541 2538 2616 cognovimus
2569 2542 2708 2614 quia
2737 2550 2897 2598 mors
2928 2539 3217 2598 absolutio
3247 2545 3337 2597 est
3385 2540 3508 2597 ani-

1859 2646 1966 2689 ma)
1996 2636 2053 2689 et
2119 2630 2396 2704 corporis,
2456 2634 2514 2686 et
2579 2631 2845 2703 quaadam
2896 2630 3153 2687 hominis
3194 2630 3501 2703 separatio.

1858 2721 2151 2779 Solvimur
2182 2721 2341 2778 enim
2373 2720 2481 2777 hoc
2512 2734 2663 2776 nexu
2690 2720 2897 2776 animae
2922 2723 2980 2776 et
3033 2719 3315 2792 corporis,
3367 2735 3503 2776 cum

1858 2810 2207 2868 recedimus.
2240 2809 2403 2866 Unde
2446 2812 2502 2865 et
2540 2808 2719 2866 David
2776 2808 2895 2864 ait:
2955 2808 3227 2879 Dirupisti
3286 2806 3509 2863 vincula

1856 2899 2479 2970 mea:tibisacriﬂcabo
2499 2898 2731 2956 hostiam
2769 2894 2949 2953 laudis
2991 2896 3162 2968 (Psal.
3225 2912 3353 2963 cxv,
3413 2894 3502 2952 l6.

1864 2990 1975 3062 i7).
2001 2987 2253 3045 Vincula
2284 2990 2480 3043 autem
2509 2988 2636 3043 vitm
2665 2985 2866 3058 hujus,
2900 2984 2958 3041 id
2991 2987 3097 3051 est,
3139 2981 3521 3055 om.
3556 3020 3572 3035 ε.

1859 3079 1953 3135 nis
1983 3081 2194 3135 nostris
2225 3094 2352 3149 quae
2382 3093 2450 3132 ex
2481 3075 2677 3132 anima
2707 3077 2936 3131 constat
2954 3077 3012 3130 et
3040 3089 3300 3146 corpore,
3325 3071 3502 3143 signi-

1820 3167 2025 3238 ;ﬁcari
2048 3167 2215 3223 docet
2279 3164 2547 3238 superior
2607 3162 2933 3220 versiculus
2993 3160 3207 3235 psalmi
3274 3158 3500 3233 hujus:

1869 3258 2117 3313 Pretiosa
2149 3257 2209 3311 in.
2237 3256 2521 3328 conspectu
2550 3253 2772 3310 Domini
2831 3268 2978 3307 mors
3020 3252 3335 3307 sanctorum
3388 3249 3505 3321 ejus

1865 3343 2022 3416 (Ibid.
2057 3346 2168 3417 15).
2198 3344 2269 3400 Et
2311 3344 2440 3400 ideo
2473 3341 2643 3414 quasi
2708 3341 2997 3413 Propheta
3063 3337 3385 3412 praevidens
3440 3354 3505 3395 se

1862 3450 1996 3499 cum
2023 3432 2262 3501 sanctis,
2294 3434 2352 3488 et
2375 3429 2477 3504 qui
2507 3447 2610 3503 pro
2641 3429 2943 3487 devotione
2990 3428 3221 3484 animas
3273 3432 3412 3483 sua’s
3443 3426 3502 3483 in

1857 3520 2085 3579 Christo
2116 3521 2533 3594 deposuerunt,
2588 3514 2876 3584 futurum,
2913 3517 3185 3585 laetatur;
3245 3514 3389 3589 quia
3443 3517 3501 3572 et

1861 3608 1987 3686 ipse
2012 3596 2224 3666 obtulit
2253 3624 2314 3666 se
2348 3607 2598 3664 ﬁdeliter
2626 3624 2730 3680 pro
2790 3606 2888 3662 Dei
2950 3606 3168 3679 populo
3228 3604 3506 3661 adversus

1861 3696 2112 3764 Goliam,
2144 3702 2279 3754 cum
2346 3695 2631 3770 singulari
2671 3696 2990 3752 certamine
3054 3694 3379 3762 dimicaret,
3448 3698 3507 3751 et

1861 3789 2022 3846 solus
2044 3802 2355 3843 commune
2377 3784 2705 3858 periculum
2728 3788 2785 3840 et
2816 3784 3035 3841 crimen
3065 3784 3141 3856 (6)
3197 3781 3503 3851 refelleret,

1859 3876 1946 3935 vel
1979 3893 2112 3932 cum
2148 3892 2210 3931 se
2236 3875 2410 3931 morti
2441 3892 2544 3948 pro
2576 3874 2808 3931 Domini
2857 3870 3141 3946 placanda
3186 3870 3506 3928 olfensione

1861 3969 2167 4040 promptus
2197 3963 2496 4033 objiceret,
2516 3962 2606 4019 vel
2627 3978 2761 4018 cum
2803 3976 2865 4017 se
2914 3977 3016 4034 pro
3068 3959 3258 4015 salute
3306 3957 3505 4030 populi

1862 4053 2183 4111 laborantis
2213 4052 2421 4107 divinae
2452 4051 2665 4107 ultioni
2696 4054 2934 4123 paratus
2967 4050 3218 4106 oll'erret.
3276 4046 3508 4102 Sciebat

1866 4144 2021 4200 enim
2050 4140 2365 4216 gloriosius
2396 4156 2499 4213 pro
2528 4138 2760 4196 Christo
2792 4136 3153 4209 mori,quam
3187 4135 3505 4207 regnarein

1857 4222 1967 4287 hoc
1988 4228 2376 4293 saeculo.Quid
2399 4227 2556 4283 enim
2581 4224 2953 4300 praestantius
2988 4240 3163 4297 quam
3186 4222 3310 4279 fieri
3332 4221 3503 4279 Chri-

1857 4320 1906 4376 ti
1931 4319 2187 4375 hostiam
2215 4318 2244 4372 ‘?
2273 4317 2472 4388 Itaque
2504 4331 2639 4372 cum
2668 4315 3003 4387 frequenter
3031 4314 3103 4369 ab
3136 4329 3202 4369 eo
3234 4311 3502 4385 legamus

1856 4408 2100 4466 Domino
2127 4406 2322 4463 oblata
2350 4422 2478 4462 esse
2509 4403 2821 4481 sacriﬁcia,
2848 4403 2958 4460 hoc
2999 4407 3191 4459 tamen
3223 4401 3346 4457 loco
3399 4401 3501 4457 ad-

1861 4496 2049 4553 didit:
2086 4496 2204 4551 Tibi
2229 4495 2547 4566 sacriﬁcabo
2604 4476 2837 4550 hostiam
2912 4491 3095 4548 laudis
3159 4489 3315 4561 (Ibid.
3388 4490 3497 4561 ιτ).

106 4576 272 4661 sique
311 4585 369 4638 et
425 4572 666 4639 Simeon
716 4583 817 4656 qui
867 4583 995 4640 ait:
1049 4583 1208 4640 Nunc
1253 4582 1490 4640 dimittis
1534 4600 1751 4641 servum
1781 4596 1827 4662 D
1857 4586 1984 4643 Non
2025 4583 2312 4651 sacriﬁco,
2373 4583 2585 4656 inquit,
2657 4582 2759 4638 sed
2835 4581 3196 4648 sacrificabo,
3273 4578 3502 4652 signifi-

98 4662 245 4745 tuu'm
274 4671 429 4741 (Luc.
461 4688 527 4741 II,
556 4670 671 4741 29).
703 4676 941 4747 propter
985 4671 1285 4730 Christum
1342 4674 1733 4748 exspectabat.

98 4753 357 4843 Christus
387 4758 551 4843 enim
584 4758 683 4817 rex‘
712 4764 913 4819 noster
949 4758 1078 4830 e‘st;
1137 4764 1197 4817 et
1250 4760 1379 4837 ideo
1438 4763 1591 4836 quod
1648 4780 1747 4820 rex

88 4842 266 4935 jubet,
281 4840 561 4906 deserere
581 4866 697 4907 non
729 4860 1047 4924 possumus
1072 4852 1129 4906 et
1150 4850 1744 4915 contemnere.Quan-

97 4925 179 4988 tos
207 4924 534 5009 imperator
562 4943 728 4995 terrae
760 4938 939 5013 hujus
969 4938 1029 4994 in
1061 4938 1384 5012 peregrinis
1440 4939 1586 4996 locis
1643 4945 1745 4998 aut

62 5027 76 5033 ’
100 5014 232 5136 _;
263 5028 436 5136 Rom.
470 5051 745 5136 edituhic
769 5056 831 5136 et
859 5053 1033 5127 infra,
1062 5053 1239 5125 Nunc,
1254 5032 1503 5125 Domine,
1534 5053 1747 5136 dimitte

94 5118 321 5211 δέῗζζιζίφξι
345 5125 457 5209 θεὶς.
483 5118 653 5207 Quod
683 5118 920 5197 quidem
954 5118 1090 5201 cum
1121 5118 1298 5189 sensu
1334 5143 1404 5199 ac
1433 5118 1742 5199 verborum

101 5198 243 5245 serre
272 5186 420 5248 satis
451 5184 739 5252 cobet-et:
761 5199 1016 5253 attamen
1048 5206 1253 5253 omnes
1284 5200 1342 5252 et
1373 5202 1584 5254 mss.et
1605 5198 1742 5255 edit.

94 5262 197 5313 vet.
226 5276 260 5315 a
285 5262 550 5340 V_ulgata
580 5282 695 5323 non
726 5268 1107 5338 dissentiunt,
1139 5269 1254 5325 nisi
1286 5269 1437 5340 quod
1464 5269 1746 5325 omittunt

96 5341 288 5387 vocem
321 5334 575 5392 Domine.
1091 5334 1115 5396 ζ-
1303 5334 1319 5397 Ϊ
1586 5392 1589 5399 _

154 5401 481 5493 tamam
508 5407 691 5493 βραξς-
712 5409 851 5467 οάίι-
883 5412 1126 5493 corpus:
1155 5409 1317 5493 Istius
1339 5411 1741 5493 gestationi-

287 5480 808 5561 vox,:cog_itationes
836 5468 1024 5555 neque
1052 5482 1114 5539 in
1131 5468 1276 5561 aliis
1305 5468 1452 5561 edit:
1474 5484 1580 5561 aut
1609 5481 1745 5561 ullis

100 5552 330 5626 omnino
360 5564 513 5606 mss.
536 5552 857 5626 invenitur,
882 5552 1071 5626 neque
1092 5553 1324 5609 videtur
1348 5557 1406 5609 et
1420 5554 1743 5610 admodum

95 5616 283 5672 sensui
313 5621 677 5679 necessaria.

154 5685 228 5759 (5)
259 5688 400 5748 Mss.
434 5691 690 5766 aliquot,
714 5695 918 5753 divinis
960 5694 1229 5771 placere;
1253 5710 1420 5767 quam
1471 5694 1532 5751 in
1578 5696 1744 5751 terris

1853 4692 1993 4732 cans
2034 4673 2179 4730 illud
2246 4673 2568 4746 perfectum
2644 4687 2792 4740 esse,
2868 4671 3103 4743 quando
3179 4668 3502 4741 unusquis-

1852 4776 1965 4837 que
2006 4760 2271 4829 Domino,
2313 4760 2572 4834 corporis
2637 4757 2887 4815 vinculis
2964 4754 3272 4816 absolutus
3350 4755 3499 4813 assi-

1852 4852 2050 4917 steret,
2110 4855 2167 4907 et
2233 4848 2466 4906 offerret
2505 4864 2567 4905 se
2606 4848 2860 4905 hostiam
2900 4847 3094 4905 laudis
3136 4865 3150 4916 ;
3193 4846 3334 4919 quia
3370 4849 3505 4900 ante

1851 4945 2100 4997 mortem
2176 4938 2341 4995 nulla
2413 4941 2501 4994 est
2574 4939 2830 5011 perfecta
2902 4935 3161 4993 laudatio
3218 4951 3231 4989 :
3310 4948 3501 5004 neque

1850 5059 2054 5129 vivere,
2086 5057 2224 5129 Ergo
2254 5063 2441 5129 sancto
2472 5055 2735 5129 Christus.
2747 5058 2825 5129 est
2840 5055 3037 5129 vivere.
3061 5054 3171 5107 etc.
3205 5048 3321 5104 Alii
3352 5063 3498 5103 mss.

1850 5133 1908 5185 et
1935 5122 2075 5184 edit.
2107 5122 2217 5182 vet.
2249 5129 2314 5181 ut
2340 5126 2401 5182 in
2434 5129 2593 5182 textu
2619 5143 2633 5189 ;
2677 5122 2775 5181 ubi
2806 5125 2946 5181 edit.
2994 5123 3176 5195 Rom.
3198 5138 3326 5195 pro,
3374 5135 3502 5195 san-

1850 5203 1932 5256 cto
1962 5199 2209 5255 Christus
2232 5201 2330 5262 est,
2373 5196 2699 5263 substituit,
2758 5212 2911 5253 servo
2966 5196 3065 5251 Dei
3117 5192 3363 5263 Christus
3391 5194 3492 5247 est.

1855 5273 2074 5327 lterum
2104 5284 2292 5337 voces,
2329 5268 2477 5339 Unde
2504 5262 2811 5339 Apostolus,
2838 5267 2899 5323 in
2949 5266 3177 5322 cunctis
3234 5262 3375 5339 edit.
3436 5278 3503 5318 ac

1855 5358 2000 5408 mss,
2032 5333 2384 5410 noupaucis
2404 5333 2639 5404 desunt,
2672 5354 2822 5410 quas
2854 5355 2998 5395 mss.
3034 5334 3304 5401 nonnulli
3335 5333 3500 5390 bona)

1854 5417 2004 5470 notaa
2036 5409 2371 5467 restituunt.

1890 5542 1893 5545 .
1925 5486 2000 5552 (6)
2035 5484 2271 5548 Crimen,
2305 5481 2364 5537 id
2396 5482 2485 5536 est
2509 5478 3000 5547 criminationem,
3024 5479 3318 5552 nimirum
3370 5492 3499 5552 ma-

1854 5546 2070 5613 ledicta
2099 5568 2165 5610 ac
2197 5546 2409 5625 probri
2433 5551 2499 5625 _i_n
2538 5567 2791 5625 lomnem
2848 5546 3168 5609 exerCitum
3228 5546 3505 5604 Israeliti-

1853 5638 1989 5684 cum
2015 5643 2050 5684 a
2080 5620 2317 5701 gigante
2346 5620 2573 5682 Goliath
2597 5626 2894 5694 congesta.
