3850 6214
359 304 468 370 8η

1795 305 1859 370 ς.
1911 305 2280 373 AMBROSII

3636 311 3734 377 572

359 443 673 515 quisquam
734 442 794 500 in
848 441 956 500 hac
1011 443 1131 500 vita
1185 445 1376 518 potest
1429 440 1666 500 deﬁnito
1710 442 1996 516 praeconio
2030 442 2232 511 ΑΠΙἱο
2261 443 2420 502 enim
2461 447 2584 503 erat
2622 441 2752 518 ejus
2779 441 3107 515 meditatio,
3165 443 3283 503 illic
3346 444 3559 504 anime
3625 449 3735 521 ejus

359 532 680 606 praedicari,
710 551 841 590 cum
875 535 1193 608 posteriora
1223 535 1348 606 ejus
1381 534 1600 590 incerta
1640 532 1778 589 sint.
1842 532 1997 589 Mors

358 620 539 692 igitur
570 623 786 679 solutio
817 630 904 680 est
935 624 1140 680 animas
1173 627 1228 680 et
1254 624 1536 696 corporis.
1565 621 1826 693 Denique
1855 625 1912 676 et
1941 621 2000 677 in

357 711 633 782 Apostolo
665 713 972 768 docuimus
1006 713 1218 768 lectum
1254 729 1266 767 :
1305 713 1560 778 Dissolvi,
1585 719 1636 766 et
1679 727 1804 765 cum
1826 709 2002 766 Chris-

358 807 410 854 to
439 816 550 856 esse
580 802 749 855 multo
796 803 992 856 melius
1026 801 1254 873 (Philip.
1283 819 1321 869 ι,
1353 802 1465 872 25).
1526 799 1743 855 Solutio
1803 802 1998 854 autem

354 887 464 942 ista
495 889 632 960 quid
665 889 803 963 agit,
838 889 950 944 nisi
984 894 1047 945 ut
1079 907 1289 962 corpus
1341 889 1666 945 resolvatur
1695 892 1751 943 et
1807 888 1999 960 quies-

352 980 462 1043 cat,
496 977 691 1034 anima
723 983 920 1034 autem
953 982 1321 1033 convertatur
1353 979 1406 1033 in
1440 978 1698 1051 requiem
1733 993 1920 1043 suam,
1945 980 2002 1031 et

353 1065 431 1120 sit
460 1065 666 1131 libera,
700 1085 826 1138 qua:
859 1069 906 1123 si
943 1068 1038 1138 pia
1068 1073 1174 1136 est,
1211 1085 1342 1123 cum
1377 1068 1607 1124 Christo
1640 1068 1838 1122 futura
1869 1069 1945 1124 sit
1973 1069 2000 1122 ?

423 1156 579 1211 393
625 1157 680 1211 9.
743 1157 890 1220 Quid
951 1157 1134 1229 igitur
1183 1157 1239 1211 in
1300 1157 1409 1212 hac
1465 1157 1580 1212 vita
1641 1156 1800 1213 aliud
1849 1157 1996 1230 justi

355 1249 558 1316 agunt,
591 1244 702 1300 nisi
737 1251 800 1300 ut
826 1251 1040 1301 exuant
1071 1263 1132 1302 se
1164 1247 1342 1316 hujus
1377 1247 1636 1318 corporis
1695 1247 1997 1320 contagio-

354 1332 528 1388 nibus
557 1336 655 1401 (7),
689 1350 816 1406 quze
847 1333 1004 1389 velut
1033 1334 1261 1389 vincula
1294 1351 1398 1390 nos
1428 1334 1631 1407 ligant,
1691 1339 1747 1390 et
1805 1351 1865 1390 se
1923 1335 1995 1390 ab

351 1419 444 1476 his
467 1421 747 1477 molestiis
779 1439 1048 1495 separare
1099 1423 1470 1489 contendant,
1520 1423 1853 1478 renuntient
1898 1440 1995 1476 vn-

350 1508 683 1583 luptatibus
716 1512 842 1567 suis
874 1516 1049 1583 atque
1113 1511 1377 1581 luxuriae,
1442 1511 1669 1584 fugiant
1726 1511 1995 1568 ﬂammas

349 1597 660 1656 libidinum
682 1600 710 1655 ?
739 1601 940 1656 Nonne
969 1600 1150 1673 igitur
1189 1599 1598 1672 unusquisque
1623 1601 1681 1655 in
1713 1600 1822 1656 hac
1877 1601 1997 1656 vita

349 1689 575 1760 positUs
604 1689 858 1760 speciem
888 1690 1091 1744 mortis
1120 1689 1404 1759 imitatur,
1448 1689 1545 1761 qui
1575 1694 1766 1762 potest
1821 1690 1902 1745 ita
1932 1707 1994 1745 se

348 1793 537 1850 agere,
572 1782 637 1832 ut
666 1779 717 1833 ei
749 1779 1076 1835 moriantur
1105 1794 1310 1835 omnes
1341 1779 1600 1850 corporis
1651 1778 1992 1835 delectatio-

347 1883 472 1935 nes,
506 1871 562 1922 et
593 1866 1012 1938 cupiditatibus
1039 1867 1333 1937 omnibus,
1357 1869 1680 1940 mundique
1705 1867 1992 1924 illecebris

345 1955 521 2011 etiam
554 1955 678 2027 ipse
711 1957 1017 2023 moriatur,
1053 1957 1225 2012 sicuti
1283 1961 1553 2013 mortuus
1597 1962 1721 2013 erat
1773 1957 1991 2014 Paulus

345 2044 547 2099 dicens
579 2061 591 2099 :
623 2047 765 2100 mihi
795 2047 1028 2101 mundus
1057 2048 1359 2117 cruciﬁxus
1411 2055 1490 2102 est
1530 2052 1583 2104 et
1638 2064 1734 2116 ego
1787 2047 1990 2102 mundo

344 2133 542 2205 (Galat.
574 2153 653 2202 v1,
697 2137 783 2206 14)
817 2137 842 2190 'l
873 2136 1133 2207 Denique
1159 2139 1225 2190 ut
1255 2136 1514 2191 sciamus
1546 2137 1684 2208 quia
1710 2141 1799 2192 est
1829 2153 1989 2191 mors

342 2220 403 2276 in
435 2223 544 2279 hac
573 2224 710 2288 vita,
740 2229 796 2279 et
843 2225 996 2279 bona
1023 2241 1202 2292 mors,
1233 2224 1501 2279 hortatur
1525 2241 1631 2280 nos
1654 2225 1727 2297 (ΙΙ
1755 2223 1874 2279 Cor.
1908 2240 1985 2290 IV,

283 2346 286 2350 ί
342 2311 432 2382 40)
457 2319 521 2366 ut
547 2316 790 2368 mortem
820 2317 959 2368 Jesu
990 2313 1047 2366 in
1079 2329 1319 2386 corpore
1367 2317 1564 2368 nostro
1623 2313 1990 2368 circumfera-

344 2416 499 2455 mus.
533 2400 641 2465 Qui
664 2401 818 2457 enim
841 2401 899 2456 in
950 2418 1012 2457 se
1050 2406 1297 2457 mortem
1345 2401 1510 2468 Jesu,
1541 2402 1590 2457 is
1611 2407 1668 2458 et
1685 2402 1860 2458 vitam
1882 2403 1988 2458 Do-

344 2489 486 2544 mini
517 2490 657 2545 Jesu
690 2491 748 2546 in
780 2507 1015 2562 corpore
1045 2508 1150 2547 suo
1182 2490 1439 2547 habebit.
1474 2493 1755 2563 Operetur
1810 2491 1988 2564 igitur

341 2595 500 2634 mors
525 2579 583 2634 in
614 2579 876 2649 nobis,ut
905 2586 1172 2651 operetur
1197 2584 1253 2636 et
1282 2581 1399 2635 vita
1421 2581 1563 2649 (Vid.
1599 2582 1656 2637 S.
1689 2583 1836 2652 Aug.
1881 2580 1983 2636 lib.

341 2684 398 2722 xv
419 2667 616 2724 Contra
647 2668 783 2724 duas
813 2669 968 2740 epist.
1007 2670 1216 2740 Pelag.,
1250 2686 1298 2724 c.
1335 2669 1445 2740 11).
1493 2669 1651 2724 Bona
1682 2669 1800 2723 vita
1855 2671 1989 2739 post

343 2761 614 2824 mortem,
647 2757 756 2813 hoc
789 2761 897 2822 est,
932 2758 1086 2814 bona
1110 2758 1229 2814 vita
1260 2762 1395 2830 post
1448 2757 1776 2826 victoriam,
1835 2757 1989 2812 bona

336 2845 456 2901 vita
483 2846 750 2902 absoluto
781 2846 1117 2913 certamine,
1181 2851 1246 2902 ut
1267 2848 1394 2917 jam
1455 2847 1546 2902 lex
1617 2847 1811 2902 carnis
1875 2845 1988 2918 legi

339 2935 554 2990 mentis
588 2952 912 3008 repugnare
943 2953 1059 2991 non
1090 2935 1332 3001 noverit,
1366 2940 1430 2991 ut
1451 2937 1577 3006 jam
1611 2935 1784 2991 nobis
1828 2934 1992 2991 nulla

341 3021 412 3076 sit
446 3037 579 3079 cum
612 3039 849 3095 corpore
880 3024 1087 3079 mortis
1118 3023 1435 3088 contentio,
1468 3024 1565 3078 sed
1599 3023 1676 3078 sit
1705 3023 1762 3078 in
1787 3039 1988 3094 corpo-

2109 534 2491 600 conversatio,
2527 522 2646 592 illic
2678 535 3012 609 prudentia,
3042 551 3170 608 quas
3202 535 3404 608 utique
3446 535 3602 591 intra
3649 553 3736 592 an-

2110 623 2336 695 gustias
2367 624 2558 681 carnis
2589 624 2766 696 hujus
2795 624 3014 681 haerere
3048 642 3164 681 non
3218 625 3461 681 solebat.
3513 626 3734 698 Sapiens

2110 711 2266 768 enim
2297 729 2431 768 cum
2461 712 2605 768 illud
2639 713 2900 770 divinum
2932 713 3194 786 inquirit,
3227 713 3480 771 absolvit
3499 714 3733 770 animam

2110 818 2277 857 suam
2310 819 2548 874 corpore
2578 807 2635 859 et
2667 803 2795 874 ejus
2824 802 3057 876 ablegat
3095 803 3567 873 contubernium,
3619 821 3732 860 cum

2109 889 2267 946 illam
2295 890 2412 946 veri
2443 895 2651 948 tractat
2707 891 3036 958 scientiam,
3070 909 3248 963 quam
3313 891 3473 948 velut
3538 892 3731 948 nudam

2108 979 2220 1035 sibi
2262 983 2318 1035 et
2354 985 2617 1052 apertam
2667 981 2960 1036 desiderat
3033 980 3448 1050 demonstrari,
3492 983 3550 1035 et
3619 979 3729 1034 ideo

2106 1067 2329 1124 retibus
2360 1069 2738 1142 quibusdam,
2771 1073 2830 1125 et
2872 1068 3105 1125 nebulis
3172 1069 3350 1139 hujus
3388 1069 3644 1140 corporis
3679 1085 3730 1124 se

2107 1158 2314 1229 quaerit
2370 1174 2597 1214 exuere.
2636 1157 2835 1231 Neque
2891 1158 3046 1214 enim
3123 1158 3399 1214 manibus
3440 1157 3572 1216 istis
3645 1163 3731 1212 aut

2106 1246 2292 1303 oculis
2318 1251 2493 1320 atque
2523 1246 2766 1303 auribus
2815 1245 3308 1319 comprehendere
3358 1245 3521 1302 illam
3555 1263 3728 1317 super-

2106 1352 2242 1391 nam
2275 1353 2591 1408 possumus
2611 1336 2935 1404 veritatem,
2965 1335 3244 1408 quoniam
3291 1351 3420 1409 quae
3483 1335 3731 1391 videntur

2103 1423 2446 1496 temporalia
2478 1428 2617 1480 sunt
2649 1443 2662 1493 ;
2692 1441 2818 1497 quas
2842 1429 3035 1480 autem
3059 1440 3174 1480 non
3207 1423 3502 1494 videntur,
3521 1428 3728 1479 eterna.

2105 1511 2364 1586 Denique
2395 1528 2546 1586 saepe
2594 1513 2857 1570 fallimur
2891 1514 3042 1583 visu,
3071 1518 3128 1570 et
3177 1512 3348 1569 aliter
3377 1529 3555 1584 quam
3587 1517 3728 1578 sunt,

2104 1599 2378 1674 pleraque
2405 1602 2693 1658 videmus.
2730 1601 3014 1658 Fallimur
3041 1601 3217 1657 etiam
3260 1601 3468 1656 auditu
3501 1605 3593 1668 ;et
3619 1601 3728 1656 ideo

2104 1689 2572 1762 contemplemur
2637 1707 2752 1746 non
2800 1689 2901 1747 illa
2941 1707 3065 1762 quae
3095 1689 3389 1756 videntur,
3460 1691 3560 1746 sed
3615 1706 3728 1762 quae

2102 1794 2216 1834 non
2247 1778 2536 1847 videntur,
2569 1778 2617 1835 si
2650 1777 2909 1834 nolimus
2932 1778 3075 1834 falli.
3105 1779 3279 1835 894.
3342 1779 3587 1845 Quando
3633 1778 3726 1850 igi-

2099 1871 2196 1923 tur
2217 1869 2413 1924 anima
2448 1873 2650 1924 nostra
2679 1885 2796 1924 non
2829 1867 3071 1938 fallitur,
3110 1868 3344 1939 quando
3386 1866 3598 1924 solium
3649 1883 3726 1922 ve-

2101 1955 2290 2013 ritatis
2321 1956 2555 2029 attingit
2584 1957 2702 2012 nisi
2733 1957 2967 2030 quando
2989 1971 3051 2011 se
3081 1955 3154 2011 ab
3189 1955 3301 2012 isto
3335 1957 3584 2012 secernit
3627 1972 3727 2011 cor-

2099 2062 2256 2118 pore,
2287 2063 2474 2118 neque
2505 2047 2577 2102 ab
2608 2045 2736 2118 ipso
2766 2044 3055 2118 decipitur
3118 2048 3175 2099 et
3231 2044 3508 2101 illuditur
3531 2044 3558 2099 ?
3611 2043 3726 2100 Illu-

2097 2135 2256 2190 ditur
2286 2135 2442 2190 enim
2501 2135 2628 2190 visu
2697 2133 3022 2197 oculorum,
3057 2132 3343 2189 illuditur
3381 2132 3583 2190 auditu
3640 2149 3726 2187 au-

2098 2223 2289 2279 rium:
2332 2229 2388 2279 et
2426 2223 2556 2279 ideo
2598 2222 2893 2294 relinquat
2931 2221 3078 2278 illud
3154 2227 3212 2278 et
3287 2223 3541 2278 deserat.
3587 2221 3724 2276 Unde

2095 2310 2409 2384 Apostolus
2435 2310 2684 2368 clamat:
2719 2312 2795 2368 Ne
2821 2312 3134 2380 tetigeritis,
3167 2326 3237 2365 ne
3264 2311 3719 2374 attaminaveritis,

2095 2418 2164 2457 ne
2190 2403 2540 2471 gustaveritis
2558 2403 2746 2458 omnia
2773 2415 2902 2473 quae
2926 2399 3125 2456 suntad
3135 2400 3505 2472 corruptelam
3529 2399 3721 2470 (Coloss.

2095 2506 2158 2556 ιι,
2190 2491 2301 2562 21).
2338 2491 2401 2546 In
2428 2488 2757 2562 corruptela
2787 2489 2945 2545 enim
2977 2493 3136 2556 sunt,
3187 2505 3314 2561 qua
3348 2493 3494 2544 sunt
3534 2488 3589 2544 in
3619 2503 3721 2542 cor-

2097 2579 2256 2652 poris
2281 2578 2666 2652 indulgentia.
2701 2577 2769 2634 Et
2799 2577 2928 2633 ideo
2959 2577 3274 2633 ostendens
3315 2593 3438 2632 non
3471 2594 3568 2648 per
3617 2591 3719 2630 cor-

2097 2668 2257 2741 poris
2288 2666 2737 2740 indulgentiam,
2771 2667 2873 2722 sed
2905 2682 3007 2738 per
3065 2665 3272 2720 animae
3340 2665 3716 2722 elevationem.

2096 2762 2153 2813 et
2181 2757 2374 2813 cordis
2407 2755 2804 2812 humilitatem
2857 2770 2918 2811 se
2977 2753 3270 2810 invenisse
3325 2756 3487 2826 quod
3535 2768 3712 2809 verum

2098 2851 2205 2913 est,
2242 2845 2469 2901 addidit
2502 2862 2514 2901 :
2545 2845 2739 2901 Nostra
2767 2847 2949 2901 autem
2977 2846 3315 2900 conversatio
3363 2847 3426 2900 in
3455 2844 3600 2899 caelis
3638 2849 3719 2896 est.

2099 2934 2182 2991 Ibi
2215 2934 2394 3007 igitur
2425 2935 2647 3006 quierat
2675 2933 2833 3006 quod
2864 2948 3068 2987 verum
3099 2936 3209 2999 est,
3245 2933 3408 3003 quod
3439 2936 3526 2988 est
3549 2936 3602 2986 et
3619 2945 3721 2985 ma-

2099 3027 2216 3091 net,
2246 3039 2426 3094 seque
2453 3021 2513 3077 in
2554 3037 2616 3078 se
2645 3019 2901 3094 colligat,
2933 3026 3245 3093 congregat
3291 3023 3531 3077 omnem
3563 3017 3720 3076 aciem

339 3127 400 3168 re
431 3112 634 3167 mortis
662 3110 1114 3182 victoria.Atque
1141 3111 1295 3167 haud
1329 3112 1447 3169 scio
1486 3113 1611 3185 ipse
1641 3129 1713 3167 an
1749 3111 1991 3182 majoris
2028 3175 2061 3185 Α
2099 3109 2333 3166 virtutis
2363 3127 2481 3167 suae
2517 3129 2528 3166 :
2563 3125 2753 3181 neque
2783 3108 2914 3166 aliis
2946 3109 3277 3164 committat
3305 3113 3365 3164 et
3391 3109 3605 3172 credat.
3632 3105 3715 3162 sed

338 3199 572 3256 virtutis
605 3217 762 3256 mors
795 3201 908 3256 ista
940 3175 1116 3274 quam
1146 3202 1264 3256 vita
1294 3175 1557 3257 sit.Certe
1586 3175 1987 3273 Apostolivmo—
2020 3175 2062 3241 C
2101 3215 2163 3254 se
2193 3199 2389 3270 ipsum
2421 3175 2734 3272 cognoscat
2762 3202 2818 3254 et
2847 3196 3134 3270 intelligat
3166 3215 3179 3264 ;
3210 3201 3267 3253 et
3299 3199 3460 3269 quod
3495 3196 3600 3252 sibi
3646 3195 3719 3249 vi-

337 3306 474 3345 veor
502 3291 846 3346 auctoritate
875 3289 1120 3346 dicentis
1147 3306 1158 3343 :
1193 3292 1333 3361 Ergo
1363 3286 1509 3346 mors
1540 3293 1600 3345 in
1620 3291 1774 3346 nobis
1802 3307 1986 3361 opera-

343 3383 456 3445 tur,
489 3379 601 3434 vita
651 3383 835 3435 autem
881 3381 942 3433 in
997 3379 1146 3435 vobis
1195 3380 1264 3451 (ΙΙ
1314 3379 1432 3436 Cor.
1494 3397 1569 3446 IV,
1631 3381 1740 3450 12).
1802 3379 1987 3435 Unius

343 3483 499 3522 mors
557 3472 914 3538 quantorum
973 3466 1324 3540 populorum
1385 3468 1557 3524 vitam
1609 3467 1980 3524 aedificabat!

343 3555 543 3627 Itaque
566 3555 733 3610 docet
775 3559 832 3610 et
857 3555 1029 3610 istam
1089 3560 1340 3612 mortem
1371 3556 1431 3612 in
1464 3556 1572 3612 hac
1603 3556 1720 3612 vita
1775 3555 1984 3629 positis

342 3643 749 3716 expetendam,
790 3647 856 3698 ut
911 3660 1070 3700 mors
1127 3644 1343 3701 Christi
1411 3644 1470 3700 in
1515 3661 1753 3716 corpore
1784 3648 1983 3701 nostro

342 3731 584 3799 eluceat,
616 3735 672 3788 et
701 3731 866 3788 illam
897 3731 1128 3787 beatam
1159 3749 1275 3804 qua
1297 3733 1692 3805 corrumpitur
1715 3733 1982 3802 exterior,

343 3826 408 3876 ut
439 3824 746 3878 renovetur
774 3820 1038 3890 interior,
1077 3821 1252 3877 homo
1312 3826 1530 3893 noster,
1587 3826 1644 3877 et
1691 3823 1984 3880 terrestris

343 3912 554 3966 domus
584 3915 782 3966 nostra
825 3909 1178 3966 dissolvatur
1237 3914 1300 3965 ut
1353 3909 1752 3966 habitaculum
1815 3912 1983 3970 nobis

343 3999 573 4056 caeleste
595 4003 904 4055 reseratur.
942 3999 1214 4054 Imitatur
1265 3999 1445 4072 igitur
1474 4003 1719 4055 mortem
1767 4002 1866 4072 qui
1921 4018 1984 4058 se

342 4106 375 4144 a
405 4089 817 4144 communione
848 4088 1036 4142 carnis
1093 4087 1273 4158 hujus
1313 4087 1569 4158 abducit,
1637 4092 1810 4160 atque
1866 4088 1984 4147 illis

340 4177 588 4233 vinculis
619 4177 809 4248 solvit,
844 4178 914 4232 de
953 4177 1169 4249 quibus
1199 4177 1298 4231 tibi
1349 4176 1491 4232 dicit
1541 4177 1825 4234 Dominus
1883 4196 1986 4250 per

346 4266 553 4324 Isaiam
584 4283 597 4320 :
633 4266 786 4322 Solve
816 4282 1029 4322 omnem
1063 4266 1468 4334 colligationem
1516 4267 1830 4338 injustitiaz,
1873 4268 1984 4324 dis-

343 4356 487 4410 solve
515 4355 873 4425 obligationes
918 4355 1283 4411 violentarum
1340 4357 1850 4424 commutationum,
1907 4356 1989 4412 di-

344 4445 506 4497 mitte
534 4446 833 4512 confractos
866 4445 925 4497 in
955 4444 1331 4499 remissionem
1373 4450 1423 4498 et
1478 4459 1693 4498 onmem
1747 4445 1984 4500 circum-

345 4532 698 4601 scriptionem
727 4533 976 4602 iniquam
995 4530 1249 4603 dirumpe
1280 4533 1385 4602 (lsa
1417 4548 1570 4600 Lvm,
1602 4531 1677 4601 6).

420 4621 504 4674 10.
539 4618 806 4674 Imitatur
835 4623 892 4674 et
924 4618 1020 4673 ille
1063 4624 1308 4674 mortem
1350 4619 1450 4690 qui
1481 4636 1542 4675 se
1594 4618 1992 4692 voluptatibus

351 4708 534 4778 exuit,
568 4710 624 4762 et
652 4707 884 4763 aeternis
913 4706 1399 4763 delectationibus
1430 4709 1507 4778 (8)
1539 4707 1770 4776 attollit,
1819 4715 1994 4781 atque

347 4797 593 4864 ablevat,
626 4801 683 4852 et
727 4795 781 4850 in
817 4795 915 4851 illo
965 4793 1178 4851 caelesti
1232 4794 1560 4851 habitaculo
1583 4795 1752 4868 locat,
1788 4798 1844 4853 in
1877 4815 1992 4870 quo

347 4886 562 4942 Paulus
593 4902 724 4940 cum
753 4884 944 4941 adhuc
989 4883 1224 4954 viveret,
1277 4885 1732 4941 conversabatur
1765 4905 1779 4954 ;
1849 4887 1994 4945 alter

345 4976 501 5031 enim
527 4993 639 5031 non
674 4975 894 5031 diceret
923 4993 934 5029 :
963 4975 1159 5031 Nostra
1189 4977 1374 5030 autem
1403 4977 1736 5031 conversatio
1767 4977 1826 5031 in
1883 4993 1993 5033 cae-

348 5065 416 5120 lis
464 5070 542 5120 est
571 5065 834 5137 (Philipp.
870 5079 952 5134 III,
991 5065 1105 5134 20),
1140 5063 1293 5136 quod
1325 5063 1542 5136 pariter
1571 5065 1641 5120 ad
1677 5082 1995 5139 praesump-

346 5155 567 5210 tionem
601 5153 791 5211 meriti
835 5157 1027 5226 potest
1097 5152 1656 5224 meditationemque
1721 5154 1990 5210 conferri.

418 5333 496 5396 (7)
535 5332 701 5385 Rom.
735 5332 872 5386 edit.
909 5347 1040 5386 cum
1075 5348 1219 5386 mss.
1254 5345 1358 5385 nec
1417 5328 1622 5384 multis
1681 5347 1785 5386 nec
1843 5332 1992 5387 anti-

350 5399 504 5472 quis,
538 5402 701 5472 hujus
733 5405 974 5472 corporis
1035 5401 1466 5472 contagionibus.
1525 5400 1663 5456 Aliae
1724 5418 1790 5458 ac
1848 5419 1991 5459 mss.

393 5469 546 5520 [ures
587 5469 957 5543 potioresque
993 5490 1075 5539 ;...
1135 5469 1583 5542 cogitationibus.
1633 5472 1758 5529 Non
1821 5474 1992 5531 male.

348 5487 562 5600 Buidni
593 5544 748 5594 enim
778 5543 1154 5600 conitationes
1186 5558 1382 5598 rerum
1411 5543 1484 5598 ad
1515 5544 1772 5600 cornoris
1804 5560 1992 5600 neces-

399 5537 562 5624 uidni
593 5537 748 5624 enim
778 5537 1154 5624 cogitationes
1186 5537 1484 5624 rerumad
1515 5544 1772 5624 corporis
1804 5560 2002 5624 neces-

350 5607 583 5662 sitatem
622 5607 1044 5680 voluptatemve
1103 5613 1518 5684 pertinentium
1584 5607 1697 5671 dici
1763 5617 1996 5687 possint

2095 3289 2266 3343 detur
2291 3305 2496 3345 verum
2527 3303 2674 3356 esse,
2708 3286 2815 3342 hoc
2845 3287 3211 3358 sequendum
3259 3291 3492 3342 noverit
3519 3303 3530 3342 ε
3588 3281 3715 3357 quod

2094 3375 2473 3432 delectatione
2502 3374 2718 3432 carnali
2785 3373 3121 3448 eligendum
3187 3374 3580 3440 existimaverit,
3626 3372 3714 3427 hoc

2095 3465 2239 3521 sciat
2268 3465 2504 3532 falsum,
2536 3464 2608 3520 ab
2640 3478 2706 3519 eo
2737 3462 2923 3536 fugiat
2951 3467 3008 3520 et
3037 3463 3287 3531 recedat,
3323 3465 3470 3535 quia
3526 3457 3716 3518 fraudis

2095 3558 2185 3610 est
2213 3553 2475 3628 plenum.

2164 3733 2250 3789 11.
2286 3731 2490 3789 Merito
2513 3747 2648 3805 ergo
2676 3730 3020 3803 depretiavit
3063 3734 3120 3786 et
3167 3729 3574 3787 dehonestavit
3624 3726 3715 3780 hoc

2093 3838 2327 3894 corpus,
2360 3837 2571 3893 corpus
2619 3818 2824 3876 mortis
2881 3817 3184 3892 appellans
3238 3819 3420 3891 (Rom.
3479 3834 3576 3883 vn,
3621 3812 3714 3881 24).

2094 3911 2234 3975 Quis
2263 3909 2419 3965 enim
2451 3909 2636 3965 oculis
2667 3907 2856 3980 potuit
2909 3907 3104 3963 videre
3167 3907 3407 3964 virtutis
3475 3902 3714 3978 splendo-

2095 4015 2217 4056 rem
2253 4002 2275 4055 Ρ
2305 3999 2445 4064 Quis
2485 3997 2780 4070 justitiam
2848 3997 3124 4052 manibus
3191 3987 3714 4068 comprehendere?

2093 4087 2235 4155 Quis
2265 4087 2616 4160 sapientiam
2645 4084 2950 4142 oculorum
2979 4084 3280 4141 obtutibus
3312 4084 3531 4141 intueri
3560 4083 3585 4138 ?
3638 4079 3722 4134 De-

2094 4177 2272 4248 nique
2302 4176 2533 4248 quando
2578 4173 2797 4246 aliquid
2839 4173 3185 4245 cogitamus,
3221 4173 3523 4229 neminem
3577 4165 3719 4225 nobis

2095 4279 2416 4331 occurrere,
2449 4261 2744 4318 neminem
2773 4259 3046 4316 volumus
3104 4261 3446 4331 obstrepere
3499 4255 3715 4314 auribus

2096 4353 2338 4420 nostris,
2371 4356 2545 4424 atque
2573 4350 2656 4407 ita
2675 4348 3040 4405 intendimus
3069 4348 3359 4413 animo,ut
3392 4347 3710 4420 plerumque

2097 4460 2211 4500 non
2241 4442 2544 4497 videamus
2575 4438 2904 4512 praesentia.
2938 4437 3087 4503 Quin
3145 4437 3322 4491 etiam
3355 4436 3419 4492 in
3478 4432 3716 4491 noctibus

2022 4541 2067 4606 D
2099 4531 2386 4588 sincerius
2417 4529 2764 4602 cogitamus,
2791 4530 2848 4582 et
2871 4529 3013 4581 tunc
3044 4524 3254 4580 melius
3304 4541 3438 4596 quae
3493 4520 3716 4606 movent.

2101 4621 2274 4676 corde
2305 4618 2679 4675 meditamur.
2715 4615 2874 4672 Unde
2903 4619 2961 4670 et
2985 4612 3272 4685 Propheta
3301 4613 3388 4669 ait
3423 4630 3435 4666 :
3471 4617 3601 4684 Qua
3650 4604 3717 4658 dio

2099 4710 2227 4766 citis
2247 4710 2304 4762 in
2332 4705 2591 4765 cordibus
2609 4704 2827 4770 vestris,
2849 4705 2910 4758 in
2932 4702 3205 4759 cubilibus
3226 4703 3422 4757 vestris
3441 4693 3720 4771 compa-agi-

2101 4798 2246 4852 mini
2266 4795 2436 4867 (Psal.
2471 4793 2648 4865 ιν,5).
2683 4793 2845 4864 δωρθ
2875 4791 3053 4847 etiam
3087 4789 3266 4862 aliqui
3299 4789 3580 4846 claudunt
3607 4797 3717 4840 ocu-

2101 4885 2210 4953 los,
2263 4883 2496 4956 siquid
2572 4879 2872 4954 profundas
2937 4878 3143 4935 volunt
3181 4879 3315 4933 nisu
3383 4869 3716 4950 cogitationis

2101 4989 2321 5042 eruere,
2347 4971 2650 5029 oculorum
2672 4967 3093 5041 impedimenta
3111 4967 3548 5038 vitantes.Saepe
3568 4959 3715 5018 etiam

2103 5063 2450 5120 solitudines
2480 5064 2806 5134 captamus,
2838 5073 2910 5113 ne
2937 5057 3107 5129 cujus
3151 5070 3343 5111 sermo
3375 5053 3584 5113 nostris
3631 5062 3713 5102 au-

2103 5153 2265 5209 ribus
2286 5151 2638 5218 insusurret,
2699 5151 2756 5204 et
2784 5145 2955 5218 quasi
3003 5144 3214 5202 semita
3262 5145 3529 5217 quaedam
3560 5135 3713 5196 inlue-

2105 5332 2362 5403 corporis
2391 5326 2791 5403 cogitationes.
2831 5395 2869 5403 __
2946 5394 2959 5403 _
3109 5397 3117 5403 _
3406 5394 3416 5403 _

2233 5405 2253 5472 )
2283 5406 2370 5457 Ita
2399 5391 2541 5456 mss.
2574 5402 2703 5472 octo
2735 5394 2996 5454 melioris
3026 5397 3193 5472 nota.
3227 5391 3419 5472 Aliiet
3450 5406 3484 5444 a
3510 5391 3710 5472 ἰᾳννξξτξίε

2173 5405 2253 5530 $8)
2283 5406 2370 5457 Ita
2399 5417 2541 5456 mss.
2574 5405 2703 5455 octo
2735 5405 2996 5454 melioris
3026 5405 3193 5476 nota.
3227 5405 3340 5448 Alll
3369 5405 3419 5448 et
3450 5406 3484 5444 a
3510 5405 3708 5468 terrena

2105 5473 2572 5602 imaginibus.
2605 5471 2838 5526 Cuncta
2867 5483 3002 5523 vero
3027 5467 3163 5522 edit.
3197 5472 3249 5521 et
3278 5481 3314 5520 a
3341 5467 3566 5519 torrem:
3591 5465 3708 5520 σθαι·

2108 5555 2427 5602 lotionibus.
