3830 6206
244 362 384 424 573

1421 437 1430 444 ,
1480 361 1710 424 LIBER
1752 360 1855 423 ne
1897 354 2112 423 ΒοΝο
2153 357 2470 428 MORTIS.

3565 371 3687 436 574

246 499 487 554 rentem
521 495 859 572 cogitationi
893 497 1150 556 animam
1193 496 1444 555 abducat
1477 514 1510 558 a
1539 513 1698 563 vero,
1749 501 1924 568 atque
1952 493 2010 562 Α
2039 500 2223 554 morte
2281 498 2591 574 amittitur,
2625 499 2726 559 sed
2779 504 3063 577 augetur:
3115 516 3220 560 nec
3265 501 3384 562 ullo
3435 501 3681 578 impedi~

251 587 342 643 ab
371 587 697 644 intentione
729 589 1012 645 deﬂectet.

344 678 430 732 12.
492 676 710 732 Multas
763 678 944 750 igitur
991 677 1399 749 occupationes
1449 677 1616 733 nobis
1666 675 1924 750 corporis

253 763 453 836 hujus
485 765 807 822 necessitas
836 765 1044 839 gignit,
1081 769 1251 838 atque
1277 783 1422 823 usus
1445 764 1684 831 invehit,
1711 764 1924 836 quibus

257 853 596 925 impeditur
658 855 865 910 animae
928 855 1112 927 vigor,
1182 872 1248 910 ac
1296 859 1595 910 revocatur
1655 853 1920 909 intentio.

260 941 441 998 Unde
485 942 556 997 de
600 959 662 998 se
709 942 950 1014 pulchre
996 943 1137 998 dicit
1184 949 1423 999 sanctus
1467 944 1615 999 Job:
1671 942 1926 998 Memento

264 1032 408 1103 quia
457 1029 638 1085 lutum
679 1048 766 1086 me
817 1032 1035 1102 ﬁnxisti
1079 1033 1195 1101 (Job
1241 1050 1299 1099 κ,
1342 1033 1418 1104 9).
1462 1032 1517 1088 Si
1556 1049 1690 1104 ergo
1733 1031 1925 1086 lutum

266 1124 368 1175 est
399 1136 636 1192 corpus,
669 1119 874 1174 oblinit
900 1137 1006 1175 nos
1052 1121 1273 1193 utique,
1309 1138 1425 1176 non
1459 1121 1650 1185 diluit,
1685 1124 1740 1176 et
1769 1119 1927 1175 coin-

268 1209 488 1280 quinat
518 1208 775 1264 animam
807 1208 1248 1283 inquinamento
1295 1210 1774 1282 intemperantiae.
1831 1209 1927 1264 Co-

266 1297 431 1352 rium
461 1301 510 1352 et
539 1313 762 1352 carnem
791 1314 893 1366 me,
925 1298 1139 1370 inquit,
1172 1299 1425 1369 induisti,
1471 1299 1677 1355 ossibus
1715 1306 1766 1353 et
1802 1314 1928 1352 ner-

267 1389 361 1441 vis
394 1387 683 1441 intexuisti
724 1385 881 1455 (Ibid.
935 1385 1044 1458 11).
1088 1385 1328 1458 Ligatur
1373 1387 1570 1458 itaque
1613 1391 1667 1442 et
1714 1387 1930 1442 disten-

271 1475 446 1530 ditur
475 1474 671 1528 anima
701 1477 902 1529 nostra
932 1474 1103 1529 istius
1130 1474 1389 1548 corporis
1437 1476 1650 1542 nervis,
1697 1479 1753 1531 et
1802 1475 1929 1530 ideo

269 1563 576 1619 interdum
611 1561 866 1634 rigescit,
913 1580 1062 1635 sa‘pe
1102 1568 1394 1619 curvatur.
1442 1564 1510 1619 Et
1557 1565 1812 1632 addidit;
1865 1564 1931 1617 ab

271 1654 574 1723 iniquitate
603 1652 940 1707 innocentem
968 1668 1054 1706 me
1083 1668 1190 1707 non
1219 1655 1415 1724 fecisti.
1457 1653 1516 1708 Si
1547 1655 1695 1709 enim
1729 1654 1932 1724 impius

269 1744 461 1814 fuero,
503 1758 580 1796 v2
610 1740 752 1795 mihi
775 1756 787 1794 :
837 1742 887 1795 si
917 1747 1098 1795 autem
1126 1743 1235 1796 sim
1256 1743 1459 1814 justus,
1490 1759 1604 1798 non
1629 1747 1818 1814 potero
1848 1757 1934 1796 me

2034 590 2228 642 mento
2263 589 2467 646 mortis
2494 593 2826 648 retardatur
2855 591 3051 648 anima
3083 610 3095 649 :
3131 593 3230 649 sed
3267 598 3539 666 operatur
3567 612 3685 652 ma-

2032 675 2142 745 gis,
2175 678 2310 749 quia
2335 684 2610 750 operatur
2639 698 2764 753 qu:e
2797 699 2904 737 sua
2935 686 3092 750 sunt,
3127 683 3253 738 sine
3276 681 3397 738 ulla
3413 684 3684 741 societate

2034 765 2311 836 corporis.
2349 769 2502 838 quod
2545 769 2751 824 animae
2783 771 2988 842 majori
3021 772 3180 826 oneri
3214 788 3391 842 quam
3415 773 3546 828 usui
3572 779 3683 828 est.

2033 852 2180 915 Quid
2223 854 2404 926 igitur
2441 857 2578 912 mali
2613 863 2701 914 est
2732 860 2961 927 animae,
2999 877 3125 931 quae
3169 861 3481 932 puritatem
3515 880 3686 919 suam

2035 943 2373 999 custodierit
2403 949 2460 1000 et
2485 947 2768 1002 virtutum
2804 948 3174 1019 disciplinam
3199 951 3551 1006 servaverit?
3573 954 3690 1006 Aut

2036 1031 2084 1085 si
2118 1049 2232 1086 non
2264 1034 2596 1100 servaverit,
2630 1053 2744 1090 non
2780 1053 2936 1092 mors
2969 1037 3210 1101 malum,
3235 1039 3334 1094 sed
3361 1039 3515 1105 vita;
3551 1039 3690 1110 quia

2035 1119 2150 1174 vita
2184 1138 2294 1176 non
2333 1122 2460 1176 fuit.
2506 1125 2640 1188 Quae
2668 1129 2756 1180 est
2784 1125 2938 1180 enim
2970 1126 3088 1179 vita
3115 1127 3270 1180 vitiis
3319 1128 3690 1199 peccatisque

2038 1208 2224 1264 obsita
2245 1210 2272 1262 ?
2302 1209 2446 1272 Quid
2492 1211 2671 1283 igitur
2700 1229 3048 1268 accusamus
3081 1219 3348 1281 mortem,
3405 1233 3530 1287 quae
3590 1221 3692 1272 aut

2038 1296 2167 1352 vitae
2208 1299 2458 1370 pretium
2509 1299 2639 1366 luit,
2680 1305 2781 1356 aut
2823 1301 3015 1357 abolet
3043 1303 3171 1372 ejus
3203 1301 3465 1359 dolorem
3517 1309 3692 1376 atque

2038 1386 2360 1441 cruciatum
2383 1387 2410 1442 ?
2433 1388 2630 1460 Itaque
2661 1406 2817 1445 mors
2849 1394 2950 1444 aut
2980 1407 3097 1445 suae
3131 1392 3344 1463 quietis
3394 1393 3546 1448 bono
3578 1394 3693 1448 uti-

2041 1478 2155 1539 tur,
2191 1479 2290 1529 aut
2312 1475 2467 1530 malo
2499 1475 2686 1531 alieno
2719 1477 2963 1532 laborat.

2115 1564 2198 1617 14.
2233 1563 2398 1618 Nunc
2429 1563 2569 1619 illud
2606 1571 2836 1635 specta:
2873 1566 2919 1620 si
2954 1565 3069 1621 vita
3101 1568 3281 1633 oneri,
3329 1586 3484 1625 mors
3508 1570 3693 1625 Abso-

2043 1649 2285 1707 lutioni:
2321 1652 2369 1708 si
2404 1652 2520 1708 vita
2559 1653 2870 1726 supplicio,
2922 1672 3080 1710 mors
3138 1657 3394 1712 remedio
3429 1674 3441 1711 :
3486 1662 3590 1712 aut
3645 1657 3695 1713 si

2034 1739 2328 1809 judicium
2352 1745 2483 1814 post
2530 1746 2799 1810 mortem,
2851 1742 3026 1798 etiam
3076 1745 3194 1800 vita
3243 1749 3375 1816 post
3422 1749 3692 1802 mortem.

272 1832 572 1886 reclinare.
607 1830 807 1928 Plenus
837 1831 1361 1928 enini-confusionis
1385 1847 1543 1928 sulm.
1569 1831 1935 1928 Introduxisti
1966 1862 2013 1928 Β
2042 1829 2173 1928 γὶῐᾶ
2198 1829 2376 1902 igitur
2407 1832 2500 1928 hic
2532 1848 2645 1886 non
2679 1832 2953 1928 est-bona
2991 1833 3143 1904 (10):
3194 1837 3293 1888 aut
3340 1833 3388 1889 si
3437 1834 3532 1890 hic
3580 1835 3697 1890 vita

271 1934 453 1992 super
481 1933 565 1974 me
603 1919 922 1973 tentationes
956 1918 1110 1986 (Ibid.
1157 1918 1244 1988 14,
1281 1919 1387 1989 15).
1440 1919 1586 1982 Quid
1647 1918 1801 1975 enim
1851 1921 1938 1973 est
1967 1918 2011 1928 ⁶’
2047 1918 2219 1985 bona,
2251 1921 2542 1991 quomodo
2575 1937 2733 1975 mors
2765 1920 2883 1976 illic
2914 1938 3029 1976 non
3061 1925 3151 1977 est
3197 1923 3371 1990 bona,
3424 1940 3557 1980 cum
3615 1923 3696 1980 ibi

277 2007 449 2064 aliud
481 2006 600 2062 haec
621 2006 737 2061 vita
767 2006 880 2062 nisi
916 2006 1086 2078 plena
1106 2005 1489 2078 laqueorum?
1521 2008 1674 2062 Inter
1698 2008 1938 2079 laqueos

277 2094 685 2161 ambulamus,
719 2095 869 2150 inter
903 2094 1188 2166 plurimas
1217 2112 1524 2150 versamur
1561 2097 1933 2152 tentationes.

277 2185 548 2256 Denique
577 2185 732 2240 idem
763 2201 941 2256 supra
972 2183 1085 2240 ait:
1122 2185 1399 2257 Numquid
1445 2202 1555 2239 non
1596 2189 1824 2241 tentatio
1861 2195 1938 2241 est

277 2276 405 2330 vita
456 2273 690 2328 hominis
728 2275 788 2327 in
817 2277 966 2328 terra
1001 2273 1116 2342 (Job
1162 2291 1261 2338 v11,
1299 2274 1394 2345 1)?
1439 2275 1588 2330 Bene
1621 2275 1842 2330 addidit
1879 2276 1934 2329 in

279 2368 466 2431 terra,
495 2363 630 2434 quia
660 2366 748 2418 est
774 2362 891 2418 vita
926 2361 1182 2418 hominis
1221 2366 1277 2418 et
1307 2362 1364 2417 in
1397 2363 1558 2418 coelo.
1609 2365 1760 2419 Sicut
1797 2381 1938 2419 mer-

277 2454 519 2520 cenarii,
574 2452 785 2524 inquit,
817 2468 1018 2508 merces
1063 2453 1176 2507 vita
1222 2453 1339 2524 ejus
1383 2453 1586 2524 (Ibid),
1633 2453 1692 2507 in
1742 2453 1939 2508 labore

280 2539 512 2598 scilicet
562 2545 620 2596 et
667 2545 864 2612 tepore
915 2541 1012 2611 (9),
1064 2539 1244 2596 levior
1291 2541 1526 2609 fabulis,
1579 2545 1635 2597 et
1677 2543 1935 2610 ﬂuitans,

281 2633 347 2687 et
381 2633 590 2685 natans
629 2629 860 2685 verbis:
912 2630 1082 2700 cujus
1125 2629 1406 2684 habitatio
1455 2631 1606 2686 895
1659 2630 1717 2686 in
1764 2630 1938 2687 luteis

279 2719 588 2785 domibus,
611 2722 669 2774 et
697 2718 827 2790 ipsa
854 2718 971 2773 vita
1014 2718 1074 2772 in
1113 2717 1256 2774 luto.
1286 2718 1459 2774 Nulla
1489 2719 1786 2776 ﬁrmitudo
1815 2737 1942 2776 sen-

280 2807 506 2875 tentia,
538 2805 702 2862 nulla
733 2805 1078 2862 constantia.
1130 2807 1190 2862 In
1242 2806 1334 2862 die
1380 2824 1492 2862 nox
1551 2809 1935 2878 desideratur,

280 2896 352 2952 in
378 2899 546 2951 nocte
575 2895 699 2951 dies
731 2896 1042 2967 quaeritur:
1095 2899 1226 2950 ante
1257 2911 1450 2951 escam
1483 2897 1757 2969 gemitus,
1789 2897 1942 2952 inter

283 2984 459 3041 cibos
488 2985 681 3053 ﬂetus,
713 2984 1004 3056 lacrymaa,
1053 2984 1300 3052 dolores,
1342 2985 1603 3054 timores,
1654 2986 1938 3042 sollicitu-

283 3073 482 3140 dines,
539 3072 702 3128 nulla
745 3071 976 3144 requies
1006 3089 1039 3126 a
1090 3073 1646 3145 perturbationibus,
1710 3074 1869 3130 nulla
1907 3093 1940 3130 a

282 3163 595 3218 laboribus
627 3161 946 3224 reclinatio,
1006 3160 1102 3215 ira:
1163 3166 1220 3215 et
1267 3161 1686 3235 indignationis
1745 3167 1939 3218 motus

2047 2006 2246 2063 nullus
2273 2009 2528 2079 supersit
2559 2008 2830 2064 terribilis
2862 2009 3072 2079 judicii
3124 2015 3317 2066 metus
3338 2013 3365 2065 ‘I
3407 2012 3518 2067 Sed
3569 2012 3698 2084 ipsa

2047 2095 2142 2150 hic
2171 2097 2287 2150 vita
2319 2096 2470 2152 bona
2501 2097 2549 2152 si
2593 2103 2701 2165 est,
2752 2098 2969 2169 quibus
3001 2099 3174 2154 rebus
3205 2100 3358 2155 bona
3397 2104 3533 2156 est?
3564 2100 3694 2155 Vir-

2048 2188 2173 2239 tute
2212 2185 2437 2257 utique,
2469 2192 2527 2241 et
2557 2187 2726 2241 bonis
2752 2187 3036 2242 moribus.
3067 2188 3191 2243 Non
3211 2205 3347 2260 ergo
3372 2190 3696 2245 secundum

2048 2273 2254 2327 animae
2288 2279 2344 2328 et
2374 2274 2630 2346 corporis
2660 2274 2927 2346 copulam
2959 2276 3112 2331 bona
3141 2281 3228 2331 est
3253 2295 3264 2332 :
3301 2277 3400 2332 sed
3433 2277 3570 2349 quia
3597 2293 3700 2349 per

2043 2360 2317 2416 virtutem
2351 2363 2504 2433 quod
2541 2362 2758 2418 malum
2793 2369 2882 2418 est
2913 2381 3084 2418 suum
3120 2365 3385 2436 repellit;
3416 2366 3569 2438 quod
3602 2383 3700 2421 au-

2048 2454 2163 2505 tem
2197 2451 2414 2506 bonum
2447 2455 2536 2506 est
2567 2452 2794 2515 mortis,
2823 2453 3204 2524 adipiscitur:
3231 2457 3294 2508 ut
3316 2455 3470 2526 quod
3493 2454 3699 2510 animae

2046 2543 2153 2604 est,
2187 2539 2374 2612 magis
2415 2557 2590 2611 quam
2634 2540 2688 2593 id
2721 2541 2876 2612 quod
2927 2542 3290 2597 contubernii
3343 2547 3399 2598 et
3449 2545 3698 2614 conjun-

2047 2627 2258 2684 ctionis
2289 2633 2579 2700 operetur.
2626 2629 2786 2692 Quod
2821 2629 2869 2682 si
2923 2629 3041 2684 vita
3091 2629 3263 2694 bona,
3317 2647 3443 2702 quae
3489 2632 3697 2686 animae

2049 2733 2110 2772 se
2140 2733 2172 2771 a
2203 2733 2440 2789 corpore
2472 2716 2798 2789 separantis
2829 2721 2918 2773 est
2945 2717 3274 2788 speculum,
3305 2722 3362 2773 et
3404 2719 3451 2774 si
3505 2706 3702 2774 anima

2047 2806 2199 2861 bona
2238 2822 2364 2877 quas
2397 2822 2458 2861 se
2489 2805 2673 2862 elevat
2704 2810 2880 2877 atque
2911 2805 3148 2860 abducit
3179 2823 3211 2861 a
3242 2807 3501 2879 corporis
3558 2824 3702 2863 con-

2046 2894 2337 2962 tubernio,
2383 2899 2438 2949 et
2490 2911 2648 2949 mors
2711 2894 2917 2966 utique
2966 2897 3054 2949 est
3111 2894 3352 2964 bonum,
3422 2913 3548 2968 quae
3573 2896 3698 2952 ani-

2050 2999 2205 3038 mam
2239 3000 2273 3036 a
2303 2983 2578 3038 societate
2625 2983 2817 3038 carnis
2849 2983 3027 3054 hujus
3077 2983 3326 3039 absolvit
3371 2989 3426 3039 et
3475 2985 3700 3056 liberat.

2121 3073 2204 3127 15.
2231 3072 2618 3127 Omnifarium
2645 3073 2826 3144 igitur
2854 3088 3013 3127 mors
3055 3077 3143 3127 est
3173 3073 3416 3142 bonum,
3463 3079 3521 3129 et
3563 3072 3703 3145 quia

2052 3161 2508 3234 compugnantia
2532 3160 2760 3227 dividit,
2800 3178 2872 3216 ne
2910 3177 2972 3216 se
3029 3160 3278 3216 invicem
3331 3161 3699 3234 impugnent,

281 3250 605 3310 horridior.
637 3250 904 3322 Plerique
943 3249 1186 3322 cupiunt
1225 3228 1494 3317 mortem,
1527 3255 1584 3306 ct
1612 3269 1726 3306 non
1758 3252 1939 3324 impe-
1972 3228 2016 3294 α
2056 3255 2112 3305 et
2142 3228 2514 3322 quiavportus
2545 3249 2786 3320 quidam
2819 3253 2906 3304 est
2935 3265 3136 3305 eorum
3171 3249 3268 3321 qui
3315 3228 3530 3323 magno
3572 3251 3706 3307 vitae

281 3344 491 3398 trant:
524 3340 571 3396 si
612 3344 806 3395 autem
849 3339 1305 3412 impetraverint,
1355 3339 1746 3412 gratulantur,
1802 3341 1942 3413 quia

284 3430 421 3487 sola
450 3433 539 3486 est
570 3445 726 3485 mors
756 3415 987 3500 requies
1012 3429 1154 3484 viro.

933 3534 1162 3591 CAPUT
1208 3535 1298 3590 IV.

280 3627 512 3684 Mortem
541 3625 734 3680 multis
785 3623 1097 3679 nominibus
1155 3639 1266 3680 esse
1296 3625 1511 3693 bonam,
1544 3625 1635 3680 sed
1699 3629 1941 3684 maxime

366 3696 508 3780 quod
533 3698 607 3751 sit
635 3696 764 3766 ﬁnis
787 3697 1016 3778 peccati,
1047 3703 1097 3750 et
1143 3695 1214 3750 ad
1254 3697 1538 3778 meliorem
1567 3698 1735 3752 vitam
1756 3707 1937 3754 trans-

366 3773 498 3823 itus.
529 3767 774 3823 auodaue
804 3783 924 3823 ipsa
951 3781 1050 3822 nos
1095 3766 1404 3822 redemerit.

365 3781 498 3834 itus,
529 3781 774 3839 quoaque
804 3783 924 3836 ipsa
951 3781 1050 3822 nos
1095 3781 1404 3822 redemeris.

369 3874 457 3930 13.
489 3873 599 3929 Sed
631 3872 786 3927 dicet
838 3871 1050 3944 aliquis
1096 3873 1380 3945 scriptum
1411 3890 1540 3930 esse
1587 3875 1733 3946 (Sap.
1776 3893 1815 3944 ι,
1851 3878 1938 3949 13)

289 3962 436 4037 quia
465 3962 618 4017 Deus
649 3964 896 4015 mortem
931 3977 1045 4016 non
1080 3960 1232 4015 fecit:
1264 3961 1382 4016 vita
1400 3965 1524 4017 erat
1553 3961 1612 4017 in
1645 3965 1936 4034 paradiso,

287 4052 395 4110 ubi
427 4050 655 4124 lignum
687 4050 818 4105 vitae
845 4048 996 4118 (Gen.
1030 4066 1091 4115 ιι,
1118 4050 1193 4120 9),
1227 4053 1282 4104 et
1311 4049 1430 4104 vita
1462 4055 1586 4106 erat
1615 4050 1715 4106 lux
1744 4051 1940 4108 homi-

290 4157 460 4196 num.
495 4139 651 4194 Mors
669 4138 851 4210 igitur
872 4138 1044 4205 mala,
1072 4155 1197 4210 quae
1217 4139 1464 4194 accessit
1486 4143 1542 4194 et
1563 4140 1936 4197 subintravit.

287 4229 406 4287 Sed
440 4227 732 4300 quomodo
763 4243 920 4282 mors
950 4227 1124 4293 mala,
1151 4227 1200 4282 si
1223 4230 1324 4282 aut
1345 4229 1670 4284 secundum
1692 4230 1940 4302 gentiles

285 4335 471 4375 sensu
505 4319 681 4382 caret,
716 4321 817 4371 aut
845 4316 1169 4371 secundum
1199 4315 1544 4388 Apostolum
1602 4318 1864 4391 (Philipp.
1899 4339 1938 4390 ι,

283 4407 383 4479 21)
415 4405 644 4460 lucrum
676 4403 942 4460 Christus
974 4408 1080 4472 est,
1111 4420 1245 4460 cum
1279 4421 1393 4476 quo
1423 4422 1551 4460 esse
1584 4407 1769 4463 multo
1819 4426 1938 4464 me-

285 4495 410 4553 lius
429 4493 458 4548 ?
487 4493 786 4558 Quomodo
818 4493 996 4566 igitur
1015 4509 1175 4548 mors
1196 4493 1366 4548 nobis
1397 4494 1638 4566 malum,
1660 4497 1706 4551 si
1740 4497 1938 4554 nullus

2049 3339 2221 3394 istius
2244 3338 2449 3408 jactati
2481 3338 2626 3403 salo,
2658 3339 2770 3392 fide
2791 3337 3002 3410 quietis
3031 3337 3342 3392 stationem
3376 3339 3701 3410 requirunt,

2049 3429 2203 3484 306
2233 3432 2290 3482 et
2337 3427 2478 3498 quia
2525 3426 2869 3482 deteriorem
2919 3429 3140 3480 statum
3188 3441 3301 3481 non
3333 3427 3547 3482 efﬁcit:
3601 3429 3701 3482 sed

2050 3515 2282 3588 qualem
2315 3516 2373 3570 in
2406 3515 2655 3587 singulis
2686 3515 2989 3582 invenerit,
3028 3515 3204 3571 talem
3253 3515 3475 3587 judicio
3507 3516 3702 3572 futuro

2049 3610 2325 3671 reservat,
2367 3609 2423 3659 et
2447 3604 2641 3676 quiete
2671 3603 2799 3675 ipsa
2828 3603 3000 3673 fovet,
3050 3607 3105 3658 et
3140 3604 3516 3675 praesentium
3563 3605 3705 3660 invi-

2048 3693 2157 3748 dias
2189 3693 2485 3761 subducit,
2519 3697 2576 3748 et
2607 3693 2937 3748 futurorum
2987 3693 3417 3764 exspectatione
3470 3709 3703 3764 compo-

2049 3784 2154 3837 nit.
2202 3782 2436 3838 Accedit
2471 3798 2559 3848 eo,
2595 3781 2749 3854 quod
2781 3781 2999 3836 frustra
3027 3781 3296 3837 homines
3329 3787 3576 3838 mortem
3629 3782 3705 3837 ti-

2048 3875 2210 3928 ment
2242 3913 2254 3939 ,
2291 3871 2459 3943 quasi
2493 3870 2668 3926 finem
2700 3875 2941 3926 naturis.
2967 3870 3112 3925 Nam
3133 3870 3182 3925 si
3202 3870 3528 3926 recolamus
3549 3871 3704 3942 quod

2052 3961 2202 4015 Deus
2234 3964 2480 4015 mortem
2533 3977 2646 4014 non
2698 3959 2942 4014 fecerit:
2997 3959 3096 4013 sed
3151 3963 3460 4030 postquam
3524 3959 3702 4015 homo

2047 4048 2252 4121 lapsus
2286 4049 2343 4101 in
2378 4048 2667 4119 flagitium
2702 4051 2792 4102 est
2823 4047 3315 4119 praevaricationis
3347 4052 3404 4102 et
3455 4048 3703 4116 fraudis,

2050 4137 2339 4192 sententia
2360 4152 2492 4190 eum
2520 4135 3044 4207 comprehenderit,
3080 4140 3145 4190 ut
3174 4135 3230 4189 in
3271 4139 3484 4190 terram
3534 4153 3702 4190 suam

2048 4230 2200 4281 terra
2227 4229 2510 4280 remearet
2537 4225 2689 4295 (Gen.
2724 4241 2808 4294 ιιι,
2840 4224 2909 4278 -19
2939 4223 2974 4294 ),
3023 4223 3386 4279 inveniemus
3454 4229 3701 4280 mortem

2052 4315 2226 4370 finem
2258 4331 2384 4370 esse
2415 4312 2657 4385 peccati,
2689 4329 2760 4367 ne
2802 4328 2917 4382 quo
2978 4316 3133 4367 esset
3179 4312 3297 4368 vita
3345 4313 3699 4380 diuturnior,

2049 4421 2114 4460 eo
2145 4405 2308 4459 ﬁeret
2334 4402 2504 4474 culpa
2535 4400 2920 4456 numerosior.
2948 4400 3163 4456 Passus
3195 4401 3484 4466 estigitur
3507 4402 3702 4457 Domi-

2049 4509 2161 4547 nus
2193 4492 2524 4548 subintrare
2555 4493 2824 4557 mortem,
2858 4493 2923 4543 ut
2951 4489 3122 4560 culpa
3157 4495 3433 4546 cess-aret.
3467 4491 3578 4546 Sed
3631 4507 3704 4546 ne

286 4587 429 4658 post
461 4586 705 4638 mortem
736 4597 946 4637 sensus
976 4581 1111 4637 est?
1144 4581 1247 4638 Ubi
1280 4582 1435 4637 enim
1468 4583 1665 4640 nullus
1707 4602 1937 4655 sensus,
1971 4593 2018 4660 ι)
2050 4581 2260 4637 iterum
2295 4585 2516 4636 naturae
2550 4579 2682 4634 ﬁnis
2704 4583 2859 4635 esset
2887 4578 2947 4634 in
2979 4583 3184 4645 morte,
3219 4580 3356 4636 data
3382 4585 3472 4636 est
3503 4597 3702 4636 resur-

286 4671 498 4728 nullus
530 4671 732 4744 utique
762 4670 991 4742 injuriae
1023 4670 1207 4736 dolor,
1241 4670 1380 4743 quia
1409 4672 1573 4728 dolor
1604 4691 1813 4730 sensus
1835 4681 1942 4745 cst,

285 4764 408 4818 Aut
437 4760 576 4832 quia
603 4765 691 4816 est
721 4765 854 4833 post
891 4763 1138 4816 mortem
1189 4777 1419 4830 sensus,
1470 4766 1560 4817 est
1609 4763 1785 4820 etiam
1828 4765 1948 4822 vita

285 4853 430 4925 post
463 4852 732 4916 mortem,
764 4853 821 4905 et
852 4853 1150 4921 superstes
1183 4849 1388 4904 mortis
1439 4855 1529 4906 est
1577 4851 1774 4906 anima
1817 4870 1944 4926 quae

286 4955 475 4996 sensu
510 4939 711 5006 utitur,
745 4941 802 4993 et
827 4938 948 4994 vita
979 4939 1264 5010 iungitur.
1313 4938 1457 4994 Cum
1503 4943 1699 4995 autem
1749 4947 1948 4999 manet

285 5031 428 5103 post
458 5031 702 5083 mortem
733 5027 854 5084 vita
881 5031 1055 5100 atque
1086 5027 1304 5094 anima,
1340 5033 1538 5084 manet
1566 5029 1806 5098 bonum,
1840 5049 1945 5088 nec

366 5187 443 5259 (9)
474 5187 610 5260 Mss.
646 5191 894 5260 septem.
926 5191 1183 5260 tempore,
1223 5187 1466 5256 Theod.,
1525 5197 1576 5244 et
1625 5192 1939 5247 tentatione.

287 5257 399 5345 llic
426 5257 601 5345 etiam
637 5257 849 5345 eodem
880 5257 1234 5345 loco,'l£uior
1275 5261 1451 5345 ventis
1489 5263 1545 5345 et
1588 5261 1861 5345 fabulis:
1893 5264 1943 5317 et

290 5335 416 5404 ipsa
462 5332 685 5414 vitaoin
731 5330 1028 5412 doloribus.
1080 5329 1232 5384 Flor.
1288 5330 1418 5412 Alb.
1472 5329 1620 5412 alter
1674 5337 1732 5386 et
1800 5333 1938 5405 Reg.

289 5402 669 5483 alter,_levior
723 5401 1274 5483 tabulisnfortasse,
1331 5402 1584 5483 [ipa-€153.
1627 5419 1754 5474 quae
1804 5408 1944 5483 sunt

285 5472 647 5532 animalcula
677 5472 1024 5544 quaedamin
1058 5472 1307 5528 summis
1339 5473 1507 5543 aquis
1530 5472 1938 5544 discurrentia,

282 5546 445 5618 unde
471 5550 681 5602 natum
714 5543 1106 5618 proverbium,
1156 5545 1331 5618 leuior
1365 5546 1563 5615 tipula.
1616 5546 1756 5618 Reg.
1807 5543 1940 5602 vero

282 5617 563 5676 ultimam
596 5615 824 5690 partem
853 5616 938 5672 sic
969 5615 1164 5690 habet,
1195 5616 1421 5690 ﬂuitans
1440 5620 1494 5690 et
1523 5615 1728 5690 nutans
1741 5619 1938 5690 verbis,

278 5691 446 5750 nulla
481 5685 761 5749 ﬁrmitudo
787 5689 1093 5757 sententiae,
1121 5692 1276 5757 cujus
1327 5685 1499 5742 habit.
1551 5688 1613 5741 in
1661 5689 1759 5744 tut.
1794 5685 1938 5746 dom.

2055 4671 2232 4726 rectio
2263 4673 2650 4737 mortuorum,
2683 4672 2749 4722 ut
2778 4683 2882 4739 per
2913 4673 3158 4724 mortem
3205 4669 3376 4742 culpa
3410 4671 3702 4736 deficeret,

2055 4777 2158 4830 per
2186 4759 2667 4815 resurrectionem
2710 4762 2906 4813 autem
2968 4763 3414 4830 perpetuaretur
3471 4763 3700 4813 natura.

2056 4849 2305 4921 Ideoque
2336 4865 2495 4903 mors
2526 4847 2646 4901 haec
2676 4847 2961 4902 transitus
2985 4847 3389 4902 universorum
3410 4851 3518 4901 est.
3545 4846 3704 4917 Opus

2051 4941 2142 4992 est
2166 4941 2230 4992 ut
2260 4940 2597 4992 constanter
2623 4939 2909 4990 transeas.
2942 4935 3248 4990 Transitus
3279 4940 3473 4990 autem
3515 4951 3549 4988 a
3578 4950 3703 4988 cor-

2055 5025 2324 5098 ruptione
2356 5025 2424 5080 ad
2457 5024 2976 5094 incorruptionem,
3011 5039 3043 5078 a
3074 5022 3428 5078 mortalitate
3478 5022 3550 5077 ad
3601 5022 3706 5076 im-

2051 5191 2102 5242 et
2150 5187 2208 5239 in
2255 5187 2375 5255 ipsa
2438 5184 2598 5238 nulla
2667 5182 2997 5236 constantia.
3058 5179 3323 5234 Concinit
3370 5180 3499 5236 Vat.
3569 5183 3699 5238 cod.

2052 5258 2110 5312 in
2143 5272 2300 5318 voce,
2331 5262 2551 5309 nutans.

2123 5328 2231 5399 (10)
2259 5325 2591 5399 Vqt.__edit._,
2609 5323 2754 5399 Mors
2785 5323 2957 5399 igitur
2985 5338 3053 5376 ea
3080 5329 3297 5399 non-est
3349 5321 3506 5399 bona.
3559 5323 3700 5399 Mss.

2051 5391 2254 5453 omnes
2311 5395 2481 5459 Gall.,
2555 5397 2672 5450 Vita
2735 5391 2904 5465 igitur
2951 5391 3300 5465 ea,7Melius
3349 5393 3480 5450 Vat.
3547 5397 3702 5460 cod.,

2053 5471 2174 5526 Vita
2207 5469 2375 5540 igitur
2404 5467 2510 5528 hic,
2555 5472 2662 5520 etc.
2699 5463 2793 5540 Sic
2845 5465 3021 5540 etiam
3055 5463 3208 5540 infra
3234 5465 3367 5540 Auhi
3400 5465 3563 5534 edit.,
3613 5467 3704 5522 sed

2052 5545 2168 5614 ipsa
2191 5535 2304 5595 haec
2323 5541 2456 5606 vita,
2501 5555 2645 5592 mss.
2682 5539 2797 5592 fere
2827 5537 2895 5591 ad
2935 5553 3122 5591 unum
3156 5535 3390 5606 habent,
3437 5540 3527 5594 sed
3583 5540 3703 5608 ipsa

2051 5614 2140 5668 hic
2169 5614 2300 5668 vita.
