3850 6214
273 366 394 458 δὴ

1747 390 1813 455 ε.
1859 358 2255 458 Adsensu
2312 368 2317 372 ’

3568 368 3678 461 57's

274 496 713 597 mortalitatem,
755 516 799 584 ε’
836 504 1269 615 perturbatione
1316 518 1389 584 ad
1428 517 1916 615 tranquilitatem.
1948 527 2017 596 Αί
2032 527 2160 601 ejus
2190 528 2521 587 haeremus:
2578 522 2720 586 dum
2759 517 3055 603 praedium
3083 512 3451 603 invadimus,
3482 518 3677 615 alliga-

274 619 401 677 Non
449 618 629 692 igitur
676 633 890 674 nomen
937 610 993 674 te
1042 616 1248 674 mortis
1298 606 1574 684 offendat,
1623 611 1724 673 sed
1778 615 1916 673 boni

273 696 559 765 transitus
589 705 872 764 beneficia
897 705 1203 762 delectent.
1246 705 1393 772 Quid
1426 710 1514 762 est
1538 704 1695 762 enim
1736 722 1918 773 mors,

275 797 389 853 nisi
421 789 723 869 sepultura
751 795 1047 864 vitiorum,
1084 794 1370 850 virtutum
1392 793 1694 850 suscitatio
1716 794 1919 850 ?Unde

275 891 333 942 et
361 884 458 941 ille
490 885 602 941 ait:
634 886 896 941 Moriatur
944 886 1134 939 anima
1173 899 1299 939 mea
1328 885 1390 940 in
1419 884 1623 939 animis
1645 883 1921 956 justorum

273 975 456 1047 (Num.
488 990 649 1041 xxm,
681 973 793 1042 10),
824 972 881 1027 id
908 976 1017 1038 est,
1068 970 1518 1045 consepeliatur,
1551 974 1616 1026 ut
1644 987 1753 1026 sua
1781 969 1922 1026 vitia

271 1062 539 1136 deponat,
565 1063 864 1134 justorum
898 1065 1164 1117 assumat
1193 1061 1441 1135 gratiam
1475 1060 1574 1133 qui
1610 1059 1922 1115 mortifica-

269 1146 490 1208 tionem
520 1150 735 1208 Christi
763 1150 823 1205 in
854 1166 1095 1222 corpore
1124 1165 1230 1205 suo
1253 1156 1426 1221 atque
1457 1149 1655 1205 anima
1671 1148 1921 1205 circum-

269 1239 482 1296 ferunt.
511 1237 879 1295 Mortificatio
908 1240 1102 1293 autem
1134 1237 1368 1306 Christi,
1403 1236 1669 1293 remiSsio
1715 1252 1917 1309 pecca-

269 1322 485 1396 torum,
519 1327 757 1384 abolitio
788 1326 1125 1391 criminum,
1160 1327 1373 1382 erroris
1399 1326 1631 1395 oblivio,
1686 1342 1916 1382 assum-

267 1417 388 1489 ptio
437 1417 759 1489 gratiarum
789 1419 895 1472 est.
940 1414 1090 1480 Quid
1139 1419 1335 1471 autem
1391 1416 1462 1471 de
1510 1415 1662 1471 bono
1711 1414 1916 1471 mortis

268 1504 501 1578 plenius
529 1521 846 1577 possumus
861 1505 1073 1573 dicere,
1102 1519 1280 1577 quam
1304 1505 1462 1576 quod
1486 1518 1646 1561 mors
1664 1507 1754 1561 est
1786 1519 1915 1576 quae

266 1592 557 1650 mundum
590 1589 836 1649 redemit
852 1592 882 1647 ‘2

266 1782 532 1846 Hortatur
577 1787 647 1844 ad
697 1696 1300 1859 conwngitiUTantis
1340 1787 1685 1861 ejusdemque
1731 1804 1911 1861 usum,

335 1862 392 1916 id
420 1864 519 1928 est,
561 1861 1051 1930 mortiﬁcationem,
1085 1861 1147 1915 in
1188 1861 1347 1916 haece
1397 1861 1513 1915 vita
1562 1860 1910 1916 imitandum.
1942 1897 2001 1930 η.

333 1903 965 2003 ῢαῗᾞὲἱὲἷηᾰᾶἷιῖἇηηι
1016 1903 1206 1986 Enim
1227 1903 1914 1988 "iisiinuahdié‘éﬂbéi
1941 1903 1990 1969 Β

331 2002 625 2071 εωᾱιιείυν,
678 2021 714 2058 a
759 2018 860 2074 quo
902 2004 1167 2075 pingatur
1211 2006 1265 2058 et
1313 2002 1670 2075 custodiatur,
1709 2005 1909 2075 aperit.

338 2076 565 2145 Tumde
591 2074 994 2147 hortamentis,
1024 2091 1088 2130 ac
1131 2074 1426 2146 fructibus,
1476 2075 1674 2146 quibus
1711 2074 1913 2147 pasca-

329 2150 423 2203 tur
458 2147 703 2215 Verbum,
733 2145 1003 2217 disputat.

302 2235 418 2299 ⁴16.
454 2236 563 2291 Sed
608 2236 679 2291 de
727 2233 1029 2290 communi
1076 2233 1340 2289 omnium
1392 2236 1578 2289 morte
1621 2233 1908 2289 dicamus.

260 2323 407 2387 Quid
434 2339 564 2380 eam
604 2323 941 2389 timeamus,
976 2339 1105 2396 quae
1151 2321 1360 2378 animae
1410 2338 1616 2378 nocere
1654 2339 1770 2378 non
1818 2340 1911 2379 so-

260 2410 420 2467 leat?
462 2404 755 2484 Scriptum
799 2414 889 2467 est
935 2409 1130 2466 enim:
1186 2411 1368 2468 Nolite
1418 2411 1609 2467 timere
1679 2426 1765 2466 eos
1817 2412 1913 2482 qui

258 2499 509 2556 occidunt
554 2516 766 2572 corpus,
817 2500 1063 2555 animam
1107 2503 1294 2555 autem
1335 2515 1447 2555 non
1490 2504 1716 2572 possunt
1768 2502 1907 2556 occi-

256 2588 381 2646 dere
441 2588 651 2662 (Matth.
709 2606 765 2656 x,
815 2589 930 2661 28).
986 2588 1094 2644 Per
1168 2591 1416 2644 mortem
1464 2592 1660 2645 autem
1731 2588 1907 2645 istam

256 2678 454 2735 anima
482 2677 781 2747 liberatur,
815 2679 958 2734 dum
991 2693 1025 2733 a
1074 2677 1335 2750 corporis
1382 2676 1762 2735 contubernio
1814 2694 1904 2734 se-

254 2766 533 2834 cernitur,
594 2771 651 2822 et
716 2764 1032 2823 involucris
1108 2765 1570 2838 perturbationis
1653 2765 1901 2822 exuitur.

255 2854 418 2911 Unde
446 2860 504 2911 et
534 2872 640 2911 nos
687 2855 829 2910 dum
860 2854 919 2908 in
955 2870 1194 2926 corpore
1233 2870 1466 2923 sumus,
1492 2870 1666 2909 usum
1698 2856 1907 2912 mortis

255 2943 556 2999 imitantes
606 2941 941 2999 ablevemus
990 2942 1251 2998 animam
1294 2948 1556 2999 nostram
1613 2960 1682 2999 ex
1733 2944 1905 3001 istius

259 3031 452 3089 carnis
516 3030 717 3097 cubili,
759 3034 817 3086 et
878 3034 1162 3103 tanquam
1211 3031 1285 3087 de
1343 3030 1454 3087 isto
1519 3048 1906 3109 exsurgamus

259 3120 547 3195 sepulcro.
579 3120 956 3176 Ahducamus
987 3136 1094 3176 nos
1119 3137 1154 3176 a
1201 3120 1461 3193 corporis
1508 3137 1681 3189 nexu,
1728 3120 1904 3177 relin-

254 3198 508 3283 quamus
547 3209 746 3265 omnia
773 3224 1135 3282 quaecunque
1181 3211 1413 3265 terrena
1455 3212 1612 3277 sunt,
1645 3212 1712 3266 ut
1769 3226 1904 3267 cum

2029 635 2182 674 mur.
2215 617 2362 685 Quid
2393 618 2568 699 inane
2597 619 2917 697 quaerimus
2944 620 3178 678 lucrum
3234 618 3512 696 pretiosae
3560 625 3674 682 ani-

2028 720 2136 763 mae
2166 705 2514 765 detrimento
2534 710 2563 763 φ
2577 706 2836 781 Exiguus
2857 709 2965 766 tibi
2986 706 3077 767 e'st
3100 714 3254 768 totus
3272 712 3544 769 mundus
3556 731 3675 786 pro-

2031 796 2204 853 unius
2233 797 2438 853 animae
2469 796 2795 870 dispendio.
2820 799 2973 868 Quid
2999 799 3154 855 enim
3186 801 3434 873 prodest
3461 800 3673 859 homini

2028 885 2078 942 si
2110 885 2267 941 hunc
2311 876 2601 965 mundum
2632 886 2911 959 lucretur,
2943 889 3152 944 animae
3182 905 3319 946 vero
3352 906 3477 946 suae
3508 891 3673 947 detri-

2027 979 2294 1032 mentum
2321 975 2618 1048 patiatur?
2648 981 2749 1032 aut
2779 993 2957 1049 quam
3006 979 3535 1036 commutationem
3580 981 3670 1036 da-

2026 1061 2118 1119 bis
2182 1080 2286 1136 pro
2351 1062 2550 1121 anima
2600 1066 2750 1122 tua?
2796 1066 2923 1122 Non
2970 1084 3112 1124 auro
3161 1067 3500 1138 redimitur,
3567 1086 3670 1125 non

2027 1149 2289 1225 argento,
2321 1152 2441 1223 imo
2471 1171 2614 1210 auro
2644 1154 2953 1212 amittitur.
2988 1155 3136 1220 Quin
3187 1156 3371 1214 etiam
3419 1155 3668 1215 mulieris

2025 1241 2224 1310 decus,
2284 1241 2425 1298 dum
2472 1245 2735 1300 tentatur
2778 1244 2927 1317 (11):
2978 1244 3270 1318 astringit.
3326 1244 3539 1302 Clavus
3592 1251 3671 1302 est

2024 1327 2225 1401 libido,
2249 1327 2443 1387 clavus
2474 1332 2731 1401 tristitia,
2773 1332 2973 1390 clavus
3003 1333 3334 1403 iracundia,
3356 1333 3507 1393 clavi
3536 1339 3662 1392 sunt

2024 1416 2230 1475 omnes
2297 1414 2621 1493 passiones,
2690 1436 2817 1495 qua
2855 1422 3012 1479 velut
3050 1441 3187 1481 veru
3232 1426 3497 1498 quodam
3553 1422 3664 1480 ani-

2024 1500 2182 1564 mam
2214 1509 2325 1581 (12)
2358 1513 2622 1568 nostram
2656 1514 2978 1584 penetrant,
3009 1516 3066 1570 et
3108 1514 3372 1584 inﬁgunt
3430 1513 3663 1587 corpori,

2022 1592 2464 1671 visceribusque
2493 1600 2623 1672 ejus
2653 1605 2992 1659 annectunt.

2096 1686 2182 1741 17.
2215 1685 2538 1762 Fugiamus
2566 1698 2704 1765 ergo
2732 1690 2854 1748 haec
2884 1691 3058 1762 mala,
3089 1697 3148 1751 et
3174 1694 3506 1753 exaltemus
3552 1696 3665 1752 ani-

2023 1792 2181 1834 mam
2221 1781 2486 1835 nostram
2510 1779 2581 1835 ad
2611 1778 2775 1837 illam
2804 1780 3124 1855 imaginem
3155 1783 3263 1840 Dei
3289 1788 3352 1842 et
3400 1785 3662 1859 similitu-

2022 1880 2179 1923 nem.
2214 1866 2375 1939 Fuga
2419 1867 2711 1925 malarum
2750 1868 3076 1927 similitudo
3105 1870 3207 1928 Dei
3236 1876 3350 1946 est,
3392 1876 3452 1930 et
3495 1874 3662 1930 virtu-

2018 1952 2177 2010 tibus
2207 1955 2402 2031 imago
2451 1957 2549 2013 Dei
2609 1957 2952 2031 acquiritur.
2998 1959 3131 2016 Ideo
3181 1961 3283 2034 qui
3337 1980 3447 2037 nos
3493 1964 3663 2037 pinxit

2022 2044 2192 2115 quasi
2225 2047 2446 2115 auctor,
2479 2043 2667 2119 pinxit
2693 2045 2979 2104 virtutum
3010 2044 3346 2107 coloribus:
3380 2053 3521 2107 Ecce
3557 2068 3659 2123 ego,

2020 2130 2214 2204 inquit
2242 2131 2315 2189 ad
2354 2133 2706 2204 Jerusalem,
2750 2137 2920 2209 pinxi
2959 2152 3144 2194 muros
3183 2140 3310 2196 tuos
3341 2138 3466 2213 (Isa.
3524 2158 3657 2211 χιιι,

2022 2218 2132 2296 16).
2165 2221 2289 2278 Non
2321 2222 2695 2297 detergamus
2725 2223 2999 2297 penicillo
3043 2224 3414 2303 negligentiae
3447 2228 3660 2305 depicta

2020 2310 2233 2367 animae
2281 2315 2493 2368 nostra:
2536 2310 2909 2370 firmamenta
2956 2314 3226 2373 muralia.
3278 2317 3418 2374 Ideo
3488 2318 3653 2374 dixit:

2018 2397 2198 2456 Muros
2224 2402 2407 2473 pinxi,
2441 2401 2659 2474 quibus
2688 2396 2920 2460 hostem
2943 2405 3241 2477 possimus
3274 2411 3550 2463 avertere.

2093 2490 2178 2545 18.
2212 2482 2397 2546 Habet
2426 2490 2623 2547 anima
2652 2508 2854 2549 muros
2885 2510 3047 2564 suos,
3078 2494 3147 2551 de
3179 2496 3404 2568 quibus
3434 2495 3651 2563 eminet,

2017 2582 2073 2633 et
2104 2577 2174 2634 de
2206 2576 2423 2653 quibus
2454 2579 2573 2637 ait:
2633 2581 2743 2652 Ego
2790 2583 2987 2638 civitas
3031 2586 3272 2656 munita,
3332 2602 3431 2659 ego
3478 2587 3653 2641 civitas

2015 2666 2226 2723 obsessa
2289 2668 2415 2740 (Isa.
2478 2674 2651 2747 x‘xvu,
2721 2670 2797 2742 3).
2845 2671 2946 2728 His
3017 2673 3285 2730 munitur
3325 2674 3533 2741 muris,
3570 2673 3651 2728 bis

2015 2753 2256 2813 obsessa
2297 2755 2647 2813 defenditur.
2701 2759 2773 2815 Et
2799 2776 2931 2816 vere
2978 2777 3185 2819 murus
3252 2764 3477 2836 anima,
3538 2778 3650 2834 qua:

2013 2836 2324 2917 prate‘ndit
2350 2846 2409 2902 in
2441 2844 2649 2904 castris
2675 2844 2807 2920 (13).
2841 2844 3004 2905 Unde
3031 2854 3089 2906 et
3142 2849 3275 2924 ipsa
3303 2853 3389 2908 ait
3419 2854 3476 2907 in
3520 2851 3650 2907 Can-

2009 2932 2176 2991 ticis:
2208 2936 2317 3005 Ego
2345 2953 2557 3004 murus,
2588 2937 2758 2994 ubera
2794 2954 2936 3005 mea,
2976 2944 3038 2994 ut
3085 2947 3267 2996 turres
3322 2940 3508 3014 (Cant.
3532 2956 3642 3003 vm,

2012 3020 2124 3095 10).
2158 3023 2354 3080 Bonus
2384 3032 2593 3103 murus
2623 3032 2798 3099 quem
2829 3025 3018 3100 pinxit
3038 3027 3352 3099 Dominus,
3375 3030 3524 3086 sicut
3541 3028 3652 3100 ipse

2015 3109 2134 3166 ait:
2184 3112 2249 3167 In
2282 3116 2542 3171 manibus
2581 3117 2715 3173 meis
2756 3118 2925 3189 pinxi
2967 3133 3155 3173 muros
3182 3120 3326 3188 tuos,
3360 3122 3414 3175 et
3442 3120 3499 3174 in
3531 3133 3647 3173 con-

2012 3206 2196 3271 spectu
2219 3218 2338 3260 meo
2367 3219 2421 3260 es
2456 3221 2666 3278 semper
2711 3204 2837 3279 (lsa.
2886 3223 3040 3278 χιιι,
3086 3207 3194 3277 16).
3254 3212 3421 3267 Bona
3474 3205 3650 3263 anima

250 3270 473 3357 venerit
502 3298 889 3370 adversarius,
925 3296 1070 3354 nihil
1100 3297 1159 3354 in
1197 3297 1365 3354 nobis
1413 3298 1670 3356 inveniat
1708 3316 1904 3357 suum.
1937 3270 1980 3338 α
2019 3305 2147 3361 quae
2178 3290 2353 3348 habet
2382 3293 2806 3366 speculatorem
2838 3293 3046 3363 Deum,
3078 3299 3135 3352 et
3162 3295 3223 3351 in
3245 3298 3520 3354 manibus
3537 3296 3647 3368 ejus

252 3390 688 3446 Contendamus
718 3388 790 3445 ad
820 3387 965 3443 illud
996 3392 1299 3455 aeternum,
1332 3388 1404 3444 ad
1452 3386 1595 3445 illud
1618 3389 1907 3445 'divinum

253 3476 549 3534 evolemus
577 3476 786 3550 pennis
814 3474 1166 3542 dilectionis,
1199 3479 1257 3532 et
1286 3476 1535 3551 remigio
1581 3476 1904 3535 charitatis.

252 3565 578 3639 Surgamus
642 3564 802 3634 hinc,
872 3565 982 3621 hoc
1023 3568 1132 3632 est,
1185 3565 1257 3621 de
1296 3564 1679 3623 smeularibus
1730 3571 1908 3639 atque

254 3652 592 3711 mundanis.
642 3653 796 3709 Dixit
839 3654 997 3709 enim
1054 3653 1378 3711 Dominus:
1437 3654 1675 3726 Surgite,
1721 3671 1905 3712 eamus

256 3743 389 3798 hinc
435 3742 614 3815 (Joan.
664 3757 782 3809 xxv,
828 3740 941 3813 2i),
996 3741 1335 3815 praecipiens
1383 3747 1448 3799 ut
1494 3743 1906 3817 unusquisque

253 3834 458 3904 surgat
488 3830 558 3886 de
597 3827 862 3897 terrenis,
890 3828 1078 3902 erigat
1094 3828 1354 3886 animam
1394 3830 1561 3886 humi
1585 3832 1903 3903 jacentem,

254 3921 326 3978 ad
357 3935 613 3993 superna
636 3917 882 3986 attollat,
915 3918 1123 3973 excitet
1156 3918 1416 3990 aquilam
1443 3936 1633 3989 suam,
1667 3924 1725 3976 et
1743 3919 1904 3977 illam

254 4008 514 4081 aquilam
572 4009 643 4064 de
700 4024 819 4080 qua
875 4006 1097 4065 dictum
1147 4012 1273 4064 est:
1333 4009 1705 4065 Renovabitur
1761 4012 1905 4067 sicut

254 4099 459 4171 aquila
505 4098 765 4170 juventus
794 4101 891 4152 tua
922 4097 1090 4168 (Psal.
1125 4113 1223 4163 cu,
1272 4098 1349 4169 5).
1385 4098 1471 4153 Ad
1504 4097 1763 4156 animam
1795 4099 1904 4156 hoc

254 4187 476 4244 dictum
506 4190 613 4243 est.
646 4187 858 4242 Anima
886 4202 1023 4259 ergo
1062 4187 1208 4243 891
1268 4191 1468 4243 nostra
1509 4187 1661 4244 sicut
1709 4188 1907 4261 aquila

255 4276 369 4333 alta
382 4280 558 4350 petat,
593 4292 776 4347 supra
801 4276 986 4331 nubes
1015 4274 1190 4344 volet,
1211 4276 1506 4334 renovatis
1535 4277 1907 4350 splendescat

252 4365 495 4432 exuviis,
528 4363 671 4420 cmlo
700 4362 928 4420 volatus
959 4363 1190 4432 inferat,
1223 4365 1325 4420 ubi
1362 4364 1603 4437 laqueos
1649 4366 1905 4423 incidere

254 4471 369 4510 non
400 4453 605 4526 possit.
654 4452 790 4508 Avis
833 4452 991 4507 enim
1024 4468 1151 4524 quae
1202 4453 1505 4509 descendit
1554 4471 1623 4510 ex
1642 4454 1782 4523 alto,
1815 4455 1903 4511 vel

252 4559 381 4615 quae
412 4541 471 4596 in
504 4540 687 4596 altum
722 4556 783 4596 se
814 4539 1088 4597 extollere
1133 4558 1247 4597 non
1296 4545 1511 4613 potest,
1571 4542 1906 4616 frequenter

2018 3383 2126 3449 est,
2160 3380 2314 3437 sicut
2337 3380 2537 3438 anima
2556 3382 2914 3456 prophetica,
2948 3400 3076 3457 quae
3103 3384 3164 3441 in
3219 3385 3498 3444 manibus
3555 3386 3645 3441 Do-

2016 3469 2163 3525 mini
2219 3472 2668 3529 commendatur
2720 3475 2788 3528 ut
2839 3470 3086 3547 spiritus
3114 3475 3287 3544 (Psal.
3323 3494 3455 3543 xxx,
3487 3473 3559 3547 6),
3596 3476 3645 3527 et

2017 3574 2145 3630 quae
2174 3559 2235 3614 in
2266 3563 2583 3633 conspectu
2612 3560 2713 3618 Dei
2743 3565 2870 3618 est:
2901 3556 3063 3619 Oculi
3080 3565 3230 3620 enim
3257 3565 3481 3622 Domini
3504 3576 3647 3634 super

2006 3648 2182 3720 justas
2211 3647 2386 3720 (Psal.
2416 3644 2614 3720 x'xitm,
2651 3650 2758 3723 16),
2791 3644 2945 3707 sicut
2974 3652 3033 3708 et
3060 3651 3184 3725 ipse
3223 3650 3346 3712 ait:
3379 3654 3487 3724 Ego
3510 3665 3643 3708 eram

2015 3731 2077 3792 in
2105 3738 2276 3793 oculis
2305 3740 2422 3812 ejus
2453 3746 2719 3811 tanquam
2748 3734 3034 3798 inveniens
3060 3759 3251 3815 pacem
3299 3743 3480 3817 (Cant.
3534 3754 3641 3807 vui,

2012 3825 2124 3899 18).
2157 3826 2347 3883 Bonas
2377 3831 2568 3885 turres
2598 3828 2774 3885 habet
2801 3846 2928 3904 quae
2957 3830 3135 3887 habet
3171 3835 3231 3888 et
3259 3832 3334 3889 de
3390 3827 3642 3901 intelligi-

2013 3913 2233 3971 bilibus
2288 3917 2556 3987 verbum,
2611 3922 2670 3975 et
2733 3918 2806 3974 de
2863 3916 3186 3976 moralibus
3265 3919 3638 3994 disciplinam.

2014 4003 2266 4076 Ideoque
2296 4005 2419 4061 haec
2448 4006 2647 4063 anima
2677 4005 2901 4065 habens
2929 4008 3182 4083 gratiam
3233 4026 3478 4066 suorum
3519 4005 3640 4062 ube-

2013 4110 2146 4150 rum
2177 4093 2506 4169 ingreditur
2534 4095 2593 4151 in
2623 4095 2845 4166 hortos,
2872 4098 2931 4153 et
2958 4096 3264 4154 inveniens
3295 4098 3416 4155 illic
3472 4097 3636 4169 Spon-

2014 4186 2148 4238 sum
2178 4182 2480 4239 sedentem
2523 4185 2580 4239 et
2623 4184 3026 4256 disputantem
3077 4202 3212 4243 cum
3263 4186 3488 4255 amicis,
3534 4183 3637 4239 ait:

2014 4273 2121 4347 Qui
2148 4270 2296 4328 sedes
2325 4273 2387 4328 in
2421 4270 2615 4341 hortis,
2644 4288 2826 4329 vocem
2854 4280 3010 4329 tuam
3038 4268 3268 4331 insinua
3316 4276 3458 4333 mihi
3498 4269 3634 4345 (Ibid.

2015 4360 2125 4434 13).
2173 4361 2325 4430 Mihi,
2384 4360 2598 4435 inquit,
2647 4378 2762 4419 non
2811 4362 3228 4437 amicis._Fuge
3278 4368 3454 4437 frater
3505 4374 3636 4418 metu

2013 4444 2170 4521 (Ibid.
2204 4450 2313 4519 14).
2376 4449 2651 4506 Hortatur
2688 4454 2755 4506 ut
2802 4449 2990 4524 fugiat
3027 4452 3314 4524 Sponsus,
3358 4452 3493 4526 quia
3524 4450 3632 4521 jam

2013 4538 2180 4611 sequi
2212 4541 2404 4612 potest
2430 4539 2609 4596 etiam
2663 4537 2796 4619 ipsa
2834 4543 3067 4598 terrena
3114 4540 3451 4615 fugientem.
3502 4536 3635 4596 Dicit

253 4635 355 4687 aut
381 4627 608 4701 laqueis
638 4628 886 4699 capitur,
918 4632 1018 4683 aut
1045 4628 1201 4685 visco
1235 4628 1479 4698 fallitur,
1512 4635 1617 4686 aut
1658 4631 1905 4705 quibus-
1934 4622 1991 4707 D‘
2012 4633 2209 4684 autem
2238 4631 2305 4683 ut
2327 4627 2537 4684 similis
2568 4627 2645 4684 sit
2674 4626 2948 4700 damulaa,
2964 4645 3095 4701 quae
3119 4630 3315 4687 evadit
3327 4632 3395 4687 de
3412 4627 3629 4685 retibus.

251 4734 484 4791 cunque
536 4715 796 4771 irretitur
855 4715 1109 4771 insidiis.
1160 4715 1253 4772 Sic
1304 4733 1541 4789 quoque
1589 4723 1647 4774 et
1708 4720 1906 4779 anima

252 4811 454 4864 nostra
482 4808 682 4862 caveat
710 4805 782 4861 ad
828 4802 950 4859 haec
1002 4804 1304 4860 mundana
1360 4806 1731 4865 descendere.
1795 4811 1902 4866 La-

251 4913 440 4970 queus
470 4899 561 4953 est
588 4894 648 4950 in
680 4910 843 4961 auro,
867 4882 1060 4949 viscus
1089 4891 1148 4947 in
1172 4898 1433 4965 argento,
1466 4911 1649 4953 nexus
1675 4899 1734 4955 in
1757 4915 1900 4972 pree-

249 4986 369 5055 dio,
400 4985 605 5042 blavus
636 4982 816 5041 estin
865 4996 1083 5039 amore.
1142 4981 1293 5039 Dum
1351 4999 1565 5040 aurum
1622 4989 1900 5060 petimus,

248 5074 689 5149 strangulamur
720 5091 733 5130 :
767 5072 909 5129 dum
939 5075 1249 5145 argentum
1281 5072 1620 5146 quaerimus,
1654 5076 1714 5133 in
1744 5078 1901 5136 visco

319 5210 431 5290 (11)
460 5218 608 5273 Edit.
650 5217 1046 5291 omnes,_dum
1074 5219 1270 5291 tentat._
1300 5212 1439 5291 Mss.
1487 5233 1518 5273 e
1584 5220 1895 5291 contrario,

247 5287 380 5361 dum
414 5287 681 5361 tentatur.
718 5287 969 5360 Intelligi
1017 5293 1210 5361 autem
1257 5288 1352 5345 hic
1401 5293 1593 5361 potest
1632 5287 1899 5348 mulieris

249 5359 428 5433 decus
454 5360 544 5415 vel
573 5360 822 5425 formam
855 5359 1091 5433 tentari,
1118 5376 1275 5433 cum
1318 5359 1467 5433 quis
1518 5377 1638 5433 suae
1696 5361 1898 5419 virtuti

248 5429 499 5506 nimium
531 5447 811 5506 arrogans
834 5430 904 5485 ad
919 5429 1093 5506 illam
1114 5429 1408 5488 incautius
1440 5448 1507 5486 ac
1530 5432 1899 5506 frequentius

251 5501 523 5555 accedere
554 5501 1057 5556 non’reformidat.

321 5569 436 5641 (12)
470 5568 736 5647 l‘lerique
765 5588 932 5638 mss.,
959 5587 1084 5642 quam
1111 5573 1258 5628 velut
1287 5582 1493 5629 vermes
1513 5574 1740 5647 quidam
1769 5579 1896 5635 ani-

249 5654 418 5706 mam,
441 5643 552 5693 etc.
1520 5643 1537 5647 “
1694 5654 1700 5660 “

322 5708 432 5780 (13)
490 5707 707 5765 Omnes
761 5709 896 5766 edii.
956 5727 1081 5782 quae
1144 5712 1511 5784 praetenditur
1562 5717 1621 5771 in
1674 5721 1892 5777 castris.

2011 4716 2148 4772 Vult
2194 4716 2349 4775 898
2396 4716 2554 4775 enim
2601 4719 2661 4773 et
2700 4716 2831 4790 ipsa
2874 4717 3074 4791 fugere
3122 4722 3177 4774 et
3204 4712 3441 4777 evolare
3479 4726 3632 4786 supra

2010 4807 2323 4863 mundum.
3586 4876 3589 4879 _

2080 4892 2169 4952 19.
2203 4892 2350 4952 Hinc
2408 4895 2648 4951 hortum
2702 4892 2870 4952 illum
2928 4894 3041 4954 sibi
3099 4895 3271 4953 Plato'
3308 4886 3626 4968 composuit:

2010 4983 2186 5057 quem
2215 4983 2376 5041 Jovis
2404 4984 2643 5041 hortum
2674 4983 2834 5055 alibi,
2869 4983 3009 5041 alibi
3038 4980 3274 5042 hortum
3306 4983 3509 5044 mentis
3551 4974 3627 5051 (14

2009 5073 2342 5146 appellavit.
2372 5073 2577 5130 Jovem
2606 5070 2764 5130 enim
2795 5076 2853 5130 et
2881 5073 3058 5131 deum
3087 5079 3144 5132 et
3172 5078 3428 5132 mentem
3469 5066 3624 5127 totius

2008 5209 2225 5275 omnes
2273 5222 2443 5293 11:93,,
2490 5210 2621 5290 quat
2660 5210 2957 5293 praetendit
2990 5217 3064 5293 in
3375 5210 3532 5283 Bene,

2007 5293 2202 5347 mente
2245 5277 2542 5364 suppleas,
2592 5277 3028 5364 tabernaculum,
3075 5286 3188 5361 Vel,
3230 5277 3531 5364 conopeum,
3572 5277 3620 5335 id

2006 5365 2119 5433 est,
2151 5377 2279 5433 quae
2298 5360 2457 5433 degit
2480 5360 2540 5433 in
2558 5360 2794 5433 castris.
2914 5424 2919 5433 ,
3336 5360 3376 5385 ’”
3438 5420 3443 5431 ,

2101 5403 2115 5431 ,
2192 5377 2279 5415 uae
2298 5377 2457 5435 uegit
2480 5377 2540 5416 1n
2556 5377 2794 5443 caetris.
2822 5432 2827 5436 ἢ
2914 5424 2919 5433 η
3160 5424 3165 5435 η
3257 5435 3268 5449 ⁸
3336 5377 3343 5385 ί
3438 5420 3443 5431 ,

2099 5377 2189 5511 113
2206 5426 2413 5511 Codex
2436 5431 2650 5511 {tibiai
2668 5428 2817 5511 alter
2841 5432 3062 5511 hortum
3108 5424 3359 5511 Martis”.
3389 5434 3438 5489 et
3476 5429 3620 5511 ρῳηξ

2003 5490 2320 5561 etllartem.
2358 5502 2568 5561 Melius
2609 5491 2856 5573 Hemig"
2891 5498 3113 5563 hortum
3152 5500 3416 5562 mentis...
3440 5490 3620 5573 ipim

2003 5520 2320 5561 etuarzem.
2359 5520 2568 5561 melius
2610 5520 2773 5573 item:
2818 5546 2856 5572 .,
2891 5520 3113 5563 hortum
3152 5520 3416 5562 mentis...
3463 5520 3619 5571 ιρυετιο

2001 5576 2204 5632 etenim
2232 5574 2415 5644 deum,
2434 5572 2500 5646 et
2520 5570 2756 5646 mentem
2775 5520 3001 5646 initum
3030 5580 3229 5636 mentis
3243 5577 3402 5635 dixit.
3420 5566 3619 5646 Optimé

2004 5646 2237 5720 reliqui,
2271 5642 2508 5709 a’C‘ed‘it.
2544 5642 2611 5704 ut
2639 5648 2700 5705 in
2728 5642 2909 5705 textu.
3304 5714 3309 5720 _
3463 5642 3483 5646 ⁷
3572 5691 3577 5695 η
