3850 6214
199 345 319 413 δυ

1418 343 1649 404 LIBER
1690 343 1792 405 DE
1835 341 2046 415 BONO
2092 343 2408 411 MORTIS.

3484 350 3605 419 5'18

200 475 414 539 mundi
436 475 690 539 dixitJn
714 475 873 537 hunc
892 476 1168 547 introisse
1191 472 1473 543 animum,
1495 474 1857 549 quamVene-
1880 474 1938 552 ,Α
1967 473 2126 533 velut
2155 475 2325 532 melle
2354 480 2635 541 curantur
2663 478 2927 550 quadam
2957 477 3202 539 vulnera
3237 480 3603 541 delictorum.

196 566 329 623 rem
361 569 686 639 nuncupat,
723 570 787 625 ut
816 582 880 625 se
907 566 1272 645 abundantia
1312 571 1370 625 et
1417 566 1636 633 divitiis
1675 565 1855 637 huius

198 652 358 709 horti
388 653 656 727 repleret,
692 654 751 711 in
783 671 898 727 quo
928 654 1186 728 repletus
1216 658 1357 730 potu
1398 656 1623 725 jaceret
1652 671 1852 727 porus,

198 741 303 814 qui
363 748 564 803 nectar
605 744 721 816 (15)
780 744 1119 803 eﬂ'underet.
1170 744 1294 803 Hoc
1350 743 1534 817 igitur
1588 758 1658 803 ex
1702 741 1856 805 libro

196 831 581 891 Canticorum
615 832 961 905 composuit,
995 849 1062 890 eo
1094 832 1250 905 quod
1280 832 1480 891 anima
1513 831 1632 889 Deo
1663 831 1855 889 adhae-

198 934 343 981 rens
373 920 432 979 in
458 919 697 979 hortum
746 921 961 979 mentis
1010 920 1283 994 ingressa
1323 921 1422 999 sit,
1464 921 1527 977 in
1557 937 1673 992 quo
1703 922 1859 977 esset

197 1008 567 1087 abundantia
590 1009 965 1069 diversarum
996 1011 1304 1079 virtutum,
1325 1011 1615 1082 ﬂoresque
1642 1025 1858 1067 sermo-

194 1115 374 1159 num.
424 1099 567 1164 Quis
607 1104 805 1156 autem
849 1100 1084 1173 ignorat
1132 1100 1286 1173 quod
1320 1116 1389 1161 ex
1434 1100 1709 1173 paradiso
1734 1097 1853 1165 illo,

198 1203 383 1258 quem
415 1187 671 1261 legimus
702 1188 760 1244 in
792 1188 1001 1247 Genesi
1034 1189 1345 1247 habentem
1364 1188 1597 1261 lignum
1616 1188 1768 1254 vitae,
1799 1192 1858 1243 et

194 1274 436 1348 lignum
467 1276 721 1333 scientiae
753 1278 887 1334 boni
908 1282 967 1335 et
998 1277 1135 1337 mali
1166 1277 1318 1349 (Gen.
1372 1294 1437 1345 ll,
1475 1277 1553 1347 9),
1612 1281 1670 1334 et
1697 1276 1858 1349 ligna

162 1369 447 1436 «Metam,
490 1366 930 1427 abundantiam
977 1367 1258 1429 virtutum
1307 1367 1597 1439 putaverit
1624 1366 1861 1427 transfe-

201 1453 544 1521 rendam,et
563 1455 622 1510 in
650 1454 820 1512 horto
851 1455 1062 1514 mentis
1083 1471 1212 1513 esse
1230 1455 1611 1528 plantandum
1627 1456 1654 1510 ?
1681 1471 1856 1528 quem

200 1542 261 1597 in
294 1540 564 1599 Canticis
622 1544 984 1603 canticorum
1043 1544 1319 1602 Salomon
1367 1544 1604 1603 hortum
1649 1544 1856 1603 animae

200 1626 584 1702 signiﬁcavit,
625 1631 713 1688 vel
737 1631 927 1704 ipsam
961 1632 1243 1689 animam.
1269 1632 1365 1688 Sic
1389 1633 1855 1706 enimscriptum

202 1722 329 1775 est:
360 1720 564 1779 Hortus
593 1721 834 1788 clausus,
864 1736 1017 1779 soror
1043 1737 1167 1778 mea
1215 1737 1435 1793 sponsa,
1487 1723 1677 1780 hortus
1705 1722 1857 1781 clau-

201 1822 319 1875 sus,
374 1810 504 1879 fons
548 1810 798 1880 signatus
889 1811 1330 1870 transmissiones
1393 1819 1500 1868 tuae
1563 1810 1859 1882 paradisus

204 1897 371 1970 (Cant
427 1914 507 1969 iv,
563 1898 634 1956 t2
691 1898 883 1970 e113).
940 1899 1012 1955 Et
1066 1899 1222 1959 infra
1248 1898 1328 1955 ait
1375 1899 1607 1958 anima:
1638 1901 1884 1969 Exurge

202 1988 414 2063 aquilo,
444 1996 497 2047 et
525 1990 669 2056 veni,
723 1996 927 2056 auster,
977 1989 1154 2061 per/la
1202 1989 1422 2047 hortum
1450 2005 1655 2060 meum,
1680 1993 1737 2051 et
1764 1988 1857 2049 de-

206 2077 385 2145 fluant
439 2079 723 2147 unguenta
778 2092 900 2132 mea
954 2076 1113 2148 (Ibid.
1178 2077 1288 2150 16).
1321 2076 1622 2135 Descendat
1682 2081 1859 2150 frater

207 2181 355 2222 meus
413 2167 479 2220 in
533 2165 751 2222 hortum
802 2181 967 2222 suum
1021 2168 1183 2239 (Cant
1232 2183 1288 2237 v,
1349 2167 1424 2232 4).
1493 2167 1719 2231 Quanto
1748 2166 1856 2225 hoc

206 2252 518 2326 pulchrius
571 2255 727 2327 quod
784 2254 984 2311 anima
1032 2258 1237 2311 ornata
1290 2255 1577 2313 virtutum
1616 2255 1858 2313 ﬂoribus

208 2340 410 2400 hortus
443 2343 545 2413 sit,
576 2340 664 2403 vel
685 2342 747 2399 in
797 2358 859 2399 se
897 2336 1238 2415 paradisum
1285 2343 1500 2414 habeat
1527 2343 1858 2414 germinan-

208 2431 360 2505 tem!
393 2431 463 2490 In
497 2448 674 2505 quem
709 2432 943 2489 hortum
975 2432 1184 2491 invitat
1210 2431 1470 2490 Verbum
1500 2432 1603 2491 Dei
1624 2433 1859 2491 descen-

209 2520 361 2589 dere,
395 2524 469 2578 ut
499 2520 696 2577 anima
745 2520 849 2578 illa
894 2520 1068 2578 Verbi
1125 2521 1313 2591 imbre
1366 2520 1607 2590 cmlesti,
1639 2526 1698 2579 et
1727 2522 1856 2595 ejus

211 2609 387 2682 cepiis
416 2609 667 2683 irrigata
692 2610 1278 2667 fructificet.Verbum
1305 2613 1504 2667 autem
1537 2611 1635 2667 Dei
1668 2611 1857 2684 pasci-

209 2702 304 2753 tur
331 2698 550 2755 animas
577 2699 895 2756 virtutibus
944 2700 1176 2771 quoties
1224 2699 1592 2757 obedientem
1641 2700 1754 2756 sibi
1802 2705 1859 2757 et

211 2788 467 2859 opimam
496 2787 802 2859 invenerit,
833 2792 892 2844 et
918 2788 1103 2860 carpit
1132 2788 1358 2844 fructus
1378 2788 1529 2860 ejus,
1562 2791 1737 2861 atque
1765 2788 1860 2845 his

211 2876 551 2934 delectatur.
602 2876 748 2933 Cum
805 2880 1000 2933 autem
1059 2877 1429 2934 descenderit
1480 2879 1540 2933 in
1596 2893 1725 2934 eam
1756 2877 1857 2934 Dei

212 2967 495 3036 Verbum,
526 2966 796 3022 deﬂuunt
823 2983 893 3022 ex
921 2982 990 3022 ea
1019 2965 1346 3022 salubrium
1397 2956 1697 3038 unguenta
1731 2982 1858 3023 ver-

210 3055 434 3123 borum,
472 3057 851 3113 deversarum
882 3055 1133 3128 ﬂagrant
1146 3054 1318 3128 longe
1340 3054 1574 3126 lateque
1594 3054 1859 3111 redolen-

212 3145 290 3201 tia
317 3146 646 3219 gratiarum
678 3143 1016 3217 spiramina.

1966 565 2315 621 Sermonum
2345 569 2543 627 autem
2574 567 2736 624 cibos
2791 583 2920 625 esse
2964 568 3133 627 docet
3179 574 3237 626 et
3278 569 3418 631 alibi
3444 571 3607 629 Salo-

1966 671 2102 710 mon
2129 654 2360 710 dicens:
2392 658 2533 713 Favi
2561 657 2743 713 mellis
2772 672 3043 715 sermones
3075 659 3202 716 boni
3255 662 3444 729 (Prov.
3487 678 3603 729 xvi,

1961 743 2075 813 24).
2110 744 2174 799 In
2204 743 2303 801 illo
2334 760 2470 818 ergo
2518 744 2686 802 horto
2730 762 3030 803 sermones
3076 747 3212 805 boni
3262 752 3424 816 sunt,
3455 749 3606 811 alius

1954 831 2067 903 qui
2100 832 2332 904 culpam
2364 838 2641 902 coerceat,
2676 834 2827 891 alius
2867 835 2967 907 qui
3012 836 3381 908 iniquitatem
3429 839 3606 896 corri-

1965 920 2109 993 piat,
2141 920 2290 977 alius
2335 922 2432 993 qui
2483 923 2631 980 mori
2683 923 2857 980 faciat
2911 925 3069 983 399
3128 925 3519 995 insolentiam,
3552 932 3609 989 et

1962 1009 2123 1065 velut
2152 1010 2395 1083 sepeliet
2421 1028 2573 1078 eam,
2607 1012 2839 1084 quando
2869 1019 3170 1086 correptus
3200 1015 3416 1087 aliquis
3448 1033 3607 1073 erro-

1966 1099 2130 1155 ribus
2158 1100 2282 1155 suis
2314 1101 2626 1155 renuntiat.
2662 1102 2765 1156 Est
2810 1102 2986 1157 etiam
3035 1119 3227 1159 sermo
3276 1104 3479 1163 fortior
3506 1104 3609 1177 qui

1965 1188 2273 1244 conﬁrmat
2300 1203 2399 1244 cor
2422 1188 2675 1247 hominis
2724 1188 3106 1246 validioribus
3144 1192 3456 1264 Scripturas
3496 1210 3609 1255 co:-

1966 1276 2127 1332 lestis
2160 1276 2477 1332 alimentis.
2508 1279 2608 1333 Est
2637 1278 2812 1334 etiam
2844 1293 3037 1335 sermo
3068 1280 3391 1347 suasorius,
3415 1264 3608 1357 dulcis

1966 1372 2032 1422 ut
2062 1367 2196 1439 mel,
2220 1370 2278 1422 et
2304 1371 2501 1421 tamen
2550 1367 2870 1437 peccatoris
2916 1368 3330 1425 conscientiam
3378 1369 3438 1425 in
3482 1370 3611 1442 ipsa

1968 1457 2251 1513 suavitate
2281 1470 2697 1528 compungens.
2733 1456 2832 1511 Est
2862 1456 3037 1511 etiam
3088 1456 3451 1514 ferventioris
3490 1460 3607 1533 spi-

1969 1546 2114 1601 ritus
2136 1561 2350 1611 sermo,
2384 1543 2483 1615 qui
2512 1542 2762 1598 inebriat
2810 1543 2963 1599 sicut
3006 1544 3231 1615 vinum,
3277 1549 3334 1602 et
3377 1563 3476 1603 cor
3504 1547 3609 1604 ho-

1968 1634 2146 1690 minis
2172 1632 2443 1688 ]zetilicat.
2480 1633 2582 1688 Est
2610 1632 2784 1686 etiam
2820 1631 3045 1689 lacteus
3088 1650 3301 1701 sermo,
3331 1653 3517 1708 purus
3555 1642 3612 1693 et

1969 1722 2398 1779 candidus.Hos
2429 1722 2590 1777 cibos
2619 1720 2880 1776 dulcium
2904 1721 3255 1797 utiliumque
3271 1742 3609 1795 sermonum

1969 1811 2292 1885 epulandos
2322 1815 2585 1883 Sponsus
2616 1810 2897 1881 proximis
2928 1810 3053 1867 suis
3082 1811 3226 1868 dicit
3248 1830 3261 1868 :
3283 1813 3460 1882 Edite,
3481 1832 3612 1887 pro-

1968 1903 2118 1959 ximi
2145 1903 2278 1968 mei,
2296 1909 2346 1956 et
2378 1901 2545 1956 bibite
2572 1907 2622 1955 el
2655 1900 3033 1970 inebriamini,
3063 1902 3261 1972 fratres
3288 1904 3399 1960 mei
3423 1902 3609 1976 (οαηι,

1967 2009 2020 2059 ν,
2056 1992 2128 2062 1).
2161 1989 2413 2051 Proximi
2441 1993 2632 2045 autem
2667 1993 2806 2044 sunt
2834 1989 2935 2061 qui
2984 2005 3119 2046 eum
3171 1995 3521 2065 sequuntur,
3552 1998 3611 2049 et

1967 2080 2188 2153 nuptiis
2217 2080 2345 2151 ejus
2377 2080 2687 2134 intersunt.
2741 2079 2864 2142 Quo
2922 2078 3051 2134 cibo
3100 2084 3157 2135 et
3197 2084 3339 2153 potu
3394 2081 3614 2155 repleta

1967 2168 2165 2225 anima
2195 2166 2365 2240 (bibit
2392 2165 2550 2224 enim
2583 2167 2992 2239 unusquisque
3025 2184 3238 2239 aquam
3271 2171 3342 2226 de
3373 2170 3497 2227 suis
3518 2188 3613 2227 va—

1966 2258 2070 2325 sis,
2105 2259 2162 2312 et
2191 2256 2263 2313 de
2294 2259 2603 2329 puteorum
2654 2271 2898 2311 suorum
2950 2256 3231 2325 fontibus)
3280 2263 3456 2329 atque
3482 2260 3610 2316 ine-

1965 2345 2173 2414 briata,
2207 2343 2417 2402 saeculo
2449 2344 2795 2413 dormiebat,
2841 2344 3121 2417 vigilabat
3163 2346 3300 2402 Deo.
3359 2348 3427 2405 Et
3458 2347 3608 2419 ideo,

1967 2435 2120 2492 sicut
2148 2434 2468 2508 posteriora
2499 2434 2730 2502 docent,
2764 2434 2975 2507 aperiri
3008 2434 3119 2491 sibi
3162 2435 3316 2493 Deus
3356 2436 3610 2497 Verbum

1966 2526 2093 2598 ejus
2121 2524 2365 2596 januam
2413 2520 2764 2595 postulabat,
2812 2527 2876 2577 ut
2915 2539 3042 2579 eam
3085 2541 3192 2581 suo
3241 2524 3488 2598 repleret
3516 2527 3611 2589 in-

1965 2629 2190 2687 gressu.

2035 2702 2125 2757 2i.
2160 2700 2305 2756 Hinc
2336 2716 2472 2773 ergo
2502 2699 2834 2773 epulatores
2860 2700 2944 2756 illi
2988 2699 3290 2769 Platonici,
3340 2702 3476 2760 hinc
3509 2721 3610 2762 ne-

1968 2796 2090 2848 ctar
2116 2789 2260 2846 illud
2291 2807 2359 2847 ex
2386 2789 2520 2845 vino
2548 2792 2605 2845 et
2632 2788 2803 2846 melle
2828 2782 3185 2863 prophetico,
3207 2790 3345 2847 hinc
3366 2788 3610 2850 somnus

1968 2879 2067 2936 ille
2095 2877 2418 2935 translatus
2446 2881 2554 2945 est,
2606 2877 2743 2933 hinc
2791 2877 2907 2934 vita
2953 2877 3055 2933 illa
3099 2876 3609 2954 perpetua,'quam

1968 2971 2107 3027 deos
2138 2986 2277 3024 suos
2324 2967 2469 3023 dixit
2523 2966 2771 3039 epulari,
2830 2967 2968 3040 quia
3026 2968 3294 3026 Christus
3350 2971 3606 3027 vitaeet.

1969 3059 2220 3130 Ideoque
2250 3055 2455 3112 talium
2488 3071 2829 3111 sermonum
2874 3055 3201 3112 seminibus
3246 3057 3454 3113 anima:
3484 3061 3613 3130 ejus

1970 3145 2227 3219 repletus
2256 3148 2346 3201 est
2375 3149 2593 3212 venter,
2626 3150 2800 3215 atque
2833 3144 2961 3215 ipsa
2980 3145 3155 3200 exivit
3185 3147 3242 3201 in
3265 3147 3612 3212 Verbo.Quae

278 3237 366 3290 20.
398 3234 574 3291 Unde
604 3233 687 3289 ait
715 3231 1275 3306 Sponsus(Sponsus
1304 3236 1499 3289 autem
1531 3231 1737 3293 animai
1757 3232 1860 3290 Dei
1886 3220 1933 3288 C
1971 3240 2165 3292 autem
2201 3233 2319 3291 exit
2349 3232 2547 3289 anima
2585 3249 2620 3288 a
2677 3233 2911 3288 servitio
2969 3234 3101 3302 isto,
3159 3239 3216 3290 et
3272 3235 3457 3291 elevat
3482 3254 3546 3292 se
3578 3254 3611 3292 a

212 3322 456 3380 Verbum
501 3327 612 3390 est,
646 3323 740 3379 cui
772 3322 971 3379 anima
1000 3320 1265 3394 legitimo
1295 3322 1551 3393 quodam
1581 3322 1861 3380 connubii

213 3412 414 3470 ibedere
443 3411 785 3485 cepulatur)
810 3427 823 3467 ε
857 3412 1140 3481 Ingressus
1167 3427 1293 3467 sum
1320 3412 1382 3467 in
1413 3411 1631 3469 hortum
1655 3427 1858 3481 meum,

216 3518 359 3559 soror
399 3518 542 3559 mea
569 3516 767 3574 sponsa
794 3499 1135 3557 vindemian
1182 3499 1472 3572 myrrham
1524 3515 1705 3557 meam
1738 3517 1863 3557 cum

214 3592 512 3664 unguentis
536 3592 675 3647 meis
698 3586 1028 3647 manducavi
1071 3603 1274 3661 panem
1321 3604 1508 3645 meum
1550 3580 1676 3645 cum
1699 3590 1864 3647 melle

214 3696 340 3747 me,
367 3681 489 3737 bibi
518 3680 711 3736 vinum
735 3693 915 3734 meum
943 3693 1069 3733 cum
1096 3677 1231 3734 lacte
1272 3693 1411 3734 meo.
1460 3677 1635 3749 Edita,
1664 3680 1860 3751 proxi-

218 3771 290 3824 mi
313 3772 438 3838 mei,
499 3775 555 3825 et
610 3768 775 3823 bibite
826 3770 880 3823 et
934 3767 1298 3823 inebriamini
1336 3769 1540 3839 fratres
1578 3770 1706 3824 mei.
1741 3771 1861 3837 Ego

225 3857 440 3929 dormio,
469 3863 526 3914 et
558 3873 652 3914 cor
667 3872 849 3912 meum
895 3856 1093 3927 vigilat
1116 3854 1282 3926 (Cant
1317 3871 1374 3924 v,
1420 3856 1473 3911 1.
1523 3856 1600 3929 2).
1634 3857 1860 3930 Cogno-

228 3961 449 4003 scamus
479 3962 633 4020 quos
663 3946 891 4001 fructus
919 3946 977 4000 et
1006 3944 1168 4001 cibos
1214 3943 1485 4017 epuletur
1506 3944 1684 4011 Deus,
1729 3945 1860 4018 qui—

230 4033 397 4091 busve
450 4034 795 4092 delectetur.
828 4032 1160 4091 Delectatur
1186 4049 1274 4101 eo,
1307 4032 1357 4089 si
1387 4033 1522 4105 quis
1553 4035 1881 4090 mortiﬂcet

229 4128 517 4193 peccatum
551 4128 750 4192 Suum,
783 4120 1075 4179 oblitteret
1101 4121 1335 4194 culpam
1373 4138 1565 4190 suam,
1620 4122 1864 4195 sepeliat

230 4215 390 4284 atque
417 4212 765 4270 abolefaciat
790 4211 1126 4284 iniquitates
1156 4226 1317 4268 suas.
1335 4211 1571 4286 Myrrha
1588 4211 1745 4268 enim
1775 4217 1865 4269 est

230 4301 521 4374 sepultura
549 4304 940 4357 mortuorum.
972 4300 1204 4357 Mortua
1221 4304 1419 4357 autem
1440 4305 1679 4374 peccata
1701 4305 1859 4371 sunt,

231 4404 346 4460 quae
373 4389 497 4448 vita:
528 4389 880 4448 suavitatem
911 4388 1126 4447 habere
1155 4406 1271 4446 non
1323 4390 1593 4463 posiaunt.
1628 4390 1864 4447 Perfun-

230 4475 438 4535 ‘duntur
465 4483 666 4537 autem
712 4478 895 4534 divini
938 4477 1231 4535 sermonis
1276 4478 1616 4551 unguentis,
1661 4479 1864 4535 etfor-

1969 3340 2230 3396 corpore,
2262 3322 2519 3378 Verbum
2544 3321 2830 3394 sequitur.

2084 3420 2087 3421 ν
2606 3426 2840 3483 CAPUT
2878 3428 2972 3484 Vl.

1956 3523 2068 3597 (Hic
2112 3521 2298 3576 omnia
2346 3519 2552 3597 laqueis
2587 3518 3007 3597 principaluum.
3051 3520 3328 3597 aeriarum
3373 3526 3432 3597 et
3456 3524 3611 3597 pote-

2038 3596 2241 3648 statum
2264 3590 2653 3662 mundiplena
2697 3604 2832 3645 esse.
2884 3589 3152 3662 Quomodo
3200 3592 3245 3646 ii
3272 3589 3610 3661 declinimdi,

2041 3664 2243 3737 quodve
2271 3663 2376 3718 iter
2404 3660 2644 3717 ad'illud
2686 3660 3045 3717 insistendum
3063 3661 3092 3716 ?

2037 3774 2131 3827 22.
2178 3770 2290 3826 Sed
2341 3772 2481 3824 sunt
2527 3765 2893 3840 principatus
2954 3768 3118 3835 aerii,
3186 3772 3243 3825 et
3297 3772 3614 3842 potestates

1970 3859 2198 3926 mundi,
2230 3859 2330 3930 qui
2364 3874 2471 3913 nos
2500 3854 2660 3912 velut
2689 3856 2759 3912 de
2790 3874 2958 3912 muro
2986 3857 3233 3930 dejicere
3250 3857 3459 3914 animae
3476 3859 3610 3930 (16),

1968 3948 2057 4005 vel
2089 3948 2371 4020 impedire
2393 3949 2547 4003 recte
2595 3946 2948 4019 gradientes,
2998 3945 3087 4002 vel
3136 3948 3207 4002 ad
3256 3946 3461 4002 altiora
3488 3951 3614 4002 ten-

1970 4037 2174 4093 dentes
2215 4039 2482 4108 quzerunt
2531 4034 2838 4105 deponere,
2872 4038 2929 4090 et
2960 4033 3032 4089 ad
3068 4038 3297 4090 terrena
3328 4052 3617 4094 revocare.

1971 4125 2083 4183 Sed
2115 4141 2222 4181 nos
2243 4123 2428 4178 multo
2461 4121 2649 4195 magis
2694 4121 2765 4176 ad
2817 4120 3093 4178 sublimia
3139 4127 3394 4179 mentem
3427 4124 3615 4197 eriga-

1971 4230 2127 4280 mus,
2158 4211 2760 4284 Verbumsequentes
2800 4209 2921 4265 Dei.
2970 4209 3059 4265 Illi
3109 4209 3474 4284 principatus
3505 4228 3616 4268 sai-

1973 4302 2193 4360 cularia
2221 4298 2777 4371 otl‘undunt,quibus
2806 4303 2969 4355 tuam
3004 4304 3258 4357 mentem
3280 4299 3614 4357 incurvent:

1972 4398 2113 4449 tunc
2144 4390 2334 4464 magis
2363 4389 2436 4446 ad
2494 4387 2815 4462 Christum,
2876 4388 3093 4459 anima,
3154 4389 3338 4463 dirige
3379 4406 3618 4464 gressus

1972 4486 2127 4539 tuos.
2174 4478 2450 4551 Injiciunt
2496 4474 2876 4551 cupiditatem
2931 4479 3080 4548 auri,
3128 4478 3374 4552 argenti,
3415 4480 3618 4536 vicinae

231 4565 367 4624 tiore
394 4567 519 4626 cibo
551 4566 713 4624 verbi
744 4567 903 4624 velut
949 4582 1119 4639 pane,
1170 4571 1229 4623 et
1275 4567 1541 4625 suaviore
1573 4568 1863 4626 sermonis
1892 4591 1940 4657 Ι)
1972 4567 2384 4644 possessionis,
2416 4572 2480 4623 ut
2506 4565 2874 4638 acquirendae
2903 4567 3031 4639 ejus
3061 4568 3250 4641 gratia
3300 4584 3539 4625 excuses
3563 4572 3621 4626 te

434 4745 707 4826 M_ira_hic
734 4746 796 4802 in
849 4762 992 4826 mss.
1057 4749 1233 4826 atque
1290 4746 1352 4802 in
1409 4746 1552 4826 edit.
1593 4746 1865 4826 varietas.

233 4809 373 4892 Alibi
389 4809 772 4892 'enim_,legas,
795 4821 954 4890 potus
983 4820 1081 4890 qui
1107 4809 1544 4892 nectarLalibi,
1596 4823 1733 4892 potu
1775 4820 1870 4892 qui

234 4888 850 4972 nectar-ralibiﬁnrum
894 4888 1243 4972 qui-nectar,
1293 4889 1433 4972 alibi
1479 4888 1752 4972 proprius
1781 4888 1866 4955 ad

236 4961 680 5034 sensum,_cadus
704 4961 1033 5034 purumqui
1058 4969 1265 5034 nectar.
1299 4961 1410 5017 Sed
1442 4961 1718 5019 omnibus
1763 4978 1867 5017 an-

237 5026 783 5104 it‘gpouendiVatfet
810 5026 968 5093 Vale.
990 5032 1050 5087 in
1080 5030 1318 5104 quibus.
1343 5034 1514 5104 Porus
1542 5035 1640 5104 qui
1656 5036 1869 5104 nectar,

241 5098 347 5177 εἶϐε
372 5100 649 5177 Memorat
671 5103 831 5160 enim
863 5098 1115 5177 sanctus
1132 5104 1320 5177 vires.
1349 5120 1476 5177 quae
1497 5098 1868 5176 inSymposio

237 5163 388 5248 Plato
415 5166 635 5248 scribit,
669 5190 911 5248 nempe
960 5175 1024 5231 in
1080 5174 1342 5248 convivio
1362 5163 1630 5248 ‘propter
1668 5163 1870 5232 natam

236 5234 501 5315 Venerem
546 5234 856 5305 celebrato.
884 5246 1098 5305 Porum
1145 5234 1521 5309 abundantiae
1569 5248 1767 5315 deum.
1801 5251 1870 5303 ut

238 5314 474 5371 nectaris
502 5318 803 5391 crapulam
836 5318 1262 5391 exhalaret,in
1310 5316 1545 5391 hortum
1593 5314 1869 5391 Jovisin-

238 5392 491 5463 gmssum
532 5388 919 5463 obdormisse,
952 5390 1038 5463 ad
1089 5388 1259 5463 cujus
1314 5388 1870 5463 latus__cum4Penia

235 5458 582 5574 Raupertatis
601 5461 713 5533 dea
739 5475 870 5517 sese
896 5458 1271 5529 admovisset,
1321 5459 1631 5533 gravidam.
1651 5461 1868 5521 factam

277 5533 484 5574 morem
534 5531 834 5574 namnimm
904 5531 1122 5574 Vnrnm
1170 5545 1304 5574 ωιτη
1355 5547 1469 5574 nnn
1514 5532 1746 5574 Pminm.
1803 5536 1868 5574 nt

235 5531 487 5599 Amorem
534 5531 854 5605 pepenisse.
904 5531 1125 5589 Verum
1170 5545 1308 5587 cum
1333 5531 1472 5587 'non
1512 5532 1764 5599 Peniam,
1800 5536 1871 5595 ut

419 5599 552 5678 edit.
590 5602 873 5678 reposuit,
906 5600 1008 5678 sed
1034 5605 1439 5678 [Μέθῃ-ἰιι
1485 5601 1612 5678 aliae
1639 5618 1866 5678 omnes,

233 5664 285 5723 et
311 5669 493 5733 cuncti
523 5664 677 5739 mea:
700 5664 1039 5753 mea
1070 5664 1668 5739 rhortuutintroivisse
1686 5664 1868 5748 dicat,

1972 4747 2204 4804 videtur
2231 4746 2451 4802 hancce
2482 4744 2742 4800 fabulam
2768 4762 2838 4802 ex
2868 4745 3153 4802 membris
3193 4749 3422 4802 tantum
3452 4762 3619 4802 enar-

1976 4836 2127 4887 rare,
2158 4833 2265 4875 nec
2296 4833 2411 4873 non
2457 4816 2580 4890 pori
2637 4816 2879 4890 nomine
2898 4816 3263 4890 intellexisse
3291 4835 3405 4874 non
3428 4818 3615 4890 deum

1976 4890 2256 4963 aliquem,
2289 4893 2348 4945 at
2376 4887 2571 4963 potius
2600 4887 2830 4963 alveum
2861 4889 2979 4945 sive
3010 4887 3291 4963 canalem,
3327 4888 3480 4963 unde
3519 4905 3619 4963 ne-

1976 4958 2159 5034 ctaris
2179 4962 2345 5034 rivus
2367 4958 2742 5034 dimanabat;
2775 4967 2927 5034 πόρος
2972 4960 3129 5034 enim
3166 4976 3279 5034 pro
3310 4958 3470 5016 alveo
3501 4959 3621 5015 sive

1977 5033 2165 5090 canali
2197 5032 2351 5103 apud
2384 5032 2659 5103 probatos
2691 5030 2956 5088 auctores
2986 5030 3297 5103 invenitur.

2049 5105 2164 5178 (16)
2196 5100 2339 5178 Mss.
2374 5100 2618 5178 aliquot,
2671 5103 3058 5178 velde_muro_
3075 5100 3338 5178 _d_e_jicere
3361 5102 3616 5178 gnimac.
3656 5162 3663 5175 ρ

1977 5170 2156 5243 Ιηὸικζ
2181 5174 2445 5230 demonte
2472 5170 2705 5246 dejicere
2745 5176 2805 5229 in
2853 5176 2982 5246 ima.
3039 5170 3248 5229 Melivs
3283 5170 3531 5246 reliqui,
3563 5178 3621 5229 et

1976 5247 2113 5305 edit.
2140 5242 2411 5319 Namque
2440 5242 2648 5319 alludit
2686 5245 2936 5319 cum_ad
2986 5259 3055 5300 ea
3100 5242 3615 5319 superiorisicap"

1983 5321 2110 5375 Vere
2127 5316 2331 5373 murus
2347 5318 2560 5384 anima,
2610 5320 2738 5371 tum
2787 5317 2859 5371 ad
2909 5332 3105 5388 prov.,
3138 5316 3317 5388 Furca
3364 5316 3447 5388 vel
3482 5319 3621 5388 Fur-

1976 5391 2122 5445 ciliis
2140 5389 2217 5459 ode
2243 5404 2401 5444 muro
2430 5388 2678 5460 dejicere.
2702 5387 2865 5451 Quod
2887 5386 3254 5460 proverbium
3281 5386 3432 5460 apud
3465 5387 3619 5443 Gree-

1977 5477 2076 5517 cos
2105 5460 2463 5542 Latinosque
2492 5463 2873 5542 pervagatum
2916 5475 3000 5542 ex.
3032 5473 3192 5542 more
3223 5465 3619 5542 propugnato-

1978 5547 2109 5587 rum
2143 5529 2306 5602 urbis
2335 5529 2585 5602 o'bses‘sae
2616 5529 2811 5585 ortum
2842 5530 3029 5586 duxit.
3058 5530 3144 5602 _Hi
3188 5529 3481 5602 siquidem
3520 5545 3619 5586 eos

1977 5601 2344 5677 exhostibus
2391 5600 2738 5677 qui‘_m_uros
2784 5600 3175 5677 conscendere
3204 5600 3616 5677 moliebantur,

1981 5672 2245 5736 solebant
2273 5672 2455 5735 mrcis
2483 5672 2730 5749 deiicere
2752 5674 2932 5762 (atque
2961 5673 3286 5732 exturbare.
