3830 6206
275 344 394 406 579

1733 340 1794 398 8.
1843 333 2218 398 AMBROSII

3536 332 3634 396 380

274 495 306 531 a
338 492 501 532 cmna
535 473 693 528 illius
728 473 825 545 qui
859 472 930 527 ad
965 472 1200 544 nuptias
1229 470 1400 526 Verbi
1427 475 1482 526 te
1517 471 1814 536 invitavit;
1858 474 1918 524 tu
1953 471 2004 534 Α
2038 474 2258 523 Avarus
2287 472 2482 522 autem
2515 466 2686 520 dicit:
2730 467 2954 532 Anima,
3000 462 3160 518 habes
3211 466 3383 518 multa
3436 465 3561 521 bona
3586 469 3636 522 in

273 581 408 621 cave
440 581 512 620 ne
543 579 806 626 excuses,
840 561 938 616 sed
995 565 1209 615 vestem
1261 564 1315 613 te
1365 558 1543 615 indue
1575 559 1920 631 nuptialem,

271 659 333 712 et
355 659 520 709 utere
551 650 810 707 convivio
843 650 1060 710 divitis.
1101 665 1168 703 ne
1199 649 1359 703 dives
1410 649 1507 719 qui
1558 652 1614 703 te
1643 648 1921 703 invitave-

274 748 385 808 rat,
418 759 554 797 cum
587 737 949 796 excusaveris
978 742 1052 804 te,
1088 737 1227 791 dum
1261 754 1323 792 es
1355 736 1732 792 saecularibus
1758 753 1925 792 occu-

276 829 628 903 patus,alios
659 828 944 890 invitet,et
968 830 1031 880 tu
1063 825 1415 880 excludaris.
1438 825 1714 896 lnjiciunt
1745 825 1921 880 etiam

274 919 518 976 honoris
549 916 942 989 appetentiam
975 918 1296 986 potestates
1326 914 1553 980 mundi,
1585 919 1652 973 ut
1673 918 1730 969 te
1756 912 1925 968 extol-

271 1009 357 1064 las
391 1008 545 1064 sicut
572 1007 778 1071 Adam,
811 1009 868 1060 et
900 1005 1042 1059 dum
1073 1003 1158 1058 vis
1192 1004 1502 1075 aquuare
1549 1003 1732 1059 Deum
1760 1002 1922 1058 simi-

271 1097 522 1152 litudine
568 1093 898 1167 potestatis,
949 1092 1149 1146 divina
1197 1095 1482 1162 praecepta
1530 1090 1840 1163 despicias,
1869 1093 1926 1146 et

273 1203 399 1259 quas
429 1185 709 1247 habebas,
745 1181 986 1254 incipiat
1017 1181 1306 1236 amittere.
1341 1181 1445 1244 Qui
1475 1181 1632 1236 enim
1666 1197 1778 1236 non
1815 1179 1922 1234 ha-

273 1276 453 1346 bet,et
481 1272 633 1344 quod
669 1271 842 1326 habet
865 1269 1165 1325 auferetur
1193 1269 1266 1324 ab
1304 1287 1391 1324 eo.

344 1399 433 1455 23.
467 1397 702 1464 Quoties
737 1395 791 1449 in
825 1394 1081 1448 oratione
1113 1394 1299 1461 nobis,
1353 1410 1470 1465 qua
1521 1393 1772 1448 maxime
1807 1393 1921 1448 Deo

276 1485 839 1560 appropinquamus,
872 1483 1258 1537 offunduntur
1287 1499 1354 1538 ea
1401 1499 1526 1553 quae
1576 1481 1749 1554 plena
1788 1486 1926 1537 sunt

274 1573 540 1647 Opprobii
571 1573 823 1644 alicujus
855 1575 957 1626 aut
1014 1570 1272 1635 sceleris,
1332 1587 1448 1641 quo
1499 1587 1606 1624 nos
1655 1587 1688 1624 a
1731 1568 1925 1624 studio

276 1663 626 1736 precationis
656 1659 960 1716 avertant!
996 1659 1527 1723 Quotiesinimicus
1551 1659 1705 1714 cordi
1728 1662 1924 1713 nostro

275 1756 522 1808 conatur
554 1750 829 1816 inserere,
879 1766 996 1819 quo
1045 1764 1152 1803 nos
1202 1748 1460 1803 reflectat
1517 1765 1550 1803 a
1599 1746 1925 1802 sanctitatis

277 1839 574 1912 proposito
607 1843 663 1894 et
696 1839 808 1909 piis
840 1837 1020 1892 votis!
1071 1839 1308 1902 Quoties
1357 1852 1664 1908 corpereos
1698 1836 1926 1890 inflam-
1957 1839 2004 1903 B

277 1933 400 1982 mat
431 1925 704 1982 ardores!
741 1924 976 1988 Quoties
999 1941 1304 1980 occursare
1344 1925 1500 1980 ιω
1551 1923 1688 1980 facit
1724 1921 1923 1978 oculos

277 2015 658 2081 meretricios,
692 2014 908 2086 quibus
939 2019 1168 2068 castum
1211 2013 1359 2084 justi
1407 2017 1590 2067 tentet
1629 2013 1921 2077 affectum,

280 2111 344 2160 ut
384 2104 701 2177 improviso
780 2103 997 2158 amoris
1057 2101 1283 2174 spiculo
1344 2102 1510 2156 feriat
1546 2102 1922 2172 imparatum.

277 2195 516 2260 Quoties
547 2193 754 2248 inserit
786 2193 983 2248 animo
1015 2197 1116 2246 tuo
1146 2192 1387 2245 verbum
1420 2190 1714 2262 iniquum,
1748 2194 1804 2243 et
1832 2207 1928 2245 co-

278 2282 588 2353 gitationes
617 2282 809 2336 cordis
841 2280 1214 2334 absconditas
1239 2280 1249 2332 Ῑ
1273 2279 1350 2333 De
1375 2296 1490 2350 quo
1513 2278 1615 2333 tibi
1639 2279 1781 2334 dicit
1802 2278 1922 2334 lex:

279 2371 503 2426 Attende
560 2371 678 2434 tibi,
729 2386 798 2423 ne
845 2369 939 2437 ﬁat
993 2370 1210 2422 verbum
1271 2367 1650 2422 absconditum
1682 2370 1739 2422 in
1769 2367 1928 2422 corde

276 2465 369 2515 tuo
393 2462 647 2531 iniquum
677 2460 854 2526 (Deut.
887 2475 977 2523 xv,
1027 2459 1106 2522 9),
1157 2461 1212 2512 et
1262 2457 1418 2511 dicat
1461 2456 1565 2511 tibi
1599 2456 1922 2512 Dominus:

279 2548 426 2615 Quid
459 2548 680 2619 cogitas
709 2546 861 2602 mala
894 2547 949 2600 in
983 2546 1153 2600 corde
1184 2551 1282 2600 tuo
1309 2549 1331 2600 Ρ
1360 2546 1509 2600 Neve
1559 2561 1693 2600 cum
1739 2544 1925 2599 abun-

278 2636 508 2692 daveris
537 2652 679 2691 auro
709 2640 764 2690 et
792 2637 1052 2706 argento,
1085 2638 1142 2688 et
1171 2634 1385 2706 opimis
1417 2649 1693 2704 agrorum
1727 2633 1924 2687 fructi-

279 2726 410 2794 bus,
443 2724 527 2780 vel
561 2723 884 2778 honoribus
915 2724 1109 2778 dicas:
1163 2724 1362 2776 Virtus
1412 2738 1541 2776 mea
1592 2722 1750 2776 dedit
1782 2721 1924 2776 mihi

277 2813 437 2880 hinc;
471 2818 526 2868 et
549 2811 910 2867 obliviscaris
959 2810 1274 2866 Dominum
1320 2810 1506 2865 Deum
1533 2811 1903 2875 tuum.(Deut,

283 2919 402 2967 vm,
432 2903 538 2970 l7).

347 3027 437 3080 24.
477 3025 574 3081 His
605 3041 741 3097 ergo
773 3023 971 3078 anima
994 3039 1120 3095 qua:
1144 3024 1308 3096 cupit
1337 3022 1922 3093 evolare,deponitur.

281 3115 392 3169 Sed
436 3118 496 3168 tu
529 3115 826 3169 obluctare
856 3111 1024 3182 quasi
1067 3112 1252 3166 bonus
1307 3110 1475 3167 miles
1518 3110 1728 3165 Christi
1759 3110 1921 3176 Jesu,

2033 574 2211 611 annos
2241 558 2441 612 multos
2466 558 2645 628 posita
2676 556 2966 625 requiesce,
3017 552 3305 620 manduca,
3364 552 3497 622 bibe,
3523 571 3634 627 epu-

2035 646 2151 700 lare
2200 649 2333 712 (Luc
2377 661 2481 712 xu,
2541 643 2646 713 19),
2707 640 2847 714 quia
2904 641 3059 696 avari
3098 639 3292 696 anima
3319 640 3539 696 subdita
3563 648 3637 699 est

2033 733 2273 790 luxuria:
2306 732 2590 806 corporali
2619 749 2631 786 :
2658 730 2806 803 justi
2836 735 3032 786 autem
3087 729 3283 785 anima
3331 729 3502 785 utitur
3525 747 3636 787 cor-

2035 839 2174 894 pore
2205 827 2268 877 ut
2300 822 2692 876 instrumento
2738 823 2839 874 aut
2885 834 3125 890 organo,
3168 834 3292 890 qua
3338 817 3485 874 velut
3508 836 3634 891 prie-

2035 910 2192 966 clara
2221 911 2430 965 artifex
2474 926 2590 982 quo
2636 907 2762 962 vult
2806 907 3154 978 obsequium
3203 907 3452 979 corporis
3477 907 3634 976 ducit,

2035 1004 2091 1055 et
2122 1000 2345 1072 efﬁngit
2377 1000 2449 1054 de
2480 1015 2547 1054 eo
2579 997 2832 1070 speciem
2865 1012 3042 1068 quam
3069 994 3259 1068 elegit,
3290 999 3346 1050 et
3383 1011 3474 1051 eas
3511 1013 3634 1067 quas

2035 1089 2302 1154 voluerit,
2365 1089 2504 1143 facit
2556 1088 2613 1142 in
2669 1103 2736 1142 eo
2796 1101 3070 1141 resonare
3107 1084 3370 1150 virtutes,
3407 1101 3633 1158 pangens

2035 1195 2191 1232 nunc
2223 1175 2493 1232 modulos
2523 1175 2989 1240 castitatis,nunc
3036 1172 3303 1229 modulos
3336 1177 3627 1246 temperan-

2034 1266 2148 1336 tire,
2196 1266 2526 1321 sobrietatis
2577 1280 2834 1329 carmen,
2886 1261 3232 1336 integritatis
3282 1260 3630 1329 dulcedinem,

2033 1355 2382 1427 virginitatis
2428 1353 2795 1421 suavitatem,
2819 1352 3156 1425 gravitatem
3201 1349 3507 1408 viduitatis.
3546 1349 3630 1406 Ind

2035 1445 2266 1499 terdum
2299 1448 2490 1498 tamen
2525 1441 2859 1497 modulator
2888 1438 3242 1512 compatitur
3288 1455 3490 1511 organo
3517 1454 3628 1494 suo.

2037 1535 2103 1587 Et
2129 1533 2257 1588 ideo
2289 1532 2535 1588 honesta
2565 1529 2886 1596 modulare,
2922 1534 2986 1584 ut
3013 1529 3090 1582 sit
3138 1527 3377 1584 honesta
3403 1541 3634 1598 compas-

2035 1623 2140 1676 sio.
2172 1621 2315 1676 Nam
2349 1625 2405 1676 et
2435 1620 2530 1675 ille
2572 1621 2671 1691 qui
2702 1620 2898 1686 videt,,
2935 1617 3177 1672 vivendo
3225 1615 3563 1688 plerumque,
3591 1620 3636 1670 et

2035 1711 2279 1767 audiens
2307 1710 2597 1764 audiendo
2625 1709 2893 1762 afﬁcitur.
2929 1707 2990 1761 Et
3023 1707 3154 1760 ideo
3177 1706 3315 1760 dicit
3338 1704 3631 1776 Scriptura:

2037 1801 2193 1856 Oculi
2222 1802 2307 1854 tui
2331 1807 2472 1853 recta
2507 1797 2722 1853 videant
2755 1799 2938 1864 (Prov.
2974 1812 3046 1859 IV,
3099 1797 3232 1863 25);
3282 1799 3338 1849 et
3367 1794 3539 1848 infra:
3575 1793 3637 1846 Ne

2034 1891 2237 1943 multus
2264 1891 2438 1959 [ueris
2467 1887 2535 1942 ad
2592 1887 2855 1942 alienam.
2914 1886 3044 1939 Noli
3104 1883 3378 1938 intendere
3406 1884 3457 1937 in
3485 1880 3636 1938 oculos

2025 1977 2362 2049 juvenculw.
2398 1976 2523 2030 Noli
2552 1975 2832 2030 intendere
2860 1976 2916 2028 in
2967 1975 3134 2028 verba
3161 1973 3450 2028 meretrici:
3483 1971 3633 2042 (Prov.

2035 2083 2090 2131 v,
2117 2066 2226 2136 20).

2561 2153 2705 2208 40!
2746 2150 2977 2206 CAPUT
3016 2149 3141 2204 Vll.

2035 2229 2274 2298 Laqueo:
2303 2241 2510 2308 quoque
2539 2226 2693 2278 nobis
2747 2225 3104 2292 circumfusos
3164 2236 3273 2276 esse
3330 2223 3388 2301 in
3413 2231 3637 2300 corpore:

2105 2299 2323 2350 haereat
2351 2301 2594 2350 avortere
2623 2296 2691 2349 ab
2721 2297 2930 2350 anima.
2961 2307 3086 2350 quae
3129 2301 3309 2348 tamen
3366 2306 3486 2350 ipsis
3521 2303 3636 2343 non-

2141 2307 2323 2367 ocregi
2351 2307 2594 2367 Oportere
2623 2307 2691 2349 ao
2721 2310 2930 2361 anima,
2961 2307 3086 2364 quae
3129 2307 3309 2348 tamen
3366 2307 3636 2367 ipsisma-

2107 2307 2323 2367 hocregi
2351 2307 2594 2369 Oportere
2623 2307 2691 2349 ao
2721 2310 2930 2361 anima,
2961 2307 3086 2364 quae
3129 2307 3309 2348 tamen
3366 2307 3486 2416 IIIS”
3521 2307 3636 2366 non;

2107 2386 2409 2440 numquam
2435 2368 2783 2440 compatitur.
2800 2439 2806 2440 ί
2843 2367 3121 2440 Praeterea
3153 2367 3229 2419 tot
3279 2379 3370 2440 imo
3394 2363 3531 2416 ostiis
3568 2374 3636 2440 vi-

2106 2449 2218 2495 tam
2250 2429 2565 2495 'abundare'
2613 2443 2671 2492 ut
2719 2436 2840 2491 odio
2899 2437 3188 2504 habeatur,
3239 2439 3289 2489 et
3343 2447 3478 2488 mor:
3525 2429 3636 2485 solis

2107 2513 2294 2582 impiis
2325 2527 2517 2565 amara
2555 2512 2654 2576 sit,
2683 2508 2875 2582 quibus
2928 2511 3110 2582 tamen
3171 2507 3286 2560 vita
3338 2504 3510 2560 debeat
3545 2515 3638 2556 esse

2105 2581 2369 2638 amarior.
2406 2582 2627 2637 Mortem
2654 2581 2825 2651 igitur
2852 2581 3061 2633 malum
3091 2593 3204 2632 non
3231 2592 3356 2632 esse.

2103 2673 2192 2725 26.
2227 2671 2294 2724 Et
2324 2669 2463 2741 quid
2496 2669 2568 2724 de
2598 2667 2887 2724 extraneis
2917 2664 3143 2739 laqueis
3195 2665 3436 2736 loquor?
3473 2656 3636 2716 Nostri

2036 2759 2205 2814 nobis
2236 2757 2426 2829 laquei
2460 2762 2601 2812 sunt
2626 2756 2887 2812 cavendi.
2922 2756 2986 2810 ln
3016 2756 3142 2828 ipso
3179 2753 3287 2810 hoc
3315 2766 3532 2823 corpore
3558 2763 3639 2801 no-

2035 2853 2155 2902 stro
2184 2845 2375 2917 laquei
2405 2845 2743 2900 circumfusi
2791 2843 2961 2899 nobis
3012 2846 3176 2910 sunt,
3221 2857 3365 2914 quos
3392 2839 3638 2894 debemus

2032 2935 2231 2991 vitare.
2265 2936 2388 2990 Non
2420 2935 2729 2990 credamus
2774 2949 2881 2988 nos
2928 2931 3067 2986 huic
3110 2930 3361 3003 corpori,
3406 2943 3512 2982 non
3539 2923 3638 2979 mi-

2033 3041 2304 3081 sceamus
2335 3040 2466 3079 cum
2501 3039 2566 3078 eo
2595 3022 2850 3078 animam
2887 3026 3170 3076 nostram.
3209 3020 3341 3076 Cum
3367 3017 3550 3088 antica,
3573 3013 3640 3067 in-

2034 3115 2180 3185 quit,
2207 3115 2371 3168 misce
2400 3114 2649 3167 animum
2708 3117 2890 3177 tuum,
2947 3125 3057 3165 non
3085 3127 3215 3164 cum
3263 3109 3474 3164 inimico
3499 3101 3639 3175 (Each

281 3207 339 3258 et
367 3202 642 3258 inferiora
669 3200 1018 3273 despiciens,
1053 3205 1281 3256 terrena
1311 3199 1681 3264 obliviscens,
1717 3199 1786 3252 ad
1821 3215 1929 3252 εαξ-
1957 3203 1999 3269 C
2037 3221 2114 3269 VI,
2146 3202 2220 3274 4).
2257 3201 2562 3257 Inimicum
2585 3201 2690 3256 tibi
2719 3206 2808 3256 est
2845 3217 3056 3272 corpus
3101 3204 3272 3254 tuum
3319 3195 3465 3268 quod
3495 3207 3640 3263 repuo

277 3291 446 3347 lestia
493 3294 548 3346 et
591 3296 805 3344 mterna
847 3288 1149 3343 contende.
1198 3287 1412 3343 Attolle
1443 3288 1700 3342 animam
1739 3291 1923 3355 tuam,

280 3397 352 3434 ne
383 3396 510 3434 eam
543 3378 746 3434 illiciat
776 3394 909 3432 esca
939 3375 1302 3448 laqueorum.
1338 3375 1676 3448 Voluptates
1707 3374 1926 3442 saeculi,

280 3484 424 3523 escis
454 3467 720 3539 quaedam
755 3471 913 3530 sunt,
947 3469 1003 3519 et
1032 3466 1186 3536 quod
1212 3466 1378 3536 pejus
1409 3469 1517 3529 est,
1551 3480 1693 3519 esca:
1742 3463 1924 3518 malo-

280 3573 413 3610 rum
446 3572 592 3610 escaa
638 3555 1048 3609 tentationum.
1101 3554 1252 3608 Dum
1301 3553 1656 3624 voluptatem
1689 3552 1925 3624 quaeris,

279 3644 520 3716 laqueos
555 3642 822 3697 incurris.
856 3641 1071 3695 Oculus
1096 3641 1253 3695 enim
1288 3640 1609 3697 meretricis
1660 3643 1796 3710 (17),
1839 3641 1925 3696 la-

280 3749 487 3804 queus.
522 3733 791 3802 Laqueus
825 3735 914 3784 est
964 3730 1138 3784 etiam
1190 3746 1381 3785 sermo
1434 3730 1775 3795 meretricis,
1823 3731 1923 3800 qui

281 3822 536 3876 obducat
566 3820 635 3874 ad
671 3823 901 3889 tempus
932 3817 1127 3872 fauces
1159 3821 1312 3882 tuas,
1363 3822 1419 3872 et
1462 3822 1658 3888 postea
1686 3833 1925 3890 exaspe-

281 3916 370 3965 rat
402 3926 501 3964 eas
560 3905 951 3962 amaritudine
997 3906 1367 3960 conscientiae
1417 3905 1775 3976 peccatricis.
1823 3911 1923 3961 La-

280 4014 468 4070 queus
498 4001 587 4053 est
616 3995 806 4051 aliena
837 3994 1128 4066 possessio
1153 3993 1323 4066 plena
1343 3994 1714 4050 amoenitatis.
1743 3996 1926 4052 Omne

278 4087 388 4140 iter
419 4087 569 4141 istus
591 4085 718 4139 vitae
753 4084 990 4155 plenum
1020 4083 1363 4155 laqueorum
1403 4089 1510 4139 est.
1541 4083 1702 4139 Unde
1723 4085 1926 4156 justus

279 4174 456 4228 dicit:
492 4176 550 4229 In
586 4176 673 4228 via
704 4173 806 4226 hac
843 4189 949 4244 qua
995 4173 1368 4241 ambulabam,
1413 4173 1808 4228 absconderant
1843 4174 1925 4229 la-

281 4279 412 4333 quos
437 4263 578 4316 mihi
608 4261 780 4331 (Psal.
809 4278 956 4315 cxu.
993 4263 1045 4331 4)
1076 4300 1092 4316 .
1129 4262 1192 4315 1η
1238 4263 1349 4324 via,
1409 4260 1618 4331 inquit,
1677 4263 1778 4316 hac
1799 4262 1927 4317 abs-

277 4351 577 4406 conderunt
604 4371 622 4417 ,-
649 4351 776 4406 ideo
806 4355 866 4404 tu
905 4349 1063 4404 illam
1093 4349 1250 4404 viam
1300 4349 1541 4405 ambula
1572 4367 1699 4422 quae
1730 4350 1875 4406 dicit
1908 4367 1920 4405 :

279 4441 386 4509 Ego
414 4455 536 4493 sum
567 4440 654 4493 via
683 4440 733 4492 et
790 4440 1009 4505 veritas,
1067 4447 1118 4493 et
1174 4440 1316 4504 vita,
1372 4439 1528 4508 (Joan
1587 4457 1700 4503 xw,
1753 4441 1832 4510 6),
1863 4444 1928 4495 ut

281 4527 482 4581 dicas:
519 4527 776 4580 Animam
817 4542 998 4580 meam
1043 4528 1328 4592 convertit,
1378 4526 1603 4581 deduxit
1649 4544 1738 4582 me
1764 4545 1928 4601 super

279 4615 505 4669 semitas
525 4614 765 4683 justitiaz
792 4623 1015 4684 propter
1043 4630 1238 4669 nomen
1275 4631 1452 4668 suum.
1503 4617 1652 4686 (Psal
1684 4633 1821 4685 xxu,
1855 4618 1930 4683 3).

346 4701 746 4758 25.Moriatur
803 4701 980 4771 igitur
1011 4703 1179 4757 nobis
1236 4703 1343 4757 hoc
1397 4703 1928 4766 szeculum,moria-

286 4799 383 4847 tur
414 4789 584 4846 nobis
614 4791 808 4844 carnis
840 4789 1012 4844 istius
1043 4789 1346 4860 sapientia,
1396 4807 1522 4862 qua:
1570 4792 1808 4849 inimica
1845 4801 1935 4851 est

281 4883 418 4937 Deo.
454 4877 852 4950 Subjiciamus
898 4878 1156 4934 animam
1209 4885 1473 4934 nostram
1524 4880 1632 4936 soli
1677 4882 1930 4949 Christo,

282 4975 346 5025 ut
374 4968 530 5024 dicat
559 4969 972 5039 unusquisque
998 4983 1011 5022 :
1046 4969 1233 5022 Nonne
1257 4968 1360 5022 Deo
1378 4969 1622 5037 subjecta
1644 4975 1722 5025 est
1743 4974 1934 5026 anima

282 5059 422 5130 mca(
458 5058 607 5114 Psal.
647 5074 759 5123 LXI,
782 5059 837 5129 2)
861 5056 1025 5111 ?Non
1049 5055 1260 5112 saeculo
1286 5057 1666 5124 subdita,non
1691 5061 1931 5130 mundo,

284 5147 496 5218 inquit,
532 5145 788 5203 subdita.
841 5145 965 5200 Non
1018 5149 1208 5216 potest
1267 5144 1372 5200 hoc
1408 5147 1782 5216 pecuniosus,
1819 5166 1933 5205 non

284 5239 477 5306 potest
507 5252 716 5292 avarus
746 5235 938 5290 dicere
964 5251 976 5288 :
1012 5234 1110 5290 sed
1143 5233 1286 5290 dicit
1307 5236 1508 5307 justus
1534 5240 1589 5290 et
1605 5236 1933 5294 continens.

357 5427 793 5506 (l7)._Plc-risque
818 5446 985 5506 mss.,
1011 5430 1257 5506 Laqueus
1272 5432 1422 5486 enim
1443 5433 1766 5506 meretricis.
1795 5433 1935 5502 Alii,

290 5514 355 5551 ac
393 5502 534 5551 edit.
567 5516 789 5553 omnes.
827 5502 1024 5556 Oculus
1054 5504 1206 5555 enim
1234 5505 1557 5557 meretricis.
1583 5503 1732 5566 Quin
1756 5506 1934 5561 etiam

288 5569 464 5650 libat.
501 5568 574 5650 pe
606 5569 739 5650 C(iin
793 5575 845 5625 et
877 5571 1054 5650 “Abel,
1086 5587 1217 5650 cap.
1246 5573 1300 5650 tl,
1331 5577 1396 5650 et_
1418 5573 1775 5650 ubicumque
1817 5577 1936 5633 hanc

292 5640 582 5699 sententia
611 5640 844 5709 citatur,
874 5640 1084 5700 iisdem
1105 5640 1296 5701 verbis
1312 5642 1617 5705 exhibetur
1641 5663 1654 5718 ;
1679 5640 1936 5709 videtur-

2035 3296 2174 3366 gnat
2204 3291 2385 3346 menti
2420 3296 2552 3357 tuze,
2588 3291 2756 3360 cujus
2787 3304 2963 3361 opera
2992 3287 3332 3351 inimicitiae,
3364 3279 3640 3340 dissensio-

2035 3397 2158 3446 nes,
2192 3379 2321 3436 lites
2356 3379 2946 3452 perturbationesque
2975 3375 3274 3432 sunt.Noli
3303 3389 3434 3431 cum
3461 3387 3521 3426 eo
3545 3367 3639 3422 mi-

2033 3484 2194 3526 scere
2220 3469 2478 3524 animam
2503 3471 2688 3530 tuam,
2712 3482 2784 3521 ne
2812 3470 3127 3536 utrumque
3154 3461 3486 3520 confundas.
3515 3456 3636 3512 Nam

2034 3560 2082 3614 si
2116 3559 2415 3626 miscetur,
2446 3573 2581 3628 ergo
2615 3555 2822 3611 melior
2849 3555 2915 3610 fit
2945 3571 3078 3610 caro
3123 3569 3254 3624 quas
3304 3549 3524 3606 inferior
3548 3550 3637 3609 est,

2033 3664 2211 3719 quam
2244 3646 2440 3701 anima
2470 3661 2597 3716 quae
2628 3643 2933 3716 superior;
2969 3642 3108 3714 quia
3135 3641 3353 3708 anima,
3400 3637 3509 3691 vita
3534 3649 3638 3689 cor-

2034 3733 2158 3805 pori
2188 3733 2383 3799 tradit,
2417 3748 2548 3787 caro
2580 3736 2774 3786 autem
2800 3735 3042 3786 mortem
3069 3729 3278 3784 anima:
3299 3720 3639 3783 transfundit.

2033 3822 2425 3878 Confunditur
2454 3835 2591 3892 ergo
2638 3819 2945 3890 utriusque
2981 3817 3262 3890 operatio,
3303 3811 3642 3872 confunditur

2035 3928 2210 3983 prope
2240 3911 2369 3982 ipsa
2397 3910 2707 3980 utriusque
2736 3908 3087 3964 substantia.
3123 3907 3308 3978 Igitur
3347 3898 3573 3972 suscipit
3591 3896 3640 3951 in

2033 4016 2095 4054 se
2126 3999 2324 4053 anima
2345 3997 2862 4053 insensibilitatem
2887 3995 3145 4050 defuncti
3168 3993 3443 4065 corporis,
3465 3993 3517 4045 et
3543 4001 3644 4041 cor-

2035 4104 2146 4159 pus
2167 4086 2442 4142 omnibus
2474 4085 2680 4140 animos
2709 4085 3026 4140 virtutibus
3050 4083 3414 4155 fungitur.Ac
3430 4094 3495 4134 ne
3522 4075 3644 4130 forte

2035 4178 2173 4247 quia
2203 4175 2537 4230 infunditur
2566 4175 2763 4230 anima
2793 4173 3041 4245 corpori,
3077 4172 3257 4227 etiam
3279 4165 3539 4227 confundi
3560 4177 3646 4235 pu-

2031 4269 2208 4333 tetur,
2239 4263 2570 4335 exemplum
2623 4263 2792 4318 nobis
2840 4262 2918 4318 sit
2965 4263 3143 4332 hujus
3185 4259 3424 4315 luminis
3463 4249 3642 4327 gratia.

2034 4354 2338 4425 Siquidem
2369 4359 2426 4408 et
2455 4352 2654 4408 lumen
2686 4356 2916 4406 terreno
2936 4349 3061 4405 loco
3085 4349 3430 4412 infunditur,
3453 4357 3547 4398 nec
3572 4344 3646 4394 ta-

2034 4458 2169 4498 men
2200 4440 2600 4498 confunditur.
2645 4440 2766 4495 Non
2822 4439 2898 4494 sit
2945 4455 3079 4511 ergo
3130 4437 3376 4493 confusa
3404 4427 3646 4505 operatio.

2037 4547 2288 4604 quorum
2322 4531 2521 4602 dispar
2570 4528 2901 4584 substantia
2949 4532 3069 4582 est:
3121 4526 3222 4582 sed
3272 4524 3346 4581 sit
3389 4518 3570 4576 anima
3599 4512 3649 4604 in

2042 4601 2304 4693 corpore,
2337 4601 2682 4674 utiviviﬁcet
2711 4633 2945 4689 corpus,
2981 4617 3087 4671 hoc
3127 4615 3425 4688 gubernet,
3455 4601 3649 4662 illumi—

2041 4719 2158 4764 net.

2107 4801 2200 4854 27.
2236 4799 2456 4871 Negare
2482 4802 2678 4852 tamen
2728 4811 2844 4850 non
2884 4809 3202 4866 possumus
3245 4789 3398 4863 quod
3439 4795 3650 4871 compa-

2043 4887 2225 4941 tiatur
2253 4869 2478 4958 corpori
2513 4901 2620 4940 suo
2645 4901 2659 4952 ;
2692 4899 2829 4939 nam
2860 4888 2918 4938 et
2947 4881 3345 4937 contristatur.
3383 4869 3651 4945 Siquidem

2039 4976 2215 5031 Jesus
2245 4975 2357 5030 ait:
2397 4975 2586 5029 Tristis
2615 4976 2694 5027 est
2744 4974 2936 5026 anima
2980 4987 3103 5025 mea
3159 4983 3327 5039 usque
3359 4964 3426 5021 ad
3452 4962 3652 5016 mortem

2042 5064 2250 5132 (Matth.
2283 5080 2436 5131 xxvr,
2479 5062 2590 5134 38),
2650 5061 2924 5117 affectum
2985 5058 3248 5114 hominis
3297 5055 3356 5110 in
3406 5069 3464 5108 se
3489 5041 3657 5118 expri—

2044 5168 2230 5207 mens.
2268 5151 2333 5205 Et
2363 5149 2500 5205 alibi
2529 5165 2542 5204 :
2577 5150 2777 5204 Anima
2805 5163 2930 5203 mea
2961 5146 3179 5202 turbata
3205 5149 3279 5201 est
3320 5140 3470 5198 valde
3496 5138 3648 5207 (toan.

2044 5257 2142 5308 xn,
2174 5242 2288 5312 27).
2320 5238 2624 5311 Siquidem
2654 5243 2712 5294 et
2741 5235 3080 5293 modulatur
3109 5231 3361 5291 modulis
3391 5228 3528 5293 suis,
3571 5219 3658 5276 aut

2048 5453 2161 5508 que
2193 5434 2538 5491 Ambrosius
2570 5433 2828 5489 indicare
2851 5433 2972 5488 haec
3002 5432 3130 5504 ipsa
3175 5448 3215 5508 e.
3255 5425 3435 5508 sacris
3473 5411 3656 5508 littefig

2044 5497 2223 5581 petita
2271 5522 2416 5581 esse.
2482 5510 2757 5560 Attamen
2782 5497 3172 5581 ea_nusq.u_am
3202 5502 3260 5556 in
3294 5497 3409 5552 illis
3436 5498 3658 5581 repel-‘1?

2053 5565 2164 5646 est,
2197 5578 2298 5634 sed
2329 5594 2530 5634 eorum
2559 5593 2770 5634 sensus
2802 5577 2873 5632 ad
2905 5565 3191 5646 quosdam
3235 5583 3435 5629 versus
3452 5565 3656 5626 Prover-

2053 5651 2288 5713 biorum
2316 5649 2404 5712 vel
2437 5647 2831 5713 Ecclesiastici
2860 5645 3061 5712 referri
3091 5646 3301 5725 potest.
