3830 6206
230 360 356 433 581

1459 369 1688 432 LIBER
1733 372 1834 431 DE
1877 371 2087 432 BONO
2133 369 2445 433 MORTIS.

3524 377 3644 438 589

232 504 427 570 tibia},
451 507 556 561 aut
576 504 833 577 citharaa,
856 508 958 562 aut
986 505 1210 578 organi,
1243 501 1400 575 voce,
1432 507 1622 578 gestu,
1655 503 1888 558 affectu-
1920 506 1972 574 Α
2003 503 2273 560 sublimis
2305 508 2396 559 est
2423 506 2711 562 sententia
2741 506 3001 580 Apostoli
3041 507 3304 575 dicentis,
3340 510 3492 580 quod
3528 527 3640 566 non

235 611 355 666 que
387 594 769 666 compatitur,
792 595 852 650 in
900 594 1170 652 tristibus
1200 595 1359 652 sonis
1381 593 1622 660 tristior,
1657 593 1716 647 in
1747 591 1892 648 laetis

233 681 449 748 laetior,
478 682 540 738 in
571 683 930 740 acutioribus
961 683 1282 751 excitatior,
1315 682 1373 738 in
1396 681 1541 756 ipsis
1559 680 1892 738 mitioribus

230 771 442 827 mitior
471 773 650 843 atque
681 771 1080 840 mansuetior;
1136 776 1200 828 ut
1231 789 1409 828 sonos
1458 774 1738 826 cantuum
1767 770 1893 842 ipse

234 859 635 927 commendet,
687 864 744 916 et
774 861 1204 933 quodammodo
1254 858 1588 916 moduletur
1626 859 1888 915 affectus.

234 947 453 1004 Anima
484 963 716 1022 quoque
744 948 803 1004 in
836 948 944 1005 hoc
975 966 1214 1022 corpore
1244 953 1529 1022 tanquam
1569 949 1629 1004 in
1678 946 1894 1002 ﬁdibus

236 1036 512 1106 musicis,
548 1053 675 1109 quis
707 1037 904 1093 sobria
933 1041 1022 1093 est
1049 1040 1249 1094 tamen
1292 1037 1568 1106 summis,
1599 1041 1666 1092 ut
1693 1037 1778 1092 ita
1804 1035 1894 1090 di-

238 1141 400 1190 nam,
420 1124 628 1198 digitis
645 1124 804 1181 velut
823 1142 1133 1183 nervorum
1183 1141 1378 1194 sonos,
1413 1126 1497 1182 ita
1543 1125 1740 1198 pulsat
1768 1141 1891 1180 car-

238 1213 334 1269 nis
363 1213 542 1268 istius
574 1213 903 1286 passiones,
954 1219 1020 1270 ut
1071 1231 1396 1270 consonum
1429 1214 1634 1270 reddat
1662 1229 1892 1269 morum

237 1305 420 1373 atque
465 1301 750 1356 virtutum
799 1302 1378 1376 consentientemque
1426 1305 1795 1369 concentum,
1829 1304 1895 1356 ut

237 1390 298 1446 in
332 1391 614 1446 omnibus
644 1391 1098 1465 cogitationibus
1130 1390 1276 1458 suis,
1310 1392 1369 1448 in
1401 1391 1676 1448 omnibus
1705 1389 1893 1464 operi-

237 1480 352 1535 bus
375 1479 433 1534 id
461 1480 773 1548 custodiat,
807 1483 873 1536 ut
893 1480 1092 1536 omnia
1113 1479 1358 1537 consilia
1383 1486 1440 1537 et
1460 1481 1610 1537 facta
1631 1479 1742 1537 sibi
1758 1495 1893 1536 con-

237 1569 466 1625 cinant.
500 1569 712 1624 Anima
739 1573 828 1625 est
874 1585 1010 1642 ergo
1061 1585 1190 1642 qua:
1240 1569 1446 1641 utitur,
1496 1585 1708 1642 corpus
1739 1567 1894 1640 quod

242 1657 380 1712 usui
411 1660 503 1712 est
531 1656 684 1727 (18);
742 1673 807 1712 ac
841 1672 945 1729 per
987 1657 1095 1713 hoc
1144 1657 1302 1712 aliud
1349 1659 1502 1730 quod
1535 1657 1596 1712 in
1629 1655 1894 1729 imperio,

249 1744 412 1800 aliud
436 1745 591 1816 quod
616 1744 674 1800 in
697 1744 1060 1800 ministerio:
1095 1745 1255 1801 aliud
1287 1748 1441 1818 quod
1475 1763 1704 1810 sumus,
1737 1744 1897 1800 aliud

245 1835 407 1906 quod
435 1838 704 1890 nostrum
752 1838 857 1890 est.
893 1835 952 1890 Si
985 1834 1119 1906 quis
1149 1835 1357 1890 animas
1402 1834 1898 1908 pulchritudinem

243 1922 461 1995 diligit,
495 1939 602 1978 nos
624 1921 813 1994 diligit
837 1938 849 1976 :
877 1923 926 1978 si
953 1923 1088 1995 quis
1113 1923 1374 1996 corporis
1396 1925 1662 1980 decorem
1687 1922 1897 1995 diligit,

243 2027 365 2066 non
397 2009 598 2083 ipsum
629 2011 950 2077 hominem,
983 2011 1082 2067 sed
1114 2012 1307 2068 carnis
1355 2011 1548 2085 diligit
1576 2011 1904 2084 pulchritu-

246 2100 471 2170 dinem,
501 2115 627 2170 quaa
658 2104 850 2156 tamen
880 2099 996 2155 cito
1029 2099 1340 2156 marcescit
1367 2103 1424 2156 et
1453 2101 1682 2156 deﬂuit.

319 2188 410 2242 28.
465 2188 627 2243 Unde
669 2187 753 2243 illi
799 2189 1056 2256 intende,
1109 2189 1181 2244 de
1231 2206 1346 2262 quo
1395 2189 1539 2245 dicit
1578 2189 1902 2262 Propheta:

250 2277 356 2344 Qui
400 2293 513 2332 non
558 2278 763 2349 accepit
820 2280 884 2332 in
939 2293 1144 2333 vanum
1206 2281 1455 2334 animam
1512 2296 1671 2334 suam
1733 2278 1904 2350 (Psal.

244 2383 409 2433 χχιιι,
441 2366 518 2437 Δ).
559 2368 621 2421 In
649 2382 865 2421 vanum
899 2367 1122 2439 accepit
1173 2366 1437 2423 animam
1470 2384 1636 2424 suam
1669 2368 1758 2439 (ut
1778 2367 1904 2437 jam

247 2455 324 2510 de
351 2455 538 2525 hujus
594 2455 725 2510 vitae
773 2455 1042 2510 dicamus
1097 2455 1408 2528 molestiis)
1456 2456 1558 2528 qui
1607 2454 1908 2512 saecularia

248 2543 456 2612 struit,
489 2543 738 2599 aediﬁcat
762 2545 917 2600 402
961 2543 1302 2616 corporalia.
1336 2544 1602 2609 Quotidie
1632 2545 1703 2600 ad
1734 2544 1909 2599 eden-

251 2634 397 2689 dum
425 2637 483 2688 et
499 2632 820 2689 bibendum
855 2633 1178 2706 surgimus,
1211 2638 1268 2689 et
1296 2633 1498 2690 nullus
1527 2633 1810 2706 expletur,
1845 2636 1911 2687 ut

257 2738 379 2780 non
413 2725 544 2794 post
575 2725 938 2777 momentum
970 2722 1192 2778 esuriat
1224 2739 1290 2778 ac
1321 2722 1502 2778 sitiat.
1536 2719 1908 2786 Quotidielu-

262 2827 434 2866 crum
462 2810 802 2883 quaerimus,
835 2815 892 2866 et
924 2809 1123 2866 nullus
1152 2810 1457 2884 cupiditati
1485 2812 1696 2868 modus
1744 2811 1909 2883 poni-

263 2904 383 2955 tur.
416 2899 540 2954 Non
585 2899 896 2965 satiabitur,
938 2899 1150 2970 inquit,
1204 2901 1390 2956 oculus
1436 2903 1580 2969 visu,
1628 2916 1730 2955 nec
1757 2901 1912 2955 auris

262 2987 465 3043 auditu
495 2988 687 3060 (Eccle.
721 3005 760 3055 ι,
793 2987 868 3058 8).
903 2987 1009 3052 Qui
1041 2987 1230 3060 diligit
1252 2993 1580 3061 argentum,
1604 3006 1720 3045 non
1743 2989 1912 3045 satia-

262 3083 370 3132 tur
397 3079 654 3149 argento.
683 3074 892 3132 Nullus
924 3075 1060 3132 finis
1084 3074 1322 3145 laboris,
1357 3080 1414 3132 et
1445 3076 1645 3133 nullus
1675 3081 1764 3133 est
1792 3076 1911 3132 fru-

261 3169 400 3222 ctus
431 3163 822 3221 abundantiae.
855 3163 1138 3236 Cupimus
1163 3165 1423 3236 quotidie
1467 3165 1614 3222 scire
1644 3182 1824 3234 nova;
1858 3169 1915 3222 et

2001 593 2189 647 solum
2222 592 2260 646 ii
2290 593 2386 664 qui
2418 593 2704 666 ﬂagitiosa
2733 600 2933 669 agunt,
2969 597 3069 652 sed
3103 597 3282 652 etiam
3314 596 3414 668 qui
3445 615 3512 654 ea
3542 615 3643 671 ap-

2000 681 2269 753 probant,
2305 681 2464 754 digni
2490 689 2674 740 morte
2697 689 2834 740 sunt
2857 685 3027 756 (Rom.
3064 703 3097 753 ι,
3131 685 3258 757 32):
3294 686 3396 741 sed
3427 690 3483 741 et
3512 686 3644 742 illos

2002 769 2098 842 qui
2133 769 2273 826 talia
2295 771 2686 827 condemnant
2718 772 2777 828 in
2809 772 2940 828 aliis
2969 773 3298 846 qualiaipsi
3317 779 3522 847 agunt,
3556 775 3644 829 in-

2001 857 2360 914 excusabiles
2404 859 2628 926 haberi,
2663 865 2726 915 ut
2779 865 2837 917 et
2881 879 2988 918 sua
3017 863 3328 918 damnatos
3359 864 3648 919 sententia

2002 945 2178 1016 (Rom.
2213 963 2273 1011 ιι,
2313 947 2382 1018 t).
2414 947 2557 1003 Cum
2589 949 2744 1004 enim
2765 949 2910 1006 alios
2955 952 3366 1018 condemnant,
3395 967 3456 1007 se
3487 951 3647 1025 ipsos

2001 1035 2417 1092 condemnant.
2451 1036 2568 1092 Nec
2609 1037 2718 1093 sibi
2773 1053 2873 1095 eos
2902 1037 3151 1095 blandiri
3191 1044 3477 1112 oportere,
3511 1040 3650 1112 quia

2003 1139 2308 1196 poenarum
2331 1125 2404 1180 ad
2435 1128 2671 1198 tempus
2722 1126 3017 1182 immunes
3047 1128 3336 1196 videntur,
3367 1132 3426 1184 et
3452 1146 3647 1185 exsor-

2003 1216 2092 1268 tes
2117 1217 2332 1279 reatus,
2367 1229 2500 1268 cum
2534 1215 2827 1286 graviores
2852 1233 3050 1288 pmnas
3074 1216 3227 1271 intra
3243 1233 3306 1272 se
3325 1217 3491 1273 luant
3513 1218 3648 1289 (20),

2003 1304 2060 1356 et
2089 1301 2202 1356 sibi
2234 1301 2312 1356 rei
2347 1301 2485 1369 sint,
2520 1303 2618 1374 qui
2654 1303 2788 1358 aliis
2821 1320 2932 1359 non
2968 1305 3261 1372 videntur,
3292 1309 3467 1377 atque
3497 1305 3555 1361 in
3590 1323 3650 1362 se

2003 1388 2380 1461 intorqueant
2443 1390 2765 1462 graviorem
2834 1393 3202 1448 conscientiae
3279 1393 3648 1462 sententiam,

2005 1493 2135 1532 cum
2168 1477 2239 1532 de
2267 1476 2513 1533 aliorum
2545 1479 2795 1550 peccatis
2821 1479 3230 1550 judicant.Sed
3263 1480 3403 1549 noli,
3428 1483 3647 1555 inquit,

2005 1565 2160 1636 (Ibid.
2224 1567 2299 1632 Ii),
2339 1582 2371 1618 0
2423 1565 2619 1631 homo,
2670 1567 2876 1622 divinas
2922 1567 3198 1623 bonitatis
3249 1573 3304 1624 et
3363 1569 3651 1642 patientia:

2005 1653 2314 1709 thesauros
2359 1657 2767 1722 contemnere;
2822 1655 3050 1712 bonitas
3103 1657 3258 1712 enim
3293 1657 3396 1714 Dei
3429 1659 3499 1714 ad
3532 1677 3650 1732 poe-

2007 1741 2314 1797 uitentiam
2365 1745 2416 1797 te
2471 1748 2764 1814 provocat,
2819 1745 2887 1798 ad
2941 1745 3358 1802 correctionem
3407 1746 3650 1803 invitat:

2008 1829 2224 1886 duritia
2255 1834 2447 1885 autem
2501 1835 2618 1898 tua,
2668 1849 2783 1903 qua
2825 1834 2881 1886 in
2914 1835 3128 1889 erroris
3175 1834 3496 1904 pertinacia
3524 1853 3654 1908 per-

2013 1933 2263 1982 severas,
2281 1918 2460 1973 futuri
2475 1918 2684 1990 judicii
2707 1925 2882 1992 auget
2899 1921 3286 1991 severitatem,
3319 1927 3386 1979 ut
3417 1924 3655 1996 dignam

2013 2005 2455 2062 retributionem
2486 2012 2721 2062 tuorum
2756 2009 3007 2080 accipias
3038 2009 3403 2067 delictorum.

2084 2095 2173 2150 30.
2226 2095 2348 2150 Non
2404 2095 2582 2167 igitur
2628 2113 2785 2152 mors
2819 2098 3059 2152 malum.
3095 2099 3242 2156 Nam
3283 2116 3472 2172 neque
3501 2103 3656 2175 apud

2013 2183 2271 2239 viventes
2320 2200 2476 2240 mors
2524 2190 2630 2254 est,
2684 2203 2872 2258 neque
2921 2188 3074 2258 apud
3124 2189 3466 2247 defunctos:
3503 2193 3656 2264 apud

2017 2272 2160 2328 alios
2179 2273 2335 2328 enim
2355 2290 2466 2329 non
2499 2279 2610 2337 est,
2644 2275 2782 2346 quia
2803 2275 2993 2330 adhuc
3023 2276 3242 2345 vivunt,
3277 2277 3374 2332 alii
3407 2280 3658 2335 transie-

2016 2365 2172 2416 runt.
2207 2362 2406 2433 Itaque
2459 2379 2647 2435 neque
2677 2365 2830 2435 apud
2880 2381 2980 2420 eos
3031 2382 3230 2420 amara
3273 2373 3362 2422 est
3391 2369 3525 2438 (2|),
3558 2369 3659 2441 qui

2016 2465 2143 2504 eam
2176 2449 2366 2506 adhuc
2397 2451 2686 2517 nesciunt,
2719 2453 2826 2508 hoc
2871 2453 2997 2525 ipso
3048 2455 3188 2525 quia
3220 2457 3526 2524 nesciunt;
3561 2474 3660 2514 ne-

2018 2554 2129 2610 que
2168 2539 2319 2610 apud
2355 2556 2452 2594 eos
2484 2540 2583 2612 qui
2629 2542 2756 2611 jam
2805 2545 2862 2596 et
2905 2544 3228 2598 secundum
3268 2561 3480 2616 corpus
3513 2546 3658 2602 nihil

2018 2627 2298 2693 sentiunt,
2331 2632 2389 2684 et
2411 2630 2736 2685 secundum
2770 2630 3026 2685 animam
3060 2631 3291 2688 liberati
3318 2639 3476 2689 sunt.

2549 2719 2701 2774 408
2728 2719 2960 2774 CAPUT
2984 2719 3126 2774 VIII.

2019 2805 2171 2883 Nihil
2216 2807 2440 2883 terroris
2494 2807 2692 2883 habere
2743 2809 2916 2879 ipsam
2972 2812 3219 2883 mortem,
3280 2811 3371 2866 sed
3413 2814 3661 2883 opionem

2090 2875 2156 2931 de
2183 2880 2357 2932 morte
2399 2879 2600 2952 terrori
2644 2875 2795 2952 esse}
2837 2894 2964 2950 qum
3011 2881 3226 2950 quidem
3265 2875 3453 2952 opinio
3479 2885 3550 2938 ad
3581 2887 3660 2940 vi-

2092 2956 2204 3002 tam
2238 2949 2521 3018 referenda
2564 2958 2660 3004 est.
2720 2949 2861 3005 Duas
2901 2949 3092 3006 causas
3121 2968 3233 3008 esse
3261 2949 3358 3008 cur
3390 2971 3533 3011 mors
3564 2955 3660 3011 ba-

2093 3019 2283 3073 beatur
2311 3021 2602 3087 terribilis,
2633 3021 2824 3092 quibus
2868 3024 3142 3092 refutatis,
3194 3041 3339 3079 mors
3378 3029 3546 3082 vartis
3581 3037 3662 3082 te-

2091 3092 2388 3216 gimtoniis,
2437 3092 2529 3146 sed
2572 3095 2878 3163 praesertim
2925 3095 2986 3148 Β.
3040 3095 3135 3150 Job
3166 3098 3486 3154 auctoritate
3512 3113 3662 3170 prce-

2129 3177 2212 3216 ica
2240 3178 2325 3216 ur.

2129 3177 2325 3216 icatur.

259 3253 412 3328 quid
455 3258 546 3310 est
567 3253 698 3326 ipsa
717 3253 982 3319 scientia,
1015 3253 1128 3308 nisi
1148 3253 1472 3325 quotidiani
1504 3253 1720 3310 doloris
1751 3255 1907 3326 abje-
1939 3242 1982 3309 C
2092 3249 2180 3304 3L
2215 3251 2378 3316 011οά
2427 3251 2477 3305 Si
2526 3252 2802 3308 terribilis
2845 3253 2999 3322 apud
3029 3253 3286 3309 Viventes
3317 3257 3660 3325 mstimatur,

254 3342 422 3400 ctio?
441 3341 641 3398 Omnia
679 3357 803 3412 quae
844 3345 973 3396 sunt
990 3343 1113 3413 jam
1141 3344 1389 3414 fuerunt,
1419 3351 1470 3398 ct
1498 3343 1644 3399 nihil
1673 3343 1772 3400 sub
1798 3344 1910 3399 sole

261 3436 348 3489 est
395 3447 615 3498 novum,
669 3430 760 3486 sed
810 3431 995 3486 omnia
1051 3433 1283 3487 vanitas.
1342 3433 1524 3487 Totam
1568 3434 1741 3488 vitam
1791 3433 1913 3488 odio

255 3522 434 3576 habui
480 3521 686 3592 (Eccle.
736 3537 772 3588 ι,
817 3525 869 3588 υ,
918 3520 1024 3580 lO;
1073 3537 1130 3585 ιι,
1180 3519 1292 3589 47),
1327 3520 1472 3576 dixit
1508 3521 1910 3578 Ecclesiastes.

258 3609 376 3675 Qui
407 3608 584 3664 vitam
613 3609 745 3664 odio
766 3608 996 3676 habuit,
1025 3612 1272 3665 mortem
1320 3609 1525 3681 utique
1556 3611 1907 3683 praedicavit.

260 3699 528 3769 Denique
560 3701 824 3754 mortuos
871 3697 1132 3753 laudavit
1177 3698 1362 3771 magis
1412 3715 1590 3770 quam
1619 3699 1909 3768 viventes;

261 3792 327 3841 et
357 3786 524 3841 illum
546 3786 834 3858 judicavit
865 3786 1125 3856 beatum,
1159 3787 1257 3858 qui
1302 3787 1360 3842 in
1391 3787 1542 3843 hanc
1589 3788 1765 3844 vitam
1797 3805 1911 3844 non

258 3876 452 3941 venit,
503 3891 608 3930 nec
650 3874 883 3930 inanem
933 3874 1092 3929 hunc
1145 3875 1404 3947 suscepit
1431 3875 1687 3932 laborem
1717 3877 1910 3945 (Eccle.

264 3981 356 4030 Iv,
386 3964 464 4034 2).
511 3964 790 4031 Circuivit,
840 3963 1052 4035 inquit,
1097 3978 1190 4018 cor
1213 3980 1394 4019 meum
1441 3968 1503 4019 ut
1529 3965 1726 4020 scirem
1754 3967 1916 4037 impii

259 4055 522 4110 laetitiam
563 4053 698 4125 (19),
729 4057 782 4108 et
830 4052 1250 4118 considerarem,
1281 4061 1334 4108 et
1369 4069 1667 4124 quaererem
1694 4056 1912 4126 sapien-

253 4145 425 4209 tiam,
457 4150 507 4198 et
535 4157 846 4210 numerum,
880 4150 930 4196 et
962 4144 1020 4196 ut
1048 4143 1246 4197 scirem
1286 4158 1389 4214 per
1435 4144 1728 4215 imperium
1767 4145 1913 4200 laeti-

255 4234 424 4297 tiam,
455 4239 503 4286 et
535 4231 860 4298 molestiam,
888 4235 939 4286 et
958 4232 1332 4302 jactationem,
1363 4233 1413 4286 ct
1452 4234 1640 4288 inveni
1669 4248 1766 4302 ego
1791 4248 1913 4288 eam

253 4323 618 4387 amariorem,
663 4337 828 4391 quam
875 4323 1104 4376 mortem
1135 4321 1340 4389 (Eccle.
1389 4336 1488 4388 vn,
1520 4323 1610 4388 26,
1641 4322 1766 4394 27):
1795 4339 1910 4378 non

253 4410 406 4481 quia
435 4425 634 4464 amara
651 4409 728 4465 sit
759 4425 934 4470 mors.
965 4409 1064 4464 sed
1096 4409 1233 4480 quia
1258 4409 1439 4482 impio
1469 4427 1668 4466 amara
1695 4429 1708 4479 ;
1737 4415 1794 4467 et
1826 4415 1909 4468 ta-

252 4513 400 4554 men
433 4499 686 4554 amarior
714 4499 850 4566 vita,
883 4515 1060 4570 quam
1121 4514 1300 4553 mors.
1353 4499 1596 4556 Gravius
1638 4504 1726 4556 est
1752 4501 1907 4557 enim

2021 3355 2137 3394 non
2169 3355 2328 3394 mors
2376 3340 2505 3411 ipsa
2545 3341 2822 3396 terribilis
2851 3345 2958 3408 est,
2989 3341 3087 3396 sed
3128 3343 3325 3414 opinio
3351 3344 3423 3400 de
3455 3351 3661 3413 morte,

2023 3443 2199 3498 quam
2249 3429 2656 3501 unusquisque
2688 3447 2790 3502 pro
2822 3446 2927 3484 suo
2975 3430 3396 3502 interpretatur
3425 3435 3661 3504 affectu,

2023 3520 2123 3570 aut
2175 3532 2279 3586 pro
2330 3533 2438 3572 sua
2487 3518 2842 3574 conscientia
2871 3519 3278 3590 perhorrescit.
3327 3522 3453 3577 Suae
3484 3523 3664 3595 igitur

2022 3605 2430 3676 unusquisque
2461 3607 2826 3663 conscientia:
2844 3607 3056 3663 vulnus
3078 3615 3328 3677 accuset,
3363 3628 3477 3666 non
3511 3629 3663 3668 mor-

2020 3692 2098 3748 tis
2128 3694 2523 3750 acerbitatem.
2575 3695 2835 3767 Denique
2885 3697 3062 3766 justis
3111 3715 3268 3755 mors
3325 3701 3538 3772 quietis
3575 3707 3666 3758 est

2023 3786 2246 3854 portus,
2279 3785 2622 3840 nocentibus
2654 3786 3026 3858 naufragium
3081 3792 3341 3858 putatur.
3392 3790 3553 3846 Certe
3591 3790 3664 3846 iis

2023 3872 2241 3942 quibus
2269 3873 2460 3944 gravis
2481 3879 2569 3930 est
2590 3875 2766 3930 timor
2790 3876 3014 3944 mortis,
3047 3893 3161 3930 non
3187 3881 3275 3931 est
3299 3893 3471 3947 grave
3492 3880 3660 3948 mori,

2024 3959 2125 4014 sed
2155 3976 2327 4032 grave
2382 3965 2470 4016 est
2520 3963 2705 4019 vivere
2760 3965 2870 4018 sub
2916 3967 3066 4019 metu
3110 3966 3336 4020 mortis.
3371 3967 3493 4020 Non
3527 3983 3662 4039 ergo

2024 4065 2182 4104 mors
2210 4049 2422 4120 gravis,
2452 4052 2551 4106 sed
2599 4057 2792 4107 metus
2823 4052 3047 4107 mortis.
3097 4052 3285 4108 Metus
3316 4059 3506 4108 autem
3539 4055 3661 4127 epi-

2023 4138 2216 4192 nionis
2246 4145 2378 4193 est:
2437 4140 2633 4211 opinio
2680 4157 2812 4196 vero
2856 4145 3064 4194 nostrae
3111 4141 3490 4210 inﬁrmitatis,
3525 4159 3661 4199 con-

2022 4226 2201 4282 traria
2224 4226 2472 4281 veritati.
2508 4228 2652 4282 Nam
2687 4245 2786 4299 per
2814 4229 3115 4284 veritatem
3163 4228 3369 4296 virtus,
3405 4247 3506 4302 per
3535 4232 3663 4304 opi-

2021 4315 2255 4370 nionem
2306 4314 2638 4369 infirmitas.
2674 4314 2881 4386 Opinio
2935 4319 3130 4370 autem
3163 4333 3275 4370 non
3313 4317 3517 4373 mortis
3547 4319 3662 4373 uti-

2021 4421 2154 4476 que,
2187 4403 2287 4460 sed
2311 4404 2439 4458 vita:
2470 4408 2577 4458 est.
2631 4405 2776 4476 Ergo
2802 4402 2945 4458 illud
2979 4421 3153 4476 grave
3183 4405 3309 4459 vitze
3354 4407 3542 4479 magis
3571 4408 3662 4464 in-

2017 4494 2248 4550 venitur
2277 4509 2423 4548 esse.
2459 4493 2667 4565 Liquet
2695 4492 2874 4565 igitur
2903 4493 3042 4565 quia
3071 4495 3278 4550 mortis
3310 4501 3501 4551 metus
3546 4514 3660 4553 non

252 4587 336 4644 ad
372 4592 676 4660 peccatum
729 4587 937 4658 vivere,
987 4604 1165 4659 quam
1197 4587 1256 4642 in
1288 4593 1522 4660 peccato
1557 4590 1737 4658 mori;
1772 4590 1911 4663 quia
1938 4612 1986 4677 Β
2018 4583 2089 4640 ad
2123 4587 2366 4639 mortem
2392 4582 2728 4638 referendus
2759 4588 2865 4649 est,
2897 4583 2998 4638 sed
3022 4583 3092 4636 ad
3114 4585 3314 4640 vitam.
3349 4585 3474 4641 Non
3505 4587 3661 4642 enim

251 4675 487 4748 impius
535 4676 796 4748 quandiu
844 4675 1004 4742 vivit,
1037 4679 1340 4747 peccatum
1371 4681 1580 4750 auget:
1615 4679 1664 4736 si
1701 4679 1911 4737 moria-

252 4770 380 4828 tur,
416 4781 652 4836 peccare
681 4763 913 4821 desinit.

331 4853 425 4907 29.
478 4852 747 4925 Plerique
789 4853 1106 4910 criminum
1139 4871 1382 4911 suorum
1415 4856 1783 4913 absolutione
1812 4857 1908 4912 lae-

251 4944 480 4997 tantur.
515 4941 574 4997 Si
595 4943 961 4998 emendaturi
993 4949 1150 5007 sunt,
1179 4949 1333 5000 recte
1361 4961 1373 4998 :
1408 4944 1457 5000 si
1489 4947 1909 5016 perseveraturi

250 5031 321 5084 in
354 5029 460 5096 eis,
496 5030 708 5098 stulte;
745 5031 884 5103 quia
912 5031 1082 5102 longe
1113 5030 1230 5086 illis
1263 5031 1395 5104 plus
1445 5033 1742 5089 damnatio
1773 5051 1908 5106 pro-

246 5118 570 5188 fuisset,ne
591 5117 952 5175 incrementa
973 5120 1228 5176 facerent
1258 5126 1646 5193 peccatorum.
1683 5123 1761 5178 De
1795 5140 1908 5195 quo

332 5262 447 5337 (t8)
480 5261 668 5337 codex
718 5262 846 5319 Alb.
902 5261 1092 5330 alter.,
1125 5263 1257 5331 Quae
1307 5266 1485 5320 utitur
1510 5281 1731 5337 corpore
1761 5268 1819 5321 in
1849 5283 1909 5323 eo

248 5333 415 5406 quod
429 5336 556 5389 usui
573 5343 667 5390 est.

330 5404 445 5480 (19)
496 5406 581 5480 ita
632 5423 837 5462 omnes
888 5422 1030 5480 mss.
1083 5408 1258 5477 atque
1285 5406 1426 5462 edit.
1467 5411 1706 5480 excepta
1736 5408 1901 5466 Rom.

248 5475 359 5531 ubi
397 5475 633 5547 legitur,
683 5480 740 5531 ut
786 5475 1209 5544 considerarem,
1261 5485 1313 5532 et
1359 5475 1658 5548 quererein
1687 5482 1905 5548 sapien-

249 5550 418 5616 tiam,
450 5552 504 5603 et
548 5564 863 5616 numerum,
909 5553 963 5602 et
1008 5549 1206 5602 scirem
1235 5549 1396 5616 impii
1432 5550 1706 5606 laetitiam.
1743 5549 1906 5615 Quod

249 5619 529 5692 quidem_
551 5619 793 5692 prepius
844 5618 1069 5692 accedit
1097 5619 1169 5674 ad
1214 5618 1373 5692 LXX,
1406 5637 1438 5675 a
1469 5621 1683 5692 quibus
1714 5629 1906 5680 tamen

252 5689 401 5752 cum
434 5689 588 5768 aliis,
620 5689 678 5749 et
706 5705 850 5751 mss.
901 5690 1196 5771 discrepat
1223 5689 1284 5751 in
1308 5706 1465 5770 voce,
1485 5689 1794 5763 laetitiam;
1823 5695 1906 5756 sic

2019 4673 2307 4729 habemus
2337 4673 2491 4744 quod
2540 4673 2601 4728 in
2634 4677 2818 4728 morte
2861 4676 3215 4742 metuamus,
3249 4672 3298 4728 si
3330 4673 3475 4729 nihil
3505 4675 3661 4746 quod

2017 4762 2344 4818 timendum
2391 4762 2468 4817 sit
2510 4761 2628 4817 vita
2679 4766 2877 4817 nostra
2920 4761 3233 4818 commisit.
3268 4763 3492 4819 Etenim
3523 4781 3662 4835 pru-

2019 4851 2295 4907 dentibus
2334 4850 2677 4907 delictorum
2711 4850 2998 4924 supplicia
3018 4851 3217 4908 terrori
3243 4857 3417 4906 sunt:
3451 4852 3662 4908 delicta

2021 4945 2214 4995 autem
2247 4956 2359 5014 non
2390 4945 2756 4995 mortuorum
2807 4945 2973 4995 actus
3001 4943 3158 5008 sunt,
3189 4943 3288 4994 sed
3320 4939 3657 4995 viventium.

2021 5029 2149 5082 Vita
2179 5029 2356 5099 igitur
2397 5029 2469 5082 ad
2515 5045 2621 5084 nos
2671 5029 2934 5094 refertur,
2969 5029 3136 5096 cujus
3176 5033 3341 5081 actus
3371 5027 3428 5080 in
3463 5033 3662 5085 nostra

2019 5120 2303 5189 potestate
2351 5119 2477 5170 est:
2510 5133 2668 5172 mors
2700 5121 2895 5171 autem
2925 5115 3068 5169 nihil
3101 5115 3172 5169 ad
3206 5131 3348 5169 nos:
3385 5119 3476 5170 est
3501 5114 3658 5172 enim

2018 5258 2175 5315 enim
2235 5257 2342 5323 illi,
2373 5267 2456 5312 καὶ
2481 5267 2567 5314 τοῦ
2595 5268 2775 5326 γνῶναι
2801 5263 3004 5318 ἀσεϐοῦς
3031 5264 3338 5328 ἀφροσύνην,
3379 5258 3479 5312 sed
3513 5257 3658 5314 forte

2015 5330 2232 5385 lectum
2283 5334 2372 5383 est
2421 5329 2494 5381 ab
2557 5328 2861 5383 Ambrosio
2911 5335 3236 5398 εὐφροσύνην.
3301 5328 3378 5383 De
3434 5331 3656 5387 caeteris

2016 5353 2232 5385 ιϐῦιυω
2283 5353 2372 5383 εει.
2421 5353 2494 5381 ξιυ
2557 5353 2861 5383 Λωυι-υδιυ
2911 5353 2999 5398 συφ
3033 5353 3172 5383 οσυντ

2016 5401 2196 5456 huius
2230 5400 2334 5454 loci
2359 5399 2703 5455 differentiis
2734 5399 2825 5453 adi
2857 5353 3172 5454 Nobiiium.

2089 5420 2094 5454 ι
2127 5418 2196 5456 us
2231 5418 2334 5454 IOCI
2359 5418 2703 5455 aluerenms
2734 5418 2825 5453 ani
2858 5418 3172 5454 lVODlllum.

2089 5418 2202 5543 ('20)
2234 5468 2510 5526 Nonnulli
2557 5486 2719 5537 mss.,
2768 5487 2892 5525 cum
2945 5471 3167 5540 gravior
3209 5485 3295 5528 eos
3321 5487 3483 5543 plena
3509 5474 3658 5529 intra

2014 5561 2070 5600 se
2100 5545 2287 5599 laniet.

2087 5615 2199 5689 (2t)
2253 5614 2468 5670 Omnes
2516 5613 2678 5685 edit.,
2723 5613 2867 5692 apud
2931 5629 3018 5672 eos
3065 5613 3213 5672 mala
3274 5619 3389 5680 est;
3453 5629 3655 5675 omnes

2016 5704 2176 5751 ms...
2206 5703 2398 5746 amara
2427 5693 2521 5747 est.
