3830 6206
308 340 424 400 583

1760 338 1823 395 S.
1877 335 2249 396 AMBROSll

3601 334 3705 397 584

307 471 603 544 separatio
647 472 858 526 animae
905 476 961 526 et
1008 469 1266 541 corporis
1303 487 1313 522 :
1367 468 1564 523 anima
1614 466 1957 536 absolvitur,
1986 470 2038 533 Α
2071 473 2168 520 cut
2201 467 2484 538 scriptum
2508 473 2632 523 est:
2667 468 2776 536 Ego
2825 468 3082 533 dormivi,
3114 470 3166 523 et
3219 467 3488 540 requievi,
3517 473 3703 522 asur-

303 560 874 634 corpus'resolvitur.
926 561 1058 624 Quae
1116 556 1457 620 absolvitur,
1488 557 1707 627 gaudet
1739 573 1751 610 :
1787 555 1942 625 quod

302 649 611 707 resolvitur
643 650 700 702 in
729 654 945 702 terram
999 664 1192 710 suam,
1242 646 1384 701 nihil
1418 646 1631 701 sentit:
1665 646 1818 717 quod
1855 644 1939 698 ni-

302 739 386 794 hil
415 738 613 803 sentit,
648 737 788 792 nihil
821 736 892 791 ad
926 753 1030 791 nos
1069 739 1202 802 (22,-.

371 831 460 883 32.
495 829 711 883 Tamen
762 825 810 880 si
844 842 999 880 mors
1050 824 1294 891 malum,
1347 826 1641 895 quomodo
1694 825 1938 893 juvenes

300 933 416 972 non
449 917 658 972 timent
679 914 802 969 ﬁeri
834 929 1024 979 senes,
1057 930 1162 968 nec
1195 912 1504 968 finitimam
1539 913 1710 967 morti
1742 929 1939 967 veren-

297 1012 393 1062 tur
421 1010 647 1061 aetatem
680 1023 693 1071 ;
730 1002 1165 1075 patientiusque
1206 1003 1400 1057 deficit
1452 1002 1550 1072 qui
1586 1006 1940 1073 przesumpta

297 1100 482 1151 morte
510 1093 723 1159 deﬁcit,
754 1109 932 1164 quam
964 1093 1063 1163 qui
1099 1092 1416 1162 inopinata.
1447 1091 1546 1145 His
1579 1108 1806 1162 quoque
1840 1091 1937 1161 qui

297 1190 544 1240 mortem
591 1182 811 1238 malum
867 1186 1095 1252 putant,
1145 1187 1348 1252 aptum
1396 1197 1738 1252 responsum
1788 1179 1938 1234 arbi-

297 1280 439 1339 tror,
471 1273 609 1345 quia
640 1289 741 1343 per
764 1270 937 1325 vitam
986 1270 1057 1324 ad
1093 1274 1334 1324 mortem
1358 1275 1448 1324 est
1480 1268 1793 1323 transitus:
1838 1285 1939 1339 per

294 1366 538 1417 mortem
570 1367 762 1415 autem
797 1361 867 1414 ad
901 1360 1076 1413 vitam
1129 1359 1367 1413 reditus.
1410 1357 1605 1428 Neque
1636 1358 1790 1411 enim
1823 1357 1933 1412 nisi

294 1452 393 1521 qui
424 1450 633 1505 mortui
670 1448 902 1516 fuerint,
936 1452 1183 1518 possunt
1231 1463 1550 1517 resurgere.
1590 1447 1936 1518 Insipientes

293 1544 490 1594 autem
523 1542 769 1592 mortem
804 1537 968 1608 quasi
1005 1553 1303 1591 summum
1352 1536 1639 1590 malorum
1673 1535 1934 1589 reformi-

291 1630 468 1684 dant:
503 1628 795 1699 sapientes
845 1625 1008 1697 quasi
1051 1625 1308 1696 requiem
1342 1629 1473 1697 post
1501 1624 1749 1691 labores,
1781 1630 1835 1679 et
1867 1625 1932 1678 ti-

290 1733 424 1772 nem
459 1715 746 1770 malorum
779 1718 1076 1786 expetunt.

360 1806 449 1862 33.
484 1804 722 1859 Duabus
751 1809 942 1858 autem
975 1819 1042 1857 ex
1072 1803 1266 1858 causis
1290 1808 1538 1858 mortem
1586 1802 1932 1874 insipientes

291 1898 582 1949 verentur.
621 1891 762 1959 Una,
795 1892 949 1964 quod
982 1908 1110 1946 eam
1139 1892 1440 1947 interitum
1487 1890 1816 1964 appellant:
1856 1891 1938 1946 in-

289 1982 496 2037 teritus
527 1987 720 2038 autem
753 1981 1009 2035 hominis
1039 1997 1169 2036 esse
1193 1997 1304 2034 non
1333 1985 1541 2051 potest,
1572 1995 1706 2035 cum
1739 1980 1937 2035 anima

291 2075 586 2144 superstes
615 2069 842 2142 corpori
882 2070 978 2134 sit,
1012 2069 1169 2124 salvo
1200 2086 1265 2124 eo
1298 2069 1452 2140 quod
1496 2069 1692 2141 ipsum
1724 2085 1934 2139 corpus

291 2165 523 2216 maneat
545 2159 910 2216 resurrectio.
942 2158 1137 2214 Altera
1177 2163 1370 2213 autem
1395 2175 1593 2223 causa,
1627 2159 1782 2227 quod
1814 2174 1932 2228 pa:-

290 2268 396 2306 nas
429 2248 825 2312 reformident,
861 2253 1164 2320 poetarum
1191 2246 1455 2302 videlicet
1485 2245 1699 2301 fabulis
1726 2246 1932 2310 territi,

288 2339 534 2394 latratus
571 2337 824 2399 Cerberi,
850 2342 907 2391 et
946 2337 1138 2408 Cocyti
1163 2335 1421 2391 (luminis
1440 2337 1665 2391 tristem
1715 2335 1935 2406 voragi-

291 2445 447 2495 nem,
471 2427 819 2482 Charontem
845 2425 1160 2481 tristiorem
1184 2427 1318 2497 (23),
1345 2426 1649 2480 Furiarum
1672 2425 1930 2497 agmina,

289 2522 390 2572 aut
421 2520 713 2590 praerupta
742 2519 980 2581 tartara,
1013 2515 1070 2570 in
1123 2515 1338 2586 quibus
1383 2515 1578 2587 Hydra
1606 2515 1810 2569 saevior
1837 2531 1930 2569 se-

290 2608 422 2662 dem
453 2606 702 2673 habeat;
753 2604 897 2677 Tityi
950 2621 1183 2676 quoque
1212 2605 1437 2661 viscera
1476 2604 1820 2675 reparandis
1849 2604 1930 2658 fe-

290 2696 482 2751 cunda
528 2693 854 2767 suppliciis,
906 2710 1034 2766 quas
1081 2693 1275 2749 vultur
1326 2693 1606 2748 immanis
1655 2693 1781 2747 sine
1813 2691 1930 2747 ullo

290 2787 404 2841 ﬁne
434 2784 801 2856 depascitur;
861 2783 1062 2838 Ixionii
1116 2798 1351 2854 quoque
1399 2782 1557 2837 orbis
1590 2787 1929 2854 perpetuam

289 2875 398 2929 sub
431 2891 611 2946 pcenze
639 2871 938 2927 atrocitate
970 2870 1337 2942 vertiginem,
1372 2874 1496 2924 tum
1530 2869 1649 2925 saxi
1682 2871 1932 2942 desuper

289 2961 652 3017 imminentis
684 2975 860 3031 super
890 2958 1080 3031 capita
1105 2957 1517 3014 accubantium
1549 2958 1698 3014 inter
1727 2959 1930 3031 epulas

291 3050 722 3122 impendentem
761 3050 1011 3103 ruinam.
1046 3049 1208 3104 κιαι
1240 3047 1366 3102 Haec
1401 3045 1569 3118 plena
1599 3052 1738 3104 sunt
1768 3048 1932 3103 fabu-

287 3139 610 3204 larum,ncc
633 3142 825 3192 tamen
850 3136 1182 3208 negaverim
1229 3153 1429 3207 pmnas
1461 3152 1588 3191 esse
1613 3140 1744 3208 post
1775 3152 1928 3191 mor-

2051 558 2212 615 reri;
2243 558 2506 626 quoniam
2557 558 2818 612 Dominus
2868 559 3101 628 suscepit
3147 573 3235 612 me
3281 556 3465 622 (Psai.
3519 572 3602 621 ιιι,
3629 557 3698 626 6).

2055 644 2247 700 Dulcis
2271 646 2448 718 igitur
2468 645 2636 717 quies
2657 647 2882 702 mortis.
2918 645 3177 718 Denique
3199 645 3492 700 Dominus
3524 644 3693 701 susci-

2053 739 2133 788 tat
2163 735 2550 805 quiescentes,
2585 735 2723 806 quia
2753 736 3038 790 Dominus
3068 740 3158 790 est
3186 734 3556 790 resurrectio.

2118 824 2207 878 35.
2245 823 2394 878 lllud
2428 841 2661 896 quoque
2699 825 3022 897 egregium,
3057 824 3212 896 quod
3242 824 3322 879 ait
3360 823 3692 895 Scriptura:

2049 915 2185 966 Ante
2233 922 2460 968 mortem
2492 930 2603 968 non
2650 914 2966 970 laudaveris
3022 930 3349 985 quemquam
3401 913 3588 982 (Eccli.
3619 931 3688 980 ιι,

2047 1004 2157 1072 30 ,.
2193 1001 2611 1073 Unusquisque
2635 1004 2792 1058 enim
2843 1004 2901 1057 in
2949 1003 3286 1058 novissimis
3335 1003 3464 1057 suis
3494 1018 3692 1074 cogno-

2048 1091 2249 1156 scitur,
2280 1097 2332 1144 et
2357 1091 2414 1145 in
2439 1091 2575 1147 ﬁliis
2596 1093 2722 1147 suis
2741 1093 3082 1158 aestimatur,
3107 1092 3154 1147 si
3185 1091 3331 1147 bene
3365 1089 3520 1147 filios
3551 1107 3680 1147 suos

2045 1178 2322 1246 instituit,
2354 1184 2408 1234 et
2439 1179 2766 1252 disciplinis
2797 1181 3264 1252 competentibus
3295 1179 3573 1235 erudivit.
3605 1180 3686 1235 Si-

2045 1269 2280 1338 quidem
2312 1269 2383 1323 ad
2416 1269 2830 1342 negligentiam
2876 1270 3057 1341 patris
3103 1270 3352 1325 refertur
3387 1267 3681 1332 dissolutio

2045 1357 2319 1413 liliorum.
2381 1360 2530 1413 Tum
2580 1359 2720 1430 quia
2750 1359 3177 1430 unusquisque,
3229 1357 3495 1430 quandiu
3531 1359 3682 1427 vivit,

2043 1447 2329 1502 obnoxius
2357 1452 2445 1502 est
2477 1447 2688 1519 lapsui,
2722 1465 2827 1502 nec
2880 1457 3148 1505 senectus
3206 1448 3494 1502 immunis
3524 1464 3556 1502 a
3582 1445 3678 1502 cri-

2044 1535 2240 1601 mine;
2277 1537 2406 1591 ideo
2433 1535 2580 1606 legis
2632 1537 2772 1607 quia
2820 1537 3094 1592 Abraham
3149 1545 3398 1593 mortuus
3424 1545 3500 1591 cst
3530 1538 3587 1591 in
3613 1553 3682 1590 se-

2042 1633 2253 1680 nectute
2302 1625 2440 1680 bona
2486 1626 2634 1694 (Gen.
2691 1643 2818 1693 xxv,
2869 1627 2946 1696 8),
2999 1643 3065 1682 eo
3114 1627 3268 1698 quod
3321 1626 3381 1681 in
3443 1625 3681 1680 bonitate

2043 1715 2322 1784 propositi
2356 1715 2445 1769 sui
2481 1715 2821 1786 permansit.
2857 1716 3009 1771 Mors
3041 1716 3221 1787 igitur
3247 1715 3381 1769 vitae
3412 1720 3501 1777 est
3541 1715 3680 1770 testi-

2048 1801 2329 1857 monium.
2364 1803 2509 1858 Nam
2544 1803 2592 1858 si
2634 1803 2861 1859 laudari
2893 1809 3024 1862 ante
3055 1803 3418 1876 gubernator
3448 1819 3560 1859 non
3589 1819 3677 1874 po-

2046 1895 2178 1962 test,
2213 1908 2389 1963 quam
2423 1893 2480 1946 in
2513 1897 2746 1962 portum
2795 1909 2997 1948 navem
3041 1893 3368 1958 deduxerit,
3406 1890 3676 1964 quomodo

2045 1980 2315 2035 laudabis
2345 1979 3017 2052 hominem,priusquam
3050 1981 3107 2035 in
3139 1978 3456 2036 stationem
3489 1979 3673 2034 mortis

2045 2069 2436 2124 successerit?
2461 2069 2526 2124 Et
2555 2070 2679 2142 ipse
2701 2069 2792 2125 sui
2809 2073 2897 2126 est
2917 2070 3291 2142 gubernator,
3326 2074 3388 2125 et
3412 2068 3536 2142 ipse
3561 2065 3672 2124 vita

2045 2157 2221 2229 hujus
2237 2159 2498 2229 jactatur
2526 2157 2836 2228 profundo,
2871 2157 3130 2230 quandiu
3154 2157 3212 2212 in
3235 2157 3364 2213 salo
3397 2157 3526 2225 isto,
3557 2160 3676 2212 tan-

2042 2247 2144 2301 diu
2176 2248 2328 2301 inter
2359 2247 2683 2319 naufragia.
2717 2247 2844 2303 Dux
2871 2248 2996 2319 ipse
3028 2247 3141 2302 nisi
3180 2247 3443 2303 confecto
3493 2244 3668 2319 pralio

2043 2353 2158 2391 non
2205 2337 2387 2391 sumit
2434 2335 2713 2403 lauream,
2750 2353 2854 2392 nec
2885 2335 3056 2392 miles
3085 2353 3249 2392 arma
3289 2336 3545 2407 deponit,
3576 2349 3667 2389 nec

2041 2425 2314 2496 stipendii
2357 2425 2681 2480 mercedem
2741 2424 3104 2496 adipiscitur,
3154 2424 3267 2480 nisi
3318 2424 3486 2482 hoste
3515 2438 3664 2494 supe-

2041 2517 2185 2568 rato.
2221 2513 2376 2568 Mors
2404 2513 2586 2585 igitur
2616 2513 3040 2585 stipendiorum
3091 2512 3421 2584 plenitudo,
3453 2527 3664 2568 summa

2042 2602 2348 2668 mercedis,
2380 2602 2568 2675 gratia
2599 2602 2900 2658 missionis
2928 2605 3018 2658 est
3045 2602 3179 2673 (24).

2111 2693 2201 2748 36.
2233 2695 2530 2756 Quantum
2553 2695 2750 2747 autem
2781 2691 2956 2747 morti
2980 2691 3138 2747 dedit
3157 2695 3404 2748 sanctus
3423 2690 3548 2757 Job,
3576 2688 3661 2760 qui

2041 2782 2222 2836 dixit:
2273 2780 2582 2836 Benedictio
2628 2781 2887 2836 morituri
2933 2782 2990 2835 in
3038 2796 3125 2836 me
3173 2781 3357 2836 veniat
3387 2779 3498 2851 (Job
3526 2793 3660 2844 xxxx,

2043 2873 2128 2940 13)
2151 2871 2177 2924 ?
2200 2871 2344 2926 Nam
2367 2871 2475 2926 etsi
2499 2871 2658 2926 Isaac
2681 2869 3039 2926 benedixerit
3060 2869 3214 2926 ﬁlios
3234 2887 3377 2926 suos
3396 2869 3660 2948 .moriens,

2037 2966 2093 3016 et
2138 2961 2318 3015 Jacob
2365 2959 2726 3016 benedixerit
2771 2958 3156 3031 patriarchas,
3199 2963 3398 3015 tamen
3445 2956 3662 3013 benedi-

2038 3049 2247 3105 ctionis
2266 3049 2428 3105 illius
2457 3049 2645 3121 gratia
2667 3052 2893 3120 poterat
2913 3047 3055 3104 solis
3077 3047 3540 3104 benedicentium
3561 3060 3660 3100 me-

2039 3139 2168 3194 ritis
2216 3138 2505 3210 deputari,
2540 3137 2628 3192 vel
2660 3137 2860 3210 pietati
2908 3142 3177 3209 paternae.
3215 3137 3320 3192 Hic
3362 3152 3489 3193 vero
3518 3132 3670 3201 nulla,

286 3234 426 3284 tem.
473 3229 583 3283 Sed
629 3227 768 3298 quid
817 3227 886 3280 ad
923 3230 1170 3280 mortem
1199 3225 1258 3280 id
1313 3225 1464 3296 quod
1521 3230 1651 3297 post
1683 3229 1927 3280 mortem
1959 3214 2001 3280 C
2041 3228 2420 3301 praerogativa
2450 3226 2789 3281 meritorum
2838 3231 2948 3293 est,
2979 3225 3140 3281 nulla
3168 3225 3424 3298 pietatis,
3455 3215 3557 3281 sed
3577 3239 3654 3283 80-

285 3317 416 3374 est?
444 3317 502 3372 Si
535 3320 730 3372 autem
761 3331 888 3387 qua:
936 3319 1069 3386 post
1116 3318 1362 3369 mortem
1410 3320 1568 3381 sunt,
1602 3315 1930 3370 referantur

287 3407 360 3462 ad
391 3410 660 3476 mortem,
691 3404 894 3460 eadem
921 3404 1096 3459 etiam
1120 3420 1246 3476 qua:
1278 3407 1407 3475 post
1438 3403 1614 3458 vitam
1647 3409 1804 3471 sunt,
1838 3420 1928 3459 re-

287 3496 547 3551 ferantur
568 3495 640 3549 ad
682 3493 881 3549 vitam.
911 3491 1082 3548 Nulla
1110 3508 1247 3565 ergo
1285 3496 1459 3548 erunt
1486 3492 1777 3565 supplicia
1801 3509 1928 3564 qua)

286 3583 616 3639 referantur
663 3583 738 3636 ad
781 3585 1047 3636 mortem.
1083 3583 1237 3636 Mors
1266 3581 1445 3647 enim,
1478 3586 1543 3636 ut
1572 3599 1752 3654 supra
1781 3582 1930 3636 dixi-

289 3689 422 3727 mus
469 3674 620 3742 (cap.
655 3671 732 3741 4),
782 3669 1069 3725 absolutio
1118 3675 1206 3726 est
1233 3675 1290 3726 et
1319 3671 1607 3741 separatio
1638 3671 1847 3726 animae
1875 3675 1932 3727 et

287 3759 584 3832 corporis:
622 3775 738 3813 non
793 3762 883 3813 est
911 3762 1106 3813 autem
1154 3757 1310 3813 mala
1338 3757 1587 3824 solutio;
1623 3759 1761 3830 quia
1811 3759 1930 3816 dis-

287 3849 430 3904 solvi
463 3853 520 3903 et
550 3864 680 3904 esse
709 3864 842 3903 cum
893 3846 1121 3903 Christo
1163 3845 1347 3902 multo
1398 3845 1608 3902 melius
1657 3848 1929 3919 (Philipp:

287 3956 326 4006 ι,
360 3938 471 4008 23).
523 3938 646 3992 Non
701 3936 882 4008 igitur
912 3935 1064 3991 mala
1111 3952 1288 3991 mors.
1327 3936 1582 4008 Denique
1613 3953 1771 3992 mors
1800 3953 1931 4009 pec-

289 4033 550 4084 catorum
583 4025 858 4099 pessima.
892 4025 1017 4079 Non
1051 4025 1253 4096 utique
1285 4041 1442 4080 mors
1471 4025 1728 4096 pessima
1757 4041 1930 4098 gene-

289 4115 522 4173 raliter:
559 4117 659 4172 sed
691 4114 948 4187 pessima
992 4113 1322 4187 specialiter
1360 4119 1729 4187 peccatorum
1761 4117 1931 4185 (Psat.

287 4223 486 4272 χχχιιι,
516 4205 622 4260 22’.
655 4206 914 4276 Denique
967 4204 1222 4276 pretiosa
1264 4205 1566 4275 justorum
1602 4205 1770 4276 (Psat.
1805 4221 1932 4270 cxv,

290 4298 398 4367 15).
434 4294 596 4351 Unde
637 4294 822 4366 liquet
869 4294 1245 4350 acerbitatem
1279 4311 1391 4350 non
1424 4294 1631 4350 mortis
1651 4311 1799 4362 esse,
1833 4294 1932 4350 sed

288 4385 492 4456 culpae.

359 4474 454 4529 34.
495 4471 756 4528 Pulchre
787 4475 982 4528 autem
1011 4473 1192 4529 Graeci
1224 4490 1258 4528 a
1279 4472 1393 4528 ﬁne
1416 4477 1662 4528 mortem
1685 4471 1936 4544 appella-

2036 3315 2153 3372 lius
2182 3316 2388 3372 mortis
2419 3314 2783 3387 privilegium
2809 3330 2822 3368 :
2858 3332 2990 3370 cum
3041 3315 3368 3372 benedictio
3396 3314 3654 3385 cujusque

2038 3405 2304 3462 morituri
2336 3409 2565 3460 tantum
2594 3403 2828 3459 virtutis
2873 3403 3105 3471 habeat,
3147 3407 3213 3458 ut
3239 3419 3373 3459 eam
3403 3402 3510 3458 sibi
3537 3398 3651 3456 san-

2039 3499 2167 3550 ctus
2214 3493 2502 3566 Propheta
2549 3493 2854 3566 optaverit.
2906 3496 2986 3548 Ac
3032 3508 3135 3564 per
3179 3492 3290 3548 hoc
3358 3491 3653 3564 cogitemus

2039 3597 2270 3654 semper
2297 3582 2454 3637 hunc
2481 3581 2856 3650 versiculum,
2890 3585 2948 3636 et
2974 3581 3146 3637 corde
3176 3584 3496 3636 teneamus.
3546 3573 3547 3576 “

2109 3673 2198 3727 37.
2233 3673 2292 3727 Si
2343 3687 2519 3744 quem
2567 3670 2890 3727 viderimus
2938 3686 3255 3743 pauperem
3305 3669 3658 3736 moriturum,

2041 3765 2283 3834 sumptu
2319 3762 2598 3832 juvemus
2623 3779 2635 3826 ;
2669 3764 2727 3815 et
2754 3759 2911 3815 dicat
2938 3759 3352 3832 unusquisque
3380 3761 3656 3814 nostrum:

2041 3851 2351 3908 Benedictio
2398 3850 2660 3906 morituri
2705 3851 2766 3904 in
2811 3865 2900 3904 me
2927 3851 3128 3905 veniat.
3181 3849 3239 3904 Si
3271 3865 3443 3921 quem
3473 3843 3658 3902 videri-

2041 3958 2175 3998 mus
2205 3939 2478 4007 debilem,
2529 3956 2644 3994 non
2693 3939 3070 3994 deseramus:
3105 3940 3153 3994 si
3202 3954 3378 4010 quem
3408 3937 3464 3992 in
3495 3938 3658 3991 extre-

2043 4031 2156 4086 mis
2189 4029 2466 4102 positum,
2517 4045 2632 4084 non
2665 4027 3105 4098 relinquamus:
3141 4033 3408 4083 occurrat
3433 4030 3487 4082 et
3514 4021 3658 4078 nobis

2043 4121 2271 4176 dicere:
2323 4117 2476 4176 405
2545 4117 2854 4173 Benedictio
2917 4119 3178 4172 morituri
3241 4119 3302 4172 in
3351 4133 3437 4171 me
3479 4113 3657 4173 venit“.

2042 4209 2262 4264 Laudet
2284 4212 2340 4263 et
2359 4213 2415 4263 te
2437 4201 2870 4279 uniusquisque
2901 4206 3243 4272 moriturus,
3275 4203 3659 4276 unusquisque

2044 4297 2346 4370 depositus
2393 4313 2510 4352 (evo
2558 4296 2694 4368 (25),
2743 4295 3152 4368 unusquisque
3198 4294 3490 4351 confectus
3547 4285 3655 4342 vul-

2043 4403 2181 4443 nere
2210 4386 2391 4460 gravi,
2427 4386 2837 4458 unusquisque
2868 4385 3072 4440 morbo
3097 4385 3464 4457 absumptus,
3487 4383 3537 4436 et
3547 4379 3654 4449 jam

2045 4474 2216 4531 morti
2249 4475 2571 4548 proximus.
2624 4474 2725 4529 Hic
2774 4473 3100 4530 versiculus
3139 4478 3390 4546 quantos
3419 4460 3656 4527 benedici

287 4566 532 4628 verunt;
562 4570 802 4631 τελευτὴν
833 4562 989 4617 enim
1048 4566 1296 4618 mortem
1331 4561 1648 4635 appellant,
1683 4579 1749 4617 eo
1780 4563 1935 4634 quod
1966 4585 2012 4650 D
2044 4566 2212 4621 fecit!
2250 4564 2488 4630 Quoties
2539 4563 2683 4619 mihi
2733 4565 3016 4635 pudorem
3065 4562 3336 4631 incussit,
3370 4561 3418 4618 si
3446 4553 3656 4648 merita:

293 4651 428 4706 finis
458 4649 634 4706 istius
683 4651 810 4706 vitae
841 4652 934 4707 sit.
969 4652 1082 4706 Sed
1113 4652 1286 4707 etiam
1317 4668 1590 4707 somnum
1625 4651 1935 4724 Scriptura:

292 4743 594 4812 nuncupat
626 4744 897 4804 mortem,
930 4740 1081 4795 sicut
1110 4745 1199 4796 est
1229 4739 1372 4794 illud
1405 4757 1417 4795 :
1452 4743 1694 4795 Lazarus
1725 4744 1936 4797 amicus

290 4838 474 4885 noster
501 4829 742 4892 dormit;
799 4828 892 4884 sed
950 4827 1084 4884 vado
1114 4836 1173 4885 ut
1199 4831 1451 4884 suscitem
1492 4847 1620 4884 eum
1647 4831 1822 4900 (Joan.
1857 4848 1934 4897 x1,

292 4920 400 4990 11).
436 4920 692 4976 Somnus
724 4923 918 4975 autem
953 4918 1163 4986 bonus,
1199 4917 1476 4990 quoniam
1510 4920 1676 4991 quies
1716 4923 1825 4987 est,
1857 4919 1936 4976 si-

361 5101 474 5174 (22)
526 5099 678 5174 Edit.
711 5115 966 5174 omnes,_
995 5103 1051 5174 et
1074 5172 1086 5174 _
1107 5116 1250 5156 mss.
1305 5098 1546 5174 aliquot,
1569 5101 1741 5174 nihil
1769 5116 1935 5172 agno-

290 5173 408 5226 scit.
433 5171 541 5227 Sed
576 5189 782 5227 novem
815 5171 970 5226 haud
995 5171 1210 5225 infimae
1243 5177 1412 5239 notae,
1435 5171 1579 5226 nihil
1611 5172 1681 5226 ad
1709 5171 1826 5228 nos.

360 5244 475 5313 ('23)
523 5244 739 5299 Omnes
783 5241 947 5307 edit.,
999 5244 1234 5298 latratus
1284 5245 1439 5297 canis
1470 5244 1785 5314 (infernalis
1816 5243 1940 5298 Cer-

294 5313 474 5386 oeri...
507 5322 557 5369 et
611 5324 848 5370 nautam
903 5315 1122 5386 inferni
1172 5317 1404 5385 gurgitis
1449 5313 1788 5370 Charontem.
1823 5315 1936 5380 Sed

293 5383 413 5437 haec
440 5387 634 5450 verba,
666 5389 819 5440 canis
850 5383 1187 5456 infernalis,
1208 5383 1341 5454 etc.,
1374 5402 1501 5456 quae
1534 5385 1880 5442 rescidimus
1907 5403 1938 5441 e

294 5457 668 5529 textu,neque
701 5457 758 5509 in
814 5455 938 5529 Vat.
965 5472 1163 5529 neque
1192 5458 1250 5511 in
1276 5455 1429 5529 .Gall.
1459 5473 1602 5512 mss.
1638 5457 1937 5529 reperiun:

295 5529 414 5590 tur,
447 5524 707 5601 satiSque
741 5526 1038 5601 probabile
1069 5524 1159 5601 est
1209 5545 1306 5601 ex_
1333 5528 1582 5601 alicujus
1625 5524 1821 5601 glossa
1850 5527 1937 5601 vel

296 5595 581 5673 margine,
605 5596 704 5651 ubi
726 5595 1130 5673 explicationis
1161 5599 1350 5672 gratia
1378 5595 1568 5673 posita
1597 5595 1847 5669 fuerant,
1878 5600 1938 5657 in

295 5665 505 5746 corpus
536 5665 862 5745 irrepsisse.

2045 4671 2177 4710 rum
2227 4653 2502 4725 praeterii,
2554 4653 2603 4708 si
2634 4669 2748 4708 non
2794 4652 3020 4709 visitavi
3070 4651 3321 4724 graviter
3366 4660 3588 4721 aegrum,
3616 4638 3657 4694 εἰ

2045 4743 2300 4798 tastidivi
2323 4743 2582 4814 inopem,
2615 4741 2664 4798 si
2688 4741 2978 4813 captivum
3007 4757 3121 4796 non
3153 4741 3391 4808 redemi,
3418 4738 3463 4793 si
3485 4743 3656 4791 senem

2047 4832 2271 4907 sprevit
2308 4832 2397 4886 Sit
2443 4847 2580 4903 ergo
2629 4831 2688 4885 in
2720 4831 2893 4886 corde
2939 4830 2994 4885 id
3046 4846 3298 4902 semper,
3331 4833 3394 4885 ut
3430 4817 3660 4882 stimulet

2047 4922 2331 4989 duriores,
2384 4924 2450 4975 ut
2496 4920 2808 4975 admoneat
2854 4919 3264 4990 promptiores.
3315 4909 3656 4974 Resonentte

2117 5100 2226 5172 (24)
2261 5098 2355 5155 Sic
2370 5115 2598 5172 omnes
2613 5098 2751 5154 edit.
2770 5097 3032 5172 etpauci
3064 5113 3207 5172 mss.
3239 5095 3304 5152 In
3332 5094 3458 5172 aliis
3485 5091 3652 5172 autern

2047 5169 2135 5226 est
2163 5169 2362 5243 aliqua
2391 5170 2717 5244 diversitas.
2752 5169 3004 5244 Quidam
3029 5169 3206 5244 enim,
3239 5169 3433 5237 gratia,
3483 5169 3652 5244 repig-

2044 5245 2125 5299 sio
2171 5231 2281 5313 est;
2314 5243 2582 5314 quidam,
2633 5231 2816 5313 gratia
2852 5231 3204 5314 remissionis
3240 5231 3354 5306 Vest,
3419 5231 3652 5314 quidafg.

2045 5317 2226 5383 gratia
2252 5301 2603 5388 admissionis
2623 5301 2726 5388 Eat,
2763 5312 3297 5388 quidamdenique,
3318 5301 3654 5388 orationi-vf:

2046 5371 2218 5442 Eionis
2247 5390 2346 5441 est.
2377 5376 2593 5440 Verum
2623 5371 2724 5440 hic'
2747 5371 2818 5439 ad
2853 5371 3200 5438 missionem
3243 5371 3368 5455 quis
3397 5371 3651 5433 militibus

2047 5457 2307 5513 emeritis
2333 5457 2600 5523 dabatur,
2635 5455 2839 5521 alludi,
2873 5459 3120 5510 constat.

2119 5508 2362 5657 ζέε)ῠὲθῂ
2375 5508 2504 5585 iis?
2519 5508 2954 5586 “ibdéi'iviabsis
2995 5508 3098 5582 lib.
3149 5543 3184 5585 γ
3214 5524 3473 5581 Hexaem.
3502 5531 3546 5572 ε·
3574 5508 3648 5571 ⁴⁵ν

2119 5616 2215 5657 Im.
2242 5637 2244 5640 ν
2327 5642 2340 5657 α

2049 5616 2215 5660 num.
2242 5602 2340 5659 55.
