3830 6206
135 339 235 402 585

1307 331 1540 394 LIBER
1582 333 1684 398 DE
1725 332 1936 396 BONO
1979 331 2298 398 MORTIS.

3366 333 3504 396 sae

137 474 407 548 postrema
452 465 619 542 verba
675 465 962 536 morituri,
1023 469 1080 522 et
1145 464 1605 536 benedictionem
1662 463 1746 520 tui
1777 464 1830 532 Α
1860 463 1941 520 ris
1963 463 2116 532 406
2137 463 2386 536 hujusin
2415 463 2583 522 bonis
2613 478 3074 530 esse,caveamus
3091 480 3161 522 ne
3177 466 3502 541 agglutine-

135 557 413 640 egrediens
444 571 678 629 corpore
708 555 902 612 anima
933 571 1132 612 secum
1166 553 1542 627 vehat.Eripe
1571 553 1747 610 etiam

134 666 249 704 eum
291 645 386 722 qui
441 645 509 702 ad
559 646 807 718 mortem
855 643 1111 710 ducitur,
1144 643 1244 717 qui
1274 643 1569 716 periturus
1601 647 1744 711 erat,

133 735 228 793 nisi
257 739 315 792 tu
341 733 730 802 subvenisses,
784 736 847 790 ut
897 733 1056 790 dicas
1103 749 1116 788 :
1175 733 1482 790 Benedictio
1505 733 1750 806 perituri

133 826 294 882 veniat
323 825 380 879 in
408 839 508 880 me.
559 821 564 826 ’

742 911 979 969 CAPUT
1021 913 1112 968 IX.

130 983 462 1044 Gencluditur
490 984 680 1039 mortis
713 983 913 1040 bonum
941 1000 1010 1040 ea:
1037 986 1266 1040 interitu
1292 985 1535 1056 corporis
1563 985 1613 1039 et
1644 983 1746 1038 im-

186 1057 504 1126 mortalitate
531 1056 738 1111 ani-mw
767 1073 785 1109 .°
817 1071 936 1126 quw
956 1057 1344 1110 immortalitas
1375 1055 1749 1126 multi/ariam

186 1125 626 1186 ostendituntlui
655 1125 876 1198 accedit,
909 1129 980 1182 ad
1021 1127 1365 1198 fugiendum
1389 1129 1632 1198 corporis
1663 1142 1745 1182 so-

183 1201 441 1322 cietatem],
469 1197 973 1322 ettprosequeudum
999 1197 1206 1254 summi
1246 1199 1374 1254 boni
1421 1197 1514 1255 con
1513 1198 1750 1270 junctio-

185 1286 297 1322 nam
345 1277 672 1322 evici-alto.

185 1286 297 1325 na’rn
345 1271 595 1324 exhortal
603 1271 672 1324 io.

184 1359 285 1429 38).
317 1357 454 1424 Quis
489 1356 665 1430 igitur
695 1356 921 1412 dubitet
951 1357 1022 1412 de
1052 1357 1203 1412 bono
1237 1356 1463 1424 mortis,
1507 1373 1636 1412 cum
1691 1355 1746 1410 id

129 1445 260 1518 quod
289 1445 637 1518 inquietum,
673 1445 727 1500 id
763 1446 915 1518 quod
950 1445 1436 1514 erubescendum,
1486 1445 1543 1500 id
1594 1445 1748 1517 quod

129 1534 402 1590 inimicum
447 1533 615 1590 nobis
665 1538 770 1602 est,
808 1533 864 1589 id
915 1535 1068 1606 quod
1120 1532 1460 1604 violentum,
1495 1533 1550 1588 id
1593 1533 1750 1605 quod

128 1622 511 1696 procellosum,
545 1627 601 1678 et
653 1621 964 1694 adlomnia
1014 1623 1154 1678 vitia
1197 1620 1608 1679 illecebrosum
1641 1627 1748 1688 est,

127 1712 475 1784 conquiescat
505 1715 562 1768 et
580 1712 794 1783 jaceat,
829 1709 885 1792 et
915 1711 1255 1796 q.uasi_"fera
1299 1711 1605 1768 claudatur
1651 1728 1749 1788 ca-

1842 1615 1985 1684 :rum
2021 1620 2239 1692 putasti
2301 1637 2312 1675 :

1846 1709 2092 1776 derunt,
2127 1708 2242 1766 alia
2268 1709 2701 1766 nuntiaverunt.
2735 1710 2881 1766 Nam
2931 1710 2981 1767 si
3030 1727 3161 1768 vere
3203 1711 3501 1783 vidissent,

1857 557 1955 608 tur
1983 553 2180 610 anima
2211 558 2412 610 nostra
2458 553 2594 610 huic
2639 553 2889 627 corpori,
2923 555 3501 626 necommisceatur,

1860 659 1931 698 ne
1963 642 2257 711 inhmreat,
2301 660 2372 699 uc
2419 643 2685 700 trahatur
2741 661 2774 700 a
2828 660 3092 717 corpore,
3118 649 3176 704 et
3223 649 3502 720 tanquam

1856 731 2017 788 ebria
2046 731 2584 804 perturbationibus
2632 733 2761 804 ejus
2808 733 3036 790 vacillet
3065 735 3368 803 et..fluitet,
3401 753 3504 793 nec

1857 837 1920 875 se
1950 819 2000 876 ei
2032 821 2230 877 credat
2259 824 2437 893 atque
2467 822 2596 892 ejus
2627 820 3202 891 delectationibus,ut
3233 824 3506 894 commit-

1858 912 1942 964 tat
1969 926 2030 965 se
2055 910 2183 982 ejus
2214 909 2508 966 sensibus.
2541 911 2688 966 Nam
2719 916 2775 966 et
2812 910 3016 968 oculus
3065 912 3194 982 ejus
3241 929 3401 969 error
3449 918 3508 970 et

1859 997 2017 1054 fraus
2046 1002 2154 1076 est,
2190 999 2327 1071 quia
2358 998 2580 1055 fallitur
2609 999 2769 1056 visus
2802 1017 2814 1055 :
2849 1005 2904 1056 et
2929 1000 3088 1056 auris
3121 1002 3250 1073 ejus
3297 1003 3504 1076 decep-

1859 1087 1937 1142 tio
1969 1079 2333 1162 est','quia‘e__t
2363 1089 2598 1145 auditus
2629 1087 2895 1144 illuditur
2929 1108 2940 1144 :
2976 1094 3032 1144 et
3061 1108 3234 1163 sapor
3265 1093 3394 1163 ejus
3412 1091 3504 1149 de-

1859 1175 2045 1247 ceptio
2077 1181 2182 1232 est.
2221 1175 2501 1248 Denique.
2529 1194 2643 1236 non
2692 1178 2874 1237 otiose
2923 1178 3146 1234 dictum
3177 1184 3266 1236 est
3298 1197 3310 1236 :
3354 1182 3508 1238 Oculi

1861 1267 1946 1320 lui
1976 1269 2124 1320 recta
2156 1265 2375 1321 videant
2403 1268 2583 1337 (Prov.
2618 1285 2692 1335 1v,
2726 1269 2838 1336 25),.
2864 1268 2942 1325 ,Εἰ
2975 1285 2987 1323 :
3022 1269 3236 1342 Lingua.
3270 1276 3366 1326 tua
3394 1287 3506 1326 non

1859 1354 2114 1426 [equalur
2173 1371 2432 1426 perversa,
2497 1356 2666 1426 (Psal.
2735 1373 2932 1423 xxxni,
3002 1357 3109 1428 14).
3180 1359 3340 1426 Quod
3391 1376 3507 1416 non

1858 1448 2012 1498 esset
2081 1442 2326 1510 dictum,
2369 1442 2478 1498 nisi
2549 1443 2884 1516 frequenter
2947 1452 3229 1502 errarent.
3297 1445 3508 1504 Vidisti

1862 1531 2248 1598 meretricem,
2282 1535 2488 1604 captus
2537 1548 2600 1588 es
2647 1532 2810 1588 vultu
2843 1533 2990 1604 ejus,
3025 1539 3082 1588 ct
3119 1535 3308 1591 forma
3337 1536 3506 1592 deco-

2375 1625 2712 1676 erraverunt
2769 1621 2920 1676 oculi
2963 1621 3070 1688 tui,
3114 1639 3382 1695 perversa
3420 1624 3503 1679 vi-

125 1819 208 1857 vea
234 1782 504 1876 sepulcri,
539 1782 907 1874 relinquatur
933 1782 1139 1878 tanta;
1170 1787 1298 1872 ejus
1349 1791 1659 1869 exanimis,
1691 1782 1747 1857 et
1779 1835 1825 1900 Β
1860 1797 2144 1854 Vidissent
2208 1798 2528 1856 deformem
2583 1799 2905 1856 meretricis
2957 1801 3252 1868 affectum,
3311 1802 3506 1859 inhor-

126 1895 357 1947 emortua
386 1888 673 1962 compago
720 1888 1020 1962 viscerum
1041 1887 1100 1944 in
1136 1891 1348 1944 terram
1383 1885 1688 1944 resolvitur
1727 1906 1740 1944 :

125 1979 171 2034 id
198 1983 378 2034 autem
410 1977 570 2050 quod
605 1975 888 2033 familiare
936 1976 1269 2045 virtutibus,
1303 1977 1559 2033 amicum
1621 1977 1744 2034 dis-

125 2067 348 2141 ciplinis,
381 2067 719 2124 studiosum
751 2065 968 2140 gloriae,
1003 2083 1223 2140 sequax
1253 2067 1410 2134 boni,
1443 2067 1558 2123 Deo
1601 2068 1744 2122 sub-

129 2155 287 2212 ditum
316 2159 423 2224 est,
453 2155 533 2212 ad
583 2154 729 2212 illud
781 2155 1032 2212 sublime
1085 2155 1302 2224 evolet;
1356 2159 1412 2211 et
1465 2173 1598 2212 eum
1646 2155 1744 2212 illo

126 2239 246 2318 puro
287 2250 341 2302 et
386 2247 672 2318 perpetuo
717 2243 870 2301 bono
921 2247 1095 2317 atque
1139 2243 1458 2300 immortali
1491 2249 1744 2312 maneat,

127 2335 216 2408 ipsi
243 2333 556 2401 adhaereat;
599 2337 655 2390 et
686 2350 820 2389 cum
845 2333 972 2406 ipso
999 2334 1076 2388 sit
1107 2333 1177 2390 de
1200 2349 1314 2406 quo
1341 2333 1744 2406 cognationem

127 2423 280 2491 ducit,
333 2427 396 2480 ut
443 2422 692 2496 quidam
743 2422 868 2478 ait:
907 2422 1072 2494 Cujus
1102 2425 1152 2478 et
1179 2439 1346 2494 genus
1389 2439 1580 2478 sumus
1610 2423 1742 2495 (Act.

126 2531 236 2580 xvii,
258 2511 383 2586 28)?
421 2513 554 2568 Non
605 2511 762 2568 enim
815 2509 960 2568 mori
1013 2511 1271 2567 animum
1326 2528 1460 2567 cum
1509 2529 1748 2584 corpore

127 2599 472 2658 manifestum
538 2599 841 2672 est,,quia
889 2617 1004 2656 non
1053 2604 1144 2656 est
1191 2601 1261 2656 de
1309 2617 1567 2672 corpore.
1621 2601 1745 2656 Non

125 2707 231 2747 esse
257 2695 440 2749 autem
480 2706 612 2746 eam
635 2689 706 2744 de
728 2705 966 2762 corpore
996 2689 1298 2762 Scriptura
1320 2689 1524 2745 multis
1557 2689 1748 2746 modis

123 2781 311 2836 edocet.
344 2781 495 2837 Nam
529 2782 585 2836 et
613 2778 796 2834 Adam
829 2795 866 2834 ει
893 2777 1140 2834 Domino
1187 2778 1304 2834 Deo
1359 2780 1556 2834 nostro
1586 2795 1744 2835 acce-

123 2867 192 2940 pit
229 2869 498 2942 spiritum
531 2867 681 2938 vitae,
711 2864 769 2922 et
801 2867 994 2922 factus
1026 2870 1116 2922 est
1146 2866 1324 2922 homo
1379 2867 1436 2921 in
1487 2866 1745 2924 animam

123 2956 373 3014 viventem
422 2957 588 3028 (Gen.
631 2973 692 3021 ιι,
726 2956 804 3028 7).
857 2955 926 3012 Et
972 2955 1152 3012 David
1202 2955 1284 3012 ait
1333 2973 1346 3012 :
1401 2957 1744 3024 Convertere,

121 3047 282 3102 anima
310 3064 444 3115 mea,
481 3048 548 3102 in
577 3047 820 3118 requiem
859 3054 1053 3107 tuam;
1107 3045 1236 3117 quz'a
1291 3045 1553 3102 Dominus
1590 3046 1748 3103 bene-

121 3137 228 3204 fecit
264 3137 397 3192 mihi
422 3135 601 3208 (Psal.
655 3151 803 3202 cxxv,
851 3135 928 3206 7).
983 3134 1052 3190 Et
1101 3133 1160 3189 in
1210 3151 1326 3207 quo
1376 3135 1742 3203 benefecerit,

1859 1891 2082 1943 rentem
2160 1887 2519 1960 procaciam,
2596 1887 2960 1945 indecentem
3050 1889 3502 1966 impudicitiam,

1856 1979 2179 2032 marcentes
2228 1975 2522 2044 libidines,
2576 1979 2785 2032 tetram
2836 1977 3245 2046 colluvionem,
3295 1979 3502 2036 animae

1853 2063 2110 2132 vulnera,
2139 2063 2508 2120 conscientiae
2558 2065 2877 2122 cicatrices.
2905 2067 3010 2134 Qui
3035 2067 3262 2138 viderit,
3285 2068 3502 2140 inquit,

1855 2154 2144 2210 mulierem
2191 2153 2264 2208 ad
2309 2153 2796 2226 concupiscendum
2851 2171 2970 2211 eam
3018 2157 3129 2229 (27)
3176 2157 3386 2230 (Matth.
3446 2174 3503 2224 ν,

1843 2231 1967 2315 '28).
2030 2242 2206 2298 Vides
2247 2243 2419 2319 quod
2475 2242 2586 2299 iste
2639 2241 2854 2301 falsum
2902 2245 3188 2316 quaesivit,
3229 2247 3330 2318 qui
3386 2263 3503 2304 non

1857 2331 2180 2396 veritatem,
2213 2332 2312 2386 sed
2345 2330 2697 2387 adulterium
2729 2331 3051 2404 requisivit.
3081 2334 3308 2390 -Videre
3346 2335 3504 2392 enim

1859 2418 2124 2493 quaesivit
2163 2423 2227 2474 ut
2264 2419 2724 2492 concupisceret,
2767 2438 2881 2477 non
2923 2426 2986 2478 ut
3033 2441 3234 2481 verum
3290 2441 3503 2498 cogno-

1856 2512 2059 2566 sceret.
2123 2509 2288 2565 Errat
2353 2508 2532 2582 igitur
2571 2508 2797 2578 oculus,
2867 2511 2965 2568 ubi
3021 2517 3178 2568 errat
3241 2514 3502 2570 affectus.

1854 2598 2108 2654 Allectus
2139 2613 2276 2670 ergo
2307 2597 2570 2670 deceptio
2601 2603 2708 2667 est,
2743 2599 3002 2672 deceptis
3057 2601 3236 2658 visus.
3269 2603 3339 2658 Et
3375 2603 3503 2660 ideo

1857 2687 1963 2742 tibi
1986 2685 2209 2750 dicitur
2239 2701 2254 2744 :
2287 2687 2363 2741 Ne
2411 2687 2660 2758 capiaris
2698 2688 2869 2743 oculis
2921 2690 3030 2745 tuis
3067 2689 3249 2762 (Prov.
3281 2707 3358 2760 v1,
3389 2691 3501 2763 25),

1859 2775 1916 2831 id
1950 2780 2057 2843 est,
2093 2793 2207 2831 non
2237 2775 2502 2846 capiatur
2533 2776 2730 2832 anima
2777 2780 2896 2833 tua.
2927 2777 3122 2835 Mulier
3164 2781 3314 2836 enim
3361 2781 3504 2836 viro-

1858 2883 1985 2920 rum
2011 2865 2275 2936 pretiosas
2304 2865 2522 2920 animus
2567 2867 2715 2937 capit
2745 2866 2903 2937 (Ibid.
2955 2869 3068 2939 26).
3104 2869 3368 2942 Deceptio
3417 2872 3507 2926 est

1859 2953 2383 3025 auditus.Denique
2415 2952 2816 3011 blandimento
2849 2955 3037 3012 multo
3071 2957 3359 3014 sermonis
3381 2974 3507 3014 mu-

1857 3043 1964 3098 lier
1992 3041 2304 3098 fornicaria
2345 3059 2497 3114 saepe
2535 3043 2769 3113 juvenis
2813 3061 2913 3101 cor
2957 3046 3212 3120 seduxit,
3257 3047 3502 3120 decepit,

1859 3131 2046 3188 illusit
2077 3133 2258 3202 (Prov.
2291 3147 2393 3200 vn,
2415 3131 2534 3202 2t).
2567 3191 2570 3195 λ

1929 3223 2015 3277 41.
2048 3221 2198 3294 Ergo
2238 3236 2354 3275 non
2394 3218 2622 3292 laqueis
2676 3238 2781 3278 nos
2834 3225 3142 3280 credamus
3189 3227 3245 3280 et
3283 3225 3504 3282 retibus

1853 3309 1926 3366 iis
1955 3327 2082 3382 quae
2113 3307 2412 3381 decipiunt
2441 3314 2497 3366 et
2521 3309 2958 3382 illudunt;quia
2987 3312 3502 3384 cordatentantur,

1854 3397 2258 3471 impediuntur
2285 3397 2688 3470 cogitationes,
2721 3415 2848 3471 quae
2903 3399 3307 3474 impediuntur
3351 3401 3502 3472 visu,

125 3199 236 3280 audi
287 3243 298 3281 :
346 3199 491 3295 Quia
545 3199 821 3290 liberavit,
873 3199 1088 3296 inquit,
1119 3199 1276 3295 pedes
1313 3239 1461 3280 meos
1509 3241 1544 3280 α
1590 3199 1748 3297 lapsu
1776 3199 1818 3265 Ο

124 3307 256 3382 (Ibid.
282 3314 353 3386 8).
387 3314 570 3370 Vides
601 3311 882 3385 gratulari
923 3327 1058 3368 eum
1103 3311 1310 3368 mortis
1354 3311 1530 3384 hujus
1562 3329 1744 3369 reme-

124 3400 220 3468 dio,
247 3402 376 3476 quia
403 3401 550 3458 linis
578 3400 767 3457 factus
799 3403 889 3456 est
927 3400 1165 3467 erroris,
1201 3400 1340 3474 quia
1386 3401 1579 3474 culpa,
1629 3418 1744 3458 non

130 3493 310 3548 natura
334 3489 570 3548 defecit.

178 3579 253 3636 39.
283 3581 546 3654 Denique
585 3579 756 3652 quasi
792 3581 1004 3635 exutus
1043 3581 1099 3634 et
1137 3577 1284 3634 liber
1316 3577 1746 3636 dicitzPlacebo

122 3668 316 3726 Domino
361 3671 422 3726 in
479 3669 707 3738 regione
755 3669 1000 3724 vivorum
1029 3667 1188 3738 (Ibid.
1221 3666 1296 3738 9).
1333 3666 1435 3724 111a
1464 3673 1553 3724 est
1588 3667 1744 3724 enim

124 3757 348 3816 vivorum
377 3758 562 3834 regio.
597 3757 861 3829 Denique
907 3755 1070 3812 illam
1121 3757 1450 3813 animarum
1485 3758 1745 3830 requiem

123 3845 238 3902 dicit
262 3852 470 3906 terram
529 3862 658 3902 esse
707 3845 1028 3902 viventium
1057 3845 1230 3916 (Paul.
1283 3862 1438 3913 xxvr,
1489 3843 1598 3916 l3),
1631 3861 1746 3918 quo

124 3941 326 4004 peccata
354 3954 468 3993 non
509 3938 836 4008 penetrant,
872 3933 972 3990 ubi
1021 3933 1302 3989 virtutum
1355 3933 1492 3990 vivit
1527 3933 1736 4008 gloria.

128 4020 221 4078 ista
245 4030 428 4082 autem
458 4023 622 4096 regio
649 4023 824 4096 plena
851 4025 940 4079 est
969 4027 1356 4090 mortuorum,
1390 4021 1532 4094 quia
1577 4020 1750 4094 plena

124 4109 452 4184 delictorum,
492 4113 820 4185 meritoque
849 4111 1070 4168 dictum
1103 4115 1227 4168 est:
1262 4113 1484 4168 Dimitte
1507 4115 1750 4168 mortuos

123 4201 316 4272 sepelire
343 4207 590 4260 mortuos
619 4217 744 4258 suos
775 4201 982 4274 (Matth.
1017 4217 1139 4266 vm,
1172 4201 1288 4269 22).
1323 4199 1437 4256 Sed
1486 4203 1544 4256 et
1571 4217 1752 4273 supra

127 4288 369 4348 similiter
398 4292 482 4348 ait
517 4291 627 4364 (26)
658 4291 858 4345 Ani-ma
895 4289 1012 4361 ejus
1054 4290 1112 4344 in
1155 4289 1308 4345 bonis
1354 4289 1747 4354 demorabitur,

125 4379 349 4438 etsemeu
384 4381 504 4454 ejus
553 4378 903 4437 luzeredilabit
951 4381 1155 4434 terram
1205 4377 1382 4450 (Psal.
1434 4395 1603 4448 xxxv,
1639 4377 1748 4449 13),

129 4463 217 4521 hoc
245 4472 348 4536 est,
380 4456 592 4526 anima.
609 4466 874 4523 timentis
905 4467 1090 4524 Deum
1123 4465 1412 4522 habitabit
1450 4467 1510 4522 in
1561 4465 1749 4534 bonis,

1855 3487 2257 3561 impediuntur
2312 3486 2539 3556 auditu,
2589 3488 2783 3557 odore,
2845 3491 3024 3559 tactu,
3084 3506 3311 3562 sapore.
3367 3490 3495 3548 Non

1853 3593 2173 3650 sequamur
2203 3574 2542 3633 illecebrosa
2569 3580 2627 3632 et
2657 3577 3017 3635 seductoria:
3043 3579 3145 3635 sed
3177 3596 3498 3653 sequamur

1855 3667 1994 3724 illud
2028 3665 2182 3738 quod
2215 3665 2433 3721 bonum
2465 3670 2572 3732 est,
2607 3665 2690 3722 illi
2721 3667 3142 3738 adhaereamus,
3176 3669 3321 3726 illud
3363 3669 3498 3726 imi-

1855 3763 2066 3823 temur,
2101 3753 2258 3810 illius
2308 3754 2636 3826 przesentia,
2678 3755 2839 3812 illius
2889 3757 3343 3816 communicatio
3392 3774 3500 3816 nos

1857 3843 2126 3902 meliores
2155 3843 2350 3912 faciat,
2378 3860 2570 3900 mores
2601 3849 2832 3902 nostros
2873 3846 3110 3914 coloret,
3139 3846 3302 3904 illius
3345 3863 3501 3920 qum—

1855 3933 1991 3989 dam
2021 3948 2126 3988 nos
2156 3933 2406 3989 societas
2428 3932 2836 3999 inl'ormet.Qui
2859 3935 3016 3992 enim
3046 3935 3196 3992 bono
3226 3935 3501 4004 adhaeret,

1856 4021 2107 4078 assumit
2134 4020 2270 4077 inde
2301 4021 2455 4093 quod
2487 4023 2708 4080 bonum
2739 4027 2853 4092 est;
2889 4024 3026 4096 quia
3049 4024 3336 4095 scriptum
3367 4029 3503 4082 est:

1857 4111 1989 4166 Cum
2043 4117 2226 4166 sancto
2291 4114 2513 4169 sanctus
2581 4113 2713 4178 eris,
2778 4119 2830 4168 et
2893 4128 3019 4168 cum
3092 4112 3258 4168 electo
3305 4112 3504 4168 electus

1855 4201 1985 4268 eris,
2021 4202 2070 4255 et
2099 4215 2224 4254 cum
2251 4214 2498 4270 perverso
2527 4215 2809 4270 pervorsus
2835 4201 2965 4270 eris,
2999 4209 3051 4256 et
3075 4217 3198 4257 cum
3225 4201 3508 4258 innocente

1859 4291 2116 4346 innocens
2143 4289 2252 4344 eris
2281 4287 2452 4357 (Psal.
2485 4302 2625 4353 xvu,
2654 4289 2744 4354 26,
2773 4289 2866 4360 27)
2907 4305 2921 4344 :
2957 4289 3300 4346 assiduitate
3349 4290 3506 4346 enim

1859 4381 2036 4450 atque
2068 4375 2392 4432 imitatione
2424 4377 2689 4448 quaedam
2721 4375 3129 4434 similitudinis
3157 4377 3352 4453 imago
3390 4379 3507 4436 for-

1861 4470 2075 4523 matur.
2136 4464 2385 4537 Ideoque
2442 4465 2666 4521 addidit
2725 4481 2738 4520 :
2797 4467 3066 4535 Quoniam
3114 4476 3176 4524 tu
3224 4469 3510 4526 illuminas

131 4557 181 4608 ut
203 4571 421 4630 semper
451 4557 531 4622 ,in
580 4555 665 4614 eis
718 4555 815 4623 sit,
847 4559 905 4611 et
951 4555 1279 4612 secundum
1327 4571 1414 4612 ea.
1448 4555 1610 4620 Quod
1651 4572 1752 4628 po-
1784 4573 1829 4638 D
1862 4556 2140 4613 lucernam
2189 4571 2388 4624 meam,
2448 4556 2676 4613 Domine
2733 4556 2890 4628 (Ibid.
2949 4557 3062 4630 29).
3123 4557 3350 4615 Etenim
3408 4557 3510 4632 qui

129 4643 223 4697 test
259 4645 429 4701 etiam
478 4646 552 4702 de
603 4661 670 4700 co
721 4641 903 4718 accipi
936 4643 1038 4716 qui
1088 4643 1165 4698 sit
1208 4642 1267 4698 in
1300 4659 1572 4716 corpore;
1608 4648 1671 4700 ut
1699 4647 1756 4700 et

130 4727 233 4800 ipse
258 4733 304 4790 si
333 4734 535 4791 timeat
585 4733 794 4799 Deum,
842 4731 902 4788 in
954 4731 1126 4788 bonis
1175 4731 1415 4802 habitet,
1449 4735 1506 4789 et
1550 4731 1610 4789 in
1642 4749 1756 4789 cce-

131 4813 348 4878 lestibus
401 4823 500 4890 sit,
553 4825 610 4878 et
660 4820 959 4895 possideat
1006 4837 1218 4892 corpus
1275 4837 1472 4889 suum,
1531 4826 1588 4877 et
1655 4821 1756 4877 do-

130 4905 359 4965 minetur
403 4911 457 4966 ei
509 4910 677 4983 quasi
725 4907 786 4966 in
834 4909 1174 4966 servitutem
1227 4909 1480 4978 redacto,
1515 4913 1572 4964 et
1623 4927 1758 4982 pos-

129 4992 294 5052 sideat
321 4997 717 5056 hereditatem
750 4997 944 5072 gloriae
975 5002 1033 5054 et
1063 4996 1388 5055 caelestium
1441 4997 1758 5072 promisso-

135 5097 268 5141 Mill].

192 5174 272 5229 40.
307 5175 468 5234 Unde
497 5181 555 5234 et
585 5194 692 5234 nos
721 5176 772 5234 si
803 5175 1076 5233 volumus
1110 5179 1238 5248 post
1269 5179 1517 5232 mortem
1558 5193 1760 5250 corpo-

195 5299 302 5369 (26)
345 5302 511 5362 Rom.
560 5303 722 5369 edit.,
776 5303 877 5360 Sed
921 5305 972 5358 et
1017 5301 1190 5361 David
1235 5301 1392 5358 alibi.
1439 5301 1578 5357 Alite
1625 5318 1760 5359 cum

137 5371 391 5446 omnibus
424 5391 592 5444 mss,
627 5375 728 5432 Sed
777 5378 829 5430 et
875 5390 1045 5446 supra
1091 5374 1367 5430 similiter.
1401 5373 1623 5432 Dicitur
1659 5376 1762 5430 au-

138 5440 816 5520 tem_supra,_comparate
847 5440 1041 5518 ari-ps.
1065 5460 1220 5512 xxw,
1255 5446 1354 5520 qui
1388 5446 1763 5520 paucisretro

135 5515 382 5595 versibus
431 5515 662 5595 citetur.
715 5515 1336 5595 lterum'uonumulto
1387 5515 1538 5595 post,
1582 5517 1754 5595 Rom.

137 5582 358 5662 editae}:
390 5605 503 5646 uno
531 5587 664 5646 Vat.
693 5589 930 5662 cod.,_et
967 5587 1270 5662 possideat-
1290 5582 1532 5646 ea.'VetL
1567 5593 1765 5647 autem

136 5657 186 5711 et
235 5655 330 5715 alii
379 5675 540 5720 mss..
575 5669 627 5721 et
669 5655 984 5720 secun'dum'
1021 5676 1106 5730 ea,
1144 5659 1202 5718 id
1260 5663 1350 5720 est
1408 5673 1606 5741 prope,
1660 5677 1764 5725 seu

440 5789 702 5860 ΡΑτιοι.
749 5789 914 5860 XIV.

1865 4643 2295 4720 appropinquat
2319 4642 2550 4711 lumini,
2584 4643 2758 4702 citius
2791 4645 3174 4718 illuminatur,
3209 4653 3266 4704 et
3294 4647 3427 4721 plus
3448 4647 3509 4704 in

1863 4751 1930 4791 eo
1998 4733 2275 4807 splendor
2341 4739 2538 4790 aeterm
2588 4734 2832 4792 luminis
2872 4737 3118 4810 refulget
3154 4753 3186 4794 e
3225 4737 3508 4810 proximo.

1865 4827 2013 4896 Ergo
2053 4823 2252 4879 anima
2279 4839 2408 4894 quae
2437 4823 2694 4880 adhaeret
2739 4824 2824 4881 illi
2865 4825 3141 4882 invisibili
3181 4825 3332 4882 bono
3372 4830 3506 4897 Deo,

1865 4915 2041 4982 atque
2100 4911 2440 4978 immortali,
2480 4916 2542 4968 et.
2597 4912 2727 4985 ipsa
2775 4930 3050 4986 corporea
3087 4914 3206 4970 haec
3247 4913 3414 4986 fugit,
3455 4916 3514 4968 et

1867 5004 2115 5066 terrena,
2156 5003 2214 5054 et
2260 4999 2527 5056 mortalia
2575 5000 2949 5074 derelinquit,
2997 5002 3181 5074 ﬁtque
3227 4999 3386 5058 illius
3433 5000 3511 5058 si-

1870 5087 2028 5143 milis
2061 5087 2216 5160 quod
2247 5087 2560 5156 desiderat,
2593 5087 2657 5144 in
2703 5106 2817 5161 quo
2863 5089 3004 5144 vivit
3031 5093 3088 5146 et
3125 5089 3416 5162 pascitur;
3458 5094 3516 5148 et

1868 5175 2009 5247 quia
2047 5173 2367 5230 immortali
2407 5175 2676 5245 intendit,
2719 5189 2834 5232 non
2889 5182 2978 5232 est
3027 5177 3156 5250 ipsa
3213 5178 3502 5236 mortalis.

1861 5303 2258 5443 Jul‘é’gflt‘ddit
2285 5369 2424 5454 edit.
2458 5371 2650 5454 Rom.,
2671 5373 3126 5454 jam__n_t.1’c/_talus
3156 5379 3234 5431 est
3264 5377 3322 5454 in
3361 5377 3518 5434 corde

1869 5440 1969 5499 suo
2000 5440 2174 5520 :_'_quze
2195 5440 2439 5520 quidem
2469 5440 2643 5520 verba
2671 5440 2732 5520 in
2762 5445 2895 5520 aliis
2926 5447 3246 5520 edit.atque
3275 5448 3334 5503 in
3367 5467 3512 5505 mss.

1873 5513 2147 5596 omnibus
2177 5513 2516 5596 desunt.sed
2551 5515 2622 5571 ad
2653 5517 3072 5576 absolvendum
3105 5513 3347 5593 sensum
3377 5525 3518 5580 sunt

1875 5601 2112 5646 omnino
2134 5601 2481 5644 necessaria.

3122 5791 3202 5878 19.
