3830 6206
346 358 463 417 587

1808 359 1870 417 S.
1919 356 2292 418 AMBROSII

3600 361 3689 419 588

347 490 481 554 Qua:
513 488 670 544 enim
701 492 920 562 peccat,
956 489 1222 556 moritur,
1253 507 1367 545 non
1414 490 1613 561 utique
1661 489 1859 560 aliqua
1897 489 1987 543 sui
2022 492 2074 555 Α
2105 490 2287 544 multo
2321 490 2508 562 magis
2538 492 2753 546 anima.
2804 491 2860 547 Si
2911 490 3107 546 anima
3152 490 3209 544 in
3256 505 3429 545 manu
3473 488 3564 545 Dei
3604 496 3687 557 est,

345 576 752 645 dissolutione,
804 580 903 634 sed
958 579 1163 635 merito
1211 577 1458 633 moritur
1505 578 1643 643 Deo,
1676 578 1812 651 quia
1855 578 1993 631 vivit

345 671 605 739 peccato.
637 667 787 740 Ergo
816 684 942 740 quas
974 684 1088 723 non
1122 674 1337 739 peccat,
1375 685 1487 722 non
1530 667 1807 733 moritur;
1854 666 1993 737 quia

347 760 547 811 manet
574 756 633 811 in
664 756 996 812 substantia
1021 757 1339 821 sui,manct
1367 757 1427 812 in
1459 757 1668 810 virtute
1701 761 1753 810 et
1785 755 1988 827 gloria.

419 845 506 901 42.
540 845 685 900 Nam
713 846 1004 917 quomodo
1061 846 1392 901 substantia
1438 847 1567 914 ejus
1614 844 1849 898 interire
1899 861 1993 914 pn-

348 935 481 1000 test,
515 948 648 988 cum
680 933 883 1006 utique
928 934 1127 989 anima
1175 933 1251 989 sit
1299 951 1425 1005 quae
1474 934 1655 987 vitam
1688 933 1994 987 infundit?

349 1022 419 1077 Et
465 1022 560 1077 cui
607 1022 808 1077 anima
853 1022 1208 1089 infunditur,
1235 1023 1357 1077 vita
1401 1022 1778 1077 infunditur:
1815 1038 1848 1075 a
1880 1038 1992 1093 quo

349 1110 550 1166 anima
579 1110 845 1177 discedit,
876 1111 996 1166 vita
1023 1111 1289 1165 discedit.
1322 1109 1532 1165 Anima
1560 1126 1695 1180 ergo
1725 1110 1839 1163 vita
1883 1114 1990 1164 est.

350 1199 652 1265 Quomodo
698 1199 855 1255 enim
903 1202 1093 1271 potest
1140 1204 1385 1255 mortem
1435 1200 1706 1270 recipere.
1737 1214 1868 1253 cum
1920 1199 1995 1252 sit

352 1287 678 1345 contraria?
714 1288 878 1344 Sicut
927 1288 1083 1343 enim
1140 1288 1237 1343 nix
1288 1288 1538 1343 calorem
1598 1304 1712 1342 non
1766 1286 1991 1358 recipit,

352 1378 502 1434 407
538 1392 673 1432 nam
706 1376 903 1432 statim
936 1376 1180 1432 solvitur
1210 1393 1223 1430 :
1258 1382 1314 1431 et
1342 1376 1442 1430 lux
1473 1393 1585 1431 non
1608 1375 1812 1448 recipit
1842 1381 1997 1431 tene-

352 1467 511 1530 bras,
545 1481 681 1521 nam
730 1466 930 1521 statim
981 1465 1221 1521 discutit
1271 1465 1490 1535 (infuso
1538 1464 1691 1520 enim
1751 1464 1994 1530 lumine,

349 1554 724 1611 tenebrarum
774 1554 980 1609 horror
1035 1555 1315 1619 aufertur,
1364 1554 1517 1610 sicut
1564 1555 1798 1609 admoto
1839 1554 1995 1623 igne,

351 1644 573 1699 nivium
632 1643 789 1699 rigor
839 1642 1095 1713 desinit),
1158 1643 1240 1697 ita
1286 1648 1344 1697 et
1388 1644 1586 1697 anima
1633 1659 1759 1713 qua:
1817 1643 1995 1696 vitam

352 1738 528 1801 creat,
561 1738 808 1788 mortem
840 1748 956 1786 non
986 1732 1212 1803 recipit,
1262 1736 1318 1787 et
1375 1748 1487 1786 non
1538 1731 1789 1786 moritur
1830 1732 1943 1801 (28)
1980 1748 1991 1786 :

2102 595 2213 631 non
2251 579 2449 649 utique
2482 581 2676 635 anima
2708 584 2907 635 nostra
2934 578 3198 651 sepulcro
3229 576 3400 634 simul
3433 595 3549 634 cum
3595 597 3689 636 cor-

2103 683 2239 737 pore
2272 667 2612 733 includitur,
2648 686 2749 725 nec
2783 670 2953 723 busto
2986 672 3215 723 tenetur
3247 685 3260 722 :
3295 667 3393 721 sed
3425 668 3595 740 quiete
3618 670 3691 740 pia

2105 758 2382 826 fungitur.
2418 758 2485 811 Et
2515 758 2643 813 ideo
2675 758 2942 813 homines
2970 758 3187 812 frustra
3212 757 3458 829 pretiosa
3499 763 3691 811 struunt

2102 844 2389 914 sepulcra,
2425 846 2592 917 quasi
2624 863 2700 901 ere
2732 847 2964 915 animae,
2996 850 3053 901 et
3090 863 3205 901 non
3256 843 3434 900 solius
3480 845 3690 918 corporis

2104 933 2468 1004 receptacula
2500 936 2638 990 sint.

2176 1025 2267 1079 t5.
2311 1024 2651 1079 Animarum
2685 1030 2880 1080 autem
2913 1024 3217 1096 superiora
3244 1039 3372 1079 esse
3408 1022 3692 1078 habitacula

2104 1112 2412 1183 SCl‘lplllt‘tB
2446 1114 2795 1168 testimoniis
2826 1113 2991 1168 valde
3026 1113 3327 1184 probatur.
3361 1111 3627 1182 Siquidem
3649 1117 3693 1166 et

2104 1201 2161 1255 in
2192 1202 2381 1256 Esdrte
2415 1201 2579 1257 libris
2609 1202 2862 1274 legimus
2897 1217 2909 1257 :
2945 1202 3088 1270 Quia
3133 1216 3257 1255 cum
3302 1200 3500 1255 uenerit
3530 1198 3693 1269 judicii

2102 1290 2234 1355 dies,
2288 1292 2469 1345 mittet
2526 1299 2673 1345 terra
2729 1291 3106 1360 defunctorum
3157 1304 3400 1359 corpora,
3458 1291 3503 1341 el
3549 1288 3693 1358 pulvis

2105 1379 2282 1433 reddet
2340 1396 2429 1433 eas
2480 1395 2599 1450 qua:
2660 1381 2720 1433 in
2781 1380 3011 1433 tumulis
3068 1378 3430 1449 requiescunt,
3480 1376 3692 1445 reliquias

2104 1472 2467 1523 mortuorum.
2504 1470 2566 1523 Et
2612 1468 2948 1535 habitacula,
3001 1468 3215 1538 inquit,
3268 1464 3484 1521 reddent
3523 1466 3693 1519 animus

2104 1574 2229 1628 qua)
2258 1559 2339 1611 his
2371 1557 2753 1611 commendatae
2782 1560 2930 1624 sunt,
2980 1564 3031 1611 et
3078 1554 3411 1610 revelabitur
3436 1553 3694 1608 Altissimus

2104 1665 2268 1715 sequor
2324 1648 2497 1700 sulem
2543 1647 2747 1716 judicii
2802 1647 2895 1713 (IV
2948 1644 3152 1711 Estlrae,
3210 1660 3308 1711 vn,
3357 1644 3441 1709 3‘2,
3482 1641 3578 1711 33).
3625 1639 3693 1694 tle

2106 1741 2245 1791 sunt
2275 1736 2661 1790 habitationes
2694 1736 2762 1789 de
2794 1733 3010 1806 quibus
3040 1732 3184 1787 dicit
3213 1732 3505 1795 Dominus,
3525 1727 3695 1783 multas

353 1822 551 1877 anima
579 1824 774 1877 autem
807 1825 1053 1876 mortem
1086 1837 1199 1875 non
1224 1820 1427 1892 recipit
1456 1838 1467 1874 :
1502 1822 1699 1875 anima
1720 1836 1855 1891 ergo
1881 1838 1992 1876 non
2033 1860 2079 1924 Β
2110 1825 2445 1879 Inaiisioncs
2496 1841 2624 1879 esse
2672 1825 2827 1894 apud
2880 1824 3107 1878 Patrem
3162 1837 3359 1886 suum,
3408 1836 3541 1891 quas
3582 1818 3694 1885 suis,

354 1910 619 1968 moritur.

1007 1998 1237 2054 CAPUT
1278 1998 1341 2052 Χ.

351 2073 638 2144 Scriptura
668 2086 877 2144 quoque
900 2072 1226 2144 animarum
1257 2070 1644 2144 inmortalitas
1693 2070 1956 2139 probatur
1982 2091 1999 2133 ,-

425 2141 635 2199 necuon
656 2141 853 2198 eisdem
883 2144 1169 2213 superiora
1193 2142 1507 2213 habitacula
1563 2143 1921 2213 assignantur
1980 2160 1996 2193 .-

426 2216 521 2270 ubi
552 2222 603 2270 et
646 2211 958 2285 exploditur
994 2211 1453 2285 philosophorum
1486 2212 1998 2285 metcmpsyehesis

427 2301 490 2340 ac
518 2282 727 2341 deinde
741 2284 963 2355 querela
991 2282 1056 2339 de
1076 2284 1352 2354 justorum
1377 2282 1551 2337 dilata
1580 2284 1819 2337 mercede
1838 2282 2001 2337 (litui-

426 2361 538 2412 tur.

427 2445 513 2502 43.
549 2444 844 2501 Habemus
874 2460 1010 2516 ergo
1041 2444 1346 2509 rationem,
1382 2444 1481 2498 sed
1538 2442 1655 2498 haec
1688 2443 1947 2498 humana
1982 2461 1994 2498 :

353 2533 498 2590 illud
557 2533 841 2600 divinum,
902 2533 1053 2604 quod
1114 2533 1195 2586 ait
1258 2532 1537 2587 Dominus
1596 2549 1609 2586 :
1682 2533 1999 2587 Potestatem

354 2624 521 2680 habeo
547 2624 790 2695 ponendi
818 2625 1063 2677 animam
1111 2638 1320 2687 meum;
1368 2626 1420 2677 et
1468 2625 1788 2693 potestatem
1830 2622 1997 2675 habeo

352 2715 553 2769 iterum
580 2712 838 2768 sumendi
865 2729 986 2766 eam
1018 2714 1193 2783 (Joan.
1225 2728 1281 2775 κ,
1306 2710 1412 2781 48).
1447 2710 1624 2763 Vides
1651 2710 1830 2780 igitur
1862 2710 1998 2781 quia

355 2818 470 2859 non
530 2801 778 2856 moritur
833 2815 966 2855 cum
1034 2814 1293 2870 corpore,
1355 2814 1479 2869 quae
1537 2802 1595 2852 et
1652 2798 1889 2869 ponitur
1943 2807 1999 2854 et

353 2889 698 2955 resumitur,
727 2893 784 2944 et
813 2888 872 2942 in
904 2903 1116 2942 manus
1168 2886 1263 2941 Dei
1312 2888 1498 2941 Patris
1530 2888 1993 2942 commendatur.

354 2978 466 3034 Sed
501 2975 646 3032 forte
677 2976 839 3031 dicas
860 2974 1109 3047 speciale
1139 2990 1268 3029 esse
1298 2975 1452 3045 quod
1486 2974 1698 3030 Christi
1734 2980 1823 3029 est
1862 2976 1994 3047 (29),

352 3069 410 3123 et
462 3065 732 3138 quamvis
790 3063 889 3118 ille
956 3079 1083 3135 qua:
1141 3067 1281 3120 sunt
1338 3063 1592 3119 hominis
1651 3065 1995 3136 susceperit,

352 3158 550 3210 tamen
583 3153 722 3226 quia
751 3151 992 3208 alterius
1022 3157 1110 3207 est
1138 3168 1328 3207 causa:
1359 3156 1418 3207 et
1448 3152 1603 3207 istud
1637 3157 1996 3218 astruerc,ne

351 3247 589 3315 tempus
617 3240 1050 3307 teramus,audi
1080 3240 1369 3297 dicentem
1403 3258 1416 3295 :
1451 3242 1592 3309 Quid
1620 3243 1723 3295 seis
1749 3259 1829 3296 an
1850 3246 2000 3297 nocte
2029 3229 2071 3294 C

353 3331 454 3388 hac
481 3350 515 3388 a
544 3340 597 3389 te
620 3337 716 3388 tua
741 3333 939 3387 anima
969 3334 1282 3403 reposcatur
1312 3331 1461 3401 (Luc.
1502 3347 1603 3399 x11,
1636 3331 1770 3401 20)?
1818 3335 1997 3385 Num-

354 3421 495 3494 quid
525 3421 671 3477 dixit
701 3437 715 3477 :
745 3421 1029 3476 Moriatur
1078 3420 1137 3474 in
1184 3423 1241 3474 te
1292 3420 1488 3476 anima
1518 3420 1657 3474 tua?
1682 3420 1804 3475 Non
1829 3439 1842 3487 ;
1876 3421 1999 3478 sed.

356 3518 667 3582 reposcatur
694 3527 729 3564 a
754 3512 821 3565 te.
877 3510 1011 3574 Qua:
1059 3510 1197 3564 data
1243 3513 1351 3574 est,
1401 3510 1720 3580 reposeitur,
1776 3509 1862 3565 vel
1912 3527 2000 3565 re-

353 3602 550 3671 petunt
577 3615 612 3653 a
637 3606 706 3654 te.
732 3598 1031 3670 Repetitur
1060 3598 1215 3654 enim
1247 3598 1587 3663 anima,non
1620 3598 1996 3655 interimitur.

354 3689 494 3754 Qua:
524 3686 826 3759 repetitur,
860 3690 1058 3743 manet
1090 3703 1103 3740 :
1136 3703 1262 3759 qua:
1295 3686 1668 3752 interimitur,
1710 3703 1825 3741 non
1875 3704 1999 3742 mo-

356 3779 481 3835 net.
522 3774 822 3843 Quomodo
859 3774 1015 3830 enim
1064 3774 1437 3842 interimitur,
1472 3775 1542 3829 de
1573 3791 1690 3845 qua
1719 3775 1866 3831 dixit
1896 3777 1997 3832 Sa-

352 3862 575 3938 pientia
601 3864 724 3932 Dei,
757 3880 871 3920 non
903 3863 1229 3918 timendum
1260 3881 1615 3935 quemquam
1659 3865 1756 3935 qui
1813 3871 2000 3935 potest

350 3970 565 4027 corpus
596 3953 878 4021 occidere,
910 3952 1168 4008 animam
1200 3958 1393 4007 autem
1422 3970 1536 4007 non
1568 3959 1755 4024 potest
1785 3955 1991 4023 (Matth.

345 4061 402 4111 Χ,
433 4045 569 4117 28)?
598 4044 679 4100 De
708 4060 826 4116 qua
856 4042 996 4098 dicit
1025 4041 1314 4114 Propheta
1345 4058 1357 4095 :
1392 4044 1587 4097 Anima
1618 4059 1739 4097 mea
1770 4046 1829 4098 in.
1873 4061 1994 4098 ma.-

344 4135 509 4190 nibus
540 4135 649 4190 tuis
673 4149 885 4206 semper
913 4132 1086 4205 (Psal.
1119 4149 1309 4200 cxvm,
1350 4131 1491 4203 109).
1526 4132 1991 4205 Semper,inquit,

345 4240 462 4279 non
494 4222 552 4278 in
584 4227 865 4295 tempore.

414 4313 504 4367 44.
544 4313 615 4367 Et
650 4317 715 4367 tu
755 4311 1105 4367 commenda
1156 4312 1413 4366 animam
1474 4315 1636 4365 tuam
1676 4311 1735 4366 in
1778 4328 1991 4366 manus

341 4400 620 4457 Domini:
655 4417 771 4455 non
821 4399 1013 4455 solum
1059 4416 1193 4455 cum
1247 4400 1464 4455 recedit
1509 4416 1539 4453 e
1586 4416 1843 4470 corpore,
1888 4401 1989 4454 sed

342 4489 522 4544 etiam
550 4503 680 4542 cum
715 4493 803 4544 est
832 4488 891 4542 in
915 4504 1170 4559 corpore,
1202 4497 1289 4543 est
1320 4489 1375 4542 in
1411 4489 1688 4542 manibus
1717 4488 1986 4556 Domini;

2113 1931 2359 1986 pergens
2408 1914 2477 1967 ad
2514 1914 2764 1978 Patrem,
2816 1910 3119 1983 discipulis
3171 1912 3508 1981 prepararet
3551 1908 3693 1976 (Joan.

2109 2021 2222 2070 xw,
2258 2006 2329 2071 2;.
2366 2002 2473 2056 Sed
2523 2002 2707 2055 Esdrae
2755 2017 2896 2055 usus
2939 2016 3073 2054 sum
3111 1997 3368 2069 scriptis,
3424 2000 3484 2050 ut
3523 2009 3695 2065 cogno-

2110 2100 2275 2147 scant
2301 2090 2565 2161 gentiles,
2600 2108 2665 2144 ea
2698 2107 2823 2161 quae
2869 2089 2927 2143 in
2956 2086 3340 2159 Philosophiae
3386 2084 3539 2140 libris
3577 2082 3693 2138 408

2112 2183 2417 2246 mirantur,
2454 2179 2734 2234 translata
2764 2180 2832 2233 de
2865 2177 3101 2232 nostris.
3136 2179 3326 2247 Atque
3365 2174 3570 2229 utinam
3608 2188 3693 2226 non

2110 2271 2402 2342 supeiﬂua
2432 2269 2524 2323 his
2555 2275 2611 2323 ct
2644 2267 2875 2322 inutilia
2922 2266 3303 2321 miscuissent
3336 2280 3348 2320 :
3389 2268 3448 2318 ut
3490 2263 3698 2317 dicerent

2109 2360 2335 2413 animus
2370 2357 2671 2412 hominum
2708 2356 2927 2426 pariter
2964 2371 3030 2410 ac
3062 2352 3383 2410 bestiarum
3422 2367 3539 2407 esse
3574 2364 3695 2404 com-

2111 2464 2337 2511 munes,
2367 2462 2685 2517 carumque
2717 2460 3021 2499 summum
3054 2443 3385 2515 premium,
3418 2440 3462 2497 si
3505 2454 3696 2509 magno-

2108 2554 2237 2590 rum
2271 2536 2750 2606 philosophorum
2804 2534 3011 2589 animas
3062 2533 3119 2586 in
3180 2548 3317 2604 apes
3365 2534 3460 2585 aut
3499 2524 3696 2583 lacinias

2108 2626 2529 2695 deti’iigrni't-ut:
2570 2629 2627 2675 ut
2660 2624 2758 2693 qui
2789 2626 2921 2676 ante
2946 2621 3259 2676 hominum
3284 2635 3462 2692 genus
3483 2628 3696 2671 sermone

2109 2715 2424 2786 pavissent,
2445 2719 2644 2784 postea
2676 2710 2865 2765 mellis
2896 2709 3228 2776 dulcedine,
3262 2712 3363 2765 aut
3389 2712 3574 2763 cantus
3599 2719 3697 2757 sua-

2108 2802 2282 2857 vitate
2315 2801 2655 2856 mulcerent.
2691 2801 2845 2855 Satis
2877 2800 3065 2854 fuerat
3094 2798 3318 2853 dixisse
3346 2794 3455 2851 illis
3484 2792 3616 2865 quod
3642 2789 3698 2844 li-

2106 2893 2315 2947 berata:
2347 2890 2553 2945 auinue
2584 2890 2654 2943 de
2684 2887 3025 2959 corporibus
3058 2893 3205 2953 αἰδην
3242 2887 3506 2958 peterent,
3534 2881 3581 2935 id
3614 2882 3693 2941 est,

2106 2980 2298 3036 locum
2330 2979 2430 3050 qui
2463 2996 2575 3033 non
2608 2978 3100 3047 videretur,quem
3133 2974 3331 3031 locum
3365 2968 3696 3029 Latineinfer-

2109 3087 2249 3125 num
2281 3069 2553 3123 dicimus.

2179 3160 2265 3213 46.
2318 3158 2577 3228 Denique
2624 3161 2679 3211 ct
2727 3155 3024 3227 Scriptura
3066 3152 3334 3208 habitula
3388 3149 3479 3206 illa
3523 3147 3698 3204 anima-

2110 3265 2238 3302 rum
2272 3245 2671 3319 promptuaria
2701 3243 3057 3315 nuncupavit
3110 3244 3206 3314 {IV
3256 3242 3406 3298 Esdr.
3459 3255 3547 3307 vn,
3589 3235 3693 3301 32):

2111 3354 2237 3407 quae
2264 3351 2575 3391 occurrens
2606 3333 2852 3406 querelae
2886 3332 3181 3391 humanas.
3204 3348 3270 3387 eo
3302 3328 3447 3403 quod
3472 3324 3601 3399 justi
3621 3319 3694 3392 qui

2111 3427 2548 3497 praecesserunt,
2606 3422 2916 3477 videantur
2964 3435 3153 3492 usque
3207 3420 3278 3475 ad
3319 3416 3515 3489 judicii
3559 3412 3694 3470 diem.

2112 3531 2213 3585 per
2244 3512 2562 3584 plurimum
2596 3510 2816 3567 scilicet
2847 3509 3143 3582 temporis,
3178 3509 3376 3565 debita
3404 3504 3506 3561 sibi
3546 3515 3696 3557 remu-

2109 3602 2407 3657 neratione
2469 3600 2742 3663 fraudari,
2802 3597 3149 3653 mirabiliter
3210 3597 3293 3651 ait
3351 3608 3555 3650 corona
3602 3600 3698 3643 esse

2109 3689 2360 3745 similem
2396 3689 2559 3744 illum
2588 3687 2792 3757 judicii
2830 3687 3005 3754 diem,
3031 3686 3089 3741 in
3121 3702 3239 3757 quo
3268 3687 3406 3740 sicut
3431 3698 3532 3737 non
3556 3677 3696 3732 novu-

2105 3782 2369 3835 simorum
2422 3778 2668 3840 tarditas,
2725 3778 2804 3855 sic
2858 3792 2971 3831 non
3021 3776 3276 3848 priorum
3332 3773 3566 3855 velocitas
3612 3764 3695 3831 {30)

2108 3872 2199 3940 (IV
2253 3868 2401 3922 Esdr.
2451 3885 2506 3933 v,
2559 3866 2664 3928 42).
2725 3848 2957 3920 Corona:
3011 3864 3167 3919 enim
3239 3864 3361 3919 dies
3414 3848 3697 3930 expectatur

2106 3960 2177 4014 ab
2210 3958 2513 4023 omnibus;
2571 3958 2636 4009 ut
2678 3954 2830 4008 intra
2873 3971 2924 4010 et
2951 3971 3006 4009 m
3058 3954 3214 4008 diem
3267 3957 3324 4009 et
3364 3948 3489 4005 victi
3532 3942 3694 4000 erube-

2104 4050 2272 4103 scant
2328 4050 2383 4101 et
2430 4045 2673 4100 victores
2722 4042 2979 4114 palmam
3034 4042 3431 4113 adipiscantur
3468 4029 3691 4090 victoriis.

2104 4136 2251 4192 Illud
2304 4151 2534 4206 quoque
2586 4150 2698 4189 non
2748 4132 2984 4203 reliquit
3027 4130 3324 4187 occultum
3356 4145 3419 4185 eo
3448 4122 3583 4198 quod
3618 4133 3693 4174 su-

2102 4226 2357 4298 periores
2404 4224 2713 4279 vidcantur
2756 4222 2855 4294 qui
2907 4226 3039 4277 ante
3086 4218 3345 4292 generati
3392 4219 3538 4279 sunt,
3566 4207 3695 4265 infir-

2102 4314 2316 4369 miores
2365 4313 2465 4384 qui
2514 4315 2735 4383 postea.
2788 4308 3153 4381 Comparavit
3202 4308 3357 4364 enim
3404 4308 3554 4361 utero
3600 4311 3696 4351 mu-

2099 4402 2257 4459 lieris
2316 4405 2518 4473 partus
2587 4401 2765 4470 hujus
2839 4397 3032 4454 saeculi
3102 4398 3194 4468 (IV
3270 4396 3420 4452 Esdr.
3484 4408 3535 4454 ν,
3582 4385 3691 4473 53);

2099 4471 2375 4565 quoniam
2410 4490 2677 4545 fortiores
2706 4493 2846 4543 sunt
2900 4488 3001 4559 qui
3052 4488 3111 4541 in
3153 4488 3458 4558 juventute
3500 4471 3691 4565 virtutis

344 4575 483 4648 quia
514 4591 628 4630 non
658 4575 821 4631 vides
868 4592 995 4630 eam
1045 4578 1199 4630 unde
1246 4577 1459 4637 veniat,
1494 4580 1594 4629 aut
1632 4593 1746 4647 quo
1788 4578 1979 4632 vadat.
2020 4597 2063 4660 Ι)
2098 4563 2216 4637 nati
2248 4584 2406 4645 sunt,
2442 4578 2791 4633 infirmiores
2821 4577 2919 4648 qui
2956 4581 3219 4648 tempore
3261 4568 3582 4632 senectutis.
3613 4563 3690 4618 De-

340 4664 444 4721 Est
471 4663 629 4719 enim
657 4663 716 4718 in
745 4667 822 4727 te,
853 4668 909 4717 et
933 4668 1021 4718 est
1049 4680 1181 4718 cum
1214 4663 1349 4718 Deo.
1382 4663 1643 4734 Denique
1683 4681 1781 4719 cor
1826 4666 1979 4734 regis

337 4754 399 4810 in
433 4769 612 4809 manu
642 4751 895 4820 Domini,
920 4757 976 4806 et
1004 4752 1075 4806 ab
1116 4768 1182 4806 eo
1233 4750 1451 4823 regitur
1503 4758 1560 4806 et
1602 4753 1979 4824 gubernatur.

336 4843 447 4901 Cor
475 4840 733 4915 repletur
759 4848 971 4908 mente,
1004 4840 1144 4913 quia
1191 4857 1357 4895 mens
1405 4827 1611 4895 aniinze
1662 4842 1983 4914 principale

334 4936 506 4999 est,et
534 4931 723 4987 virtus
753 4929 1113 4985 animw.Non
1145 4945 1273 4985 eam
1308 4928 1580 4984 virtutem
1612 4930 1739 4985 dico
1764 4948 1889 5002 qua:
1924 4932 1979 4986 in

332 5019 588 5089 lacertis,
619 5021 720 5077 sed
753 5036 878 5093 qua:
909 5018 968 5074 in
1000 5018 1280 5083 consiliis,
1308 5018 1714 5090 temperantia.
1749 5018 1980 5089 pietate,

334 5117 509 5186 atque
526 5110 761 5183 justitia
789 5112 896 5166 est.
920 5109 979 5165 Si
1011 5127 1109 5166 cor
1133 5108 1389 5164 hominis
1424 5107 1479 5162 in
1515 5124 1692 5162 manu
1726 5108 1977 5174 Domini,

403 5255 529 5327 (28A)
551 5255 783 5327 Cunctae
814 5253 975 5320 edit.,
1009 5256 1235 5308 mortem
1259 5269 1369 5307 non
1399 5253 1610 5327 recipit,
1652 5267 1759 5306 non
1805 5255 1981 5308 mori-

333 5323 589 5398 tur._Ms.
623 5325 941 5398 aliquot,...
972 5340 1100 5393 ergo
1126 5341 1237 5380 non
1265 5326 1519 5389 moritur,
1538 5323 1744 5378 Decem
1779 5330 1977 5379 autem

335 5395 595 5451 melioris
624 5395 750 5464 aevi,
782 5400 849 5450 ut
878 5396 935 5450 in
968 5402 1145 5451 textu.

406 5466 520 5537 (29)
555 5467 638 5521 [ta
664 5466 873 5539 plures
892 5467 1264 5539 potioresque
1296 5482 1455 5539 imss.
1478 5481 1524 5539 Aa
1554 5465 1788 5539 quibus
1836 5466 1975 5539 edit.

406 5484 520 5537 ριν)
555 5484 638 5521 ιω.
664 5484 863 5539 plures
892 5484 1143 5537 pouores
1195 5484 1264 5522 ue
1314 5484 1455 5520 mss.
1490 5484 1524 5519 a
1572 5484 1788 5535 quibus
1836 5484 1975 5520 eain.

335 5552 403 5591 eo
432 5541 661 5609 tantum
693 5537 1003 5607 dissident,
1031 5484 1186 5609 quoa
1217 5536 1564 5609 habentASed
1593 5553 1679 5604 ne,
1714 5542 1821 5592 etc.
1863 5538 1978 5591 Alii

335 5623 481 5663 mss.
515 5608 796 5680 partim...
818 5678 823 5680 Α
844 5606 1081 5680 speciale
1120 5624 1235 5663 esse
1261 5608 1403 5680 quod
1434 5606 1677 5662 Christus
1707 5611 1786 5663 est
1805 5626 1823 5663 .·
1848 5625 1979 5679 par-

334 5678 650 5757 tim...§uod
676 5678 990 5757 specialiter
1020 5679 1228 5738 Christi
1259 5678 1588 5737 est.Rursus
1618 5683 1751 5752 post
1767 5678 1974 5753 pauca,

2094 4671 2229 4725 fecit
2258 4669 2413 4724 enim
2450 4666 2823 4722 multitudine
2856 4665 3252 4737 generationis
3302 4663 3408 4718 hoc
3454 4653 3689 4716 saeculum

2092 4757 2372 4821 tanquam
2411 4747 2583 4802 vulva
2630 4746 2984 4819 generantis,
3018 4751 3075 4802 ot
3105 4750 3383 4817 tanquam
3430 4744 3691 4796 senescens

2091 4844 2357 4895 creatura
2383 4838 2562 4892 robur
2580 4836 2905 4907 juventutis
2937 4852 3055 4891 sua:
3099 4836 3256 4891 velut
3304 4826 3569 4888 marcenti
3592 4823 3689 4894 jam

2089 4928 2302 4984 virium
2335 4941 2575 4981 suarum
2606 4925 2824 4997 vigore,
2858 4924 3115 4997 deponit.

2161 5019 2247 5072 47.
2282 5021 2426 5088 Ergo
2469 5016 2611 5070 dum
2662 4996 3030 5086 exspectatur
3077 5010 3373 5085 plenitudo
3427 4996 3686 5088 temporis,

2090 5110 2428 5178 exspectant
2462 5105 2670 5159 animae
2706 5103 3234 5159 remunerationem
3264 5098 3530 5156 debitam.
3558 5085 3686 5144 Alias

2091 5256 2219 5306 octo
2252 5265 2396 5305 mss.
2430 5264 2496 5303 ac
2524 5251 2637 5303 vet.
2671 5245 2834 5317 edit.,
2868 5251 3049 5303 tamen
3076 5247 3208 5317 quia
3235 5242 3555 5317 alteriuscst
3576 5242 3686 5286 εαυ-

2090 5340 2169 5378 sa.
2206 5322 2372 5376 Rom.
2406 5320 2637 5386 edit.,...
2676 5310 2891 5374 altioris
2938 5322 3015 5373 est
3035 5310 3234 5374 causae.
3261 5310 3480 5383 Reliqui
3506 5320 3684 5386 mssa.

2088 5396 2319 5449 alterius
2348 5399 2424 5447 est
2451 5381 2655 5457 causae,
2698 5390 2806 5445 hoc
2832 5392 2940 5455 est,
2991 5390 3064 5445 ad
3114 5388 3272 5443 aliud
3319 5381 3685 5456 argumentum

2090 5470 2481 5606 Ρθὲὸῐῖθὲὸὶιιε
2508 5533 2687 5606 codex
2714 5532 2773 5587 S.
2814 5531 2918 5606 Th.
2961 5532 3119 5606 Sicut
3156 5529 3559 5606 nouissimorum
3592 5518 3684 5606 ς

2088 5585 2377 5739 άὲἇεῖῶνῖ
2390 5585 2740 5672 adhuc;
2764 5585 2987 5662 sum}
3004 5585 3278 5679 priorum
3321 5597 3557 5657 velocitas
3585 5585 3685 5643 an“

2090 5696 2125 5738 a
2172 5696 2250 5739 1m
2351 5694 2438 5737 ur.

2090 5694 2168 5739 aa
2172 5694 2325 5739 mute
2329 5694 2438 5738 ιαν.
