3830 6206
90 365 193 425 589
328 392 339 399 -
1258 364 1488 426 LIBER
1533 366 1634 425 ne
1678 366 1889 427 BONO
1936 367 2255 429 MORTIS.
3343 354 3465 433 5'90

89 501 264 551 manet
288 512 475 567 pmna,
509 494 648 550 alias
679 494 900 567 gloria:
935 501 991 551 et
1020 500 1213 553 tamen
1266 514 1370 552 nec
1422 497 1532 553 illae
1565 498 1706 553 inte-
1735 501 1787 564 Α
1814 502 1926 569 55).
1990 499 2248 571 Denique
2307 504 2468 556 sexto
2526 503 2730 557 ordine
2791 502 3293 558 demonstrabitur
3363 504 3457 570 iis,

86 586 181 640 rim
210 584 330 639 sine
359 583 594 654 injuria,
629 600 735 639 nec
765 583 889 640 ista;
922 584 1049 640 sine
1082 585 1269 640 fructu
1304 586 1615 640 sunt.Nam
1649 591 1708 640 et
1816 587 1966 657 quod
1996 587 2192 642 vultus
2223 605 2423 643 earum
2471 590 2625 644 sicut
2665 590 2748 646 sol
2795 591 3039 663 incipiat
3068 590 3374 664 refulgere)
3405 596 3462 647 et

84 674 176 729 illae
200 672 458 727 videntes
489 672 858 728 servantibus
887 672 1074 744 legem
1102 674 1195 730 Dei
1232 675 1545 746 repositam
1579 692 1706 730 esse
1814 675 2116 731 stellarum
2150 676 2477 732 luminibus
2509 680 2872 751 comparari:
2902 680 3001 752 qui
3026 682 3229 735 tamen
3269 678 3463 752 fulgor

88 761 385 817 mercedem
429 760 645 833 gloriae,
695 762 1025 817 conservari
1073 779 1275 818 earum
1349 764 1421 819 ab
1480 763 1705 835 angelis
1813 780 2011 819 earum
2042 766 2429 837 corruptelam
2459 767 2586 837 jam
2618 768 2835 824 sentire
2865 784 2979 822 non
3041 768 3245 840 possit.
3281 767 3463 839 Septi-

84 847 411 915 habitacula,
446 849 558 904 sibi
589 854 787 905 autem
810 851 1305 907 dissimulationis
1320 856 1377 908 et
1407 856 1705 907 contuma-
1816 869 1951 907 mus
1981 870 2113 908 vero
2144 855 2284 909 ordo
2328 856 2378 909 is
2418 857 2545 922 erit,
2601 861 2666 911 ut
2721 856 3011 911 exsultent
3053 872 3185 911 cum
3219 857 3456 923 ﬁducia,

85 939 164 994 circ
193 937 473 1010 supplicia
499 938 712 1006 futura,
747 942 801 994 et
834 940 1113 1011 pudorem
1148 944 1205 995 et
1254 941 1659 997 confusionem
1686 958 1699 1009 ;
1813 944 1870 995 et
1898 942 2024 995 sine
2053 942 2171 996 ulla
2203 945 2571 999 cunctatione
2600 945 2915 1012 conﬁdant,
2949 950 3006 1000 et
3036 945 3162 1001 sine
3198 945 3461 1017 trepida-

88 1031 154 1094 ut,
182 1027 467 1082 intuentes
495 1026 740 1100 gloriam
772 1028 1079 1097 Altissimi,
1115 1029 1463 1084 erubescant
1492 1029 1550 1084 in
1574 1031 1702 1099 ejus
1810 1029 1969 1084 tione
2001 1030 2287 1097 laetentur,
2324 1032 2665 1087 festinantes
2695 1034 2923 1088 vultum
2958 1036 3086 1103 ejus
3116 1034 3329 1101 videre,
3364 1033 3458 1089 cui

82 1120 428 1188 conspectum
480 1116 695 1185 venire,
746 1117 917 1187 cujus
950 1118 1223 1172 mandata
1274 1120 1698 1174 temeraverint.
1813 1118 2029 1172 sedulae
2062 1119 2359 1175 servitutis
2390 1121 2670 1193 obsequia
2700 1121 3068 1176 detulerunt:
3122 1123 3192 1176 de
3224 1138 3336 1193 quo
3368 1123 3456 1177 in-

81 1205 215 1259 Sicut
278 1204 435 1258 enim
487 1204 880 1276 praevaricatio
927 1208 1088 1275 Ades,
1150 1208 1231 1263 ita
1285 1213 1343 1263 et
1390 1208 1698 1275 conlusio;
1812 1207 1993 1261 noxiae
2027 1207 2391 1263 conscientia:
2423 1210 2819 1265 recordatione
2845 1214 3207 1281 praesumant
3246 1210 3459 1283 glorio-

86 1293 331 1364 quoniam
362 1292 518 1348 sicut
547 1292 642 1347 ille
668 1311 768 1364 per
801 1294 1089 1350 incuriam
1130 1297 1539 1351 mandatorum
1588 1314 1698 1350 eo»
1811 1312 1935 1349 sam
1971 1298 2297 1351 mercedem
2350 1296 2569 1352 laboris
2622 1298 2836 1370 exigui,
2880 1315 3062 1369 quam
3111 1297 3457 1370 incipientes

84 1381 286 1437 Iastium
318 1381 522 1452 lapsus
554 1387 663 1448 est,
694 1387 751 1438 et
790 1383 1010 1454 pudore
1041 1401 1103 1439 se
1148 1384 1536 1457 prolapsionis
1566 1385 1701 1440 abs-
1811 1385 2085 1455 recipere,
2118 1390 2516 1457 cognoverunt
2545 1386 2819 1458 indignas
2850 1403 2978 1442 esse
3005 1387 3184 1456 hujus
3230 1391 3454 1458 tempo-

82 1469 266 1535 condit,
301 1468 588 1541 fulgorem
622 1470 831 1525 divinae
855 1472 1178 1543 praesentiae
1197 1474 1547 1528 verecundia
1578 1490 1702 1545 pec-
1810 1472 1892 1526 ris
1924 1474 2249 1542 passiones,
2283 1474 2499 1543 quibus
2558 1473 3045 1529 remunerationis
3076 1479 3301 1528 aeterna:
3331 1472 3453 1546 glo-

77 1556 277 1612 catricis
307 1558 912 1614 conscientizexsubire
944 1577 1060 1616 non
1095 1577 1278 1615 ausus
1311 1579 1323 1616 :
1380 1563 1459 1616 ita
1488 1567 1544 1617 et
1574 1563 1696 1616 ani-
1811 1560 1896 1613 ria
1925 1565 2084 1615 tanta
2118 1561 2382 1616 refertur.
2443 1561 2545 1615 llic
2595 1563 2758 1627 ordo,
2814 1562 3007 1633 inquit
3046 1564 3139 1629 (IV
3183 1562 3338 1616 Esdr.
3374 1578 3451 1629 Ix,

78 1662 163 1700 mea
191 1651 557 1717 peccatorum
588 1647 874 1703 vibrantia
903 1648 1145 1704 luminis
1167 1651 1294 1721 ejus
1325 1650 1697 1721 splendorem
1806 1651 1841 1702 7
1872 1650 1981 1720 l0).
2014 1651 2365 1718 animarum,
2399 1668 2525 1722 qum
2555 1655 2695 1706 sunt
2742 1652 3063 1721 justorum,
3099 1666 3246 1720 quas
3276 1652 3452 1706 etiam

78 1750 169 1788 non
213 1734 605 1798 sustinebunt,
666 1753 780 1807 quo
824 1741 972 1792 teste
1016 1739 1470 1793 reminiscentur
1516 1756 1698 1793 erras-
1808 1738 2172 1794 immortales
2207 1757 2319 1794 non
2355 1740 2643 1795 dubitavit
2671 1740 2860 1794 dicere
2892 1740 2948 1794 in
2980 1738 3185 1810 quinto
3216 1739 3448 1806 ordine;

78 1838 141 1877 se.
686 1896 725 1925 ﬂ
746 1896 918 1925 “mm
961 1896 1027 1925 Ἦ
1724 1861 1772 1925 Β
1806 1843 1871 1881 eo
1903 1829 2054 1898 quod
2090 1829 2371 1899 spatium,
2405 1829 2617 1899 inquit,
2651 1828 2937 1899 incipiunt
2968 1828 3222 1899 recipere
3252 1829 3450 1883 fruen-

1126 1971 1153 1988 ,ι
1201 1987 1207 1988 ί
1244 1987 1253 1988 7
1296 1974 1308 1988 1
1366 1970 1378 1988 ,
1540 1958 1541 1961 η
1575 1972 1600 1988 ,_
1648 1987 1653 1988 γ
1724 1896 1772 1925 υ
1804 1923 1892 1971 tes
1922 1896 1979 1971 et
2012 1896 2389 1972 immortales.
2426 1896 2557 1972 Haec
2583 1922 2690 1983 est,
2738 1896 2949 1988 inquit,
2982 1896 3217 1987 requies
3247 1932 3449 1972 earum

78 1968 250 2035 Septem
291 1965 514 2021 ordines
564 1967 1006 2038 quibus,digesta
1050 1971 1155 2023 erit
1192 1974 1311 2040 post
1359 1970 1501 2025 hanc
1532 1972 1590 2024 vit

123 2037 375 2111 fastorum
406 2038 629 2111 laetitia,
661 2042 905 2109 exponit,
925 2042 1163 2111 atqueut
1183 2041 1418 2096 studiose
1438 2042 1508 2096 ad
1527 2043 1590 2095 Dc

1941 1965 1976 1970 ν-
2428 1965 2554 1972 --.η
2588 1965 2690 1983 ---,
2740 1965 2949 1988 ---_,_--,
2984 1965 3215 1987 --Ἰ-,η
3251 1965 3449 1972 -_-_---

1941 2010 2156 2076 septem
2187 2006 2442 2073 ordines,
2477 2009 2534 2060 et
2560 2005 2765 2059 futuris
2786 2005 2990 2078 gloria).
3009 2005 3200 2076 prima
3221 2007 3453 2077 perfun-

128 2093 303 2183 ἱιηὶηια⁵
338 2093 689 2175 accedamus,
728 2093 907 2180 [neque
933 2093 1099 2182 ﬁdem
1144 2114 1276 2169 vim:
1313 2114 1640 2183 perhorresct

1935 2142 1936 2145 η
1999 2093 2342 2165 priusquam
2416 2093 2475 2147 in
2547 2093 2671 2148 suis
2732 2093 3192 2149 habitationibus
3241 2093 3447 2164 quieta:

132 2195 254 2246 mus,
284 2180 560 2237 hortatur.
934 2180 939 2182 ⁷
1313 2180 1327 2183 ’
1804 2183 2273 2255 congregationis
2345 2199 2587 2238 munere
2664 2184 3057 2254 perfruantur.
3134 2181 3295 2238 Unde
3370 2182 3452 2238 ait

132 2269 204 2322 48.
261 2268 571 2324 Justarum
656 2274 850 2325 autem
914 2272 1243 2326 animarum
1307 2289 1407 2344 per
1464 2273 1693 2327 ordines
1805 2271 2087 2342 propheta
2119 2271 2189 2326 ad
2224 2270 2538 2343 angelum:
2580 2273 2727 2342 Ergo
2775 2271 3011 2326 dabitur
3057 2275 3294 2343 tempus
3324 2271 3449 2326 ani-

76 2357 321 2425 quosdam
354 2357 590 2430 digesta
619 2359 732 2413 erit
761 2359 963 2413 latitia
997 2360 1087 2429 (IV
1123 2362 1272 2415 Esdr.
1329 2379 1427 2425 vn,
1463 2362 1531 2415 49
1576 2363 1688 2429 55).
1804 2362 2034 2423 mabus,
2069 2366 2379 2432 postquam
2413 2365 2691 2431 separates
2716 2360 2932 2414 fuerint
2961 2360 3032 2414 de
3084 2360 3447 2431 corporibus,

77 2443 318 2512 Primum,
354 2447 518 2518 quod
548 2445 791 2501 vicerint
822 2463 1076 2507 carnem.
1112 2466 1215 2505 nec
1247 2449 1534 2505 illecebris
1566 2451 1692 2515 ejus
1802 2453 1865 2502 ut
1894 2447 2127 2503 videant
2174 2464 2241 2503 ea
2289 2448 2583 2518 quomodo
2631 2447 2828 2503 dixisti
2881 2448 2972 2518 (IV
3016 2448 3170 2502 Esdr.
3224 2465 3299 2515 ix,
3349 2449 3448 2502 23-

77 2530 260 2588 inﬂexze
305 2535 449 2591 sint.
509 2535 749 2602 Deinde,
799 2538 953 2607 quod
1007 2555 1110 2608 pro
1151 2539 1333 2610 pretio
1360 2538 1692 2593 sedulitatis
1799 2538 1910 2607 28).
1960 2537 2030 2590 Et
2077 2535 2222 2590 dixit
2263 2535 2545 2608 angelus:
2596 2537 2828 2606 Septem
2879 2535 3004 2591 dies
3052 2535 3165 2591 erit
3210 2535 3450 2591 libertas

77 2625 118 2674 et
140 2621 471 2678 innocentiae
506 2641 647 2688 suae,
690 2626 1001 2681 securitate
1059 2628 1375 2697 potiantur,
1429 2644 1530 2681 nec
1562 2629 1689 2698 qui-
1801 2641 2025 2688 earum,
2055 2629 2118 2678 ut
2144 2625 2398 2689 videant,
2432 2625 2490 2677 in
2524 2630 2746 2695 septem
2778 2624 3006 2691 diebus,
3058 2624 3159 2695 qui
3189 2623 3449 2694 praedicti

78 2709 286 2767 busdam
319 2714 480 2768 sicut
510 2712 826 2785 impiorum
858 2712 1063 2770 animae
1114 2716 1409 2771 erroribus
1458 2721 1514 2771 et
1561 2734 1689 2788 per-
1802 2719 1938 2768 sunt
1973 2729 2293 2781 sermones,
2318 2717 2374 2767 et
2394 2718 2595 2784 postea
2614 2712 3195 2783 congregabunturin
3218 2712 3445 2768 habita-

76 2798 476 2857 turbationibus
507 2802 619 2872 (3i)
651 2804 804 2857 409
859 2803 1253 2875 implicentur,
1296 2809 1470 2876 atque
1521 2805 1688 2861 vitio-
1800 2801 1947 2857 culis
1977 2801 2122 2857 suis.
2158 2803 2285 2856 Hmc
2317 2803 2446 2857 ideo
2472 2801 2702 2872 plenius
2720 2803 2791 2855 de
2811 2802 3110 2871 justorum
3141 2801 3448 2858 ordinibus

75 2901 178 2941 rum
204 2905 435 2945 suorum
475 2890 761 2962 memoria
789 2895 1194 2962 torqueantur,
1240 2898 1297 2946 et
1325 2892 1693 2963 exagitentur
1799 2908 2073 2964 expressa
2120 2896 2278 2956 sunt,
2324 2907 2500 2962 quam
2551 2893 2623 2945 de
2673 2890 3047 2961 passionibus
3095 2889 3443 2963 impiorum:

76 2974 386 3044 quibusdam
419 2994 704 3033 curarum
736 2978 993 3034 aestibus.
1026 2979 1241 3047 Tertio,
1276 2981 1429 3050 quod
1454 2984 1689 3035 servata:
1801 2981 1941 3052 quia
1970 2979 2182 3036 melius
2230 2984 2321 3035 est
2369 2995 2719 3051 cognoscere
2762 2980 3054 3050 quomodo
3106 2978 3446 3035 innocentes

75 3080 99 3114 α
122 3080 174 3118 se
195 3064 333 3137 legis
361 3066 566 3121 divino
598 3066 935 3122 testimonio
966 3068 1375 3133 fulciantur,ut
1405 3068 1688 3123 factorum
1800 3069 2115 3135 salventur,
2150 3084 2327 3140 quam
2360 3068 2651 3139 quomodo
2684 3068 3018 3123 crucientur
3078 3067 3373 3139 ﬂagitiosi.

76 3167 277 3207 suorum
308 3154 605 3210 incertum
644 3171 920 3226 supremo
967 3156 1186 3226 judicio
1228 3172 1343 3210 non
1382 3160 1689 3211 vereantur
1732 3225 1758 3228 _A
1873 3159 2025 3212 4l0
2057 3158 2143 3211 49.
2179 3157 2326 3228 Ergo
2357 3155 2495 3226 quia
2531 3156 2677 3226 justi
2712 3154 2861 3209 hanc
2916 3155 3446 3211 remunerationem

78 3245 305 3297 eventum
370 3244 513 3312 (39.).
564 3225 801 3308 Quarto,
852 3225 991 3316 quia
1036 3243 1328 3316 incipiunt
1368 3245 1688 3317 intelligere
1718 3225 1760 3291 α
1792 3246 2017 3317 habent
2046 3247 2128 3317 (S.
2162 3225 2306 3316 Aug.
2341 3225 2442 3298 lib.
2498 3261 2552 3298 ιν
2603 3244 2803 3298 Contra
2844 3244 2981 3298 duas
3030 3245 3187 3314 epist.
3233 3244 3441 3314 pelag.,

79 3331 295 3400 requiem
328 3349 527 3398 suam,
560 3339 619 3386 et
651 3334 904 3388 futuram
936 3333 1027 3388 sui
1057 3333 1301 3406 gloriam
1352 3334 1685 3406 praevidere,
1795 3352 1844 3390 c.
1880 3334 1991 3401 41),
2024 3339 2088 3387 ut
2116 3332 2350 3387 videant
2381 3332 2585 3386 faciem
2621 3332 2738 3395 Dei,
2773 3335 2830 3385 et
2875 3330 3075 3384 lumen
3108 3328 3253 3384 illud
3287 3331 3443 3401 quod

81 3432 227 3487 eaque
270 3437 330 3476 se
370 3420 776 3476 consolatione
825 3421 1170 3484 mulcentes,
1229 3423 1288 3475 in
1336 3422 1687 3477 habitaculis
1797 3422 2091 3477 illuminat
2122 3436 2356 3476 omnem
2389 3419 2707 3483 hominem,
2741 3417 2955 3473 abhinc
2987 3418 3305 3473 induamus
3338 3417 3447 3472 hu-

79 3505 174 3561 suis
200 3524 323 3564 cum
354 3525 581 3581 magna
610 3509 1034 3582 tranquillitate
1065 3510 1429 3582 requiescant
1459 3511 1687 3583 stipata:
1789 3510 2053 3583 jusmodi
2085 3508 2368 3577 studium,
2405 3513 2467 3562 ut
2514 3508 2982 3579 apprOpinquet;
3017 3507 3216 3562 anima
3243 3510 3447 3562 nostra

80 3595 321 3664 prasidiis
352 3596 726 3671 angelorum.
760 3598 1009 3664 Quintus
1038 3603 1233 3655 autem
1267 3601 1408 3654 ordo
1438 3599 1688 3654 exsulta-
1798 3601 1935 3665 Deo,
1970 3598 2396 3671 appropinquet
2424 3598 2628 3663 oratio,
2684 3596 2975 3651 adhaereat
3033 3595 3118 3650 illi
3173 3600 3469 3652 nostrum.

80 3680 223 3740 tionis
268 3687 584 3742 uberrima
637 3688 813 3742 habet
854 3688 1225 3755 suavitatem,
1279 3689 1433 3760 quod
1484 3705 1550 3744 ex
1584 3690 1689 3744 hoc
1801 3688 2181 3753 desiderium,
2215 3704 2327 3742 non
2362 3702 2704 3758 separemur
2732 3687 2803 3740 ab
2835 3702 2921 3740 eo.
2969 3685 3038 3739 Et
3080 3685 3175 3740 hic
3206 3684 3442 3757 quidem

82 3774 436 3847 corruptibilis
476 3776 740 3848 corporis
768 3792 994 3831 carcere
1021 3777 1078 3830 in
1107 3774 1298 3832 lucem
1332 3777 1689 3831 libertatem-
1799 3777 1995 3849 positi,
2064 3775 2420 3843 meditando,
2511 3773 2776 3845 legendo,
2856 3774 3188 3846 quaerendo,
3266 3790 3443 3845 copu-

79 3874 187 3928 que,
214 3863 605 3933 pervenerint,
639 3868 696 3919 et
725 3864 1140 3936 repromissam
1195 3865 1304 3919 sibi
1356 3863 1694 3936 possideant
1801 3867 1991 3923 lemur
2048 3866 2184 3932 Deo,
2220 3880 2642 3937 cognoscamus
2690 3880 2825 3919 eum
2875 3869 2941 3918 ut
2990 3880 3329 3934 possumus.
3362 3862 3445 3917 Ex

84 3944 458 4008 hereditatem.
498 3953 600 4008 Est
628 3954 785 4007 enim
847 3953 986 4008 ordo
1036 3953 1272 4024 quietis,
1323 3954 1462 4025 quia
1504 3956 1594 4009 est
1637 3959 1695 4008 et
1804 3965 1963 4029 parte
2006 3954 2162 4010 enim
2215 3954 2312 4008 hic
2362 3953 2792 4024 cognoscimus,
2846 3952 2985 4023 quia
3030 3952 3126 4006 hic
3174 3952 3448 4022 imperfe-

83 4041 532 4096 resurrectionis:
580 4043 735 4100 Sicut
797 4044 945 4097 enim
1012 4044 1072 4097 in.
1122 4042 1291 4096 Adam
1349 4058 1533 4097 omnes
1577 4058 1693 4096 mo-
1805 4051 1916 4111 cta,
1949 4043 2067 4097 illic
2100 4043 2354 4114 perfecta
2385 4042 2627 4097 omnia:
2680 4041 2773 4096 hic
2824 4039 3070 4112 parvuli,
3121 4038 3239 4094 illic
3270 4039 3449 4093 robu-

82 4124 286 4196 riunlur,
344 4132 422 4186 ita
481 4138 535 4185 et
591 4132 649 4185 in
703 4130 931 4201 Christo,
972 4130 1185 4203 inquit,
1236 4147 1424 4187 omnes
1452 4131 1695 4201 viviﬁea-
1807 4136 1901 4189 sti.
1939 4132 2204 4197 Videmus,
2238 4131 2450 4202 inquit.
2482 4147 2628 4185 nunc
2653 4146 2757 4200 per
2783 4129 3063 4199 speculum
3093 4129 3152 4181 in
3181 4129 3450 4198 wgnima-

83 4211 270 4270 buntur.
324 4220 709 4291 Unusquisque
755 4228 933 4276 autem
981 4222 1041 4275 in
1091 4220 1283 4276 ordine
1325 4237 1420 4276 suo
1448 4238 1466 4274 :
1494 4222 1695 4292 primi-
1804 4228 1877 4290 te,
1910 4227 2039 4277 tunc
2097 4224 2279 4276 autem
2321 4222 2464 4290 facie
2521 4219 2590 4273 ad
2646 4220 2844 4288 [aciem
2886 4216 2935 4287 (Ι
2988 4220 3110 4273 Cor.
3168 4233 3292 4285 xm,
3333 4214 3447 4286 42).

85 4301 159 4355 iis:
211 4304 466 4373 Christus,
531 4309 630 4380 qui
686 4312 816 4363 sunt
877 4308 1100 4374 Christi,
1158 4311 1255 4381 qui
1300 4311 1361 4363 in
1405 4310 1701 4364 adventum
1808 4314 1970 4367 Tunc
2049 4309 2302 4365 revelata
2384 4307 2527 4362 facie
2603 4306 2847 4378 gloriam
2925 4305 3157 4360 Domini
3243 4319 3449 4377 specu-

82 4390 173 4457 ejus
194 4395 557 4461 crediderunt,
605 4396 801 4453 deinde
861 4398 991 4467 ﬁnis
1050 4398 1097 4461 (Ι
1141 4398 1272 4459 ,Cor.
1333 4416 1425 4466 xv,
1480 4398 1696 4469 22-34).
1807 4402 1914 4457 lari
1945 4399 2163 4463 licebit,
2196 4414 2372 4469 quam
2406 4414 2560 4449 nunc
2592 4396 2799 4449 animae
2832 4396 3091 4466 corporis
3108 4394 3284 4464 hujus
3314 4409 3452 4449 con-

84 4475 182 4531 Erit
207 4481 375 4552 igitur
403 4484 551 4541 ordo
582 4486 849 4541 diversus
900 4487 1182 4542 claritatis
1214 4490 1271 4542 et
1300 4487 1516 4559 gloriae.
1552 4488 1703 4542 sicut
1813 4490 1986 4545 cretis
2017 4487 2339 4543 visceribus
2399 4484 2691 4549 involutis,
2750 4489 2808 4539 et
2859 4484 3215 4555 quibusdam
3260 4482 3454 4539 carnis

84 4565 172 4621 erit
193 4571 325 4626 ordo
367 4573 738 4630 meritorum.
792 4575 1108 4631 Processus
1155 4591 1389 4647 quoque
1426 4577 1701 4631 ordinum
1732 4591 1778 4655 Ι)
1809 4580 1989 4649 hujus
2021 4575 2267 4631 maculis
2294 4580 2350 4628 et
2379 4573 2811 4629 colluvionibus
2841 4574 3199 4629 obumbratae
3230 4573 3456 4628 sincere

84 4667 385 4720 processum
420 4661 699 4732 exprimit
743 4662 1029 4719 claritatis
1074 4665 1173 4735 (IV
1209 4664 1399 4719 Esdra.
1452 4681 1552 4734 vn,
1602 4666 1699 4719 49-
1807 4669 2001 4724 videre
2051 4682 2165 4721 non
2221 4667 2488 4736 possunt.
2550 4664 2683 4732 Quis
2740 4664 2908 4733 enim,
2987 4661 3200 4734 inquit,
3252 4661 3455 4717 videbit

116 4796 241 4880 ⁸βξ.)
272 4799 433 4880 Unps
482 4803 621 4880 Reg.
678 4805 944 4880 codicum
995 4806 1294 4863 terroribus
1336 4811 1387 4863 et
1418 4809 1705 4879 perturba—
1810 4812 1975 4877 titur,
2011 4813 2076 4863 ut
2096 4810 2221 4880 jam
2254 4807 2313 4880 in
2345 4807 2743 4880 admonitione
2774 4807 2845 4880 ad
2876 4807 3032 4880 hunc
3064 4806 3280 4880 librum
3310 4803 3454 4859 dixi-

89 4867 318 4950 ίίίῗῖἶῖίξυίῖ·
351 4873 513 4937 θυοδ
550 4867 666 4931 “von
698 4876 989 4950 displicet
1418 4867 1433 4879 ⁸
1812 4867 1974 4937 mus:
1999 4867 2145 4935 Nam
2178 4878 2225 4934 si
2256 4879 2326 4933 dc
2359 4878 2545 4934 salute
2595 4879 2831 4950 propria
2879 4878 2967 4932 vir
2997 4881 3235 4950 sanctus
3266 4876 3454 4950 incer-

142 4939 240 5027 (33‘2)
271 4948 569 5027 Apparent
616 4939 853 5027 quidem
901 4949 1094 5027 prima
1119 4950 1498 5027 _fronte__bacc
1528 4951 1705 5027 verba
1813 4955 2247 5027 tam_putasset,
2284 4939 2615 5027 qui‘eodeni
2649 4939 2796 5027 libro
2828 4964 2954 5027 cap.
2987 4949 3041 5012 9,
3076 4963 3237 5027 num.
3260 4944 3456 5027 31‘,ude

87 5014 497 5094 contraria‘illis
525 5014 654 5094 ῳ]εὲ
686 5018 852 5094 Ιὶὺῃι
892 5014 967 5075 De
1027 5021 1166 5075 Cain.
1201 5031 1253 5077 et
1301 5023 1454 5087 Abel,
1487 5039 1612 5093 cap.
1647 5025 1700 5089 2,
1804 5014 1986 5094 justis
2016 5014 2339 5094 demortuis
2369 5021 2610 5075 dixisset
2639 5037 2651 5074 :
2686 5014 2970 5094 Etmerito
3005 5034 3110 5094 pro
3152 5015 3459 5094 viventibus

87 5092 227 5169 quin.
256 5084 955 5169 9,_sic_habes:__Solvitur
981 5107 1206 5169 corpore
1242 5084 1455 5169 animo,
1504 5084 1703 5164 et‘post
1804 5084 2119 5153 7zabentur;
2179 5093 2309 5169 quia
2365 5094 2486 5154 etsi,
2543 5092 2791 5169 corporis
2834 5084 3170 5169 gustauerigit
3207 5090 3459 5169 mortem,

90 5148 581 5234 ﬁnctgrvitaznhujus
624 5161 804 5234 adhuc
846 5165 1028 5219 tamen
1076 5148 1554 5234 'futurihambiguo
1583 5148 1702 5221 sus-
1812 5148 1983 5222 uitam
2013 5148 2201 5218 tante);
2242 5148 2911 5234 incorporeem'capiuiit,
2960 5163 3009 5213 et
3062 5148 3458 5234 illuminantur

110 5222 331 5304 [ςηάὶιζιτ.
365 5222 581 5287 Verum
614 5232 781 5290 facile
811 5235 883 5289 ab
914 5222 1255 5304 hujusmodi
1300 5222 1705 5290 contrarietate
1812 5253 2033 5292 suorum
2073 5232 2355 5304 splendore
2393 5222 2740 5304 ineritorurn;
2786 5222 2906 5284 luce
2935 5246 3146 5304 quoque
3194 5232 3461 5300 fruuntur

107 5291 406 5383 iberablitur
434 5304 868 5383 Ambrosius,si
899 5291 1336 5383 consideremus
1358 5307 1565 5361 ultima
1594 5306 1709 5383 ista
1814 5291 2044 5383 satana.
2069 5291 2153 5383 ‘Et
2183 5320 2307 5374 cap,
2341 5318 2464 5383 seq,
2500 5291 2758 5383 num.3(i,
2794 5318 2908 5383 non
2939 5291 3278 5357 dubitanter
3307 5316 3461 5383 asse-

89 5375 196 5450 ξίρᾶδ
243 5369 311 5423 ab
360 5387 426 5450 eo
482 5373 587 5450 loci
649 5369 877 5432 tantum
917 5378 1103 5450 obiter
1160 5379 1350 5450 posita
1396 5384 1553 5442 sunt,
1598 5379 1601 5432 ξ

1943 5376 2082 5450 quod
2115 5378 2231 5445 ipsa
2252 5369 2384 5450 itera
2416 5369 2796 5450 ebbeatqvita
2825 5375 2921 5450 sit,
2963 5391 3127 5450 quam
3157 5373 3454 5450 unusquis-

92 5446 241 5525 ξςιιεξι
261 5441 544 5525 explicari
577 5463 767 5525 posse,
792 5454 883 5525 _ut
930 5441 1209 5525 nimirum
1260 5449 1458 5525 anima
1490 5441 1602 5503 nun
1636 5451 1707 5505 de
1815 5441 1916 5525 que
1944 5441 2077 5505 bene
2107 5441 2351 5525 conscius
2383 5446 2514 5499 vivit
2544 5444 2715 5525 multo
2742 5447 2939 5525 purius
2972 5441 3045 5525 ’ςισ
3079 5441 3462 5525 beatius—curn

90 5518 181 5594 illa
207 5508 472 5570 felicitate
503 5508 706 5594 quanti
718 5508 802 5591 psi
832 5521 1560 5594 cognitametcxploratain
1582 5538 1708 5576 esse
1816 5508 1977 5594 imjus
2002 5519 2188 5594 carnis
2218 5517 2405 5570 anima
2436 5517 2619 5594 nostra
2643 5508 2948 5594 deposuerit
2968 5508 3376 5594 involucrum“:
3402 5518 3464 5570 in

92 5571 301 5668 {atrurn
331 5571 675 5668 communis
707 5571 797 5668 (ist
840 5571 1704 5668 s‘p‘isieja‘aaaiimagis;
1816 5571 2331 5668 ὲὶῖῖιῇἱᾲῥὶρενίοτωη
2358 5586 2608 5668 revolans
2639 5571 2835 5655 ιυὲιιιη,
2868 5587 3009 5647 unde
3046 5589 3249 5645 nostris
3273 5589 3461 5661 infusa

93 5648 179 5735 599%
217 5651 284 5708 de
339 5661 781 5735 resurrectionis
839 5648 906 5718 ac
955 5648 1170 5735 judicii
1222 5662 1336 5730 die,
1384 5661 1503 5719 imo
1546 5648 1602 5718 ἔι
1637 5648 1709 5721 de
1815 5648 2177 5724 eisCeribus...
2211 5659 2497 5732 ingemuit.

93 5714 313 5784 fratrum
362 5714 593 5808 salute,
609 5714 869 5811 ausus;
889 5714 1216 5797 assessu
1230 5714 1708 5816 “statim;
