3830 6206
369 349 482 409 591

1768 352 1831 408 S.
1878 350 2250 412 AMBROSII

3628 356 3727 423 592

370 483 578 563 uultum
602 498 807 554 meum,
836 487 889 540 et
918 486 1060 541 vivet
1087 485 1277 557 (Exod.
1309 501 1509 550 nxm,
1538 486 1654 555 20.)
1674 488 1698 537 .9
1736 484 1805 539 Et
1836 486 2005 539 recte.
2042 485 2087 550 Α
2128 489 2191 539 ut
2220 482 2448 540 etiamsi
2482 500 2656 555 opera
2685 483 2898 550 desint,
2934 483 3073 540 fides
3105 484 3440 557 opituletur,
3484 488 3727 547 defenda-

371 570 517 628 Nam
545 571 599 628 si
627 572 770 629 solis
800 574 993 631 radios
1026 575 1175 630 oculi
1206 574 1388 630 nostri
1418 575 1563 630 terre
1597 590 1711 629 non
1741 576 2007 645 possunt,

370 662 428 715 et
456 660 506 715 si
536 659 671 732 quis
701 661 923 719 diutius
952 680 983 719 e
1011 663 1241 735 regione
1272 664 1413 719 solis
1442 662 1775 730 intenderit,
1809 661 2010 717 caecari

372 746 557 804 solere
611 749 985 822 perhibetur:
1056 752 1104 807 si
1176 756 1442 808 creatura
1496 756 1827 809 creaturam
1884 751 2011 805 sine

372 835 577 894 fraude
620 843 797 912 atque
843 840 1162 897 offensione
1218 841 1311 898 sui
1370 858 1488 897 non
1538 844 1727 912 potest
1772 840 2008 906 intueri,

372 926 662 997 quomodo
680 932 870 1000 potest
880 928 1008 985 sine
1029 929 1288 1003 periculo
1310 946 1412 986 seu
1432 930 1756 986 vibrantem
1779 944 2013 985 cernere

369 1012 595 1072 vultum
638 1015 929 1075 Creatoris
979 1018 1197 1087 mterni,
1248 1018 1509 1091 corporis
1558 1017 1735 1089 hujus
1777 1021 2014 1088 opertus

371 1104 639 1161 exuviis?
689 1106 829 1171 Quis
859 1107 1017 1163 enim
1052 1108 1415 1179 justiﬁcatur
1453 1108 1513 1162 in
1546 1112 1859 1179 conspectu
1896 1106 2013 1169 Dei,

373 1210 508 1251 cum
539 1194 716 1251 unius
746 1193 980 1268 quoque
1006 1196 1119 1253 diei
1168 1196 1361 1252 infans
1411 1197 1667 1252 mundus
1717 1213 1751 1251 a
1780 1200 2014 1267 peccato

374 1298 504 1341 esse
530 1300 649 1340 non
679 1284 885 1357 possit,
919 1290 975 1341 et
1004 1302 1176 1342 nemo
1206 1288 1394 1359 possit
1425 1287 1496 1341 de
1523 1286 1614 1342 sui
1644 1286 1835 1341 cordis
1867 1285 2015 1340 inte-

376 1370 588 1443 gritate
618 1375 677 1428 et
702 1373 1048 1430 castimonia
1070 1374 1355 1447 gloriari?

442 1461 534 1515 50.
566 1461 695 1517 Non
722 1462 1037 1519 timeamus
1079 1462 1261 1535 igitur
1310 1463 1484 1536 recipi
1532 1464 1605 1518 ab
1654 1462 2015 1529 hominibus,

375 1566 489 1606 non
515 1566 821 1608 vereamur
858 1551 1026 1608 illum
1068 1552 1331 1608 debitum
1380 1553 1655 1608 omnibus
1710 1554 1905 1621 tinem,
1958 1552 2016 1607 in

374 1655 488 1711 quo
520 1640 735 1696 Esdras
766 1641 1297 1697 remunerationem
1343 1659 1461 1698 suae
1505 1642 1828 1698 devotionis
1862 1642 2017 1697 inve-

374 1729 479 1799 nit,
507 1728 735 1791 dicente
765 1731 814 1786 ei
842 1731 1128 1788 Domino:
1189 1733 1261 1787 Tu
1307 1734 1453 1787 enim
1503 1732 1785 1803 reeipieris
1826 1732 1893 1786 ab
1924 1732 2018 1785 ho-

372 1818 634 1888 minibus,
679 1824 730 1875 et
771 1822 1173 1877 conversaberis
1220 1821 1499 1877 residuum
1546 1824 1657 1892 (33)
1711 1838 1833 1876 cum
1881 1823 2019 1877 Filio

376 1922 516 1975 meo,
546 1911 753 1965 etcum
788 1910 1068 1966 similibus
1118 1912 1226 1966 tuis
1273 1912 1364 1981 (IV
1404 1912 1557 1966 Esdr.
1610 1928 1723 1977 x1v,
1755 1910 1831 1979 9).
1857 1910 2018 1973 Quod

371 1995 422 2052 si
450 1994 536 2052 illi
566 1996 890 2069 gloriosum
930 2002 987 2055 et
1022 2000 1356 2070 jucundum
1406 2004 1529 2055 erat
1558 2017 1693 2055 cum
1727 1999 2018 2055 similibus

371 2087 721 2152 conversari,
752 2092 971 2160 quanto
1020 2089 1190 2145 nobis
1220 2089 1533 2161 gloriosius
1571 2089 1681 2144 erit
1722 2093 1780 2145 et
1802 2090 2018 2159 jucun-

370 2173 507 2231 dius
533 2175 606 2231 ad
655 2174 927 2233 meliores
978 2193 1237 2249 pergere,
1287 2182 1344 2233 et
1391 2176 1720 2233 conservari
1770 2194 1901 2231 eum
1948 2176 2019 2232 iis

372 2278 626 2333 quorum
658 2264 811 2321 facta
838 2265 1145 2321 miramur.

439 2352 532 2409 54.
581 2353 723 2419 Quis
764 2355 967 2426 utique
1016 2354 1175 2427 prior
1218 2354 1448 2422 Esdras,
1506 2372 1579 2410 an
1631 2354 1837 2410 Plato?
1872 2355 2016 2409 Nam

372 2440 589 2507 Paulus
619 2442 835 2511 Esdraa,
866 2459 981 2499 non
1015 2443 1271 2500 Platonis
1298 2449 1532 2500 secutus
1582 2449 1669 2500 est
1707 2444 1881 2499 dicta.
1913 2445 2016 2500 Es-

370 2531 507 2588 dras
538 2530 809 2590 revelavit
838 2534 1160 2589 secundum
1194 2533 1465 2589 collatam
1508 2534 1562 2588 in
1614 2551 1674 2590 se
1716 2532 2015 2590 revelatio-

368 2621 715 2691 nemjustos
745 2638 878 2677 cum
913 2622 1142 2678 Christo
1175 2623 1423 2690 futuros,
1458 2624 1685 2679 futuros
1716 2639 1850 2677 cum
1876 2639 2015 2678 san-

368 2708 497 2766 ctis.
548 2710 694 2767 Hinc
725 2716 783 2768 et
827 2714 1093 2768 Socrates
1138 2711 1233 2768 ille
1284 2713 1560 2769 festinare
1619 2730 1680 2768 se
1750 2712 1892 2768 dicit
1941 2712 2014 2768 ad

367 2795 499 2855 illos
531 2815 672 2856 suos
703 2800 842 2856 deos
874 2801 1009 2871 (34),
1042 2801 1114 2855 ad
1157 2801 1287 2857 illos
1317 2802 1571 2873 optimos
1599 2802 1772 2858 viros.
1811 2802 2016 2856 Nostra

366 2891 509 2947 sunt
560 2887 757 2959 itaque
798 2905 927 2960 quas
988 2889 1045 2944 in
1090 2889 1573 2961 philosophorum
1617 2889 1826 2946 litteris
1869 2908 2011 2962 pra:-

368 2978 565 3032 stant:
614 2980 673 3032 et
717 2976 814 3033 ille
862 2977 1058 3049 posuit
1104 2994 1173 3034 ea
1220 2996 1470 3050 quorum
1515 2980 1817 3052 proprium
1851 2980 2012 3035 testi-

367 3064 634 3122 monium
666 3082 781 3122 non
810 3065 1099 3123 habebat:
1148 3084 1253 3124 nos
1304 3068 1484 3124 divini
1534 3070 1802 3141 przecepti
1835 3069 2011 3124 habe-

368 3172 502 3212 mus
538 3155 969 3227 auctoritatem,
1020 3157 1248 3230 Moyses
1296 3167 1350 3214 el
1395 3157 1546 3213 Elias
1599 3175 1733 3214 eum
1784 3158 2010 3215 Christo

364 3248 765 3318 apparuerunt
794 3245 999 3317 (Matth.
1033 3264 1168 3312 xvu,
1202 3247 1292 3318 3):
1343 3247 1638 3303 Abraham
1685 3248 1834 3303 duos
1865 3247 2013 3304 alios
2044 3234 2086 3301 C

364 3349 500 3390 cum
546 3334 663 3391 Deo
712 3350 819 3390 suo
862 3335 1123 3407 suscepit
1168 3335 1423 3407 hospitio
1493 3336 1642 3408 (Gen.
1709 3354 1867 3404 xvm,
1916 3339 2003 3407 2);

361 3423 543 3480 Jacob
572 3423 674 3480 Dei
713 3429 905 3481 castra
952 3426 1252 3497 conspexit
1277 3428 1430 3497 (Gen.
1464 3444 1637 3493 xxxu,
1668 3428 1761 3496 2);
1807 3427 2006 3482 Daniel

360 3512 553 3582 iustos
577 3512 731 3569 sicut
759 3514 942 3569 solem
973 3518 1031 3569 et
1060 3514 1260 3570 stellas
1291 3514 1513 3588 fulgere
1544 3516 1601 3569 in
1644 3515 1806 3582 cmlo,
1856 3534 2010 3573 reve-

363 3600 525 3657 lante
553 3601 666 3658 sibi
723 3601 942 3673 Spiritu
991 3608 1214 3671 sancto,
1266 3604 1580 3660 declaravit
1607 3606 1763 3676 (Dan.
1797 3623 1895 3674 x11,
1929 3607 2004 3677 3).

888 3738 981 3791 41
1001 3739 1033 3792 Ι
1083 3736 1317 3792 CAPUT
1358 3739 1477 3793 ΧΠ.

356 3825 641 3897 {Elimiam
668 3825 986 3896 felicitatem
1014 3826 1291 3892 describit,
1323 3844 1486 3897 quam
1514 3829 1669 3881 nobis
1698 3831 1860 3883 etiam
1896 3829 2007 3884 des-

426 3896 660 3952 tinatam
690 3912 801 3952 esse
828 3897 1178 3971 demonstrat.
1229 3899 1431 3954 Deinde
1482 3899 1719 3968 ejusdem
1768 3904 2003 3971 qualita-

426 3972 506 4022 tes
536 3983 861 4040 prosequens
911 3970 1135 4025 illorum
1185 3971 1428 4024 virorum
1476 3973 1753 4039 regionem
1780 3970 1890 4027 esse
1918 3989 1999 4028 os-

422 4042 646 4114 tendit,
681 4042 824 4114 hanc
868 4049 1226 4097 mortuorum.
1278 4042 1356 4096 Ad
1411 4046 1715 4097 extremum
1744 4044 2004 4114 prudenti

422 4110 795 4169 admonitione
825 4114 1031 4169 librum
1061 4114 1311 4169 absolvit.

391 4228 515 4283 .52.
546 4227 649 4284 His
696 4228 874 4301 igitur
922 4228 1076 4296 freti,
1124 4228 1411 4301 intrepide
1458 4246 1772 4301 pergamus
1814 4231 1885 4285 ad
1918 4248 2001 4287 re-

352 4315 717 4389 demptorem
749 4323 1017 4374 nostrum
1048 4319 1254 4374 Jesum
1282 4336 1294 4386 ;
1329 4319 1615 4390 intrepide
1646 4320 1717 4374 ad
1752 4319 1999 4391 patriar-

354 4405 601 4461 charum
632 4406 967 4474 concilium,
1000 4407 1288 4480 intrepide
1336 4409 1408 4463 ad
1452 4413 1678 4480 patrem
1729 4414 2015 4477 nostrum,

351 4492 669 4561 Abraham,
701 4512 836 4550 cum
883 4496 1009 4552 dies
1036 4495 1350 4563 advenerit,
1404 4497 1862 4567 proficiscamur,
1910 4497 1995 4553 in-

2120 577 2215 627 tur
2246 572 2575 628 hmreditas.
2612 573 2834 629 ibimus
2850 578 2908 629 et
2926 574 3023 628 ubi
3055 574 3248 631 sinum
3269 592 3441 632 suum
3464 577 3721 636 Abraham

2122 667 2362 717 sanctus
2393 662 2689 734 expandit,
2726 668 2790 718 ut
2819 663 3104 735 suscipiat
3126 681 3425 737 pauperes,
3458 666 3601 722 sicut
3625 686 3729 725 sus-

2120 752 2273 823 cepit
2304 756 2360 808 et
2384 752 2666 807 Lazarum
2690 770 2702 807 :
2738 750 2797 807 in
2821 769 2934 824 quo
2980 752 3113 808 sinu
3144 754 3531 826 requiescunt,
3560 758 3649 828 qui
3677 758 3724 814 in

2136 840 2243 895 hoc
2269 840 2481 897 saeculo
2512 840 2710 914 gravia
2740 844 2914 915 atque
2944 858 3150 914 aspera
3179 843 3553 915 pertulerunt.

2203 969 2291 1023 53.
2325 967 2433 1023 Sed
2468 983 2643 1033 nunc,
2676 970 2859 1038 pater,
2891 967 3066 1023 etiam
3100 971 3275 1041 atque
3321 969 3491 1025 etiam
3519 973 3729 1029 extende

2137 1057 2207 1112 ad
2255 1055 2694 1128 suscipiendum
2745 1055 2901 1111 hunc
2963 1073 3275 1129 pauperem
3350 1075 3552 1115 manus
3598 1064 3725 1128 tuas,

2127 1145 2285 1218 aperi
2318 1148 2607 1219 gremium
2640 1147 3098 1219 tuum,expande
3128 1148 3295 1204 sinus
3327 1152 3541 1215 tuos,ut
3559 1149 3726 1223 plures

2126 1236 2433 1307 suscipias,
2467 1236 2604 1308 quia
2636 1236 2871 1308 plurimi
2906 1237 2964 1292 in
3014 1237 3328 1293 Dominum
3372 1238 3722 1295 crediderunt.

2126 1326 2235 1380 Sed
2267 1330 2483 1389 tamen,
2517 1326 2786 1397 quamvis
2820 1327 2963 1382 fides
3001 1327 3516 1394 ereverit,abundal
3544 1328 3726 1402 iniqui-

2128 1420 2239 1481 tas,
2274 1416 2598 1485 refrigescit
2627 1416 3143 1472 charitas.lbimus
3172 1417 3243 1472 ad
3272 1433 3389 1484 eos,
3415 1417 3508 1489 qui
3540 1434 3726 1474 recum-

2130 1506 2276 1558 bunt
2308 1504 2365 1557 in
2400 1522 2575 1575 regno
2611 1506 2703 1560 Dei
2739 1521 2872 1560 cum
2916 1506 3231 1575 Abraham,
3279 1506 3437 1562 Isaae
3482 1510 3534 1562 et
3558 1506 3723 1571 Jacob,

2130 1594 2405 1665 quoniam
2444 1595 2623 1665 rogati
2657 1596 2725 1648 ad
2780 1611 3005 1650 comam
3060 1612 3176 1651 non
3225 1612 3290 1651 se
3328 1600 3722 1652 excusaverunt.

2134 1683 2352 1737 ibimus
2419 1700 2483 1738 eo
2540 1684 2637 1738 ubi
2690 1685 2999 1755 paradisus
3061 1689 3150 1739 est
3201 1684 3595 1752 iucunditatis,
3646 1684 3723 1739 ubi

2128 1775 2310 1826 Adam
2344 1773 2442 1843 qui
2478 1773 2681 1828 incidit
2729 1774 2785 1828 in
2831 1773 3108 1840 latrones,
3160 1774 3350 1830 nescit
3378 1776 3499 1846 jam
3527 1773 3724 1829 vulnera

2054 1860 2097 1926 Β
2129 1879 2234 1915 sua
2267 1864 2420 1926 flere,
2459 1863 2555 1915 ubi
2588 1869 2643 1917 et
2676 1861 2821 1918 latro
2870 1862 2993 1935 ipse
3043 1863 3202 1935 regni
3253 1864 3498 1919 cmlestis
3525 1879 3723 1919 consor-

2130 1950 2208 2004 tio
2258 1952 2607 2021 gratulatur,
2661 1951 2758 2005 ubi
2801 1952 2975 2008 nullae
3024 1953 3229 2019 nubes,
3289 1952 3447 2009 nulla
3489 1952 3721 2015 tonitrua,

2131 2038 2303 2094 ﬂUiitC
2364 2040 2818 2107 coruscationes,
2851 2041 3015 2096 nulla
3042 2045 3352 2098 ventorum
3383 2041 3631 2115 procella,
3649 2057 3723 2096 ne-

2131 2146 2243 2200 que
2294 2130 2562 2197 tenebrae,
2622 2146 2807 2201 neque
2852 2146 3074 2203 vesper,
3125 2148 3320 2204 neque
3366 2137 3545 2200 aestas,
3575 2147 3725 2202 neque

2130 2218 2318 2273 hiems
2352 2219 2504 2274 vices
2536 2220 2843 2275 variabunt
2874 2224 3224 2292 temporum.
3266 2222 3389 2277 Non
3422 2222 3609 2294 frigus,
3635 2236 3723 2276 non

2131 2308 2375 2379 grando,
2408 2326 2523 2364 non
2557 2308 2782 2380 pluviae,
2813 2326 2928 2365 non
2964 2309 3104 2366 solis
3145 2311 3321 2367 istius
3349 2311 3454 2367 erit
3478 2328 3624 2377 usus,
3649 2315 3727 2365 aut

2132 2395 2304 2463 lunae,
2340 2414 2525 2469 neque
2559 2397 2861 2454 stellarum
2892 2398 3080 2471 globi:
3115 2401 3217 2456 sed
3258 2401 3380 2457 sola
3410 2402 3498 2457 Dei
3528 2398 3728 2472 fulgebit

2130 2486 2385 2542 claritas.
2420 2487 2708 2543 Dominus
2738 2489 2893 2543 enim
2926 2489 3036 2545 erit
3065 2488 3164 2545 lux
3190 2491 3455 2546 omnium
3482 2508 3495 2558 ;
3541 2494 3589 2545 et
3614 2487 3724 2542 illud

2130 2574 2326 2630 lumen
2364 2593 2585 2643 verum,
2638 2578 2791 2648 quod
2837 2576 3133 2634 illuminat
3180 2596 3419 2635 omnem
3451 2578 3718 2639 hominem,

2127 2664 2373 2736 fulgebit
2448 2667 2742 2721 omnibus.
2798 2666 3017 2723 Ibimus
3073 2685 3139 2725 eo
3196 2670 3299 2725 ubi
3357 2667 3581 2726 servulis
3622 2665 3717 2722 suis

2126 2753 2408 2809 Dominus
2438 2754 2611 2810 Jcsus
2644 2755 2977 2813 mansiones
3009 2758 3258 2830 paravit,
3291 2763 3355 2815 ut
3404 2758 3495 2813 ubi
3524 2755 3606 2811 ille
3630 2758 3715 2818 est,

2124 2846 2180 2897 et
2210 2860 2323 2897 non
2357 2844 2565 2900 simus.
2600 2845 2693 2900 Sic
2720 2845 2876 2900 enim
2924 2845 3128 2903 voluit.
3164 2849 3300 2913 Quae
3332 2848 3447 2903 sint
3473 2846 3558 2901 ille
3586 2858 3714 2900 man-

2125 2932 2321 2989 siones
2352 2933 2487 2987 audi
2519 2934 2847 2990 dicentem:
2882 2937 2944 2990 In
2991 2935 3147 2991 domo
3181 2938 3366 2995 Patris
3395 2938 3497 2993 mei
3522 2933 3714 2990 mansio-

2122 3039 2216 3077 nes
2264 3024 2460 3080 multce
2501 3026 2629 3078 sunt
2676 3026 2853 3095 (Joan.
2896 3041 3010 3092 xrv,
3065 3028 3140 3096 2).
3186 3027 3321 3091 Quae
3354 3025 3426 3082 sit
3452 3024 3709 3081 voluntas:

2121 3113 2343 3178 Iterum,
2378 3112 2592 3184 inquit,
2635 3115 2817 3181 venio,
2867 3117 2915 3169 et
2946 3131 3160 3170 accerso
3212 3132 3301 3172 vos
3329 3117 3396 3172 ad
3448 3132 3525 3172 me
3551 3116 3709 3186 ipsum.

2120 3209 2182 3256 ut
2208 3202 2303 3256 ubi
2330 3218 2423 3273 ego
2446 3219 2588 3272 sum,
2613 3211 2664 3258 et
2694 3221 2783 3259 vos
2804 3205 2923 3259 sitis
2954 3205 3110 3277 (Ibid.
3148 3207 3200 3276 3)

2198 3329 2285 3383 54.
2318 3328 2425 3382 Sed
2470 3329 2628 3383 dices
2677 3328 2814 3401 quia
2860 3328 3000 3384 solis
3042 3329 3351 3403 discipulis
3395 3329 3709 3403 loquebatur,

2126 3418 2280 3488 quod
2340 3418 2486 3489 ipsis
2535 3418 2676 3473 solis
2727 3419 3102 3490 spoponderit
3146 3421 3367 3477 multas
3407 3418 3707 3475 mansiones.

2120 3506 2304 3577 Igitur
2333 3507 2603 3563 undecim
2636 3511 2863 3563 tantum
2910 3508 3219 3580 discipulis
3265 3504 3636 3583 prmparabat?
3658 3502 3708 3557 Et

2123 3597 2219 3651 ubi
2252 3602 2340 3652 est
2388 3596 2533 3652 illud
2580 3599 2731 3669 quod
2782 3614 2851 3653 ex
2909 3599 3185 3655 omnibus
3246 3598 3444 3654 mundi
3492 3595 3708 3670 partibus

2116 3687 2348 3741 venient
2377 3692 2431 3741 et
2464 3689 2806 3743 recumbent
2838 3688 2895 3742 in
2931 3688 3022 3744 Dei
3047 3706 3226 3761 regno
3260 3690 3458 3762 (Matth.
3491 3680 3708 3753 mall)?

2118 3774 2277 3830 Unde
2326 3775 2642 3832 voluntatis
2682 3777 2895 3834 divinae
2943 3777 3288 3834 dubitamus
3336 3768 3704 3833 etlectus?Sed

2114 3864 2323 3919 Lilt'lsil
2357 3864 2521 3931 velle,
2556 3866 2761 3921 fecisse
2790 3872 2895 3923 est.
2944 3866 3208 3939 Denique
3250 3862 3635 3923 demonstravit
3656 3860 3705 3912 ~et

2112 3954 2285 4019 viam,
2321 3955 2739 4010 demonstravit
2768 3961 2824 4011 et
2853 3955 3068 4024 locum,
3098 3956 3333 4024 dicens;
3370 3960 3427 4012 Et
3465 3970 3557 4026 quo
3583 3947 3702 4013 ιιαάυ,

2115 4059 2201 4098 vos
2231 4045 2386 4099 scitis
2412 4048 2461 4099 et
2497 4046 2642 4099 viam
2670 4048 2820 4101 scitis
2870 4047 3048 4117 (Joan.
3099 4063 3218 4114 xxv,
3253 4048 3325 4118 4),
3392 4047 3557 4101 Locus
3583 4035 3701 4112 apud

2113 4134 2339 4188 Patrem
2372 4134 2578 4201 est,via
2601 4135 2866 4192 Christus
2895 4141 3003 4203 est,
3027 4137 3181 4192 sicut
3210 4138 3337 4209 ipse
3365 4136 3443 4191 ait
3465 4135 3588 4203 :Ego
3608 4142 3701 4184 sum

2110 4224 2274 4292 via,et
2304 4224 2522 4291 veritas,
2554 4228 2606 4279 et
2636 4227 2767 4280 vita.
2796 4226 2961 4282 Nemo
2989 4229 3139 4282 venit
3166 4227 3238 4282 ad
3265 4228 3481 4282 Patrem
3505 4221 3607 4276 nisi
3629 4229 3703 4288 per

2108 4328 2194 4367 me
2225 4312 2400 4383 (Joan.
2432 4327 2549 4381 xw,
2581 4315 2655 4383 6).
2691 4314 3265 4386 lngrediamurhanc
3284 4316 3699 4373 viamteneamus

2107 4400 2428 4471 veritatem,
2461 4401 2636 4459 vitam
2669 4421 3004 4475 sequamur.
3040 4405 3147 4460 Via
3175 4410 3267 4462 est
3296 4422 3421 4478 quae
3461 4392 3697 4476 perducit,

2108 4490 2319 4546 veritas
2345 4496 2433 4546 est
2471 4509 2597 4564 quae
2636 4496 2962 4561 coulirmat,
2994 4496 3150 4551 412
3208 4496 3324 4551 vita
3373 4510 3497 4565 quas
3524 4504 3616 4562 per
3651 4495 3697 4538 se

352 4581 578 4653 trepide
633 4599 947 4655 pergamus
997 4585 1069 4639 ad
1140 4584 1307 4638 illum
1383 4588 1723 4639 sanctorum
1757 4590 1992 4653 coetum,
2032 4612 2076 4675 Β
2110 4580 2373 4675 redditur
2416 4582 2549 4651 (35).
2607 4582 2673 4636 Et
2728 4587 2790 4638 ut
2838 4583 3097 4640 sciamus
3128 4600 3324 4640 veram
3370 4579 3696 4675 volun-lateat.

343 4672 765 4744 justorumque
793 4678 1163 4728 conventum.
1216 4673 1438 4728 Ibimus
1482 4672 1638 4728 enim
1683 4675 1755 4729 ad
1803 4680 1998 4747 patres

352 4763 607 4828 nostros,
638 4760 856 4817 ibimus
889 4762 957 4817 ad
983 4761 1115 4819 illos
1147 4767 1355 4817 nostrae
1388 4762 1521 4817 fidei
1572 4770 1949 4836 praeceptores
1976 4783 1988 4819 :

420 4921 535 4996 (33)
558 4922 741 4996 item.
770 4922 936 4996 edit.,
964 4924 1033 4996 ab
1063 4923 1314 4979 omnibus
1344 4928 1394 4979 et
1422 4925 1823 4981 conversaberis
1866 4928 1997 4981 resi-

348 4994 523 5053 dum.
546 4994 639 5052 Sic
669 4994 845 5051 etiam
895 4994 1159 5068 Vulgata,
1211 5013 1337 5067 quas
1377 5014 1479 5067 pro
1527 4998 1643 5066 filio
1692 5014 1806 5053 meo
1839 4998 1993 5068 quod

348 5068 567 5124 habent
597 5084 801 5124 omnes
828 5068 1025 5126 Ambr.
1071 5085 1214 5124 mss.
1250 5071 1424 5138 atque
1455 5068 1614 5133 erlit.,
1672 5068 1829 5139 legit,
1862 5087 1992 5124 con-

347 5141 475 5196 silio
506 5155 641 5196 meo.

420 5210 533 5282 (33)
564 5212 650 5267 Ita
680 5229 822 5268 mss.
855 5229 918 5268 ac
950 5212 1087 5267 edit.
1136 5227 1340 5267 omnes
1392 5216 1629 5282 excepta
1669 5210 1858 5278 Rom.,
1894 5212 1992 5266 ubi

348 5282 586 5355 legitur,
617 5283 687 5338 ad
716 5285 840 5339 illos
868 5285 1130 5339 semideos
1155 5302 1167 5352 ;
1203 5283 1378 5352 idque
1410 5299 1477 5337 ex
1518 5284 1777 5355 Apologia
1802 5283 1994 5339 Socra-

347 5354 441 5418 tis,
502 5358 582 5429 ut_
617 5354 688 5410 ad
739 5356 1083 5429 marginem
1124 5359 1457 5429 annotatur.
1512 5354 1795 5429 Sed_non
1844 5355 1995 5429 vide-

348 5440 484 5508 mus
515 5426 586 5506 ad
634 5441 805 5508 quem
842 5424 1348 5508 illiqsﬁpologizn
1404 5425 1598 5480 locum
1649 5424 1757 5508 hoc
1807 5426 1994 5497 possit

346 5495 569 5570 referri,
603 5495 715 5570 nisi
746 5498 900 5570 forte
923 5495 1228 5570 adgistum,
1249 5495 1308 5551 in
1340 5513 1454 5570 quo
1476 5498 1783 5570 exponitur
1808 5495 1989 5568 quam

346 5513 569 5562 reierri,
603 5513 715 5552 mei
746 5513 892 5553 torte
923 5513 995 5553 aa
1027 5513 1228 5561 istum,
1249 5514 1308 5551 1n
1340 5513 1454 5621 quo
1476 5513 1783 5570 exponitur
1814 5515 1989 5568 quam

344 5565 518 5647 beata
546 5565 815 5647 migratio
845 5568 943 5647 illa
975 5568 1069 5647 sit,
1104 5569 1361 5647 venirea_
1404 5585 1516 5647 eos
1534 5569 1638 5647 qui
1656 5568 1817 5638 justo
1835 5570 1989 5647 apud

342 5636 562 5693 inferos
592 5636 866 5708 dicuntur
904 5639 1191 5708 judicare,
1228 5638 1432 5708 quales
1481 5636 1987 5708 Rhadamanthus,

342 5711 593 5781 etc.......
627 5708 709 5781 πιᾳί
736 5707 879 5756 ἄλλοι
906 5707 1010 5756 ὅσοι
1034 5711 1132 5781 inv
1155 5707 1386 5781 ἡμιῑξέων,
1444 5714 1552 5765 etc,
1601 5713 1675 5781 At,
1723 5712 1823 5781 qui
1882 5712 1988 5767 hoc

339 5778 541 5857 ipsum
566 5776 753 5838 multo
784 5778 1150 5839 commodius
1179 5780 1465 5838 referatur
1485 5781 1559 5838 ad
1581 5776 1762 5839 alium
1793 5780 1989 5844 locum

2110 4668 2336 4725 addidit
2364 4671 2420 4726 in
2456 4672 2915 4742 posterioribus:
2963 4676 3153 4743 Pater,
3195 4689 3324 4746 quos
3361 4669 3546 4728 dedisti
3570 4662 3695 4721 mihi.

2110 4760 2225 4814 volo
2257 4767 2313 4815 ut
2340 4759 2434 4814 ubi
2461 4776 2555 4831 ego
2601 4778 2741 4829 sum,
2794 4766 2846 4816 et
2894 4764 2985 4818 illi
3020 4765 3130 4818 sint
3176 4780 3402 4830 mecum,
3445 4749 3697 4814 uiridem“

2106 4936 2174 4975 ex
2221 4919 2506 4988 Phaedone,
2553 4938 2727 4993 quem
2777 4922 2903 4979 suis
2952 4923 3142 4980 verbis
3198 4922 3294 4978 hic
3350 4916 3691 4993 subjicimugi

2105 5002 2202 5047 Νῦν
2258 4999 2308 5047 δὲ
2366 4997 2419 5047 εὖ
2475 4988 2588 5052 ἴστε-
2634 5001 2707 5049 ὅτι
2760 5003 2874 5066 παρ’
2928 5003 3106 5069 ἄνδρας
3158 5019 3209 5051 τε
3268 4988 3694 5069 ἂπίζωνάφίξετθῗί

2104 5071 2326 5133 ἇγιοοῦς,
2393 5075 2475 5119 καὶ
2544 5075 2687 5121 τοῦτο
2762 5078 2850 5136 μὲν
2933 5056 3035 5123 οὐχ’
3103 5074 3163 5122 ἂν
3231 5075 3358 5121 πάνυ
3429 5056 3694 5143 διισχυριξαὶί·

2105 5161 2221 5205 μην,
2402 5146 2490 5207 μέν
2545 5162 2620 5194 τοι
2672 5131 2805 5211 παρὰ
2852 5146 2985 5202 θεοὺς
3054 5145 3289 5205 δεσπότας
3350 5145 3472 5192 πάνυ
3517 5131 3695 5211 ⁷ἀγαθοὺς

2103 5216 2253 5276 ἥξειν,
2306 5214 2358 5263 εὖ
2416 5217 2515 5264 ἴστε
2582 5216 2713 5282 εἰπέρ
2748 5203 2756 5211 ’
2791 5234 2837 5265 τι
2916 5217 3044 5267 ἄλλο
3126 5221 3222 5266 τῶν
3304 5216 3539 5282 τοιούτῳν,
3605 5203 3695 5282 διξες

2103 5272 2404 5354 iamautem
2456 5288 2515 5334 ἂν
2569 5291 2651 5337 καὶ
2690 5272 2887 5354 ’τοῦτοι
2918 5282 3073 5336 Nunc
3118 5289 3301 5337 autem
3350 5278 3508 5354 probe
3557 5272 3693 5354 ηοξνίξτξ

2102 5335 2322 5423 i‘pérhré
2366 5335 2452 5407 ine
2487 5335 3045 5424 forewutﬂadqbonos
3093 5355 3242 5409 viros
3285 5335 3593 5424 perveniant,

2103 5408 2283 5497 tamen
2317 5440 2425 5479 non
2455 5408 2677 5478 oinnino
2720 5408 3161 5497 a/‘Iimnaverim
3190 5408 3331 5495 quod
3378 5436 3492 5497 vero
3515 5414 3577 5471 ad

2100 5496 2346 5552 dominos
2376 5497 2525 5552 omni
2552 5514 2626 5550 ea:
2648 5482 2809 5568 parte
2840 5497 3003 5568 bonos
3043 5482 3395 5568 pervigilare:
3415 5492 3561 5568 tim;
3591 5482 3690 5568 Mf

2099 5569 2269 5709 gestis
2297 5550 2333 5651 ᾲ
2363 5550 2468 5637 me,
2498 5570 2550 5623 si
2578 5550 2717 5639 quid
2737 5550 2892 5624 aliud
2920 5550 3250 5637 hujzismodi,
3285 5564 3424 5621 illud
3464 5550 3589 5617 certe
3624 5550 3687 5617 Ui“

2140 5656 2338 5704 rmarz,
3662 5704 3671 5709 _

2140 5646 2338 5704 rmari,
3776 5646 3777 5659 ‘

2171 5712 2282 5782 (35)
2303 5711 2479 5787 item.
2513 5709 2901 5787 edit.’ex_'uno
2933 5712 3061 5787 co_d_.
3096 5710 3246 5776 Vat.,
3276 5706 3526 5787 vitaque?
3545 5704 3687 5787 pl’ff;
3776 5724 3777 5737 π

2100 5763 3085 5843 venhziia‘eisar:sessuise
3120 5763 3303 5840 verus
3350 5763 3567 5854 quidem
3619 5763 3686 5822 est
