3830 6206
132 379 235 446 593

1307 377 1536 442 LIBER
1578 376 1682 441 DE
1724 376 1933 443 ΒΟΝΟ
1978 379 2296 446 MORTIS.

3377 361 3496 447 sat

130 515 409 575 claritatem
428 526 603 571 meam
641 508 755 587 (36)
813 510 988 587 (Joan.
1056 527 1216 582 xvm,
1272 513 1385 583 24).
1447 513 1735 586 Repetitio
1766 514 1821 582 Α
1848 514 1997 572 tium
2028 520 2135 573 est.
2168 516 2237 574 Et
2262 520 2326 574 ut
2356 516 2665 576 assertion’i
2681 515 2820 577 huic
2850 517 3247 594 adiungamus
3272 521 3491 578 aucto-

129 609 227 664 ista
250 603 598 662 conﬁrmatio
625 607 715 661 est
745 604 898 662 sicut
925 602 1070 660 illud
1109 623 1120 660 :
1155 604 1429 659 Abraham
1461 604 1742 660 Abraham

130 696 259 769 (Gen.
288 712 440 761 xxm,
475 695 494 766 (
507 697 551 764 ι)
584 694 595 749 l
630 694 696 749 Et
726 693 867 750 alibi
904 710 917 749 :
955 696 1062 763 Ego
1091 710 1233 761 sum,
1293 711 1387 765 ego
1446 710 1587 762 sum,
1645 694 1741 766 qui

127 787 259 842 doleo
284 785 595 854 iniquitates
636 790 754 839 tuas
784 786 911 851 (Isa.
946 800 1104 850 xuu,
1153 784 1265 854 25).
1330 782 1575 838 Pulchre
1634 800 1736 837 au-

128 879 226 930 tem
254 873 398 945 quod
430 889 606 944 supra
654 872 925 944 promisit
982 872 1076 927 hic
1134 871 1415 944 poposcit.
1473 872 1542 926 Et
1600 871 1739 943 quia

127 968 241 1020 ante
277 960 558 1034 promisit,
591 966 649 1016 et
678 961 763 1017 sic
793 960 1074 1034 poposcit,
1111 978 1226 1016 non
1260 965 1391 1015 ante
1448 962 1732 1033 poposcit,

127 1058 173 1109 et
197 1053 271 1110 sic
300 1050 564 1124 promisit
597 1067 610 1106 :
646 1050 916 1122 promisit
945 1051 1111 1122 quasi
1174 1051 1392 1106 arbiter
1449 1051 1731 1119 muneris,

127 1143 363 1198 conscius
395 1139 699 1212 potestatis
733 1156 747 1194 :
799 1140 1063 1212 poposcit
1091 1156 1125 1194 a
1156 1139 1321 1194 Patre
1354 1140 1521 1211 quasi
1552 1139 1733 1211 pieta-

127 1234 186 1287 tis
213 1232 501 1302 inlerpres.
536 1230 602 1284 Et
630 1232 765 1284 ante
795 1228 1084 1301 promisit,
1118 1233 1183 1283 ut
1236 1231 1578 1300 potestatem
1640 1245 1732 1283 co-

123 1337 338 1393 gnoscas
370 1335 382 1374 :
416 1318 679 1391 poposcit
709 1322 932 1389 postea,
968 1321 1032 1372 ut
1080 1318 1354 1389 pietatem
1412 1317 1729 1390 intelligas.

122 1412 225 1466 Non
254 1408 508 1482 poposcit
538 1411 691 1475 ante,
724 1411 785 1463 et
839 1407 922 1462 sic
980 1406 1276 1479 promisit;
1313 1423 1384 1462 ne
1439 1407 1733 1462 videretur

121 1498 428 1573 promisisse
459 1498 655 1570 potius
692 1498 848 1569 quod
882 1498 1314 1569 impetraverat,
1346 1513 1522 1569 quam
1573 1498 1727 1567 quod

120 1587 452 1661 promiserat,
480 1586 965 1659 prastitisse.Nec
988 1587 1350 1657 superfluum
1375 1589 1542 1658 putes
1570 1586 1726 1658 quod

1850 606 2101 674 ritatem,
2135 608 2206 661 de
2235 607 2346 664 hoc
2376 608 2526 664 bono
2581 608 2867 683 PrOpheta
2924 609 3067 666 dicit
3098 625 3113 665 :
3171 608 3495 668 Convertere

1847 698 2039 751 ani-ma
2068 713 2210 767 mea,
2247 700 2307 752 in
2334 701 2772 771 requiemjuam,
2807 701 2938 772 quia
2970 700 3238 755 Dominus
3280 700 3495 772 bene/e-

1846 787 1922 841 cit
1952 786 2057 841 tibi
2088 802 2100 841 :
2133 787 2391 857 quoniam
2417 790 2627 859 eripuit
2655 791 2905 845 animam
2947 805 3127 845 meam
3183 789 3249 845 de
3299 793 3493 855 morte,

1846 875 2025 930 oculos
2052 891 2198 930 meos
2222 893 2254 930 a
2287 876 2572 949 tacrymis,
2599 878 2761 949 pedes
2784 893 2932 934 meos
2961 895 2995 933 a
3020 879 3207 950 lapsu.
3266 878 3496 934 Placebo

1846 964 2073 1019 Domino
2092 966 2147 1019 in
2180 967 2397 1035 regione
2425 968 2671 1021 vivorum
2701 966 2873 1037 (Psal.
2906 984 3054 1033 cxiv,
3076 967 3217 1039 7-9).
3236 968 3487 1035 Plaeebo,

1845 1052 1900 1107 di
1910 1053 2130 1119 xit,non
2147 1053 2481 1126 placeo,hoc
2494 1055 3497 1127 est,detemporesibiblanditur,fu-

1848 1146 1994 1198 turo.
2029 1143 2331 1199 Contraria
2361 1148 2500 1199 sunt
2528 1148 2724 1199 autem
2755 1146 2907 1200 ua
2935 1145 3320 1217 praesentibus
3336 1145 3489 1201 futu-

1844 1234 1997 1295 tura,
2025 1235 2082 1286 et
2113 1231 2536 1305 temporalibus
2566 1237 2801 1290 aeterna.
2836 1234 2905 1289 Et
2931 1234 3060 1290 ideo
3093 1233 3370 1306 quoniam
3410 1234 3491 1295 ibi

1840 1320 2105 1375 vivorum
2138 1320 2315 1393 regio,
2348 1322 2441 1377 hic
2473 1322 2674 1394 utique
2707 1327 3096 1379 mortuorum.

1913 1411 2004 1465 56.
2036 1411 2241 1465 Annon
2283 1414 2649 1467 mortuorum
2698 1412 2821 1468 hzec
2881 1412 3061 1485 regio,
3121 1412 3221 1467 ubi
3281 1413 3492 1470 umbra

1841 1500 2069 1566 mortis,
2094 1499 2191 1555 ubi
2216 1503 2385 1571 porta
2406 1502 2632 1567 mortis,
2649 1500 2748 1555 ubi
2776 1517 2986 1572 corpus
3013 1504 3103 1557 est
3127 1501 3371 1558 mortis?
3392 1503 3489 1558 De-

1840 1587 2016 1660 nique
2044 1588 2295 1644 donatur
2310 1588 2588 1655 Petro,ne
2614 1588 2760 1644 forte
2808 1592 2987 1660 portae
3012 1588 3182 1644 inferi
3206 1588 3484 1661 praevale-

119 1675 368 1750 poposcit,
414 1692 550 1731 cum
582 1675 689 1731 tibi
750 1675 1037 1747 exprimat
1095 1679 1348 1746 paternae
1406 1673 1724 1729 voluntatis
1835 1676 2007 1733 antei
2029 1676 2253 1747 (Matth.
2277 1694 2388 1741 xv1,
2422 1677 2532 1748 18).
2567 1677 2747 1732 Portae
2778 1676 2949 1732 inferi
2977 1676 3102 1733 istae
3129 1681 3269 1733 sunt
3300 1680 3485 1735 terre-

118 1766 462 1833 consortium,
496 1764 556 1819 in
587 1781 702 1837 quo
736 1764 977 1819 unitatis
1029 1763 1334 1832 indicium,
1369 1780 1484 1819 non
1536 1764 1721 1819 incre-

120 1860 347 1911 mentum
372 1859 460 1910 est
488 1855 814 1926 potestatis.

173 1946 250 2001 55.
280 1944 593 2016 Sequimur
622 1946 698 2013 te,
739 1942 985 1998 Domine
1011 1942 1149 1999 Jesu
1187 1959 1199 1997 :
1235 1943 1337 1998 sed
1396 1947 1460 1998 ut
1517 1958 1726 2014 sequa-

120 2050 228 2090 mur
253 2033 479 2100 accersi,
515 2033 658 2105 quia
690 2033 817 2088 sine
846 2037 902 2087 te
934 2030 1135 2087 nullus
1157 2031 1439 2087 ascendit.
1465 2033 1553 2087 Tu
1575 2032 1729 2087 enim

119 2124 193 2179 via
217 2140 290 2191 es,
321 2123 554 2190 veritas,
587 2123 726 2187 vita,
757 2119 1116 2194 possibilitas
1160 2122 1294 2192 (37),
1356 2121 1521 2187 ﬁdes,
1584 2138 1728 2193 prte-

119 2211 538 2284 mium.Suspice
560 2227 667 2266 nos
691 2211 859 2282 quasi
877 2209 1279 2277 via,conﬁrma
1302 2210 1470 2282 quasi
1492 2209 1728 2280 veritas,

120 2300 487 2373 vivificaquasi
508 2299 853 2357 vita.Pande
873 2297 1021 2355 illud
1045 2302 1212 2354 tuum
1232 2299 1451 2354 bonum
1472 2300 1627 2371 quod
1646 2299 1730 2354 vi-

121 2390 232 2447 dere
246 2390 615 2446 desiderabat
640 2388 835 2454 David,
867 2386 1205 2443 inhabitans
1236 2389 1294 2443 in
1327 2388 1500 2445 domo
1535 2387 1729 2444 Dori-

118 2479 164 2534 ni
183 2499 198 2545 ;
218 2479 453 2551 ideoque
483 2478 720 2534 dicebat
753 2496 765 2534 :
801 2479 933 2546 Quis
964 2476 1201 2532 ostendit
1220 2480 1375 2534 nobis
1396 2479 1728 2546 bona(Psal.

119 2568 237 2636 m6)
256 2572 279 2622 .7
297 2570 363 2624 Et
383 2567 525 2624 alibi
551 2585 562 2623 :
587 2566 756 2623 Credo
776 2566 958 2623 videre
979 2565 1117 2620 bona
1142 2568 1363 2622 Domini
1383 2569 1443 2622 in
1466 2574 1620 2622 terra
1647 2569 1730 2622 vi-

120 2658 511 2729 ventium(Psal.
534 2673 689 2721 xxvx,
719 2656 828 2727 13).
865 2653 949 2709 Ibi
980 2654 1138 2710 enim
1196 2659 1336 2710 sunt
1394 2656 1571 2721 bona,
1632 2655 1732 2710 ubi

123 2745 215 2800 vita
240 2752 507 2818 perpetua
542 2750 653 2811 est,
688 2744 807 2801 vita
835 2744 961 2800 sine
1007 2744 1272 2800 crimine.
1304 2743 1453 2799 Alibi
1504 2761 1733 2817 quoque

121 2833 219 2889 ait:
251 2836 593 2908 Replebimur
623 2836 680 2889 in
714 2835 868 2891 bonis
896 2835 1092 2892 domus
1120 2837 1236 2891 tua:
1264 2834 1438 2903 (Psal.
1474 2852 1619 2901 LXIV,
1654 2834 1730 2903 5).

123 2923 257 2986 Quod
288 2924 409 2980 ideo
440 2924 853 2996 frequentavit,
884 2930 950 2980 ut
979 2925 1158 2980 scires
1179 2924 1315 2979 hinc
1344 2924 1565 2979 bonum
1588 2922 1734 2978 illud

121 3012 464 3086 philosophos
514 3012 1075 3086 transtulisse,quod
1109 3029 1411 3069 summum
1464 3016 1737 3068 asserunt

123 3101 424 3173 (38).Pande
445 3119 588 3175 ergo
613 3101 760 3157 illud
782 3119 912 3159 vere
935 3104 1155 3159 bonum
1177 3107 1370 3168 tuum,
1398 3101 1541 3156 illud
1590 3101 1734 3155 divi-

123 3204 259 3255 num,
281 3191 335 3247 in
358 3209 470 3263 quo
492 3195 558 3247 et
577 3189 845 3258 vivimus,
863 3194 919 3246 et
940 3208 1170 3255 sumus,
1194 3196 1250 3246 et
1275 3207 1577 3247 movemur
1597 3191 1730 3263 (Act.

1832 1766 2109 1822 nae.Unde
2126 1770 2182 1822 et
2194 1766 2288 1823 ille
2300 1766 2401 1823 ait:
2421 1767 2527 1835 Qui
2540 1767 2751 1823 exultas
2764 1782 2851 1823 me
2862 1767 2931 1822 de
2938 1768 3309 1839 portis-mortis
3320 1766 3496 1844 (Psal‘

1756 1889 1803 1954 Β
1832 1871 1908 1922 1x,
1941 1856 2048 1928 l5).
2084 1856 2247 1912 Sicut
2266 1856 2424 1912 enim
2447 1860 2627 1928 portas
2651 1856 2897 1928 justitiae
2955 1856 3013 1910 in
3072 1855 3297 1928 quibus
3354 1872 3490 1914 san-

1838 1945 1911 2001 cti
1942 1944 2188 2001 Domino
2215 1945 2590 2009 confitentur,
2624 1945 2705 2000 ita
2750 1949 2889 2001 sunt
2945 1944 3258 2001 criminum
3311 1949 3490 2019 porta

1838 2034 1898 2088 in
1932 2033 2148 2106 quibus
2181 2034 2347 2106 impii
2375 2033 2690 2093 Dominum
2715 2037 3092 2107 negaverunt.
3136 2033 3286 2090 Audi
3336 2050 3480 2106 quo-

1839 2122 1998 2179 niam
2023 2123 2179 2195 regio
2204 2123 2314 2178 ista
2335 2123 2412 2178 sit
2431 2126 2817 2184 mortuorum.
2863 2122 2924 2177 Si
2942 2124 3064 2194 quis
3085 2124 3259 2192 igitur
3278 2126 3485 2181 mortu-

1840 2229 1930 2267 um
1950 2213 2210 2281 tetigerit,
2236 2211 2551 2267 immundus
2573 2213 2679 2267 erit
2696 2212 2860 2284 (Num
2880 2212 3112 2283 Xlx,l1).
3138 2212 3488 2269 lmm'undus

1840 2305 2035 2358 autem
2057 2301 2117 2356 in
2140 2305 2453 2373 conspectu
2472 2301 2704 2358 Domini
2727 2302 2918 2359 omnis
2942 2301 3202 2374 iniquus.
3243 2301 3303 2357 Si
3351 2302 3485 2375 quis

1842 2391 2023 2464 igitur
2042 2390 2295 2463 tetigerit
2314 2390 2706 2463 iniquitatem,
2732 2392 3075 2447 immundus
3097 2391 3207 2448 erit
3230 2407 3242 2445 :
3262 2390 3314 2448 si
3350 2391 3485 2464 quis

1840 2481 1899 2535 in
1917 2479 2159 2547 deliciis,
2185 2483 2482 2548 mortuus;
2506 2482 2767 2551 quoniam
2785 2496 2911 2553 quae
2940 2482 2999 2535 in
3020 2480 3237 2537 deliciis
3271 2483 3369 2549 est,
3402 2482 3484 2538 vi-

1839 2586 1968 2625 vens
1988 2573 2207 2624 mortua
2228 2570 2275 2640 (Ι
2295 2570 2426 2624 Tim.
2451 2586 2501 2624 v.
2521 2570 2597 2641 6).
2636 2570 2705 2624 Et
2726 2569 2826 2641 qui
2874 2569 3143 2626 infideles
3165 2572 3324 2637 sunt,
3349 2570 3482 2629 des-

1842 2659 2100 2715 cendunt
2116 2658 2173 2712 in
2190 2657 2485 2714 infernum
2511 2657 2767 2714 viventes
2791 2675 2804 2712 :
2830 2658 2939 2713 etsi
2965 2657 3272 2715 nobiscum
3291 2658 3487 2715 viden-

1844 2752 1940 2803 tur
1957 2748 2163 2814 vivere,
2188 2747 2287 2802 sed
2312 2747 2371 2802 in
2393 2746 2620 2803 inferno
2647 2751 2806 2803 sunt.
2849 2746 2909 2802 Si
2932 2745 3066 2819 quis
3084 2746 3267 2820 (M,q.
3286 2749 3338 2816 4,
3355 2763 3484 2821 cap.

1843 2836 1905 2893 Si
1929 2838 2048 2908 quis
2067 2837 2317 2908 usuram)
2340 2853 2581 2891 usuram
2606 2834 2835 2907 accipit,
2866 2835 3133 2908 rapinam
3156 2835 3319 2901 facit,
3368 2836 3489 2892 vita

1847 2943 1960 2982 non
1984 2925 2145 2993 vivit,
2170 2925 2423 2981 uthabes
2448 2925 2505 2980 in
2528 2923 2812 2997 Ezechiel)
2834 2926 3025 2992 Enech,
3047 2932 3244 2993 XXXI",
3280 2924 3393 2997 48).
3426 2925 3487 2981 Si

1846 3016 1980 3088 quis
2001 3018 2199 3071 autem
2213 3015 2414 3086 justus
2451 3013 2909 3084 justiﬁcationes
2953 3013 3185 3070 Domini
3234 3013 3491 3071 custodit

1844 3109 1910 3160 ut
1930 3104 2110 3160 faciut
2132 3105 2396 3171 eas,vita,
2420 3103 2633 3175 inquit,
2658 3104 2817 3170 vivet,
2850 3106 2899 3160 et
2925 3105 3069 3159 vivet
3122 3105 3185 3160 in
3203 3105 3282 3160 eis
3326 3103 3484 3175 (Ibid.

1844 3192 1953 3263 19).
1981 3195 2111 3264 lpse
2127 3196 2215 3248 est
2230 3208 2364 3263 ergo
2392 3191 2450 3246 in
2474 3192 2708 3264 regione
2727 3192 3010 3259 vivorum,
3041 3190 3234 3248 in'illa
3252 3192 3487 3265 rcgione

120 3281 352 3351 xvn,28).
376 3283 680 3335 Moventur
701 3280 869 3350 quasi
898 3278 959 3334 in
988 3278 1101 3345 via,
1132 3296 1341 3336 sumus
1363 3279 1531 3352 quasi
1564 3279 1623 3334 in
1645 3295 1733 3335 ve-
1763 3260 1804 3327 (ἶ
1845 3283 1944 3338 ubi
1972 3282 2091 3337 vita
2123 3298 2237 3336 non
2269 3284 2357 3336 est
2385 3280 2744 3350 abscondita,
2794 3281 2896 3336 sed
2918 3280 3103 3336 libera
3134 3298 3146 3348 ;
3210 3280 3309 3336 ubi
3367 3297 3484 3339 non

121 3366 280 3433 ritate,
300 3368 551 3425 vivimus
573 3368 820 3442 quasiin
846 3368 963 3424 vita
1009 3373 1222 3425 aeterna
1272 3371 1448 3438 (Joan.
1504 3386 1617 3437 xw,
1650 3368 1726 3440 6).

122 3453 427 3515 Demonstra
458 3458 635 3514 nobis
667 3456 814 3512 illud
843 3458 1248 3529 bonum,quod
1284 3462 1372 3513 est
1400 3457 1591 3513 simile
1614 3458 1727 3513 sui.

124 3561 317 3618 semper
341 3545 753 3603 indissolubile
777 3545 1363 3618 atqueimmutabile,
1387 3546 1445 3601 in
1496 3563 1611 3618 quo
1658 3546 1734 3602 si—

124 3649 233 3691 mus
248 3637 509 3693 aeterniin
533 3635 833 3709 agnitione
856 3635 1050 3691 omnis
1076 3635 1235 3703 boni,
1272 3636 1422 3691 sicut
1474 3652 1576 3691 vas
1624 3635 1733 3691 ele-

125 3725 299 3780 ctionis
328 3729 434 3782 tuas
457 3724 683 3782 Paulus
712 3725 1059 3780 testificatus
1090 3728 1177 3780 est
1206 3725 1405 3781 dicens
1439 3742 1450 3780 ε
1484 3727 1735 3781 Forsitan

124 3814 247 3868 enim
263 3815 379 3872 ideo
411 3816 662 3872 discessit
698 3814 768 3870 ad
811 3815 1022 3883 horam,
1048 3822 1108 3870 ut
1129 3819 1394 3870 aeternmn
1416 3816 1574 3870 illum
1597 3817 1732 3870 reci-

123 3916 249 3969 peres
273 3905 528 3973 (Philem.
571 3904 677 3975 15).
710 3904 1012 3959 [Eternum
1046 3920 1181 3975 ergo
1240 3903 1579 3958 ministrum
1638 3905 1733 3960 Dei

126 3988 261 4057 dixit,
282 3993 538 4050 scribens
563 3993 633 4048 ad
660 3992 1081 4058 Philemonem,
1102 3992 1272 4063 cujus
1297 3992 1468 4047 ﬁdem
1492 3992 1548 4047 in
1573 3992 1734 4064 agni-

130 4079 312 4138 tionem
334 4076 526 4140 omnis
552 4081 689 4138 boni
712 4083 868 4154 quod
894 4082 953 4136 in
976 4081 1195 4138 sanctis
1221 4085 1330 4147 est,
1352 4082 1409 4135 in
1440 4082 1736 4138 Christum

126 4166 299 4227 Jesum
328 4160 743 4229 evidentiorem
777 4171 901 4226 ﬁeri
936 4169 1289 4242 postulabat.
1324 4171 1387 4226 In
1420 4187 1534 4242 quo
1586 4172 1736 4227 bono

126 4264 197 4311 est
230 4261 446 4333 requies
477 4276 652 4335 pura,
684 4258 785 4314 lux
814 4257 1191 4326 immortalis,
1217 4260 1408 4331 gratia
1435 4264 1735 4332 perpetua,

126 4342 399 4407 hereditas
429 4350 765 4406 animarum
797 4349 912 4420 pia,
970 4352 1026 4403 et
1086 4365 1292 4404 secura
1340 4349 1738 4420 tranquillitas

126 4451 221 4491 non
247 4439 407 4494 morti
431 4438 722 4510 subjecta,
748 4438 850 4494 sed
873 4441 1074 4509 erepta
1095 4437 1165 4493 de
1186 4442 1393 4505 morte,
1418 4439 1516 4493 ubi
1566 4438 1737 4495 nullae

124 4518 381 4597 lacrymze,
412 4527 618 4584 nullus
648 4529 737 4583 est
768 4526 962 4583 ﬂetus.
1000 4526 1158 4581 Unde
1187 4525 1344 4582 enim
1378 4527 1497 4582 illic
1548 4527 1738 4591 ﬂetus,

1840 3372 2068 3437 umbra,
2104 3371 2204 3426 sed
2235 3368 2438 3443 gloria.
2471 3369 2575 3425 Hic
2605 3369 2760 3425 enim
2792 3384 2898 3424 nec
2928 3368 3054 3440 ipse
3084 3368 3295 3425 Paulus
3324 3368 3479 3425 vive-

1839 3461 1938 3516 bat
1960 3460 2016 3515 in
2049 3458 2253 3531 gloria.
2287 3458 2547 3529 Denique
2576 3457 2634 3513 in
2668 3474 2905 3530 corpore
2961 3458 3169 3514 mortis
3198 3457 3483 3531 ingemis-

1841 3551 2026 3606 cebat.
2061 3548 2211 3605 Audi
2243 3547 2529 3603 dicentem
2564 3564 2577 3602 :
2614 3547 2767 3603 Nunc
2795 3550 2907 3603 vita
2930 3551 3120 3603 nostra
3161 3547 3477 3605 abscondita

1841 3648 1920 3695 est
1947 3655 2072 3694 cum
2104 3637 2317 3693 Christo
2350 3638 2410 3691 in
2440 3639 2542 3692 Deo
2572 3653 2590 3691 :
2621 3653 2744 3692 cum
2774 3640 2956 3692 autem
3000 3637 3254 3694 Christus
3310 3654 3482 3710 appa-

1844 3729 2018 3785 ruerit
2050 3729 2161 3782 viia
2188 3732 2394 3789 nostra,
2426 3734 2550 3781 tunc
2580 3733 2631 3781 et
2661 3727 2816 3782 414
2846 3742 2941 3781 nos
2970 3743 3095 3782 cum
3119 3727 3215 3784 illo
3253 3740 3483 3800 appare-

1846 3818 2023 3873 bimus
2055 3819 2113 3871 in
2142 3817 2321 3885 gloria
2350 3816 2574 3884 (Coloss.
2608 3833 2688 3881 ιιι,
2719 3816 2753 3869 3
2783 3819 2840 3870 et
2868 3816 2944 3888 4).

1915 3907 2005 3961 57.
2034 3905 2401 3961 Festinemus
2433 3920 2567 3976 ergo
2590 3904 2662 3960 ad
2697 3903 2896 3960 vitam.
2919 3903 2979 3960 Si
3001 3903 3135 3976 quis
3156 3902 3334 3960 vitam
3362 3908 3489 3960 tan-

1846 3996 1951 4067 git,
1966 3994 2130 4049 vivet.
2156 3994 2417 4064 Denique
2441 3994 2634 4064 tetigit
2654 3992 2754 4048 illa
2776 3992 3126 4065 mulierque:
3145 3992 3334 4064 tetigit
3356 3992 3486 4048 fim-

1847 4084 2035 4139 briam
2058 4084 2205 4154 ejus,
2231 4087 2287 4137 et
2310 4100 2340 4138 a
2366 4086 2552 4138 morte
2568 4083 2818 4138 dimissa
2850 4085 2958 4148 est,
2983 4081 3076 4137 cui
3098 4081 3348 4137 dicitur:
3400 4083 3490 4137 Fi-

1846 4174 2116 4229 destitute
2135 4172 2343 4226 salvam
2358 4173 2506 4242 fecit,
2524 4170 2653 4225 vade
2673 4171 2732 4225 in
2743 4186 2877 4241 pace
2898 4170 2914 4241 (
2925 4171 3047 4225 Luc.
3083 4186 3240 4237 xvm,
3266 4170 3376 4241 48).
3427 4170 3488 4226 Si

1849 4260 2003 4317 enim
2029 4259 2126 4332 qui
2158 4263 2455 4314 mortuum
2480 4260 2685 4330 tangit,
2709 4258 3055 4314 immundus
3074 4262 3164 4314 est
3187 4278 3207 4325 ;
3235 4257 3364 4314 sine
3384 4258 3491 4314 du-

1847 4350 1943 4407 bio
1974 4350 2073 4422 qui
2107 4349 2391 4403 viventem
2433 4348 2637 4418 tangit,
2674 4346 2870 4404 salvus
2897 4352 3003 4404 est.
3041 4349 3381 4414 Quaeramus
3402 4363 3490 4405 er-

1848 4458 1919 4513 go
1952 4438 2259 4495 viventem.
2294 4437 2403 4493 Sed
2436 4436 2647 4492 iterum
2672 4437 2974 4496 videamus
3005 4452 3078 4493 ne
3136 4452 3273 4493 eum
3332 4440 3490 4510 quie-

1852 4546 2051 4585 ramus
2078 4529 2228 4583 inter
2251 4530 2530 4596 mortuos,
2555 4530 2611 4582 et
2652 4527 2880 4583 dicatur
2898 4526 3069 4583 nobis
3116 4525 3271 4584 sicut
3288 4526 3346 4583 et
3377 4540 3495 4584 me-

128 4611 209 4666 ubi
236 4615 422 4673 nullus
453 4620 548 4673 est
578 4614 780 4688 lapsus
803 4615 831 4669 ?
858 4614 966 4671 Ubi
999 4618 1137 4670 sunt
1167 4615 1355 4670 sancti
1390 4615 1473 4669 tui
1530 4616 1737 4671 errori-
1772 4631 1817 4694 D
1850 4618 2089 4675 lieribus
2114 4616 2228 4671 illis
2258 4634 2270 4671 :
2311 4617 2455 4685 Quid
2484 4618 2734 4687 quaeritis
2754 4617 3021 4672 viventem
3043 4632 3168 4671 cum
3204 4616 3439 4672 mortuis
3464 4616 3494 4671 ?

128 4697 810 4774 busetsollicitudinibus,
844 4702 1181 4776 insipientia
1203 4704 1739 4777 atqueignorantia,

129 4786 308 4847 timore
322 4810 386 4849 ac
407 4798 592 4861 metu,
619 4792 1040 4865 cupiditatibus
1063 4796 1239 4869 atque
1260 4794 1552 4866 corporeis
1568 4793 1744 4850 collu-

129 4876 368 4937 vionibus
388 4887 445 4937 et
475 4881 853 4956 passionibus
884 4879 1155 4949 absoluti,
1192 4880 1289 4935 ubi
1338 4881 1493 4954 regio
1546 4883 1745 4938 viven-

131 5006 281 5073 atque
333 5011 617 5078 apertus:
675 5010 931 5062 attamen
989 5004 1039 5059 is
1096 5004 1339 5060 minime
1395 5007 1745 5077 rejiciendus

132 5087 284 5152 quem
313 5093 515 5152 omnes
547 5078 843 5152 alizeedit,
877 5093 942 5152 ac
975 5093 1118 5131 mss.
1154 5094 1269 5148 prae
1301 5094 1382 5152 se
1406 5079 1618 5133 ferunt.
1682 5079 1745 5133 In

133 5141 507 5220 hissiquidem
539 5166 604 5206 eo
634 5141 851 5206 dicitur
878 5148 994 5203 vita
1016 5164 1115 5220 per
1142 5141 1202 5202 se
1224 5149 1406 5220 reddi,
1436 5151 1591 5220 quod
1613 5168 1744 5205 cum

133 5230 188 5268 ea
215 5217 484 5277 bonorum
502 5222 608 5293 sui
638 5221 862 5278 ordinis
894 5217 1744 5293 (putfanaturalisnaturalium,

134 5292 570 5365 supernaturalis
601 5290 1162 5365 supernaturalium)
1210 5292 1466 5365 primum
1501 5311 1564 5346 ac
1616 5293 1747 5347 fun-

136 5355 445 5436 damentum
480 5366 580 5434 sit,
608 5355 723 5421 non
756 5365 886 5436 ipsa
907 5363 978 5417 ad
1012 5355 1153 5430 alia,
1181 5355 1279 5417 scd
1310 5362 1424 5418 alia
1449 5365 1519 5419 ad
1560 5364 1747 5435 ipsum

137 5429 461 5490 referuntur.

194 5503 294 5574 (36)
317 5506 548 5562 Eadem.
566 5508 732 5563 Rom.
751 5504 890 5560 edit.
909 5503 1053 5572 sola,
1066 5505 1373 5560 claritatem
1392 5517 1591 5573 vneam,
1618 5508 1749 5563 fPa-

136 5576 205 5625 ter
224 5575 380 5648 juste,
404 5577 587 5634 Dubio
622 5576 820 5648 procul
853 5577 992 5648 quia
1043 5575 1165 5631 visa
1194 5581 1283 5631 est
1334 5575 1529 5645 dictio,
1591 5580 1752 5633 Pater

138 5596 205 5625 wr
224 5596 380 5642 Jusie,
405 5596 587 5634 uumo
661 5596 820 5634 rocur
853 5596 992 5648 quia
1043 5596 1165 5631 Visa
1194 5596 1283 5631 est
1334 5596 1529 5645 alcuo,
1591 5596 1749 5633 t’tttt’r

138 5646 465 5722 seminando.
491 5650 561 5705 ob
593 5596 656 5705 id)
682 5649 838 5722 quod
869 5647 1155 5722 sequitur,
1189 5648 1453 5722 Repetitio
1485 5651 1609 5704 ista.
1643 5650 1749 5722 Ve-

139 5726 254 5771 rum
281 5716 364 5773 ha
392 5735 556 5779 voces
586 5716 1006 5778 non'videntur
1035 5718 1151 5776 alia
1177 5716 1268 5775 de'
1297 5734 1476 5774 causa
1500 5721 1750 5793 :positm,

1851 4710 1973 4764 Non
2001 4710 2078 4762 est
2105 4707 2212 4775 hic,
2245 4706 2334 4760 secl
2363 4708 2606 4761 surrexit
2630 4706 2782 4778 (Luc.
2817 4723 2970 4773 xxxv,
3002 4707 3077 4773 5).
3098 4705 3228 4778 Ipse
3259 4720 3494 4776 quoque

1852 4796 2136 4854 Dominus
2170 4793 2266 4849 ubi
2300 4809 2360 4849 se
2391 4795 2573 4866 quaeri
2594 4794 2785 4864 vellet,
2801 4795 3058 4852 ostendit
3079 4794 3317 4851 dicens:
3360 4793 3497 4850 Vade

1853 4885 1923 4941 ad
1937 4888 2138 4956 fratres
2166 4899 2325 4951 meos,
2359 4888 2411 4938 et
2440 4884 2527 4939 die
2550 4884 2654 4939 eis:
2688 4885 2924 4940 Ascendo
2953 4883 3022 4938 ad
3042 4884 3261 4938 Patrem
3291 4896 3493 4949 meum,

1856 5009 1969 5065 nisi
2003 5006 2139 5078 quia
2169 5006 2323 5060 idem
2356 5007 2585 5061 videtur
2615 5006 2706 5061 bis
2732 5007 2912 5061 fuisse
2937 5003 3338 5078 Asigniticatum
3398 5019 3501 5075 per

1853 5080 1956 5135 illa
1984 5075 2175 5141 verba,
2213 5085 2334 5131 ut...
2367 5078 2479 5132 sint
2510 5094 2740 5147 mecum,
2773 5086 2832 5132 ut
2860 5075 3095 5139 videant,
3140 5077 3248 5147 etc.

1925 5150 2035 5218 (37)
2068 5149 2205 5203 Cod.
2237 5147 2365 5219 Vat.
2401 5152 2575 5219 atque
2613 5144 2749 5203 edit.
2784 5149 2974 5219 Rom”
3029 5144 3386 5219 possibilitas,
3417 5160 3499 5199 se-

1856 5215 1965 5277 des.
2000 5215 2205 5276 Melius
2238 5217 2336 5272 alii
2370 5215 2514 5273 mss.
2541 5235 2604 5273 ac
2634 5219 2844 5285 edit,...
2866 5215 3272 5288 ﬁdesIEtenim
3295 5231 3501 5288 quem-

1858 5291 2175 5347 admodum
2212 5288 2304 5343 hic
2331 5290 2659 5360 possibilitas
2690 5290 2761 5344 ad
2791 5286 2878 5344 via
2910 5305 2984 5354 es,
3007 5287 3301 5359 praemium
3324 5286 3402 5360 ad
3422 5288 3501 5360 vi-

1859 5374 1913 5421 ta
1938 5384 1950 5431 ;
1974 5366 2051 5416 sio
2081 5361 2211 5431 ﬁdes
2242 5356 2581 5433 referturad
2616 5363 2835 5433 veritas.
2881 5356 3107 5433 Dicitur
3144 5374 3281 5433 ergo
3313 5356 3505 5414 Chris-

1860 5429 1955 5491 tus
1984 5429 2134 5504 ﬁdes,
2158 5448 2245 5504 (eo
2277 5431 2430 5504 quod
2462 5431 2588 5501 ejus
2632 5431 2846 5488 veritas
2877 5431 3030 5499 ﬁdei,
3065 5433 3131 5487 ut
3158 5429 3502 5502 loquuntur,

1860 5508 1935 5563 sit
1968 5502 2205 5562 t‘ormale
2236 5503 2550 5573 objectum.
3155 5571 3161 5573 Α
3378 5556 3381 5557 ν

1931 5578 2041 5649 (38)
2076 5576 2212 5630 Mss.
2265 5571 2477 5645 majori
2525 5590 2768 5630 nurnero
2822 5579 2881 5630 et
2946 5571 3309 5642 auctoritate,
3361 5571 3502 5644 quod

1860 5667 2032 5707 unum
2060 5654 2330 5703 asserunt.
