  <div class='ocr_page' id='page_1' title='image "/cluster/home/n/w/nwhite01/storage/ocr_20150623/14/uva.x000826552/312.png"; bbox 0 0 3830 6206; ppageno 0'>
   <div class='ocr_carea' id='block_1_1' title="bbox 362 331 3726 411">
    <p class='ocr_par' dir='ltr' id='par_1_1' title="bbox 362 331 3726 411">
     <span class='ocr_line' id='line_1_1' title="bbox 362 331 3726 411; baseline 0.005 -17"><span class='ocrx_word' id='word_1_1' title='bbox 362 354 379 405; x_wconf 77' lang='lat'><strong>_-</strong></span> <span class='ocrx_word' id='word_1_2' title='bbox 404 331 520 396; x_wconf 75' lang='lat'><strong>595</strong></span> <span class='ocrx_word' id='word_1_3' title='bbox 1808 337 1874 401; x_wconf 81' lang='grc' dir='ltr'><strong>Β.</strong></span> <span class='ocrx_word' id='word_1_4' title='bbox 1921 337 2293 402; x_wconf 78' lang='lat' dir='ltr'><strong>AMBROSII</strong></span> <span class='ocrx_word' id='word_1_5' title='bbox 3620 347 3726 411; x_wconf 74' lang='lat'><strong>&#39;596</strong></span> 
     </span>
    </p>
   </div>
   <div class='ocr_carea' id='block_1_2' title="bbox 361 468 3724 547">
    <p class='ocr_par' dir='ltr' id='par_1_2' title="bbox 361 468 3724 547">
     <span class='ocr_line' id='line_1_2' title="bbox 361 468 3724 547; baseline 0.003 -20"><span class='ocrx_word' id='word_1_6' title='bbox 361 478 449 538; x_wconf 74' lang='grc' dir='ltr'><strong>,ει</strong></span> <span class='ocrx_word' id='word_1_7' title='bbox 477 468 547 526; x_wconf 84' lang='lat' dir='ltr'><strong>ad</strong></span> <span class='ocrx_word' id='word_1_8' title='bbox 565 469 787 525; x_wconf 80' lang='lat' dir='ltr'><strong>Patrem</strong></span> <span class='ocrx_word' id='word_1_9' title='bbox 814 477 1081 536; x_wconf 72' lang='lat' dir='ltr'><strong>vostrum,</strong></span> <span class='ocrx_word' id='word_1_10' title='bbox 1105 471 1275 526; x_wconf 77' lang='lat' dir='ltr'><strong>Deum</strong></span> <span class='ocrx_word' id='word_1_11' title='bbox 1301 488 1501 537; x_wconf 62' lang='lat' dir='ltr'><strong>meant,</strong></span> <span class='ocrx_word' id='word_1_12' title='bbox 1537 480 1586 526; x_wconf 71' lang='lat' dir='ltr'><strong>et</strong></span> <span class='ocrx_word' id='word_1_13' title='bbox 1616 473 1780 527; x_wconf 84' lang='lat' dir='ltr'><strong>Deum</strong></span> <span class='ocrx_word' id='word_1_14' title='bbox 1812 475 2048 528; x_wconf 76' lang='lat' dir='ltr'><strong>vestrum</strong></span> <span class='ocrx_word' id='word_1_15' title='bbox 2078 477 2132 543; x_wconf 73' lang='grc' dir='ltr'>Α</span> <span class='ocrx_word' id='word_1_16' title='bbox 2162 472 2340 529; x_wconf 83' lang='lat' dir='ltr'><strong>nolite</strong></span> <span class='ocrx_word' id='word_1_17' title='bbox 2378 472 2586 530; x_wconf 88' lang='lat' dir='ltr'><strong>timere</strong></span> <span class='ocrx_word' id='word_1_18' title='bbox 2618 474 2691 530; x_wconf 91' lang='lat' dir='ltr'><strong>ab</strong></span> <span class='ocrx_word' id='word_1_19' title='bbox 2720 473 3131 547; x_wconf 65' lang='lat' dir='ltr'><strong>iniquitatibus</strong></span> <span class='ocrx_word' id='word_1_20' title='bbox 3150 474 3370 544; x_wconf 88' lang='lat' dir='ltr'><strong>mundi,</strong></span> <span class='ocrx_word' id='word_1_21' title='bbox 3391 476 3545 535; x_wconf 79' lang='lat' dir='ltr'><strong>nolite</strong></span> <span class='ocrx_word' id='word_1_22' title='bbox 3565 478 3724 539; x_wconf 76' lang='lat' dir='ltr'><strong>timere</strong></span> 
     </span>
    </p>
   </div>
   <div class='ocr_carea' id='block_1_3' title="bbox 400 558 3723 640">
    <p class='ocr_par' dir='ltr' id='par_1_3' title="bbox 400 558 3723 640">
     <span class='ocr_line' id='line_1_3' title="bbox 400 558 3723 640; baseline 0.003 -25"><span class='ocrx_word' id='word_1_23' title='bbox 400 560 577 629; x_wconf 86' lang='lat' dir='ltr'><strong>(Joan.</strong></span> <span class='ocrx_word' id='word_1_24' title='bbox 610 576 702 613; x_wconf 88' lang='lat' dir='ltr'><strong>xx.</strong></span> <span class='ocrx_word' id='word_1_25' title='bbox 740 558 847 629; x_wconf 85' lang='grc'><strong>17).</strong></span> <span class='ocrx_word' id='word_1_26' title='bbox 884 559 967 613; x_wconf 89' lang='lat' dir='ltr'><strong>Ibi</strong></span> <span class='ocrx_word' id='word_1_27' title='bbox 997 576 1130 625; x_wconf 74' lang='lat' dir='ltr'><strong>ergo</strong></span> <span class='ocrx_word' id='word_1_28' title='bbox 1162 577 1489 631; x_wconf 81' lang='lat' dir='ltr'><strong>qmeremus</strong></span> <span class='ocrx_word' id='word_1_29' title='bbox 1520 577 1674 614; x_wconf 86' lang='lat' dir='ltr'><strong>eum.</strong></span> <span class='ocrx_word' id='word_1_30' title='bbox 1711 560 1807 614; x_wconf 82' lang='lat' dir='ltr'><strong>ubi</strong></span> <span class='ocrx_word' id='word_1_31' title='bbox 1834 562 2043 631; x_wconf 82' lang='lat' dir='ltr'><strong>quaesi—</strong></span> <span class='ocrx_word' id='word_1_32' title='bbox 2156 580 2190 617; x_wconf 88' lang='lat' dir='ltr'><strong>a</strong></span> <span class='ocrx_word' id='word_1_33' title='bbox 2218 564 2494 618; x_wconf 89' lang='lat' dir='ltr'><strong>fluctibus</strong></span> <span class='ocrx_word' id='word_1_34' title='bbox 2520 564 2908 636; x_wconf 82' lang='lat' dir='ltr'><strong>corporalium</strong></span> <span class='ocrx_word' id='word_1_35' title='bbox 2932 564 3299 636; x_wconf 77' lang='lat' dir='ltr'><strong>passionum,</strong></span> <span class='ocrx_word' id='word_1_36' title='bbox 3314 582 3415 637; x_wconf 84' lang='lat' dir='ltr'><strong>ego</strong></span> <span class='ocrx_word' id='word_1_37' title='bbox 3434 584 3552 623; x_wconf 87' lang='lat' dir='ltr'><strong>sum</strong></span> <span class='ocrx_word' id='word_1_38' title='bbox 3570 586 3723 640; x_wconf 80' lang='lat' dir='ltr'><strong>pecca-</strong></span> 
     </span>
    </p>
   </div>
   <div class='ocr_carea' id='block_1_4' title="bbox 399 647 3723 731">
    <p class='ocr_par' dir='ltr' id='par_1_4' title="bbox 399 647 3723 731">
     <span class='ocr_line' id='line_1_4' title="bbox 399 647 3723 731; baseline 0.004 -29"><span class='ocrx_word' id='word_1_39' title='bbox 399 647 500 713; x_wconf 87' lang='lat' dir='ltr'><strong>vit,</strong></span> <span class='ocrx_word' id='word_1_40' title='bbox 531 649 803 715; x_wconf 84' lang='lat' dir='ltr'><strong>Joannes,</strong></span> <span class='ocrx_word' id='word_1_41' title='bbox 836 653 892 703; x_wconf 91' lang='lat' dir='ltr'><strong>ct</strong></span> <span class='ocrx_word' id='word_1_42' title='bbox 922 649 1155 703; x_wconf 87' lang='lat' dir='ltr'><strong>invenit.</strong></span> <span class='ocrx_word' id='word_1_43' title='bbox 1194 649 1291 731; x_wconf 85' lang='lat' dir='ltr'><strong>lll_c</strong></span> <span class='ocrx_word' id='word_1_44' title='bbox 1325 666 1478 714; x_wconf 88' lang='lat' dir='ltr'><strong>eum,</strong></span> <span class='ocrx_word' id='word_1_45' title='bbox 1508 650 1566 703; x_wconf 92' lang='lat' dir='ltr'><strong>in</strong></span> <span class='ocrx_word' id='word_1_46' title='bbox 1596 650 1858 721; x_wconf 86' lang='lat' dir='ltr'><strong>principe</strong></span> <span class='ocrx_word' id='word_1_47' title='bbox 1889 667 2045 721; x_wconf 76' lang='lat' dir='ltr'><strong>qum-</strong></span> <span class='ocrx_word' id='word_1_48' title='bbox 2156 658 2348 706; x_wconf 87' lang='lat' dir='ltr'><strong>torum</strong></span> <span class='ocrx_word' id='word_1_49' title='bbox 2383 653 2652 707; x_wconf 87' lang='lat' dir='ltr'><strong>remissio</strong></span> <span class='ocrx_word' id='word_1_50' title='bbox 2679 670 2691 706; x_wconf 90' lang='lat'><strong>:</strong></span> <span class='ocrx_word' id='word_1_51' title='bbox 2729 653 2905 709; x_wconf 85' lang='lat' dir='ltr'><strong>nolite</strong></span> <span class='ocrx_word' id='word_1_52' title='bbox 2938 654 3145 708; x_wconf 86' lang='lat' dir='ltr'><strong>timere</strong></span> <span class='ocrx_word' id='word_1_53' title='bbox 3169 671 3203 708; x_wconf 90' lang='lat' dir='ltr'><strong>a</strong></span> <span class='ocrx_word' id='word_1_54' title='bbox 3224 656 3481 721; x_wconf 82' lang='lat' dir='ltr'><strong>tenebris,</strong></span> <span class='ocrx_word' id='word_1_55' title='bbox 3512 673 3602 728; x_wconf 89' lang='lat' dir='ltr'><strong>ego</strong></span> <span class='ocrx_word' id='word_1_56' title='bbox 3626 675 3723 715; x_wconf 82' lang='lat' dir='ltr'><strong>sum</strong></span> 
     </span>
    </p>
   </div>
   <div class='ocr_carea' id='block_1_5' title="bbox 402 736 3726 813">
    <p class='ocr_par' dir='ltr' id='par_1_5' title="bbox 402 736 3726 813">
     <span class='ocr_line' id='line_1_5' title="bbox 402 736 3726 813; baseline 0.004 -22"><span class='ocrx_word' id='word_1_57' title='bbox 402 736 1858 813; x_wconf 73' lang='lat' dir='ltr'><strong>sivit,etinvenitviventemapudviventem,t&quot;ilium</strong></span> <span class='ocrx_word' id='word_1_58' title='bbox 1884 740 2039 809; x_wconf 90' lang='lat' dir='ltr'><strong>apud</strong></span> <span class='ocrx_word' id='word_1_59' title='bbox 2157 740 2255 794; x_wconf 85' lang='lat' dir='ltr'><strong>lux</strong></span> <span class='ocrx_word' id='word_1_60' title='bbox 2286 757 2298 794; x_wconf 91' lang='lat'>:</span> <span class='ocrx_word' id='word_1_61' title='bbox 2325 740 2504 795; x_wconf 86' lang='lat' dir='ltr'><strong>nolite</strong></span> <span class='ocrx_word' id='word_1_62' title='bbox 2537 742 2740 796; x_wconf 89' lang='lat' dir='ltr'><strong>timere</strong></span> <span class='ocrx_word' id='word_1_63' title='bbox 2771 759 2804 795; x_wconf 91' lang='lat' dir='ltr'><strong>a</strong></span> <span class='ocrx_word' id='word_1_64' title='bbox 2837 747 3041 808; x_wconf 88' lang='lat' dir='ltr'><strong>morte,</strong></span> <span class='ocrx_word' id='word_1_65' title='bbox 3079 758 3182 813; x_wconf 87' lang='lat' dir='ltr'><strong>ego</strong></span> <span class='ocrx_word' id='word_1_66' title='bbox 3214 759 3341 797; x_wconf 88' lang='lat' dir='ltr'><strong>sum</strong></span> <span class='ocrx_word' id='word_1_67' title='bbox 3370 743 3497 797; x_wconf 87' lang='lat' dir='ltr'><strong>vita.</strong></span> <span class='ocrx_word' id='word_1_68' title='bbox 3526 746 3726 810; x_wconf 87' lang='lat' dir='ltr'><strong>Quicun-</strong></span> 
     </span>
    </p>
   </div>
   <div class='ocr_carea' id='block_1_6' title="bbox 409 812 3725 900">
    <p class='ocr_par' dir='ltr' id='par_1_6' title="bbox 409 812 3725 900">
     <span class='ocr_line' id='line_1_6' title="bbox 409 812 3725 900; baseline 0.003 -20"><span class='ocrx_word' id='word_1_69' title='bbox 409 826 635 881; x_wconf 90' lang='lat' dir='ltr'><strong>Patrem</strong></span> <span class='ocrx_word' id='word_1_70' title='bbox 664 828 837 891; x_wconf 81' lang='lat' dir='ltr'><strong>(Joun.</strong></span> <span class='ocrx_word' id='word_1_71' title='bbox 874 843 912 891; x_wconf 83' lang='grc' dir='ltr'>ι,</span> <span class='ocrx_word' id='word_1_72' title='bbox 947 812 1021 896; x_wconf 71' lang='grc'><strong>1).</strong></span> <span class='ocrx_word' id='word_1_73' title='bbox 1056 827 1171 881; x_wconf 84' lang='lat' dir='ltr'><strong>Nos</strong></span> <span class='ocrx_word' id='word_1_74' title='bbox 1230 843 1363 881; x_wconf 87' lang='lat' dir='ltr'><strong>eum</strong></span> <span class='ocrx_word' id='word_1_75' title='bbox 1420 828 1479 881; x_wconf 92' lang='lat' dir='ltr'><strong>in</strong></span> <span class='ocrx_word' id='word_1_76' title='bbox 1542 835 1873 897; x_wconf 88' lang='lat' dir='ltr'><strong>temporum</strong></span> <span class='ocrx_word' id='word_1_77' title='bbox 1932 831 2048 882; x_wconf 87' lang='lat' dir='ltr'><strong>tine</strong></span> <span class='ocrx_word' id='word_1_78' title='bbox 2158 845 2271 899; x_wconf 89' lang='lat' dir='ltr'><strong>que</strong></span> <span class='ocrx_word' id='word_1_79' title='bbox 2294 830 2365 882; x_wconf 88' lang='lat' dir='ltr'><strong>ad</strong></span> <span class='ocrx_word' id='word_1_80' title='bbox 2395 846 2485 883; x_wconf 91' lang='lat' dir='ltr'><strong>me</strong></span> <span class='ocrx_word' id='word_1_81' title='bbox 2516 829 2692 890; x_wconf 85' lang='lat' dir='ltr'><strong>venit,</strong></span> <span class='ocrx_word' id='word_1_82' title='bbox 2720 835 2966 884; x_wconf 87' lang='lat' dir='ltr'><strong>mortem</strong></span> <span class='ocrx_word' id='word_1_83' title='bbox 2997 812 3357 885; x_wconf 15' lang='lat' dir='ltr'><strong>nonividebit</strong></span> <span class='ocrx_word' id='word_1_84' title='bbox 3387 832 3440 885; x_wconf 91' lang='lat' dir='ltr'><strong>in</strong></span> <span class='ocrx_word' id='word_1_85' title='bbox 3479 837 3725 900; x_wconf 64' lang='lat' dir='ltr'><strong>aeternum,</strong></span> 
     </span>
    </p>
   </div>
   <div class='ocr_carea' id='block_1_7' title="bbox 401 914 3728 993">
    <p class='ocr_par' dir='ltr' id='par_1_7' title="bbox 401 914 3728 993">
     <span class='ocr_line' id='line_1_7' title="bbox 401 914 3728 993; baseline 0.003 -25"><span class='ocrx_word' id='word_1_86' title='bbox 401 930 754 985; x_wconf 68' lang='lat' dir='ltr'><strong>quaeramus,</strong></span> <span class='ocrx_word' id='word_1_87' title='bbox 779 926 836 969; x_wconf 86' lang='lat' dir='ltr'><strong>et</strong></span> <span class='ocrx_word' id='word_1_88' title='bbox 860 914 1322 986; x_wconf 89' lang='lat' dir='ltr'><strong>complectamur</strong></span> <span class='ocrx_word' id='word_1_89' title='bbox 1344 916 1518 986; x_wconf 87' lang='lat' dir='ltr'><strong>pedes</strong></span> <span class='ocrx_word' id='word_1_90' title='bbox 1549 917 1701 984; x_wconf 84' lang='lat' dir='ltr'><strong>ejus,</strong></span> <span class='ocrx_word' id='word_1_91' title='bbox 1763 921 1819 970; x_wconf 89' lang='lat' dir='ltr'><strong>et</strong></span> <span class='ocrx_word' id='word_1_92' title='bbox 1845 916 2048 971; x_wconf 83' lang='lat' dir='ltr'><strong>adore-</strong></span> <span class='ocrx_word' id='word_1_93' title='bbox 2158 917 2436 987; x_wconf 88' lang='lat' dir='ltr'><strong>quoniam</strong></span> <span class='ocrx_word' id='word_1_94' title='bbox 2471 917 2593 988; x_wconf 81' lang='lat' dir='ltr'><strong>ipse</strong></span> <span class='ocrx_word' id='word_1_95' title='bbox 2623 923 2713 973; x_wconf 86' lang='lat' dir='ltr'><strong>est</strong></span> <span class='ocrx_word' id='word_1_96' title='bbox 2743 918 3044 990; x_wconf 86' lang='lat' dir='ltr'><strong>plenitudo</strong></span> <span class='ocrx_word' id='word_1_97' title='bbox 3094 919 3426 988; x_wconf 81' lang='lat' dir='ltr'><strong>divinitatis,</strong></span> <span class='ocrx_word' id='word_1_98' title='bbox 3472 924 3523 975; x_wconf 88' lang='lat' dir='ltr'><strong>et</strong></span> <span class='ocrx_word' id='word_1_99' title='bbox 3546 922 3640 993; x_wconf 89' lang='lat' dir='ltr'><strong>ipsi</strong></span> <span class='ocrx_word' id='word_1_100' title='bbox 3664 930 3728 978; x_wconf 80' lang='lat' dir='ltr'><strong>est</strong></span> 
     </span>
    </p>
   </div>
   <div class='ocr_carea' id='block_1_8' title="bbox 360 1003 3729 1078">
    <p class='ocr_par' dir='ltr' id='par_1_8' title="bbox 360 1003 3729 1078">
     <span class='ocr_line' id='line_1_8' title="bbox 360 1003 3729 1078; baseline 0.002 -20"><span class='ocrx_word' id='word_1_101' title='bbox 360 1065 375 1071; x_wconf 90' lang='lat'><em>_</em></span> <span class='ocrx_word' id='word_1_102' title='bbox 401 1020 534 1059; x_wconf 83' lang='lat' dir='ltr'><strong>Inus</strong></span> <span class='ocrx_word' id='word_1_103' title='bbox 565 1019 722 1067; x_wconf 88' lang='lat' dir='ltr'><strong>eum,</strong></span> <span class='ocrx_word' id='word_1_104' title='bbox 758 1009 821 1057; x_wconf 89' lang='lat' dir='ltr'><strong>ut</strong></span> <span class='ocrx_word' id='word_1_105' title='bbox 849 1003 1003 1058; x_wconf 85' lang='lat' dir='ltr'><strong>dicat</strong></span> <span class='ocrx_word' id='word_1_106' title='bbox 1031 1009 1088 1057; x_wconf 90' lang='lat' dir='ltr'><strong>et</strong></span> <span class='ocrx_word' id='word_1_107' title='bbox 1120 1003 1289 1059; x_wconf 88' lang='lat' dir='ltr'><strong>nobis</strong></span> <span class='ocrx_word' id='word_1_108' title='bbox 1324 1022 1336 1059; x_wconf 89' lang='lat'>:</span> <span class='ocrx_word' id='word_1_109' title='bbox 1382 1005 1557 1059; x_wconf 74' lang='lat' dir='ltr'><strong>Nolite</strong></span> <span class='ocrx_word' id='word_1_110' title='bbox 1590 1006 1781 1059; x_wconf 80' lang='lat' dir='ltr'><strong>timere</strong></span> <span class='ocrx_word' id='word_1_111' title='bbox 1837 1005 2045 1073; x_wconf 78' lang='lat' dir='ltr'><strong>(Matth.</strong></span> <span class='ocrx_word' id='word_1_112' title='bbox 2158 1005 2576 1078; x_wconf 88' lang='lat' dir='ltr'><strong>gloria,decus,</strong></span> <span class='ocrx_word' id='word_1_113' title='bbox 2604 1008 2961 1078; x_wconf 81' lang='lat' dir='ltr'><strong>perpetuitas</strong></span> <span class='ocrx_word' id='word_1_114' title='bbox 2983 1024 3017 1061; x_wconf 88' lang='lat' dir='ltr'><strong>a</strong></span> <span class='ocrx_word' id='word_1_115' title='bbox 3042 1007 3360 1075; x_wconf 69' lang='lat' dir='ltr'><strong>saeculis,et</strong></span> <span class='ocrx_word' id='word_1_116' title='bbox 3380 1014 3729 1073; x_wconf 79' lang='lat' dir='ltr'><strong>nunc,etscm-</strong></span> 
     </span>
    </p>
   </div>
   <div class='ocr_carea' id='block_1_9' title="bbox 399 1092 3539 1166">
    <p class='ocr_par' dir='ltr' id='par_1_9' title="bbox 399 1092 3539 1166">
     <span class='ocr_line' id='line_1_9' title="bbox 399 1092 3539 1166; baseline 0.001 -19"><span class='ocrx_word' id='word_1_117' title='bbox 399 1109 596 1157; x_wconf 81' lang='lat' dir='ltr'><strong>xxvm,</strong></span> <span class='ocrx_word' id='word_1_118' title='bbox 627 1094 705 1163; x_wconf 80' lang='lat'><strong>5),</strong></span> <span class='ocrx_word' id='word_1_119' title='bbox 738 1092 793 1145; x_wconf 92' lang='lat' dir='ltr'><strong>id</strong></span> <span class='ocrx_word' id='word_1_120' title='bbox 825 1097 934 1156; x_wconf 89' lang='lat' dir='ltr'><strong>est,</strong></span> <span class='ocrx_word' id='word_1_121' title='bbox 969 1092 1145 1147; x_wconf 79' lang='lat' dir='ltr'><strong>nolite</strong></span> <span class='ocrx_word' id='word_1_122' title='bbox 1175 1092 1379 1147; x_wconf 90' lang='lat' dir='ltr'><strong>timere</strong></span> <span class='ocrx_word' id='word_1_123' title='bbox 1428 1111 1462 1148; x_wconf 89' lang='lat' dir='ltr'><strong>a</strong></span> <span class='ocrx_word' id='word_1_124' title='bbox 1518 1093 1770 1164; x_wconf 84' lang='lat' dir='ltr'><strong>peccatis</strong></span> <span class='ocrx_word' id='word_1_125' title='bbox 1831 1092 2045 1160; x_wconf 70' lang='lat' dir='ltr'><strong>smculi,</strong></span> <span class='ocrx_word' id='word_1_126' title='bbox 2161 1112 2282 1166; x_wconf 91' lang='lat' dir='ltr'><strong>per,</strong></span> <span class='ocrx_word' id='word_1_127' title='bbox 2316 1099 2372 1150; x_wconf 91' lang='lat' dir='ltr'><strong>et</strong></span> <span class='ocrx_word' id='word_1_128' title='bbox 2399 1094 2456 1148; x_wconf 91' lang='lat' dir='ltr'><strong>in</strong></span> <span class='ocrx_word' id='word_1_129' title='bbox 2491 1096 2688 1150; x_wconf 89' lang='lat' dir='ltr'><strong>omnia</strong></span> <span class='ocrx_word' id='word_1_130' title='bbox 2712 1095 2924 1151; x_wconf 77' lang='lat' dir='ltr'><strong>szecula</strong></span> <span class='ocrx_word' id='word_1_131' title='bbox 2955 1096 3321 1152; x_wconf 66' lang='lat' dir='ltr'><strong>saeculorum.</strong></span> <span class='ocrx_word' id='word_1_132' title='bbox 3354 1101 3539 1151; x_wconf 86' lang='lat' dir='ltr'><strong>Amen.</strong></span> 
     </span>
    </p>
   </div>
   <div class='ocr_carea' id='block_1_10' title="bbox 1208 1281 1784 1288">
    <p class='ocr_par' dir='ltr' id='par_1_10' title="bbox 1208 1281 1784 1288">
     <span class='ocr_line' id='line_1_10' title="bbox 1208 1281 1784 1288; baseline 0 -1"><span class='ocrx_word' id='word_1_133' title='bbox 1208 1281 1784 1288; x_wconf 54' lang='lat' dir='ltr'><strong>._._.___..______r__—.</strong></span> 
     </span>
    </p>
   </div>
   <div class='ocr_carea' id='block_1_11' title="bbox 893 1436 3309 1527">
    <p class='ocr_par' dir='ltr' id='par_1_11' title="bbox 893 1436 3309 1527">
     <span class='ocr_line' id='line_1_11' title="bbox 893 1436 3309 1527; baseline 0.002 -6"><span class='ocrx_word' id='word_1_134' title='bbox 893 1438 1006 1521; x_wconf 85' lang='lat' dir='ltr'><strong>IN</strong></span> <span class='ocrx_word' id='word_1_135' title='bbox 1070 1437 1503 1523; x_wconf 81' lang='lat' dir='ltr'><strong>LIBRUM</strong></span> <span class='ocrx_word' id='word_1_136' title='bbox 1560 1438 1704 1521; x_wconf 84' lang='lat' dir='ltr'><strong>DE</strong></span> <span class='ocrx_word' id='word_1_137' title='bbox 1764 1437 2073 1523; x_wconf 82' lang='lat' dir='ltr'><strong>FUGA</strong></span> <span class='ocrx_word' id='word_1_138' title='bbox 2135 1436 2578 1525; x_wconf 76' lang='lat' dir='ltr'><strong>S/ECULI</strong></span> <span class='ocrx_word' id='word_1_139' title='bbox 2636 1439 3309 1527; x_wconf 78' lang='lat' dir='ltr'><strong>ADMONITIO.</strong></span> 
     </span>
    </p>
   </div>
   <div class='ocr_carea' id='block_1_12' title="bbox 365 1748 3727 1823">
    <p class='ocr_par' dir='ltr' id='par_1_12' title="bbox 365 1748 3727 1823">
     <span class='ocr_line' id='line_1_12' title="bbox 365 1748 3727 1823; baseline -0.001 -14"><span class='ocrx_word' id='word_1_140' title='bbox 365 1787 383 1809; x_wconf 66' lang='grc' dir='ltr'><strong>ι</strong></span> <span class='ocrx_word' id='word_1_141' title='bbox 466 1751 571 1806; x_wconf 88' lang='lat' dir='ltr'><strong>Hic</strong></span> <span class='ocrx_word' id='word_1_142' title='bbox 600 1749 748 1805; x_wconf 88' lang='lat' dir='ltr'><strong>liber</strong></span> <span class='ocrx_word' id='word_1_143' title='bbox 777 1751 1036 1806; x_wconf 86' lang='lat' dir='ltr'><strong>diversas</strong></span> <span class='ocrx_word' id='word_1_144' title='bbox 1066 1749 1218 1804; x_wconf 86' lang='lat' dir='ltr'><strong>inter</strong></span> <span class='ocrx_word' id='word_1_145' title='bbox 1251 1749 1637 1805; x_wconf 85' lang='lat' dir='ltr'><strong>Ambrosiana</strong></span> <span class='ocrx_word' id='word_1_146' title='bbox 1664 1764 1839 1821; x_wconf 89' lang='lat' dir='ltr'><strong>opera</strong></span> <span class='ocrx_word' id='word_1_147' title='bbox 1869 1750 2034 1803; x_wconf 84' lang='lat' dir='ltr'><strong>sedes</strong></span> <span class='ocrx_word' id='word_1_148' title='bbox 2066 1750 2387 1821; x_wconf 87' lang='lat' dir='ltr'><strong>occupavit.</strong></span> <span class='ocrx_word' id='word_1_149' title='bbox 2424 1750 2646 1804; x_wconf 85' lang='lat' dir='ltr'><strong>Etenim</strong></span> <span class='ocrx_word' id='word_1_150' title='bbox 2680 1748 2738 1803; x_wconf 91' lang='lat' dir='ltr'><strong>in</strong></span> <span class='ocrx_word' id='word_1_151' title='bbox 2773 1766 2915 1805; x_wconf 89' lang='lat' dir='ltr'><strong>mss.</strong></span> <span class='ocrx_word' id='word_1_152' title='bbox 2949 1754 3124 1822; x_wconf 90' lang='lat' dir='ltr'><strong>atque</strong></span> <span class='ocrx_word' id='word_1_153' title='bbox 3153 1749 3212 1805; x_wconf 92' lang='lat' dir='ltr'><strong>in</strong></span> <span class='ocrx_word' id='word_1_154' title='bbox 3233 1750 3367 1807; x_wconf 89' lang='lat' dir='ltr'><strong>edit.</strong></span> <span class='ocrx_word' id='word_1_155' title='bbox 3387 1750 3727 1823; x_wconf 82' lang='lat' dir='ltr'><strong>antiquissmis</strong></span> 
     </span>
    </p>
   </div>
   <div class='ocr_carea' id='block_1_13' title="bbox 398 1838 3727 1913">
    <p class='ocr_par' dir='ltr' id='par_1_13' title="bbox 398 1838 3727 1913">
     <span class='ocr_line' id='line_1_13' title="bbox 398 1838 3727 1913; baseline 0 -18"><span class='ocrx_word' id='word_1_156' title='bbox 398 1839 730 1913; x_wconf 85' lang='lat' dir='ltr'><strong>proximum</strong></span> <span class='ocrx_word' id='word_1_157' title='bbox 766 1843 897 1910; x_wconf 91' lang='lat' dir='ltr'><strong>post</strong></span> <span class='ocrx_word' id='word_1_158' title='bbox 926 1838 1107 1894; x_wconf 90' lang='lat' dir='ltr'><strong>libros</strong></span> <span class='ocrx_word' id='word_1_159' title='bbox 1140 1841 1211 1894; x_wconf 81' lang='lat' dir='ltr'><strong>De</strong></span> <span class='ocrx_word' id='word_1_160' title='bbox 1243 1839 1392 1894; x_wconf 75' lang='lat' dir='ltr'><strong>Isaac</strong></span> <span class='ocrx_word' id='word_1_161' title='bbox 1421 1843 1476 1894; x_wconf 90' lang='lat' dir='ltr'><strong>et</strong></span> <span class='ocrx_word' id='word_1_162' title='bbox 1506 1842 1580 1894; x_wconf 83' lang='lat' dir='ltr'><strong>De</strong></span> <span class='ocrx_word' id='word_1_163' title='bbox 1606 1844 1749 1894; x_wconf 83' lang='lat' dir='ltr'><strong>Bono</strong></span> <span class='ocrx_word' id='word_1_164' title='bbox 1780 1840 1971 1893; x_wconf 76' lang='lat' dir='ltr'><strong>mortis</strong></span> <span class='ocrx_word' id='word_1_165' title='bbox 2003 1838 2194 1893; x_wconf 90' lang='lat' dir='ltr'><strong>locum</strong></span> <span class='ocrx_word' id='word_1_166' title='bbox 2230 1838 2469 1893; x_wconf 88' lang='lat' dir='ltr'><strong>obtinet.</strong></span> <span class='ocrx_word' id='word_1_167' title='bbox 2504 1839 2648 1893; x_wconf 91' lang='lat' dir='ltr'><strong>Cum</strong></span> <span class='ocrx_word' id='word_1_168' title='bbox 2703 1843 2897 1893; x_wconf 90' lang='lat' dir='ltr'><strong>autem</strong></span> <span class='ocrx_word' id='word_1_169' title='bbox 2966 1840 3208 1895; x_wconf 87' lang='lat' dir='ltr'><strong>Erasmo</strong></span> <span class='ocrx_word' id='word_1_170' title='bbox 3273 1839 3524 1896; x_wconf 84' lang='lat' dir='ltr'><strong>libuisset</strong></span> <span class='ocrx_word' id='word_1_171' title='bbox 3580 1842 3727 1896; x_wconf 86' lang='lat' dir='ltr'><strong>omnia</strong></span> 
     </span>
    </p>
   </div>
   <div class='ocr_carea' id='block_1_14' title="bbox 397 1925 3727 1998">
    <p class='ocr_par' dir='ltr' id='par_1_14' title="bbox 397 1925 3727 1998">
     <span class='ocr_line' id='line_1_14' title="bbox 397 1925 3727 1998; baseline 0 -14"><span class='ocrx_word' id='word_1_172' title='bbox 397 1927 687 1984; x_wconf 87' lang='lat' dir='ltr'><strong>Ambrosii</strong></span> <span class='ocrx_word' id='word_1_173' title='bbox 721 1932 1099 1982; x_wconf 90' lang='lat' dir='ltr'><strong>monumenta</strong></span> <span class='ocrx_word' id='word_1_174' title='bbox 1131 1927 1187 1981; x_wconf 91' lang='lat' dir='ltr'><strong>in</strong></span> <span class='ocrx_word' id='word_1_175' title='bbox 1217 1932 1403 1982; x_wconf 85' lang='lat' dir='ltr'><strong>certas</strong></span> <span class='ocrx_word' id='word_1_176' title='bbox 1430 1926 1645 1982; x_wconf 85' lang='lat' dir='ltr'><strong>classes</strong></span> <span class='ocrx_word' id='word_1_177' title='bbox 1678 1927 2051 1997; x_wconf 87' lang='lat' dir='ltr'><strong>distribuere,</strong></span> <span class='ocrx_word' id='word_1_178' title='bbox 2080 1925 2247 1981; x_wconf 91' lang='lat' dir='ltr'><strong>illum</strong></span> <span class='ocrx_word' id='word_1_179' title='bbox 2284 1943 2414 1981; x_wconf 91' lang='lat' dir='ltr'><strong>cum</strong></span> <span class='ocrx_word' id='word_1_180' title='bbox 2450 1927 2734 1998; x_wconf 89' lang='lat' dir='ltr'><strong>superiori</strong></span> <span class='ocrx_word' id='word_1_181' title='bbox 2764 1931 3010 1982; x_wconf 88' lang='lat' dir='ltr'><strong>tractatu</strong></span> <span class='ocrx_word' id='word_1_182' title='bbox 3042 1930 3117 1983; x_wconf 81' lang='lat' dir='ltr'><strong>De</strong></span> <span class='ocrx_word' id='word_1_183' title='bbox 3155 1929 3282 1984; x_wconf 70' lang='grc' dir='ltr'><strong>’τοιιο</strong></span> <span class='ocrx_word' id='word_1_184' title='bbox 3312 1931 3487 1984; x_wconf 80' lang='lat' dir='ltr'><strong>mortis</strong></span> <span class='ocrx_word' id='word_1_185' title='bbox 3508 1929 3557 1984; x_wconf 91' lang='lat' dir='ltr'><strong>in</strong></span> <span class='ocrx_word' id='word_1_186' title='bbox 3612 1930 3727 1984; x_wconf 84' lang='lat' dir='ltr'><strong>ethi-</strong></span> 
     </span>
    </p>
   </div>
   <div class='ocr_carea' id='block_1_15' title="bbox 399 2015 3726 2088">
    <p class='ocr_par' dir='ltr' id='par_1_15' title="bbox 399 2015 3726 2088">
     <span class='ocr_line' id='line_1_15' title="bbox 399 2015 3726 2088; baseline -0 -16"><span class='ocrx_word' id='word_1_187' title='bbox 399 2033 599 2073; x_wconf 92' lang='lat' dir='ltr'><strong>corum</strong></span> <span class='ocrx_word' id='word_1_188' title='bbox 622 2016 886 2071; x_wconf 84' lang='lat' dir='ltr'><strong>ordinem</strong></span> <span class='ocrx_word' id='word_1_189' title='bbox 912 2021 1042 2088; x_wconf 91' lang='lat' dir='ltr'><strong>post</strong></span> <span class='ocrx_word' id='word_1_190' title='bbox 1074 2016 1251 2071; x_wconf 88' lang='lat' dir='ltr'><strong>libros</strong></span> <span class='ocrx_word' id='word_1_191' title='bbox 1276 2018 1348 2071; x_wconf 81' lang='lat' dir='ltr'><strong>De</strong></span> <span class='ocrx_word' id='word_1_192' title='bbox 1380 2017 1585 2087; x_wconf 68' lang='lat' dir='ltr'><strong>Ofﬁciis</strong></span> <span class='ocrx_word' id='word_1_193' title='bbox 1616 2033 1677 2070; x_wconf 84' lang='lat' dir='ltr'><strong>ac</strong></span> <span class='ocrx_word' id='word_1_194' title='bbox 1710 2017 1784 2070; x_wconf 87' lang='lat' dir='ltr'><strong>Dc</strong></span> <span class='ocrx_word' id='word_1_195' title='bbox 1836 2016 2150 2083; x_wconf 76' lang='lat' dir='ltr'><strong>Virginibus</strong></span> <span class='ocrx_word' id='word_1_196' title='bbox 2217 2015 2423 2087; x_wconf 83' lang='lat' dir='ltr'><strong>coegit,</strong></span> <span class='ocrx_word' id='word_1_197' title='bbox 2457 2016 2514 2069; x_wconf 93' lang='lat' dir='ltr'><strong>in</strong></span> <span class='ocrx_word' id='word_1_198' title='bbox 2587 2032 2701 2087; x_wconf 89' lang='lat' dir='ltr'><strong>quo</strong></span> <span class='ocrx_word' id='word_1_199' title='bbox 2742 2032 2875 2070; x_wconf 88' lang='lat' dir='ltr'><strong>eum</strong></span> <span class='ocrx_word' id='word_1_200' title='bbox 2918 2020 3119 2088; x_wconf 86' lang='lat' dir='ltr'><strong>postea</strong></span> <span class='ocrx_word' id='word_1_201' title='bbox 3184 2018 3466 2073; x_wconf 89' lang='lat' dir='ltr'><strong>Costerius</strong></span> <span class='ocrx_word' id='word_1_202' title='bbox 3493 2024 3544 2072; x_wconf 86' lang='lat' dir='ltr'><strong>et</strong></span> <span class='ocrx_word' id='word_1_203' title='bbox 3597 2017 3726 2072; x_wconf 86' lang='lat' dir='ltr'><strong>Gillo-</strong></span> 
     </span>
    </p>
   </div>
   <div class='ocr_carea' id='block_1_16' title="bbox 396 2104 3723 2177">
    <p class='ocr_par' dir='ltr' id='par_1_16' title="bbox 396 2104 3723 2177">
     <span class='ocr_line' id='line_1_16' title="bbox 396 2104 3723 2177; baseline -0.001 -15"><span class='ocrx_word' id='word_1_204' title='bbox 396 2107 514 2162; x_wconf 87' lang='lat' dir='ltr'><strong>tius</strong></span> <span class='ocrx_word' id='word_1_205' title='bbox 536 2106 747 2160; x_wconf 85' lang='lat' dir='ltr'><strong>imitati</strong></span> <span class='ocrx_word' id='word_1_206' title='bbox 781 2110 937 2160; x_wconf 90' lang='lat' dir='ltr'><strong>sunt.</strong></span> <span class='ocrx_word' id='word_1_207' title='bbox 974 2107 1272 2160; x_wconf 88' lang='lat' dir='ltr'><strong>Postremo</strong></span> <span class='ocrx_word' id='word_1_208' title='bbox 1305 2105 1403 2177; x_wconf 88' lang='lat' dir='ltr'><strong>qui</strong></span> <span class='ocrx_word' id='word_1_209' title='bbox 1439 2106 1710 2159; x_wconf 64' lang='lat' dir='ltr'><strong>Romanae</strong></span> <span class='ocrx_word' id='word_1_210' title='bbox 1744 2109 2027 2176; x_wconf 65' lang='lat' dir='ltr'><strong>praeerant</strong></span> <span class='ocrx_word' id='word_1_211' title='bbox 2056 2105 2318 2170; x_wconf 83' lang='lat' dir='ltr'><strong>editioni,</strong></span> <span class='ocrx_word' id='word_1_212' title='bbox 2354 2104 2510 2160; x_wconf 91' lang='lat' dir='ltr'><strong>hunc</strong></span> <span class='ocrx_word' id='word_1_213' title='bbox 2539 2105 2730 2177; x_wconf 90' lang='lat' dir='ltr'><strong>ipsum</strong></span> <span class='ocrx_word' id='word_1_214' title='bbox 2756 2105 2972 2160; x_wconf 88' lang='lat' dir='ltr'><strong>librum</strong></span> <span class='ocrx_word' id='word_1_215' title='bbox 3003 2105 3149 2160; x_wconf 88' lang='lat' dir='ltr'><strong>nihil</strong></span> <span class='ocrx_word' id='word_1_216' title='bbox 3166 2105 3320 2162; x_wconf 86' lang='lat' dir='ltr'><strong>aliud</strong></span> <span class='ocrx_word' id='word_1_217' title='bbox 3337 2123 3456 2162; x_wconf 88' lang='lat' dir='ltr'><strong>esse</strong></span> <span class='ocrx_word' id='word_1_218' title='bbox 3477 2106 3723 2177; x_wconf 81' lang='lat' dir='ltr'><strong>rati,quam</strong></span> 
     </span>
    </p>
   </div>
   <div class='ocr_carea' id='block_1_17' title="bbox 398 2194 3727 2269">
    <p class='ocr_par' dir='ltr' id='par_1_17' title="bbox 398 2194 3727 2269">
     <span class='ocr_line' id='line_1_17' title="bbox 398 2194 3727 2269; baseline -0.001 -18"><span class='ocrx_word' id='word_1_219' title='bbox 398 2196 705 2269; x_wconf 80' lang='lat' dir='ltr'><strong>mysticam</strong></span> <span class='ocrx_word' id='word_1_220' title='bbox 740 2194 1158 2265; x_wconf 86' lang='lat' dir='ltr'><strong>expositionem</strong></span> <span class='ocrx_word' id='word_1_221' title='bbox 1190 2195 1298 2249; x_wconf 92' lang='lat' dir='ltr'><strong>loci</strong></span> <span class='ocrx_word' id='word_1_222' title='bbox 1332 2195 1622 2249; x_wconf 77' lang='lat' dir='ltr'><strong>Gencscos</strong></span> <span class='ocrx_word' id='word_1_223' title='bbox 1655 2195 1751 2249; x_wconf 89' lang='lat' dir='ltr'><strong>ubi</strong></span> <span class='ocrx_word' id='word_1_224' title='bbox 1786 2195 2044 2249; x_wconf 84' lang='lat' dir='ltr'><strong>Rebecca</strong></span> <span class='ocrx_word' id='word_1_225' title='bbox 2073 2194 2260 2249; x_wconf 83' lang='lat' dir='ltr'><strong>filium</strong></span> <span class='ocrx_word' id='word_1_226' title='bbox 2294 2211 2469 2249; x_wconf 85' lang='lat' dir='ltr'><strong>suum</strong></span> <span class='ocrx_word' id='word_1_227' title='bbox 2499 2194 2680 2249; x_wconf 90' lang='lat' dir='ltr'><strong>Jacob</strong></span> <span class='ocrx_word' id='word_1_228' title='bbox 2703 2199 2768 2249; x_wconf 90' lang='lat' dir='ltr'><strong>ut</strong></span> <span class='ocrx_word' id='word_1_229' title='bbox 2797 2195 2853 2248; x_wconf 93' lang='lat' dir='ltr'><strong>in</strong></span> <span class='ocrx_word' id='word_1_230' title='bbox 2869 2194 3349 2267; x_wconf 82' lang='lat' dir='ltr'><strong>Mesopotamiam</strong></span> <span class='ocrx_word' id='word_1_231' title='bbox 3370 2195 3551 2268; x_wconf 80' lang='lat' dir='ltr'><strong>fugiat,</strong></span> <span class='ocrx_word' id='word_1_232' title='bbox 3571 2195 3727 2250; x_wconf 84' lang='lat' dir='ltr'><strong>suadet</strong></span> 
     </span>
    </p>
   </div>
   <div class='ocr_carea' id='block_1_18' title="bbox 401 2282 3723 2357">
    <p class='ocr_par' dir='ltr' id='par_1_18' title="bbox 401 2282 3723 2357">
     <span class='ocr_line' id='line_1_18' title="bbox 401 2282 3723 2357; baseline -0.001 -17"><span class='ocrx_word' id='word_1_233' title='bbox 401 2285 549 2357; x_wconf 84' lang='lat' dir='ltr'><strong>(cap.</strong></span> <span class='ocrx_word' id='word_1_234' title='bbox 574 2302 745 2353; x_wconf 81' lang='lat' dir='ltr'><strong>xxvu,</strong></span> <span class='ocrx_word' id='word_1_235' title='bbox 778 2285 904 2351; x_wconf 61' lang='lat'>43);</span> <span class='ocrx_word' id='word_1_236' title='bbox 939 2284 1216 2339; x_wconf 86' lang='lat' dir='ltr'><strong>eumdem</strong></span> <span class='ocrx_word' id='word_1_237' title='bbox 1251 2289 1380 2354; x_wconf 83' lang='lat' dir='ltr'><strong>post</strong></span> <span class='ocrx_word' id='word_1_238' title='bbox 1410 2284 1957 2339; x_wconf 87' lang='lat' dir='ltr'><strong>commentationem</strong></span> <span class='ocrx_word' id='word_1_239' title='bbox 1995 2285 2065 2338; x_wconf 83' lang='lat' dir='ltr'><strong>De</strong></span> <span class='ocrx_word' id='word_1_240' title='bbox 2092 2284 2254 2339; x_wconf 84' lang='lat' dir='ltr'><strong>Jacob</strong></span> <span class='ocrx_word' id='word_1_241' title='bbox 2286 2291 2336 2338; x_wconf 78' lang='lat' dir='ltr'><strong>et</strong></span> <span class='ocrx_word' id='word_1_242' title='bbox 2366 2285 2480 2338; x_wconf 74' lang='lat' dir='ltr'><strong>Vita</strong></span> <span class='ocrx_word' id='word_1_243' title='bbox 2511 2285 2667 2337; x_wconf 79' lang='lat' dir='ltr'><strong>beata</strong></span> <span class='ocrx_word' id='word_1_244' title='bbox 2714 2282 3088 2339; x_wconf 84' lang='lat' dir='ltr'><strong>transtulere.</strong></span> <span class='ocrx_word' id='word_1_245' title='bbox 3124 2283 3239 2339; x_wconf 89' lang='lat' dir='ltr'><strong>Sed</strong></span> <span class='ocrx_word' id='word_1_246' title='bbox 3306 2284 3384 2339; x_wconf 89' lang='lat' dir='ltr'><strong>illi</strong></span> <span class='ocrx_word' id='word_1_247' title='bbox 3416 2282 3617 2355; x_wconf 87' lang='lat' dir='ltr'><strong>quidem</strong></span> <span class='ocrx_word' id='word_1_248' title='bbox 3645 2300 3723 2337; x_wconf 88' lang='lat' dir='ltr'><strong>non</strong></span> 
     </span>
    </p>
   </div>
   <div class='ocr_carea' id='block_1_19' title="bbox 398 2370 3724 2444">
    <p class='ocr_par' dir='ltr' id='par_1_19' title="bbox 398 2370 3724 2444">
     <span class='ocr_line' id='line_1_19' title="bbox 398 2370 3724 2444; baseline -0.001 -17"><span class='ocrx_word' id='word_1_249' title='bbox 398 2373 606 2428; x_wconf 90' lang='lat' dir='ltr'><strong>idoneo</strong></span> <span class='ocrx_word' id='word_1_250' title='bbox 636 2372 877 2427; x_wconf 90' lang='lat' dir='ltr'><strong>tibicine</strong></span> <span class='ocrx_word' id='word_1_251' title='bbox 905 2372 1107 2427; x_wconf 85' lang='lat' dir='ltr'><strong>innixi.</strong></span> <span class='ocrx_word' id='word_1_252' title='bbox 1129 2371 1449 2439; x_wconf 87' lang='lat' dir='ltr'><strong>Enimvero,</strong></span> <span class='ocrx_word' id='word_1_253' title='bbox 1475 2372 1581 2427; x_wconf 88' lang='lat' dir='ltr'><strong>etsi</strong></span> <span class='ocrx_word' id='word_1_254' title='bbox 1608 2372 1764 2427; x_wconf 67' lang='lat' dir='ltr'><strong>haud</strong></span> <span class='ocrx_word' id='word_1_255' title='bbox 1799 2370 1975 2426; x_wconf 91' lang='lat' dir='ltr'><strong>semel</strong></span> <span class='ocrx_word' id='word_1_256' title='bbox 2008 2372 2171 2426; x_wconf 79' lang='lat' dir='ltr'><strong>illam</strong></span> <span class='ocrx_word' id='word_1_257' title='bbox 2203 2372 2401 2427; x_wconf 83' lang='lat' dir='ltr'><strong>Jacobi</strong></span> <span class='ocrx_word' id='word_1_258' title='bbox 2434 2372 2630 2444; x_wconf 82' lang='lat' dir='ltr'><strong>fugam</strong></span> <span class='ocrx_word' id='word_1_259' title='bbox 2656 2376 2938 2427; x_wconf 89' lang='lat' dir='ltr'><strong>memoret</strong></span> <span class='ocrx_word' id='word_1_260' title='bbox 2961 2378 3206 2428; x_wconf 87' lang='lat' dir='ltr'><strong>sanctus</strong></span> <span class='ocrx_word' id='word_1_261' title='bbox 3226 2373 3724 2443; x_wconf 74' lang='lat' dir='ltr'><strong>antistes,nuuquzim</strong></span> 
     </span>
    </p>
   </div>
   <div class='ocr_carea' id='block_1_20' title="bbox 397 2460 3725 2533">
    <p class='ocr_par' dir='ltr' id='par_1_20' title="bbox 397 2460 3725 2533">
     <span class='ocr_line' id='line_1_20' title="bbox 397 2460 3725 2533; baseline -0.001 -17"><span class='ocrx_word' id='word_1_262' title='bbox 397 2464 593 2518; x_wconf 87' lang='lat' dir='ltr'><strong>tamen</strong></span> <span class='ocrx_word' id='word_1_263' title='bbox 626 2460 708 2515; x_wconf 92' lang='lat' dir='ltr'><strong>illi</strong></span> <span class='ocrx_word' id='word_1_264' title='bbox 744 2462 850 2515; x_wconf 79' lang='lat' dir='ltr'><strong>fuit</strong></span> <span class='ocrx_word' id='word_1_265' title='bbox 880 2461 1191 2517; x_wconf 69' lang='lat' dir='ltr'><strong>consilium</strong></span> <span class='ocrx_word' id='word_1_266' title='bbox 1224 2462 1649 2517; x_wconf 82' lang='lat' dir='ltr'><strong>enarrationem</strong></span> <span class='ocrx_word' id='word_1_267' title='bbox 1682 2460 1741 2515; x_wconf 90' lang='lat' dir='ltr'><strong>in</strong></span> <span class='ocrx_word' id='word_1_268' title='bbox 1773 2478 1906 2515; x_wconf 89' lang='lat' dir='ltr'><strong>eum</strong></span> <span class='ocrx_word' id='word_1_269' title='bbox 1952 2461 2261 2532; x_wconf 63' lang='lat' dir='ltr'><strong>Scriptura:</strong></span> <span class='ocrx_word' id='word_1_270' title='bbox 2293 2460 2485 2515; x_wconf 89' lang='lat' dir='ltr'><strong>locum</strong></span> <span class='ocrx_word' id='word_1_271' title='bbox 2519 2460 2901 2515; x_wconf 85' lang='lat' dir='ltr'><strong>elucubrare:</strong></span> <span class='ocrx_word' id='word_1_272' title='bbox 2938 2476 3042 2515; x_wconf 91' lang='lat' dir='ltr'><strong>nec</strong></span> <span class='ocrx_word' id='word_1_273' title='bbox 3072 2460 3243 2516; x_wconf 84' lang='lat' dir='ltr'><strong>aliter</strong></span> <span class='ocrx_word' id='word_1_274' title='bbox 3271 2461 3503 2531; x_wconf 80' lang='lat' dir='ltr'><strong>hujusce</strong></span> <span class='ocrx_word' id='word_1_275' title='bbox 3528 2460 3725 2533; x_wconf 85' lang='lat' dir='ltr'><strong>patriar-</strong></span> 
     </span>
    </p>
   </div>
   <div class='ocr_carea' id='block_1_21' title="bbox 394 2546 3722 2623">
    <p class='ocr_par' dir='ltr' id='par_1_21' title="bbox 394 2546 3722 2623">
     <span class='ocr_line' id='line_1_21' title="bbox 394 2546 3722 2623; baseline -0.001 -19"><span class='ocrx_word' id='word_1_276' title='bbox 394 2550 513 2605; x_wconf 73' lang='lat' dir='ltr'><strong>chae</strong></span> <span class='ocrx_word' id='word_1_277' title='bbox 543 2549 804 2622; x_wconf 84' lang='lat' dir='ltr'><strong>exemplo</strong></span> <span class='ocrx_word' id='word_1_278' title='bbox 837 2550 1038 2621; x_wconf 88' lang='lat' dir='ltr'><strong>utitur,</strong></span> <span class='ocrx_word' id='word_1_279' title='bbox 1073 2555 1244 2623; x_wconf 87' lang='lat' dir='ltr'><strong>atque</strong></span> <span class='ocrx_word' id='word_1_280' title='bbox 1275 2551 1522 2605; x_wconf 87' lang='lat' dir='ltr'><strong>aliorum</strong></span> <span class='ocrx_word' id='word_1_281' title='bbox 1548 2550 1937 2622; x_wconf 88' lang='lat' dir='ltr'><strong>quorumdam</strong></span> <span class='ocrx_word' id='word_1_282' title='bbox 1969 2549 2372 2621; x_wconf 79' lang='lat' dir='ltr'><strong>praestantium</strong></span> <span class='ocrx_word' id='word_1_283' title='bbox 2403 2550 2682 2617; x_wconf 89' lang='lat' dir='ltr'><strong>virorum,</strong></span> <span class='ocrx_word' id='word_1_284' title='bbox 2717 2566 2864 2622; x_wconf 90' lang='lat' dir='ltr'><strong>quos</strong></span> <span class='ocrx_word' id='word_1_285' title='bbox 2888 2566 2954 2604; x_wconf 91' lang='lat' dir='ltr'><strong>eo</strong></span> <span class='ocrx_word' id='word_1_286' title='bbox 2986 2549 3280 2621; x_wconf 85' lang='lat' dir='ltr'><strong>proponit,</strong></span> <span class='ocrx_word' id='word_1_287' title='bbox 3313 2554 3376 2604; x_wconf 91' lang='lat' dir='ltr'><strong>ut</strong></span> <span class='ocrx_word' id='word_1_288' title='bbox 3403 2548 3654 2604; x_wconf 77' lang='lat' dir='ltr'><strong>efﬁcacius</strong></span> <span class='ocrx_word' id='word_1_289' title='bbox 3671 2546 3722 2600; x_wconf 85' lang='lat' dir='ltr'><strong>ad</strong></span> 
     </span>
    </p>
   </div>
   <div class='ocr_carea' id='block_1_22' title="bbox 396 2634 3725 2707">
    <p class='ocr_par' dir='ltr' id='par_1_22' title="bbox 396 2634 3725 2707">
     <span class='ocr_line' id='line_1_22' title="bbox 396 2634 3725 2707; baseline -0.002 -12"><span class='ocrx_word' id='word_1_290' title='bbox 396 2644 675 2695; x_wconf 66' lang='lat' dir='ltr'><strong>aeternum</strong></span> <span class='ocrx_word' id='word_1_291' title='bbox 710 2640 930 2694; x_wconf 89' lang='lat' dir='ltr'><strong>mundo</strong></span> <span class='ocrx_word' id='word_1_292' title='bbox 960 2640 1233 2694; x_wconf 88' lang='lat' dir='ltr'><strong>nuntium</strong></span> <span class='ocrx_word' id='word_1_293' title='bbox 1269 2640 1681 2694; x_wconf 87' lang='lat' dir='ltr'><strong>remittendum</strong></span> <span class='ocrx_word' id='word_1_294' title='bbox 1715 2637 2063 2693; x_wconf 83' lang='lat' dir='ltr'><strong>stimularet.</strong></span> <span class='ocrx_word' id='word_1_295' title='bbox 2094 2638 2391 2705; x_wconf 77' lang='lat' dir='ltr'><strong>Quocirca,</strong></span> <span class='ocrx_word' id='word_1_296' title='bbox 2426 2638 2535 2693; x_wconf 90' lang='lat' dir='ltr'><strong>hoc</strong></span> <span class='ocrx_word' id='word_1_297' title='bbox 2565 2638 2712 2694; x_wconf 87' lang='lat' dir='ltr'><strong>libro</strong></span> <span class='ocrx_word' id='word_1_298' title='bbox 2744 2638 3037 2693; x_wconf 87' lang='lat' dir='ltr'><strong>attentiori</strong></span> <span class='ocrx_word' id='word_1_299' title='bbox 3064 2638 3330 2694; x_wconf 84' lang='lat' dir='ltr'><strong>examine</strong></span> <span class='ocrx_word' id='word_1_300' title='bbox 3356 2634 3725 2707; x_wconf 85' lang='lat' dir='ltr'><strong>discusso,pris-</strong></span> 
     </span>
    </p>
   </div>
   <div class='ocr_carea' id='block_1_23' title="bbox 395 2723 3723 2799">
    <p class='ocr_par' dir='ltr' id='par_1_23' title="bbox 395 2723 3723 2799">
     <span class='ocr_line' id='line_1_23' title="bbox 395 2723 3723 2799; baseline -0.002 -17"><span class='ocrx_word' id='word_1_301' title='bbox 395 2728 587 2783; x_wconf 82' lang='lat' dir='ltr'><strong>tinum</strong></span> <span class='ocrx_word' id='word_1_302' title='bbox 620 2728 671 2783; x_wconf 91' lang='lat' dir='ltr'><strong>ei</strong></span> <span class='ocrx_word' id='word_1_303' title='bbox 704 2726 896 2782; x_wconf 90' lang='lat' dir='ltr'><strong>locum</strong></span> <span class='ocrx_word' id='word_1_304' title='bbox 931 2729 1336 2793; x_wconf 85' lang='lat' dir='ltr'><strong>restituimus;</strong></span> <span class='ocrx_word' id='word_1_305' title='bbox 1371 2727 1547 2799; x_wconf 86' lang='lat' dir='ltr'><strong>idque</strong></span> <span class='ocrx_word' id='word_1_306' title='bbox 1577 2744 1643 2781; x_wconf 93' lang='lat' dir='ltr'><strong>eo</strong></span> <span class='ocrx_word' id='word_1_307' title='bbox 1672 2726 1986 2791; x_wconf 73' lang='lat' dir='ltr'><strong>lubentius,</strong></span> <span class='ocrx_word' id='word_1_308' title='bbox 2021 2743 2137 2797; x_wconf 90' lang='lat' dir='ltr'><strong>quo</strong></span> <span class='ocrx_word' id='word_1_309' title='bbox 2167 2726 2220 2782; x_wconf 91' lang='lat' dir='ltr'><strong>is</strong></span> <span class='ocrx_word' id='word_1_310' title='bbox 2248 2726 2701 2781; x_wconf 88' lang='lat' dir='ltr'><strong>tantummando</strong></span> <span class='ocrx_word' id='word_1_311' title='bbox 2736 2726 3118 2797; x_wconf 83' lang='lat' dir='ltr'><strong>disputationi</strong></span> <span class='ocrx_word' id='word_1_312' title='bbox 3151 2728 3227 2782; x_wconf 82' lang='lat' dir='ltr'><strong>De</strong></span> <span class='ocrx_word' id='word_1_313' title='bbox 3251 2728 3406 2783; x_wconf 82' lang='lat' dir='ltr'><strong>Jacob</strong></span> <span class='ocrx_word' id='word_1_314' title='bbox 3446 2734 3492 2781; x_wconf 78' lang='lat' dir='ltr'><strong>et</strong></span> <span class='ocrx_word' id='word_1_315' title='bbox 3521 2726 3614 2781; x_wconf 79' lang='lat' dir='ltr'><strong>Vita</strong></span> <span class='ocrx_word' id='word_1_316' title='bbox 3638 2723 3723 2777; x_wconf 75' lang='lat' dir='ltr'><strong>bea-</strong></span> 
     </span>
    </p>
   </div>
   <div class='ocr_carea' id='block_1_24' title="bbox 396 2809 3791 2888">
    <p class='ocr_par' dir='ltr' id='par_1_24' title="bbox 396 2809 3791 2888">
     <span class='ocr_line' id='line_1_24' title="bbox 396 2809 3791 2888; baseline -0.002 -17"><span class='ocrx_word' id='word_1_317' title='bbox 396 2821 452 2871; x_wconf 88' lang='lat' dir='ltr'><strong>ta</strong></span> <span class='ocrx_word' id='word_1_318' title='bbox 482 2833 658 2888; x_wconf 86' lang='lat' dir='ltr'><strong>quam</strong></span> <span class='ocrx_word' id='word_1_319' title='bbox 690 2816 751 2871; x_wconf 89' lang='lat' dir='ltr'><strong>in</strong></span> <span class='ocrx_word' id='word_1_320' title='bbox 784 2817 950 2871; x_wconf 90' lang='lat' dir='ltr'><strong>Rom.</strong></span> <span class='ocrx_word' id='word_1_321' title='bbox 977 2816 1230 2872; x_wconf 90' lang='lat' dir='ltr'><strong>editione</strong></span> <span class='ocrx_word' id='word_1_322' title='bbox 1262 2817 1633 2888; x_wconf 86' lang='lat' dir='ltr'><strong>sequebatur,</strong></span> <span class='ocrx_word' id='word_1_323' title='bbox 1669 2814 2095 2888; x_wconf 74' lang='lat' dir='ltr'><strong>prmponendus</strong></span> <span class='ocrx_word' id='word_1_324' title='bbox 2121 2815 2200 2869; x_wconf 85' lang='lat' dir='ltr'><strong>sit</strong></span> <span class='ocrx_word' id='word_1_325' title='bbox 2232 2832 2244 2869; x_wconf 92' lang='lat'><strong>:</strong></span> <span class='ocrx_word' id='word_1_326' title='bbox 2277 2831 2393 2886; x_wconf 88' lang='lat' dir='ltr'><strong>qua</strong></span> <span class='ocrx_word' id='word_1_327' title='bbox 2423 2831 2491 2869; x_wconf 87' lang='lat' dir='ltr'><strong>ex</strong></span> <span class='ocrx_word' id='word_1_328' title='bbox 2522 2812 2841 2869; x_wconf 86' lang='lat' dir='ltr'><strong>mutatione</strong></span> <span class='ocrx_word' id='word_1_329' title='bbox 2868 2813 3014 2868; x_wconf 87' lang='lat' dir='ltr'><strong>nihil</strong></span> <span class='ocrx_word' id='word_1_330' title='bbox 3048 2815 3266 2869; x_wconf 87' lang='lat' dir='ltr'><strong>oboriri</strong></span> <span class='ocrx_word' id='word_1_331' title='bbox 3296 2818 3473 2886; x_wconf 87' lang='lat' dir='ltr'><strong>potest</strong></span> <span class='ocrx_word' id='word_1_332' title='bbox 3491 2809 3723 2869; x_wconf 80' lang='lat' dir='ltr'><strong>coniusio—</strong></span> <span class='ocrx_word' id='word_1_333' title='bbox 3790 2810 3791 2849; x_wconf 63' lang='lat' dir='ltr'><strong>i</strong></span> 
     </span>
    </p>
   </div>
   <div class='ocr_carea' id='block_1_25' title="bbox 397 2894 3791 2976">
    <p class='ocr_par' dir='ltr' id='par_1_25' title="bbox 397 2894 3791 2976">
     <span class='ocr_line' id='line_1_25' title="bbox 397 2894 3791 2976; baseline -0.003 -17"><span class='ocrx_word' id='word_1_334' title='bbox 397 2904 512 2959; x_wconf 88' lang='lat' dir='ltr'><strong>nis.</strong></span> <span class='ocrx_word' id='word_1_335' title='bbox 547 2904 721 2976; x_wconf 84' lang='lat' dir='ltr'><strong>Atqui</strong></span> <span class='ocrx_word' id='word_1_336' title='bbox 754 2905 825 2958; x_wconf 88' lang='lat' dir='ltr'><strong>ad</strong></span> <span class='ocrx_word' id='word_1_337' title='bbox 862 2904 917 2958; x_wconf 91' lang='lat' dir='ltr'><strong>id</strong></span> <span class='ocrx_word' id='word_1_338' title='bbox 950 2921 1064 2958; x_wconf 89' lang='lat' dir='ltr'><strong>non</strong></span> <span class='ocrx_word' id='word_1_339' title='bbox 1096 2904 1221 2959; x_wconf 88' lang='lat' dir='ltr'><strong>sola</strong></span> <span class='ocrx_word' id='word_1_340' title='bbox 1252 2921 1356 2959; x_wconf 88' lang='lat' dir='ltr'><strong>nos</strong></span> <span class='ocrx_word' id='word_1_341' title='bbox 1388 2902 1622 2976; x_wconf 87' lang='lat' dir='ltr'><strong>impulit</strong></span> <span class='ocrx_word' id='word_1_342' title='bbox 1665 2902 2196 2975; x_wconf 85' lang='lat' dir='ltr'><strong>manuscriptorum</strong></span> <span class='ocrx_word' id='word_1_343' title='bbox 2239 2907 2617 2974; x_wconf 86' lang='lat' dir='ltr'><strong>veterumque</strong></span> <span class='ocrx_word' id='word_1_344' title='bbox 2664 2901 2988 2956; x_wconf 87' lang='lat' dir='ltr'><strong>editionum</strong></span> <span class='ocrx_word' id='word_1_345' title='bbox 3042 2902 3359 2958; x_wconf 84' lang='lat' dir='ltr'><strong>auctoritas</strong></span> <span class='ocrx_word' id='word_1_346' title='bbox 3391 2919 3403 2957; x_wconf 89' lang='lat'><strong>:</strong></span> <span class='ocrx_word' id='word_1_347' title='bbox 3454 2901 3546 2956; x_wconf 86' lang='lat' dir='ltr'><strong>sed</strong></span> <span class='ocrx_word' id='word_1_348' title='bbox 3588 2894 3723 2953; x_wconf 87' lang='lat' dir='ltr'><strong>multo</strong></span> <span class='ocrx_word' id='word_1_349' title='bbox 3790 2904 3791 2909; x_wconf 81' lang='lat'>‘</span> 
     </span>
    </p>
   </div>
   <div class='ocr_carea' id='block_1_26' title="bbox 399 2988 3724 3065">
    <p class='ocr_par' dir='ltr' id='par_1_26' title="bbox 399 2988 3724 3065">
     <span class='ocr_line' id='line_1_26' title="bbox 399 2988 3724 3065; baseline -0.002 -19"><span class='ocrx_word' id='word_1_350' title='bbox 399 2991 589 3064; x_wconf 88' lang='lat' dir='ltr'><strong>magis</strong></span> <span class='ocrx_word' id='word_1_351' title='bbox 621 3008 749 3063; x_wconf 75' lang='lat' dir='ltr'><strong>qum</strong></span> <span class='ocrx_word' id='word_1_352' title='bbox 780 2991 947 3046; x_wconf 90' lang='lat' dir='ltr'><strong>illum</strong></span> <span class='ocrx_word' id='word_1_353' title='bbox 979 3008 1110 3047; x_wconf 91' lang='lat' dir='ltr'><strong>cum</strong></span> <span class='ocrx_word' id='word_1_354' title='bbox 1146 2992 1544 3065; x_wconf 84' lang='lat' dir='ltr'><strong>superioribus</strong></span> <span class='ocrx_word' id='word_1_355' title='bbox 1576 2992 1924 3047; x_wconf 87' lang='lat' dir='ltr'><strong>tractatibus</strong></span> <span class='ocrx_word' id='word_1_356' title='bbox 1956 2992 2278 3063; x_wconf 87' lang='lat' dir='ltr'><strong>conjungit,</strong></span> <span class='ocrx_word' id='word_1_357' title='bbox 2312 2991 2568 3046; x_wconf 61' lang='lat' dir='ltr'><strong>materia!</strong></span> <span class='ocrx_word' id='word_1_358' title='bbox 2635 2990 2923 3062; x_wconf 83' lang='lat' dir='ltr'><strong>cognatio.</strong></span> <span class='ocrx_word' id='word_1_359' title='bbox 2994 2991 3211 3054; x_wconf 86' lang='lat' dir='ltr'><strong>Quidni</strong></span> <span class='ocrx_word' id='word_1_360' title='bbox 3260 2991 3427 3047; x_wconf 89' lang='lat' dir='ltr'><strong>etiam</strong></span> <span class='ocrx_word' id='word_1_361' title='bbox 3480 2988 3724 3062; x_wconf 83' lang='lat' dir='ltr'><strong>ipsiusmet</strong></span> 
     </span>
    </p>
   </div>
   <div class='ocr_carea' id='block_1_27' title="bbox 398 3078 3721 3154">
    <p class='ocr_par' dir='ltr' id='par_1_27' title="bbox 398 3078 3721 3154">
     <span class='ocr_line' id='line_1_27' title="bbox 398 3078 3721 3154; baseline -0.001 -18"><span class='ocrx_word' id='word_1_362' title='bbox 398 3082 692 3136; x_wconf 84' lang='lat' dir='ltr'><strong>Ambrosii</strong></span> <span class='ocrx_word' id='word_1_363' title='bbox 725 3081 1131 3137; x_wconf 87' lang='lat' dir='ltr'><strong>testimonium</strong></span> <span class='ocrx_word' id='word_1_364' title='bbox 1154 3084 1181 3137; x_wconf 70' lang='grc' dir='ltr'><strong><em>Ῥ</em></strong></span> <span class='ocrx_word' id='word_1_365' title='bbox 1200 3083 1341 3137; x_wconf 90' lang='lat' dir='ltr'><strong>Cum</strong></span> <span class='ocrx_word' id='word_1_366' title='bbox 1376 3082 1530 3137; x_wconf 91' lang='lat' dir='ltr'><strong>enim</strong></span> <span class='ocrx_word' id='word_1_367' title='bbox 1562 3082 1618 3136; x_wconf 91' lang='lat' dir='ltr'><strong>in</strong></span> <span class='ocrx_word' id='word_1_368' title='bbox 1646 3082 1773 3154; x_wconf 89' lang='lat' dir='ltr'><strong>ipso</strong></span> <span class='ocrx_word' id='word_1_369' title='bbox 1802 3081 1935 3137; x_wconf 90' lang='lat' dir='ltr'><strong>libri</strong></span> <span class='ocrx_word' id='word_1_370' title='bbox 1966 3080 2167 3136; x_wconf 89' lang='lat' dir='ltr'><strong>limine</strong></span> <span class='ocrx_word' id='word_1_371' title='bbox 2200 3080 2279 3135; x_wconf 87' lang='lat' dir='ltr'><strong>ita</strong></span> <span class='ocrx_word' id='word_1_372' title='bbox 2306 3080 2566 3152; x_wconf 84' lang='lat' dir='ltr'><strong>loquitur</strong></span> <span class='ocrx_word' id='word_1_373' title='bbox 2598 3097 2610 3134; x_wconf 90' lang='lat'>:</span> <span class='ocrx_word' id='word_1_374' title='bbox 2646 3081 2916 3150; x_wconf 72' lang='lat' dir='ltr'><strong>Frequens</strong></span> <span class='ocrx_word' id='word_1_375' title='bbox 2945 3080 3102 3135; x_wconf 76' lang='lat' dir='ltr'><strong>nobis</strong></span> <span class='ocrx_word' id='word_1_376' title='bbox 3131 3085 3213 3136; x_wconf 76' lang='lat' dir='ltr'><strong>est</strong></span> <span class='ocrx_word' id='word_1_377' title='bbox 3242 3080 3306 3137; x_wconf 81' lang='lat' dir='ltr'><strong>de</strong></span> <span class='ocrx_word' id='word_1_378' title='bbox 3333 3078 3606 3151; x_wconf 66' lang='lat' dir='ltr'><strong>effugienda</strong></span> <span class='ocrx_word' id='word_1_379' title='bbox 3649 3088 3721 3129; x_wconf 68' lang='lat'><strong>:33-</strong></span> 
     </span>
    </p>
   </div>
   <div class='ocr_carea' id='block_1_28' title="bbox 398 3165 3791 3243">
    <p class='ocr_par' dir='ltr' id='par_1_28' title="bbox 398 3165 3791 3243">
     <span class='ocr_line' id='line_1_28' title="bbox 398 3165 3791 3243; baseline -0.003 -17"><span class='ocrx_word' id='word_1_380' title='bbox 398 3171 522 3227; x_wconf 85' lang='lat' dir='ltr'><strong>culo</strong></span> <span class='ocrx_word' id='word_1_381' title='bbox 546 3172 652 3225; x_wconf 74' lang='lat' dir='ltr'><strong>isto</strong></span> <span class='ocrx_word' id='word_1_382' title='bbox 680 3171 1128 3238; x_wconf 76' lang='lat' dir='ltr'><strong>sermo,minime</strong></span> <span class='ocrx_word' id='word_1_383' title='bbox 1156 3171 1491 3227; x_wconf 85' lang='lat' dir='ltr'><strong>dubitamus</strong></span> <span class='ocrx_word' id='word_1_384' title='bbox 1514 3187 1648 3225; x_wconf 89' lang='lat' dir='ltr'><strong>eum</strong></span> <span class='ocrx_word' id='word_1_385' title='bbox 1679 3171 1851 3226; x_wconf 89' lang='lat' dir='ltr'><strong>tacite</strong></span> <span class='ocrx_word' id='word_1_386' title='bbox 1881 3170 2311 3243; x_wconf 85' lang='lat' dir='ltr'><strong>quodammodo</strong></span> <span class='ocrx_word' id='word_1_387' title='bbox 2332 3169 2587 3223; x_wconf 84' lang='lat' dir='ltr'><strong>indicare</strong></span> <span class='ocrx_word' id='word_1_388' title='bbox 2617 3172 2899 3223; x_wconf 85' lang='lat' dir='ltr'><strong>tractatus</strong></span> <span class='ocrx_word' id='word_1_389' title='bbox 2931 3168 3003 3223; x_wconf 87' lang='lat' dir='ltr'><strong>De</strong></span> <span class='ocrx_word' id='word_1_390' title='bbox 3029 3169 3398 3234; x_wconf 80' lang='lat' dir='ltr'><strong>Abraham,De</strong></span> <span class='ocrx_word' id='word_1_391' title='bbox 3422 3170 3558 3223; x_wconf 88' lang='lat' dir='ltr'><strong>Isaac</strong></span> <span class='ocrx_word' id='word_1_392' title='bbox 3578 3165 3723 3221; x_wconf 73' lang='lat' dir='ltr'><strong>etAni-</strong></span> <span class='ocrx_word' id='word_1_393' title='bbox 3790 3192 3791 3197; x_wconf 59' lang='grc' dir='ltr'><strong>η</strong></span> 
     </span>
    </p>
   </div>
   <div class='ocr_carea' id='block_1_29' title="bbox 392 3256 3718 3333">
    <p class='ocr_par' dir='ltr' id='par_1_29' title="bbox 392 3256 3718 3333">
     <span class='ocr_line' id='line_1_29' title="bbox 392 3256 3718 3333; baseline -0.003 -18"><span class='ocrx_word' id='word_1_394' title='bbox 392 3277 504 3327; x_wconf 87' lang='lat' dir='ltr'><strong>ma,</strong></span> <span class='ocrx_word' id='word_1_395' title='bbox 538 3276 605 3315; x_wconf 88' lang='lat' dir='ltr'><strong>ac</strong></span> <span class='ocrx_word' id='word_1_396' title='bbox 633 3260 709 3315; x_wconf 84' lang='lat' dir='ltr'><strong>De</strong></span> <span class='ocrx_word' id='word_1_397' title='bbox 737 3262 883 3316; x_wconf 87' lang='lat' dir='ltr'><strong>Bono</strong></span> <span class='ocrx_word' id='word_1_398' title='bbox 914 3263 1102 3316; x_wconf 74' lang='lat' dir='ltr'><strong>mortis</strong></span> <span class='ocrx_word' id='word_1_399' title='bbox 1137 3286 1149 3326; x_wconf 89' lang='lat'><strong>;</strong></span> <span class='ocrx_word' id='word_1_400' title='bbox 1183 3260 1397 3333; x_wconf 85' lang='lat' dir='ltr'><strong>quippe</strong></span> <span class='ocrx_word' id='word_1_401' title='bbox 1428 3260 1527 3332; x_wconf 86' lang='lat' dir='ltr'><strong>qui</strong></span> <span class='ocrx_word' id='word_1_402' title='bbox 1561 3260 1853 3315; x_wconf 84' lang='lat' dir='ltr'><strong>auditores</strong></span> <span class='ocrx_word' id='word_1_403' title='bbox 1882 3260 2002 3315; x_wconf 89' lang='lat' dir='ltr'><strong>sive</strong></span> <span class='ocrx_word' id='word_1_404' title='bbox 2031 3258 2275 3314; x_wconf 80' lang='lat' dir='ltr'><strong>lectores</strong></span> <span class='ocrx_word' id='word_1_405' title='bbox 2305 3275 2444 3313; x_wconf 87' lang='lat' dir='ltr'><strong>suos</strong></span> <span class='ocrx_word' id='word_1_406' title='bbox 2471 3256 2789 3313; x_wconf 89' lang='lat' dir='ltr'><strong>instantius</strong></span> <span class='ocrx_word' id='word_1_407' title='bbox 2821 3257 2894 3312; x_wconf 91' lang='lat' dir='ltr'><strong>ad</strong></span> <span class='ocrx_word' id='word_1_408' title='bbox 2935 3256 3131 3312; x_wconf 65' lang='lat' dir='ltr'><strong>saeculi</strong></span> <span class='ocrx_word' id='word_1_409' title='bbox 3175 3259 3414 3330; x_wconf 88' lang='lat' dir='ltr'><strong>ejusque</strong></span> <span class='ocrx_word' id='word_1_410' title='bbox 3459 3256 3718 3312; x_wconf 88' lang='lat' dir='ltr'><strong>vanitatum</strong></span> 
     </span>
    </p>
   </div>
   <div class='ocr_carea' id='block_1_30' title="bbox 392 3343 3719 3420">
    <p class='ocr_par' dir='ltr' id='par_1_30' title="bbox 392 3343 3719 3420">
     <span class='ocr_line' id='line_1_30' title="bbox 392 3343 3719 3420; baseline -0.002 -18"><span class='ocrx_word' id='word_1_411' title='bbox 392 3347 591 3420; x_wconf 74' lang='lat' dir='ltr'><strong>fugam</strong></span> <span class='ocrx_word' id='word_1_412' title='bbox 625 3349 681 3403; x_wconf 90' lang='lat' dir='ltr'><strong>in</strong></span> <span class='ocrx_word' id='word_1_413' title='bbox 716 3348 807 3404; x_wconf 91' lang='lat' dir='ltr'><strong>his</strong></span> <span class='ocrx_word' id='word_1_414' title='bbox 838 3349 1112 3404; x_wconf 89' lang='lat' dir='ltr'><strong>omnibus</strong></span> <span class='ocrx_word' id='word_1_415' title='bbox 1142 3349 1501 3416; x_wconf 87' lang='lat' dir='ltr'><strong>adhortetur,</strong></span> <span class='ocrx_word' id='word_1_416' title='bbox 1531 3366 1596 3403; x_wconf 90' lang='lat' dir='ltr'><strong>ac</strong></span> <span class='ocrx_word' id='word_1_417' title='bbox 1630 3348 1915 3420; x_wconf 51' lang='lat' dir='ltr'><strong>principue</strong></span> <span class='ocrx_word' id='word_1_418' title='bbox 1945 3348 2005 3403; x_wconf 91' lang='lat' dir='ltr'><strong>in</strong></span> <span class='ocrx_word' id='word_1_419' title='bbox 2027 3348 2134 3403; x_wconf 90' lang='lat' dir='ltr'><strong>hoc</strong></span> <span class='ocrx_word' id='word_1_420' title='bbox 2168 3346 2395 3415; x_wconf 90' lang='lat' dir='ltr'><strong>ultimo,</strong></span> <span class='ocrx_word' id='word_1_421' title='bbox 2428 3346 2528 3401; x_wconf 91' lang='lat' dir='ltr'><strong>ubi</strong></span> <span class='ocrx_word' id='word_1_422' title='bbox 2560 3345 2616 3399; x_wconf 91' lang='lat' dir='ltr'><strong>in</strong></span> <span class='ocrx_word' id='word_1_423' title='bbox 2648 3363 2717 3401; x_wconf 85' lang='lat' dir='ltr'><strong>ea</strong></span> <span class='ocrx_word' id='word_1_424' title='bbox 2748 3362 2806 3401; x_wconf 87' lang='lat' dir='ltr'><strong>re</strong></span> <span class='ocrx_word' id='word_1_425' title='bbox 2838 3346 2950 3400; x_wconf 88' lang='lat' dir='ltr'><strong>tria</strong></span> <span class='ocrx_word' id='word_1_426' title='bbox 2990 3346 3185 3418; x_wconf 86' lang='lat' dir='ltr'><strong>capita</strong></span> <span class='ocrx_word' id='word_1_427' title='bbox 3234 3343 3673 3419; x_wconf 82' lang='lat' dir='ltr'><strong>quemadmodum</strong></span> <span class='ocrx_word' id='word_1_428' title='bbox 3696 3356 3719 3392; x_wconf 83' lang='lat' dir='ltr'><strong>a</strong></span> 
     </span>
    </p>
   </div>
   <div class='ocr_carea' id='block_1_31' title="bbox 378 3436 2647 3509">
    <p class='ocr_par' dir='ltr' id='par_1_31' title="bbox 378 3436 2647 3509">
     <span class='ocr_line' id='line_1_31' title="bbox 378 3436 2647 3509; baseline -0.002 -18"><span class='ocrx_word' id='word_1_429' title='bbox 378 3436 566 3493; x_wconf 52' lang='lat' dir='ltr'><strong>-nobis</strong></span> <span class='ocrx_word' id='word_1_430' title='bbox 597 3437 655 3492; x_wconf 89' lang='lat' dir='ltr'><strong>in</strong></span> <span class='ocrx_word' id='word_1_431' title='bbox 689 3438 1090 3509; x_wconf 84' lang='lat' dir='ltr'><strong>superioribus</strong></span> <span class='ocrx_word' id='word_1_432' title='bbox 1122 3438 1622 3495; x_wconf 85' lang='lat' dir='ltr'><strong>admonitionibus</strong></span> <span class='ocrx_word' id='word_1_433' title='bbox 1654 3438 2023 3493; x_wconf 85' lang='lat' dir='ltr'><strong>observatum</strong></span> <span class='ocrx_word' id='word_1_434' title='bbox 2055 3441 2163 3509; x_wconf 86' lang='lat' dir='ltr'><strong>est,</strong></span> <span class='ocrx_word' id='word_1_435' title='bbox 2198 3440 2647 3491; x_wconf 89' lang='lat' dir='ltr'><strong>consumuntur.</strong></span> 
     </span>
    </p>
   </div>
   <div class='ocr_carea' id='block_1_32' title="bbox 477 3523 3791 3597">
    <p class='ocr_par' dir='ltr' id='par_1_32' title="bbox 477 3523 3791 3597">
     <span class='ocr_line' id='line_1_32' title="bbox 477 3523 3791 3597; baseline -0.002 -17"><span class='ocrx_word' id='word_1_436' title='bbox 477 3527 591 3581; x_wconf 77' lang='lat' dir='ltr'><strong>Hoc</strong></span> <span class='ocrx_word' id='word_1_437' title='bbox 619 3526 814 3597; x_wconf 90' lang='lat' dir='ltr'><strong>ipsum</strong></span> <span class='ocrx_word' id='word_1_438' title='bbox 846 3533 965 3582; x_wconf 89' lang='lat' dir='ltr'><strong>tota</strong></span> <span class='ocrx_word' id='word_1_439' title='bbox 994 3528 1165 3583; x_wconf 88' lang='lat' dir='ltr'><strong>istius</strong></span> <span class='ocrx_word' id='word_1_440' title='bbox 1194 3527 1373 3583; x_wconf 88' lang='lat' dir='ltr'><strong>libelli</strong></span> <span class='ocrx_word' id='word_1_441' title='bbox 1405 3528 1768 3583; x_wconf 86' lang='lat' dir='ltr'><strong>demonstrat</strong></span> <span class='ocrx_word' id='word_1_442' title='bbox 1798 3525 2163 3582; x_wconf 88' lang='lat' dir='ltr'><strong>constitutio.</strong></span> <span class='ocrx_word' id='word_1_443' title='bbox 2195 3524 2473 3596; x_wconf 89' lang='lat' dir='ltr'><strong>Superius</strong></span> <span class='ocrx_word' id='word_1_444' title='bbox 2506 3523 2660 3578; x_wconf 90' lang='lat' dir='ltr'><strong>enim</strong></span> <span class='ocrx_word' id='word_1_445' title='bbox 2695 3541 2729 3578; x_wconf 89' lang='lat' dir='ltr'><strong>a</strong></span> <span class='ocrx_word' id='word_1_446' title='bbox 2758 3523 2927 3579; x_wconf 90' lang='lat' dir='ltr'><strong>nobis</strong></span> <span class='ocrx_word' id='word_1_447' title='bbox 2956 3527 3263 3580; x_wconf 87' lang='lat' dir='ltr'><strong>ostensum</strong></span> <span class='ocrx_word' id='word_1_448' title='bbox 3293 3529 3398 3592; x_wconf 86' lang='lat' dir='ltr'><strong>est,</strong></span> <span class='ocrx_word' id='word_1_449' title='bbox 3451 3525 3501 3579; x_wconf 90' lang='lat' dir='ltr'><strong>S.</strong></span> <span class='ocrx_word' id='word_1_450' title='bbox 3555 3533 3724 3593; x_wconf 72' lang='lat' dir='ltr'><strong>presu-</strong></span> <span class='ocrx_word' id='word_1_451' title='bbox 3790 3524 3791 3529; x_wconf 74' lang='lat'>‘</span> 
     </span>
    </p>
   </div>
   <div class='ocr_carea' id='block_1_33' title="bbox 400 3604 3725 3686">
    <p class='ocr_par' dir='ltr' id='par_1_33' title="bbox 400 3604 3725 3686">
     <span class='ocr_line' id='line_1_33' title="bbox 400 3604 3725 3686; baseline -0.003 -18"><span class='ocrx_word' id='word_1_452' title='bbox 400 3612 518 3668; x_wconf 89' lang='lat' dir='ltr'><strong>lem</strong></span> <span class='ocrx_word' id='word_1_453' title='bbox 546 3614 604 3668; x_wconf 90' lang='lat' dir='ltr'><strong>in</strong></span> <span class='ocrx_word' id='word_1_454' title='bbox 636 3615 1013 3670; x_wconf 90' lang='lat' dir='ltr'><strong>concionibus</strong></span> <span class='ocrx_word' id='word_1_455' title='bbox 1043 3633 1108 3671; x_wconf 88' lang='lat' dir='ltr'><strong>ac</strong></span> <span class='ocrx_word' id='word_1_456' title='bbox 1137 3616 1482 3672; x_wconf 84' lang='lat' dir='ltr'><strong>tractatibus</strong></span> <span class='ocrx_word' id='word_1_457' title='bbox 1513 3616 1637 3669; x_wconf 87' lang='lat' dir='ltr'><strong>suis</strong></span> <span class='ocrx_word' id='word_1_458' title='bbox 1663 3616 2115 3670; x_wconf 62' lang='lat' dir='ltr'><strong>catechumenos</strong></span> <span class='ocrx_word' id='word_1_459' title='bbox 2148 3617 2544 3686; x_wconf 69' lang='lat' dir='ltr'><strong>competentes</strong></span> <span class='ocrx_word' id='word_1_460' title='bbox 2577 3630 2756 3685; x_wconf 89' lang='lat' dir='ltr'><strong>quam</strong></span> <span class='ocrx_word' id='word_1_461' title='bbox 2790 3611 3242 3684; x_wconf 86' lang='lat' dir='ltr'><strong>diligentissime</strong></span> <span class='ocrx_word' id='word_1_462' title='bbox 3293 3612 3549 3669; x_wconf 87' lang='lat' dir='ltr'><strong>omnibus</strong></span> <span class='ocrx_word' id='word_1_463' title='bbox 3582 3604 3725 3663; x_wconf 82' lang='lat' dir='ltr'><strong>Chris-</strong></span> 
     </span>
    </p>
   </div>
   <div class='ocr_carea' id='block_1_34' title="bbox 398 3695 3726 3778">
    <p class='ocr_par' dir='ltr' id='par_1_34' title="bbox 398 3695 3726 3778">
     <span class='ocr_line' id='line_1_34' title="bbox 398 3695 3726 3778; baseline -0.003 -22"><span class='ocrx_word' id='word_1_464' title='bbox 398 3702 573 3757; x_wconf 71' lang='lat' dir='ltr'><strong>tiana:</strong></span> <span class='ocrx_word' id='word_1_465' title='bbox 603 3702 732 3757; x_wconf 68' lang='lat' dir='ltr'><strong>vitae</strong></span> <span class='ocrx_word' id='word_1_466' title='bbox 762 3704 1243 3775; x_wconf 69' lang='lat' dir='ltr'><strong>prmceptionilius</strong></span> <span class='ocrx_word' id='word_1_467' title='bbox 1274 3704 1559 3760; x_wconf 70' lang='lat' dir='ltr'><strong>imbuisse</strong></span> <span class='ocrx_word' id='word_1_468' title='bbox 1594 3722 1605 3759; x_wconf 93' lang='lat'><strong>:</strong></span> <span class='ocrx_word' id='word_1_469' title='bbox 1640 3710 1698 3760; x_wconf 87' lang='lat' dir='ltr'><strong>at</strong></span> <span class='ocrx_word' id='word_1_470' title='bbox 1729 3704 1868 3759; x_wconf 83' lang='lat' dir='ltr'><strong>illud</strong></span> <span class='ocrx_word' id='word_1_471' title='bbox 1903 3704 2194 3778; x_wconf 73' lang='lat' dir='ltr'><strong>praecipua</strong></span> <span class='ocrx_word' id='word_1_472' title='bbox 2216 3703 2471 3775; x_wconf 84' lang='lat' dir='ltr'><strong>quadam</strong></span> <span class='ocrx_word' id='word_1_473' title='bbox 2504 3719 2644 3757; x_wconf 88' lang='lat' dir='ltr'><strong>cura</strong></span> <span class='ocrx_word' id='word_1_474' title='bbox 2675 3700 3020 3768; x_wconf 87' lang='lat' dir='ltr'><strong>inculcasse,</strong></span> <span class='ocrx_word' id='word_1_475' title='bbox 3068 3707 3422 3775; x_wconf 87' lang='lat' dir='ltr'><strong>quantOpere</strong></span> <span class='ocrx_word' id='word_1_476' title='bbox 3450 3701 3513 3755; x_wconf 90' lang='lat' dir='ltr'><strong>ad</strong></span> <span class='ocrx_word' id='word_1_477' title='bbox 3561 3695 3726 3766; x_wconf 84' lang='lat' dir='ltr'><strong>fugien-</strong></span> 
     </span>
    </p>
   </div>
   <div class='ocr_carea' id='block_1_35' title="bbox 396 3780 3725 3865">
    <p class='ocr_par' dir='ltr' id='par_1_35' title="bbox 396 3780 3725 3865">
     <span class='ocr_line' id='line_1_35' title="bbox 396 3780 3725 3865; baseline -0.002 -20"><span class='ocrx_word' id='word_1_478' title='bbox 396 3790 504 3846; x_wconf 91' lang='lat' dir='ltr'><strong>das</strong></span> <span class='ocrx_word' id='word_1_479' title='bbox 536 3790 730 3846; x_wconf 66' lang='lat' dir='ltr'><strong>saeculi</strong></span> <span class='ocrx_word' id='word_1_480' title='bbox 762 3791 1046 3847; x_wconf 82' lang='lat' dir='ltr'><strong>vanitates</strong></span> <span class='ocrx_word' id='word_1_481' title='bbox 1069 3794 1588 3865; x_wconf 84' lang='lat' dir='ltr'><strong>obstringerentur.</strong></span> <span class='ocrx_word' id='word_1_482' title='bbox 1622 3792 1835 3848; x_wconf 85' lang='lat' dir='ltr'><strong>Verum</strong></span> <span class='ocrx_word' id='word_1_483' title='bbox 1870 3792 1963 3848; x_wconf 90' lang='lat' dir='ltr'><strong>his</strong></span> <span class='ocrx_word' id='word_1_484' title='bbox 1994 3791 2286 3864; x_wconf 86' lang='lat' dir='ltr'><strong>angustiis</strong></span> <span class='ocrx_word' id='word_1_485' title='bbox 2320 3808 2431 3846; x_wconf 90' lang='lat' dir='ltr'><strong>non</strong></span> <span class='ocrx_word' id='word_1_486' title='bbox 2464 3790 2811 3850; x_wconf 80' lang='lat' dir='ltr'><strong>studebatur</strong></span> <span class='ocrx_word' id='word_1_487' title='bbox 2840 3791 2968 3862; x_wconf 85' lang='lat' dir='ltr'><strong>ejus</strong></span> <span class='ocrx_word' id='word_1_488' title='bbox 2998 3789 3353 3847; x_wconf 85' lang='lat' dir='ltr'><strong>sollicitudo.</strong></span> <span class='ocrx_word' id='word_1_489' title='bbox 3412 3789 3634 3846; x_wconf 82' lang='lat' dir='ltr'><strong>Rebatur</strong></span> <span class='ocrx_word' id='word_1_490' title='bbox 3674 3780 3725 3835; x_wconf 85' lang='lat' dir='ltr'><strong>si-</strong></span> 
     </span>
    </p>
   </div>
   <div class='ocr_carea' id='block_1_36' title="bbox 395 3871 3722 3953">
    <p class='ocr_par' dir='ltr' id='par_1_36' title="bbox 395 3871 3722 3953">
     <span class='ocr_line' id='line_1_36' title="bbox 395 3871 3722 3953; baseline -0.002 -18"><span class='ocrx_word' id='word_1_491' title='bbox 395 3880 635 3952; x_wconf 90' lang='lat' dir='ltr'><strong>quidem</strong></span> <span class='ocrx_word' id='word_1_492' title='bbox 657 3880 715 3935; x_wconf 90' lang='lat' dir='ltr'><strong>id</strong></span> <span class='ocrx_word' id='word_1_493' title='bbox 746 3880 834 3936; x_wconf 89' lang='lat' dir='ltr'><strong>vel</strong></span> <span class='ocrx_word' id='word_1_494' title='bbox 875 3881 1125 3936; x_wconf 78' lang='lat' dir='ltr'><strong>maxime</strong></span> <span class='ocrx_word' id='word_1_495' title='bbox 1156 3882 1244 3936; x_wconf 89' lang='lat' dir='ltr'><strong>sui</strong></span> <span class='ocrx_word' id='word_1_496' title='bbox 1268 3898 1396 3936; x_wconf 84' lang='lat' dir='ltr'><strong>esse</strong></span> <span class='ocrx_word' id='word_1_497' title='bbox 1428 3882 1623 3943; x_wconf 82' lang='lat' dir='ltr'><strong>ofﬁcii.</strong></span> <span class='ocrx_word' id='word_1_498' title='bbox 1660 3887 1725 3937; x_wconf 91' lang='lat' dir='ltr'><strong>ut</strong></span> <span class='ocrx_word' id='word_1_499' title='bbox 1756 3898 1854 3937; x_wconf 89' lang='lat' dir='ltr'><strong>eos</strong></span> <span class='ocrx_word' id='word_1_500' title='bbox 1883 3887 2016 3953; x_wconf 89' lang='lat' dir='ltr'><strong>post</strong></span> <span class='ocrx_word' id='word_1_501' title='bbox 2045 3884 2383 3951; x_wconf 88' lang='lat' dir='ltr'><strong>susceptum</strong></span> <span class='ocrx_word' id='word_1_502' title='bbox 2411 3880 2706 3952; x_wconf 87' lang='lat' dir='ltr'><strong>baptisma</strong></span> <span class='ocrx_word' id='word_1_503' title='bbox 2730 3879 2787 3934; x_wconf 93' lang='lat' dir='ltr'><strong>in</strong></span> <span class='ocrx_word' id='word_1_504' title='bbox 2813 3879 3079 3935; x_wconf 90' lang='lat' dir='ltr'><strong>doctrina</strong></span> <span class='ocrx_word' id='word_1_505' title='bbox 3109 3897 3289 3952; x_wconf 89' lang='lat' dir='ltr'><strong>quam</strong></span> <span class='ocrx_word' id='word_1_506' title='bbox 3324 3897 3383 3936; x_wconf 89' lang='lat' dir='ltr'><strong>se</strong></span> <span class='ocrx_word' id='word_1_507' title='bbox 3412 3871 3722 3942; x_wconf 81' lang='lat' dir='ltr'><strong>docentejam</strong></span> 
     </span>
    </p>
   </div>
   <div class='ocr_carea' id='block_1_37' title="bbox 393 3966 3721 4043">
    <p class='ocr_par' dir='ltr' id='par_1_37' title="bbox 393 3966 3721 4043">
     <span class='ocr_line' id='line_1_37' title="bbox 393 3966 3721 4043; baseline -0.001 -21"><span class='ocrx_word' id='word_1_508' title='bbox 393 3968 738 4036; x_wconf 88' lang='lat' dir='ltr'><strong>didicerant,</strong></span> <span class='ocrx_word' id='word_1_509' title='bbox 774 3969 1165 4024; x_wconf 71' lang='lat' dir='ltr'><strong>confirmaret.</strong></span> <span class='ocrx_word' id='word_1_510' title='bbox 1200 3972 1563 4042; x_wconf 81' lang='lat' dir='ltr'><strong>Quapmpter</strong></span> <span class='ocrx_word' id='word_1_511' title='bbox 1591 3972 1665 4024; x_wconf 88' lang='lat' dir='ltr'><strong>ab</strong></span> <span class='ocrx_word' id='word_1_512' title='bbox 1694 3970 1821 4043; x_wconf 92' lang='lat' dir='ltr'><strong>ipso</strong></span> <span class='ocrx_word' id='word_1_513' title='bbox 1848 3970 2027 4042; x_wconf 86' lang='lat' dir='ltr'><strong>hujus</strong></span> <span class='ocrx_word' id='word_1_514' title='bbox 2058 3969 2395 4041; x_wconf 88' lang='lat' dir='ltr'><strong>scriptionis</strong></span> <span class='ocrx_word' id='word_1_515' title='bbox 2416 3969 2650 4024; x_wconf 86' lang='lat' dir='ltr'><strong>exordio</strong></span> <span class='ocrx_word' id='word_1_516' title='bbox 2681 3968 3104 4041; x_wconf 83' lang='lat' dir='ltr'><strong>ostendit(cap.</strong></span> <span class='ocrx_word' id='word_1_517' title='bbox 3136 3970 3186 4037; x_wconf 89' lang='grc'><strong>1,</strong></span> <span class='ocrx_word' id='word_1_518' title='bbox 3225 3986 3281 4023; x_wconf 93' lang='lat' dir='ltr'><strong>n.</strong></span> <span class='ocrx_word' id='word_1_519' title='bbox 3302 3969 3349 4036; x_wconf 87' lang='grc'><strong>1,</strong></span> <span class='ocrx_word' id='word_1_520' title='bbox 3372 3971 3426 4023; x_wconf 90' lang='lat' dir='ltr'><strong>et</strong></span> <span class='ocrx_word' id='word_1_521' title='bbox 3442 3966 3573 4036; x_wconf 88' lang='lat' dir='ltr'><strong>seq.)</strong></span> <span class='ocrx_word' id='word_1_522' title='bbox 3591 3972 3721 4033; x_wconf 81' lang='lat' dir='ltr'><strong>quam</strong></span> 
     </span>
    </p>
   </div>
   <div class='ocr_carea' id='block_1_38' title="bbox 393 4046 3722 4131">
    <p class='ocr_par' dir='ltr' id='par_1_38' title="bbox 393 4046 3722 4131">
     <span class='ocr_line' id='line_1_38' title="bbox 393 4046 3722 4131; baseline -0.002 -20"><span class='ocrx_word' id='word_1_523' title='bbox 393 4058 471 4113; x_wconf 91' lang='lat' dir='ltr'><strong>sit</strong></span> <span class='ocrx_word' id='word_1_524' title='bbox 501 4057 773 4114; x_wconf 71' lang='lat' dir='ltr'><strong>humanae</strong></span> <span class='ocrx_word' id='word_1_525' title='bbox 799 4057 1094 4131; x_wconf 73' lang='lat' dir='ltr'><strong>tragilitati</strong></span> <span class='ocrx_word' id='word_1_526' title='bbox 1128 4063 1302 4130; x_wconf 87' lang='lat' dir='ltr'><strong>atque</strong></span> <span class='ocrx_word' id='word_1_527' title='bbox 1333 4058 1633 4130; x_wconf 84' lang='lat' dir='ltr'><strong>cupiditati</strong></span> <span class='ocrx_word' id='word_1_528' title='bbox 1668 4059 1917 4129; x_wconf 87' lang='lat' dir='ltr'><strong>proclive</strong></span> <span class='ocrx_word' id='word_1_529' title='bbox 1948 4058 2168 4114; x_wconf 86' lang='lat' dir='ltr'><strong>sensim</strong></span> <span class='ocrx_word' id='word_1_530' title='bbox 2201 4058 2257 4112; x_wconf 92' lang='lat' dir='ltr'><strong>in</strong></span> <span class='ocrx_word' id='word_1_531' title='bbox 2287 4058 2618 4112; x_wconf 79' lang='lat' dir='ltr'><strong>mundanas</strong></span> <span class='ocrx_word' id='word_1_532' title='bbox 2642 4057 2892 4129; x_wconf 82' lang='lat' dir='ltr'><strong>ineptias</strong></span> <span class='ocrx_word' id='word_1_533' title='bbox 2918 4056 3098 4112; x_wconf 88' lang='lat' dir='ltr'><strong>relabi</strong></span> <span class='ocrx_word' id='word_1_534' title='bbox 3127 4074 3139 4110; x_wconf 93' lang='lat'>:</span> <span class='ocrx_word' id='word_1_535' title='bbox 3172 4073 3351 4130; x_wconf 85' lang='lat' dir='ltr'><strong>quam</strong></span> <span class='ocrx_word' id='word_1_536' title='bbox 3382 4046 3559 4110; x_wconf 79' lang='lat' dir='ltr'><strong>autem</strong></span> <span class='ocrx_word' id='word_1_537' title='bbox 3594 4046 3722 4131; x_wconf 68' lang='lat' dir='ltr'><strong>ardu-</strong></span> 
     </span>
    </p>
   </div>
   <div class='ocr_carea' id='block_1_39' title="bbox 390 4129 3722 4220">
    <p class='ocr_par' dir='ltr' id='par_1_39' title="bbox 390 4129 3722 4220">
     <span class='ocr_line' id='line_1_39' title="bbox 390 4129 3722 4220; baseline -0.002 -20"><span class='ocrx_word' id='word_1_538' title='bbox 390 4162 491 4200; x_wconf 90' lang='lat' dir='ltr'><strong>um</strong></span> <span class='ocrx_word' id='word_1_539' title='bbox 513 4145 570 4201; x_wconf 91' lang='lat' dir='ltr'><strong>in</strong></span> <span class='ocrx_word' id='word_1_540' title='bbox 604 4151 807 4203; x_wconf 91' lang='lat' dir='ltr'><strong>sancto</strong></span> <span class='ocrx_word' id='word_1_541' title='bbox 835 4129 1132 4218; x_wconf 76' lang='lat' dir='ltr'><strong>proposito</strong></span> <span class='ocrx_word' id='word_1_542' title='bbox 1164 4129 1531 4219; x_wconf 80' lang='lat' dir='ltr'><strong>perseverare</strong></span> <span class='ocrx_word' id='word_1_543' title='bbox 1559 4165 1572 4209; x_wconf 85' lang='lat'><strong>:</strong></span> <span class='ocrx_word' id='word_1_544' title='bbox 1605 4153 1780 4220; x_wconf 85' lang='lat' dir='ltr'><strong>atque</strong></span> <span class='ocrx_word' id='word_1_545' title='bbox 1811 4149 1951 4203; x_wconf 83' lang='lat' dir='ltr'><strong>adeo</strong></span> <span class='ocrx_word' id='word_1_546' title='bbox 1974 4147 2118 4219; x_wconf 87' lang='lat' dir='ltr'><strong>ipsis</strong></span> <span class='ocrx_word' id='word_1_547' title='bbox 2152 4150 2215 4201; x_wconf 90' lang='lat' dir='ltr'><strong>ut</strong></span> <span class='ocrx_word' id='word_1_548' title='bbox 2245 4146 2536 4201; x_wconf 66' lang='lat' dir='ltr'><strong>indefesso</strong></span> <span class='ocrx_word' id='word_1_549' title='bbox 2580 4162 2755 4200; x_wconf 83' lang='lat' dir='ltr'><strong>cursu</strong></span> <span class='ocrx_word' id='word_1_550' title='bbox 2786 4146 3071 4200; x_wconf 87' lang='lat' dir='ltr'><strong>vanitates</strong></span> <span class='ocrx_word' id='word_1_551' title='bbox 3112 4129 3360 4218; x_wconf 75' lang='lat' dir='ltr'><strong>fugiant,</strong></span> <span class='ocrx_word' id='word_1_552' title='bbox 3396 4160 3457 4199; x_wconf 84' lang='lat' dir='ltr'><strong>ac</strong></span> <span class='ocrx_word' id='word_1_553' title='bbox 3485 4154 3636 4212; x_wconf 84' lang='lat' dir='ltr'><strong>supra</strong></span> <span class='ocrx_word' id='word_1_554' title='bbox 3677 4129 3722 4185; x_wconf 81' lang='lat' dir='ltr'><strong>i1-</strong></span> 
     </span>
    </p>
   </div>
   <div class='ocr_carea' id='block_1_40' title="bbox 390 4227 3721 4307">
    <p class='ocr_par' dir='ltr' id='par_1_40' title="bbox 390 4227 3721 4307">
     <span class='ocr_line' id='line_1_40' title="bbox 390 4227 3721 4307; baseline -0.001 -20"><span class='ocrx_word' id='word_1_555' title='bbox 390 4232 478 4289; x_wconf 88' lang='lat' dir='ltr'><strong>las</strong></span> <span class='ocrx_word' id='word_1_556' title='bbox 507 4235 678 4306; x_wconf 88' lang='lat' dir='ltr'><strong>positi</strong></span> <span class='ocrx_word' id='word_1_557' title='bbox 712 4238 782 4291; x_wconf 86' lang='lat' dir='ltr'><strong>ad</strong></span> <span class='ocrx_word' id='word_1_558' title='bbox 820 4237 1227 4306; x_wconf 85' lang='lat' dir='ltr'><strong>perfectionem</strong></span> <span class='ocrx_word' id='word_1_559' title='bbox 1263 4235 1660 4292; x_wconf 72' lang='lat' dir='ltr'><strong>indesinenter</strong></span> <span class='ocrx_word' id='word_1_560' title='bbox 1689 4237 2062 4303; x_wconf 85' lang='lat' dir='ltr'><strong>contendant,</strong></span> <span class='ocrx_word' id='word_1_561' title='bbox 2097 4235 2371 4290; x_wconf 77' lang='lat' dir='ltr'><strong>manibus</strong></span> <span class='ocrx_word' id='word_1_562' title='bbox 2403 4235 2770 4307; x_wconf 82' lang='lat' dir='ltr'><strong>pedibusque</strong></span> <span class='ocrx_word' id='word_1_563' title='bbox 2802 4233 3208 4289; x_wconf 86' lang='lat' dir='ltr'><strong>adnitendum.</strong></span> <span class='ocrx_word' id='word_1_564' title='bbox 3242 4232 3393 4289; x_wconf 81' lang='lat' dir='ltr'><strong>Nihil</strong></span> <span class='ocrx_word' id='word_1_565' title='bbox 3424 4227 3566 4288; x_wconf 89' lang='lat' dir='ltr'><strong>aliud</strong></span> <span class='ocrx_word' id='word_1_566' title='bbox 3615 4228 3721 4291; x_wconf 69' lang='lat' dir='ltr'><strong>(08P-</strong></span> 
     </span>
    </p>
   </div>
   <div class='ocr_carea' id='block_1_41' title="bbox 386 4310 3718 4398">
    <p class='ocr_par' dir='ltr' id='par_1_41' title="bbox 386 4310 3718 4398">
     <span class='ocr_line' id='line_1_41' title="bbox 386 4310 3718 4398; baseline -0.002 -23"><span class='ocrx_word' id='word_1_567' title='bbox 386 4324 444 4388; x_wconf 88' lang='lat'><strong>2,</strong></span> <span class='ocrx_word' id='word_1_568' title='bbox 477 4323 530 4389; x_wconf 89' lang='lat'><strong>3,</strong></span> <span class='ocrx_word' id='word_1_569' title='bbox 563 4327 621 4378; x_wconf 91' lang='lat' dir='ltr'><strong>et</strong></span> <span class='ocrx_word' id='word_1_570' title='bbox 648 4324 774 4379; x_wconf 89' lang='lat' dir='ltr'><strong>init.</strong></span> <span class='ocrx_word' id='word_1_571' title='bbox 804 4326 854 4397; x_wconf 69' lang='grc' dir='ltr'><strong>ἅ)</strong></span> <span class='ocrx_word' id='word_1_572' title='bbox 884 4327 939 4379; x_wconf 92' lang='lat' dir='ltr'><strong>in</strong></span> <span class='ocrx_word' id='word_1_573' title='bbox 974 4325 1146 4380; x_wconf 88' lang='lat' dir='ltr'><strong>veteri</strong></span> <span class='ocrx_word' id='word_1_574' title='bbox 1181 4324 1305 4398; x_wconf 83' lang='lat' dir='ltr'><strong>lege</strong></span> <span class='ocrx_word' id='word_1_575' title='bbox 1337 4342 1437 4397; x_wconf 89' lang='lat' dir='ltr'><strong>per</strong></span> <span class='ocrx_word' id='word_1_576' title='bbox 1468 4342 1568 4380; x_wconf 85' lang='lat' dir='ltr'><strong>sex</strong></span> <span class='ocrx_word' id='word_1_577' title='bbox 1593 4325 1725 4379; x_wconf 89' lang='lat' dir='ltr'><strong>illas</strong></span> <span class='ocrx_word' id='word_1_578' title='bbox 1755 4324 1961 4397; x_wconf 81' lang='lat' dir='ltr'><strong>refugii</strong></span> <span class='ocrx_word' id='word_1_579' title='bbox 1995 4325 2261 4380; x_wconf 83' lang='lat' dir='ltr'><strong>civitates</strong></span> <span class='ocrx_word' id='word_1_580' title='bbox 2292 4342 2415 4396; x_wconf 69' lang='lat' dir='ltr'><strong>qua:</strong></span> <span class='ocrx_word' id='word_1_581' title='bbox 2450 4324 2562 4378; x_wconf 79' lang='lat' dir='ltr'><strong>reis</strong></span> <span class='ocrx_word' id='word_1_582' title='bbox 2609 4323 2907 4378; x_wconf 89' lang='lat' dir='ltr'><strong>homicidii</strong></span> <span class='ocrx_word' id='word_1_583' title='bbox 2932 4340 3049 4378; x_wconf 90' lang='lat' dir='ltr'><strong>non</strong></span> <span class='ocrx_word' id='word_1_584' title='bbox 3107 4320 3419 4379; x_wconf 88' lang='lat' dir='ltr'><strong>voluntarii</strong></span> <span class='ocrx_word' id='word_1_585' title='bbox 3482 4310 3718 4398; x_wconf 64' lang='lat' dir='ltr'><strong>patebant.</strong></span> 
     </span>
    </p>
   </div>
   <div class='ocr_carea' id='block_1_42' title="bbox 391 4397 3721 4486">
    <p class='ocr_par' dir='ltr' id='par_1_42' title="bbox 391 4397 3721 4486">
     <span class='ocr_line' id='line_1_42' title="bbox 391 4397 3721 4486; baseline -0.005 -21"><span class='ocrx_word' id='word_1_586' title='bbox 391 4410 786 4481; x_wconf 84' lang='lat' dir='ltr'><strong>significatum</strong></span> <span class='ocrx_word' id='word_1_587' title='bbox 816 4415 1024 4485; x_wconf 88' lang='lat' dir='ltr'><strong>probat</strong></span> <span class='ocrx_word' id='word_1_588' title='bbox 1059 4432 1070 4469; x_wconf 93' lang='lat'>:</span> <span class='ocrx_word' id='word_1_589' title='bbox 1103 4431 1220 4485; x_wconf 85' lang='lat' dir='ltr'><strong>qua</strong></span> <span class='ocrx_word' id='word_1_590' title='bbox 1244 4414 1300 4468; x_wconf 91' lang='lat' dir='ltr'><strong>in</strong></span> <span class='ocrx_word' id='word_1_591' title='bbox 1336 4432 1395 4469; x_wconf 90' lang='lat' dir='ltr'><strong>re</strong></span> <span class='ocrx_word' id='word_1_592' title='bbox 1426 4414 1647 4469; x_wconf 86' lang='lat' dir='ltr'><strong>diutius</strong></span> <span class='ocrx_word' id='word_1_593' title='bbox 1679 4431 1855 4485; x_wconf 87' lang='lat' dir='ltr'><strong>quam</strong></span> <span class='ocrx_word' id='word_1_594' title='bbox 1890 4414 2158 4486; x_wconf 87' lang='lat' dir='ltr'><strong>privatim</strong></span> <span class='ocrx_word' id='word_1_595' title='bbox 2192 4414 2247 4467; x_wconf 90' lang='lat' dir='ltr'><strong>in</strong></span> <span class='ocrx_word' id='word_1_596' title='bbox 2281 4413 2395 4469; x_wconf 86' lang='lat' dir='ltr'><strong>alia</strong></span> <span class='ocrx_word' id='word_1_597' title='bbox 2415 4413 2536 4468; x_wconf 86' lang='lat' dir='ltr'><strong>ulla</strong></span> <span class='ocrx_word' id='word_1_598' title='bbox 2568 4413 2803 4467; x_wconf 87' lang='lat' dir='ltr'><strong>insistit.</strong></span> <span class='ocrx_word' id='word_1_599' title='bbox 2835 4413 3051 4468; x_wconf 87' lang='lat' dir='ltr'><strong>Deinde</strong></span> <span class='ocrx_word' id='word_1_600' title='bbox 3083 4412 3139 4467; x_wconf 91' lang='lat' dir='ltr'><strong>in</strong></span> <span class='ocrx_word' id='word_1_601' title='bbox 3175 4430 3290 4484; x_wconf 89' lang='lat' dir='ltr'><strong>quo</strong></span> <span class='ocrx_word' id='word_1_602' title='bbox 3322 4411 3437 4465; x_wconf 71' lang='lat' dir='ltr'><strong>hare</strong></span> <span class='ocrx_word' id='word_1_603' title='bbox 3472 4408 3590 4477; x_wconf 80' lang='lat' dir='ltr'><strong>fuga</strong></span> <span class='ocrx_word' id='word_1_604' title='bbox 3613 4397 3721 4473; x_wconf 86' lang='lat' dir='ltr'><strong>posi-</strong></span> 
     </span>
    </p>
   </div>
   <div class='ocr_carea' id='block_1_43' title="bbox 390 4491 3721 4574">
    <p class='ocr_par' dir='ltr' id='par_1_43' title="bbox 390 4491 3721 4574">
     <span class='ocr_line' id='line_1_43' title="bbox 390 4491 3721 4574; baseline 0.002 -23"><span class='ocrx_word' id='word_1_605' title='bbox 390 4500 452 4552; x_wconf 88' lang='lat' dir='ltr'><strong>ta</strong></span> <span class='ocrx_word' id='word_1_606' title='bbox 482 4497 582 4566; x_wconf 90' lang='lat' dir='ltr'><strong>sit,</strong></span> <span class='ocrx_word' id='word_1_607' title='bbox 613 4499 866 4556; x_wconf 84' lang='lat' dir='ltr'><strong>declarat</strong></span> <span class='ocrx_word' id='word_1_608' title='bbox 894 4503 1042 4573; x_wconf 86' lang='lat' dir='ltr'><strong>(cap.</strong></span> <span class='ocrx_word' id='word_1_609' title='bbox 1077 4504 1132 4568; x_wconf 81' lang='grc'>4,</span> <span class='ocrx_word' id='word_1_610' title='bbox 1162 4520 1320 4558; x_wconf 91' lang='lat' dir='ltr'><strong>num.</strong></span> <span class='ocrx_word' id='word_1_611' title='bbox 1361 4503 1447 4572; x_wconf 88' lang='grc'><strong>17)</strong></span> <span class='ocrx_word' id='word_1_612' title='bbox 1484 4520 1497 4568; x_wconf 89' lang='grc'>;</span> <span class='ocrx_word' id='word_1_613' title='bbox 1526 4519 1821 4574; x_wconf 88' lang='lat' dir='ltr'><strong>quamque</strong></span> <span class='ocrx_word' id='word_1_614' title='bbox 1852 4502 1968 4557; x_wconf 90' lang='lat' dir='ltr'><strong>illis</strong></span> <span class='ocrx_word' id='word_1_615' title='bbox 1997 4503 2199 4558; x_wconf 88' lang='lat' dir='ltr'><strong>eadem</strong></span> <span class='ocrx_word' id='word_1_616' title='bbox 2233 4502 2508 4574; x_wconf 85' lang='lat' dir='ltr'><strong>gloriosa,</strong></span> <span class='ocrx_word' id='word_1_617' title='bbox 2544 4501 2726 4567; x_wconf 88' lang='lat' dir='ltr'><strong>utilis,</strong></span> <span class='ocrx_word' id='word_1_618' title='bbox 2762 4519 2827 4555; x_wconf 87' lang='lat' dir='ltr'><strong>ac</strong></span> <span class='ocrx_word' id='word_1_619' title='bbox 2859 4501 3191 4557; x_wconf 87' lang='lat' dir='ltr'><strong>necessaria</strong></span> <span class='ocrx_word' id='word_1_620' title='bbox 3216 4501 3292 4557; x_wconf 89' lang='lat' dir='ltr'><strong>sit</strong></span> <span class='ocrx_word' id='word_1_621' title='bbox 3324 4491 3610 4573; x_wconf 87' lang='lat' dir='ltr'><strong>propositis</strong></span> <span class='ocrx_word' id='word_1_622' title='bbox 3654 4502 3721 4558; x_wconf 70' lang='grc'><strong>1³³⁸</strong></span> 
     </span>
    </p>
   </div>
   <div class='ocr_carea' id='block_1_44' title="bbox 386 4586 3718 4663">
    <p class='ocr_par' dir='ltr' id='par_1_44' title="bbox 386 4586 3718 4663">
     <span class='ocr_line' id='line_1_44' title="bbox 386 4586 3718 4663; baseline 0 -24"><span class='ocrx_word' id='word_1_623' title='bbox 386 4586 800 4654; x_wconf 88' lang='lat' dir='ltr'><strong>triarcharum,</strong></span> <span class='ocrx_word' id='word_1_624' title='bbox 834 4591 1274 4661; x_wconf 86' lang='lat' dir='ltr'><strong>prophetarum,</strong></span> <span class='ocrx_word' id='word_1_625' title='bbox 1308 4590 1586 4662; x_wconf 89' lang='lat' dir='ltr'><strong>Apostoli,</strong></span> <span class='ocrx_word' id='word_1_626' title='bbox 1620 4596 1796 4662; x_wconf 87' lang='lat' dir='ltr'><strong>atque</strong></span> <span class='ocrx_word' id='word_1_627' title='bbox 1826 4591 2003 4647; x_wconf 89' lang='lat' dir='ltr'><strong>etiam</strong></span> <span class='ocrx_word' id='word_1_628' title='bbox 2036 4590 2222 4663; x_wconf 87' lang='lat' dir='ltr'><strong>ipsius</strong></span> <span class='ocrx_word' id='word_1_629' title='bbox 2254 4590 2466 4645; x_wconf 88' lang='lat' dir='ltr'><strong>Christi</strong></span> <span class='ocrx_word' id='word_1_630' title='bbox 2498 4590 2728 4645; x_wconf 90' lang='lat' dir='ltr'><strong>Domini</strong></span> <span class='ocrx_word' id='word_1_631' title='bbox 2759 4589 3040 4662; x_wconf 82' lang='lat' dir='ltr'><strong>exemplis</strong></span> <span class='ocrx_word' id='word_1_632' title='bbox 3072 4590 3285 4646; x_wconf 90' lang='lat' dir='ltr'><strong>evincit</strong></span> <span class='ocrx_word' id='word_1_633' title='bbox 3325 4592 3468 4659; x_wconf 87' lang='lat' dir='ltr'><strong>(cap.</strong></span> <span class='ocrx_word' id='word_1_634' title='bbox 3524 4586 3569 4650; x_wconf 72' lang='grc'>4,</span> <span class='ocrx_word' id='word_1_635' title='bbox 3598 4591 3718 4633; x_wconf 77' lang='lat' dir='ltr'><strong>num-</strong></span> 
     </span>
    </p>
   </div>
   <div class='ocr_carea' id='block_1_45' title="bbox 388 4673 3720 4757">
    <p class='ocr_par' dir='ltr' id='par_1_45' title="bbox 388 4673 3720 4757">
     <span class='ocr_line' id='line_1_45' title="bbox 388 4673 3720 4757; baseline -0 -31"><span class='ocrx_word' id='word_1_636' title='bbox 388 4673 457 4727; x_wconf 89' lang='grc'><strong>19</strong></span> <span class='ocrx_word' id='word_1_637' title='bbox 486 4677 544 4728; x_wconf 90' lang='lat' dir='ltr'><strong>et</strong></span> <span class='ocrx_word' id='word_1_638' title='bbox 569 4676 682 4744; x_wconf 88' lang='grc'>20),</span> <span class='ocrx_word' id='word_1_639' title='bbox 714 4676 814 4730; x_wconf 90' lang='lat' dir='ltr'><strong>sed</strong></span> <span class='ocrx_word' id='word_1_640' title='bbox 846 4677 1031 4748; x_wconf 88' lang='lat' dir='ltr'><strong>ipsam</strong></span> <span class='ocrx_word' id='word_1_641' title='bbox 1066 4677 1309 4733; x_wconf 89' lang='lat' dir='ltr'><strong>celerem</strong></span> <span class='ocrx_word' id='word_1_642' title='bbox 1342 4695 1469 4734; x_wconf 86' lang='lat' dir='ltr'><strong>esse</strong></span> <span class='ocrx_word' id='word_1_643' title='bbox 1500 4683 1766 4757; x_wconf 82' lang='lat' dir='ltr'><strong>oportere</strong></span> <span class='ocrx_word' id='word_1_644' title='bbox 1800 4681 1947 4750; x_wconf 83' lang='lat' dir='ltr'><strong>(cap.</strong></span> <span class='ocrx_word' id='word_1_645' title='bbox 1980 4681 2034 4748; x_wconf 83' lang='lat'><strong>6,</strong></span> <span class='ocrx_word' id='word_1_646' title='bbox 2066 4696 2229 4734; x_wconf 89' lang='lat' dir='ltr'><strong>num.</strong></span> <span class='ocrx_word' id='word_1_647' title='bbox 2261 4681 2371 4746; x_wconf 83' lang='lat'><strong>32).</strong></span> <span class='ocrx_word' id='word_1_648' title='bbox 2408 4679 2585 4735; x_wconf 89' lang='lat' dir='ltr'><strong>Docet</strong></span> <span class='ocrx_word' id='word_1_649' title='bbox 2615 4679 2810 4751; x_wconf 91' lang='lat' dir='ltr'><strong>(lbid.)</strong></span> <span class='ocrx_word' id='word_1_650' title='bbox 2835 4680 2961 4751; x_wconf 86' lang='lat' dir='ltr'><strong>ejus</strong></span> <span class='ocrx_word' id='word_1_651' title='bbox 2992 4679 3250 4735; x_wconf 88' lang='lat' dir='ltr'><strong>stadium</strong></span> <span class='ocrx_word' id='word_1_652' title='bbox 3283 4694 3349 4733; x_wconf 86' lang='lat' dir='ltr'><strong>ac</strong></span> <span class='ocrx_word' id='word_1_653' title='bbox 3380 4677 3577 4729; x_wconf 80' lang='lat' dir='ltr'><strong>metam</strong></span> <span class='ocrx_word' id='word_1_654' title='bbox 3602 4678 3720 4757; x_wconf 48' lang='lat' dir='ltr'><strong>sunj&#39;</strong></span> 
     </span>
    </p>
   </div>
   <div class='ocr_carea' id='block_1_46' title="bbox 383 4749 3714 4839">
    <p class='ocr_par' dir='ltr' id='par_1_46' title="bbox 383 4749 3714 4839">
     <span class='ocr_line' id='line_1_46' title="bbox 383 4749 3714 4839; baseline -0.001 -22"><span class='ocrx_word' id='word_1_655' title='bbox 383 4778 546 4817; x_wconf 91' lang='lat' dir='ltr'><strong>mum</strong></span> <span class='ocrx_word' id='word_1_656' title='bbox 581 4768 759 4834; x_wconf 87' lang='lat' dir='ltr'><strong>atque</strong></span> <span class='ocrx_word' id='word_1_657' title='bbox 788 4763 1265 4822; x_wconf 86' lang='lat' dir='ltr'><strong>incommutabile</strong></span> <span class='ocrx_word' id='word_1_658' title='bbox 1293 4767 1511 4821; x_wconf 89' lang='lat' dir='ltr'><strong>bonum</strong></span> <span class='ocrx_word' id='word_1_659' title='bbox 1540 4749 1696 4829; x_wconf 71' lang='lat' dir='ltr'><strong>esse,</strong></span> <span class='ocrx_word' id='word_1_660' title='bbox 1728 4749 1836 4822; x_wconf 88' lang='lat' dir='ltr'><strong>hoc</strong></span> <span class='ocrx_word' id='word_1_661' title='bbox 1857 4749 1943 4822; x_wconf 83' lang='lat' dir='ltr'><strong>est</strong></span> <span class='ocrx_word' id='word_1_662' title='bbox 1976 4769 2158 4823; x_wconf 85' lang='lat' dir='ltr'><strong>Deum</strong></span> <span class='ocrx_word' id='word_1_663' title='bbox 2191 4768 2409 4839; x_wconf 84' lang='lat' dir='ltr'><strong>ipsum,</strong></span> <span class='ocrx_word' id='word_1_664' title='bbox 2448 4749 2808 4839; x_wconf 86' lang='lat' dir='ltr'><strong>proindeque</strong></span> <span class='ocrx_word' id='word_1_665' title='bbox 2866 4749 3028 4821; x_wconf 84' lang='lat' dir='ltr'><strong>nullo</strong></span> <span class='ocrx_word' id='word_1_666' title='bbox 3058 4766 3171 4822; x_wconf 89' lang='lat' dir='ltr'><strong>alio</strong></span> <span class='ocrx_word' id='word_1_667' title='bbox 3204 4763 3439 4823; x_wconf 90' lang='lat' dir='ltr'><strong>stimulo</strong></span> <span class='ocrx_word' id='word_1_668' title='bbox 3496 4760 3623 4832; x_wconf 74' lang='lat' dir='ltr'><strong>(cap.</strong></span> <span class='ocrx_word' id='word_1_669' title='bbox 3674 4749 3714 4813; x_wconf 70' lang='grc'><strong>7,</strong></span> 
     </span>
    </p>
   </div>
   <div class='ocr_carea' id='block_1_47' title="bbox 382 4853 3720 4927">
    <p class='ocr_par' dir='ltr' id='par_1_47' title="bbox 382 4853 3720 4927">
     <span class='ocr_line' id='line_1_47' title="bbox 382 4853 3720 4927; baseline -0.002 -20"><span class='ocrx_word' id='word_1_670' title='bbox 382 4868 548 4907; x_wconf 90' lang='lat' dir='ltr'><strong>num.</strong></span> <span class='ocrx_word' id='word_1_671' title='bbox 581 4853 650 4907; x_wconf 87' lang='lat'><strong>37</strong></span> <span class='ocrx_word' id='word_1_672' title='bbox 688 4856 746 4909; x_wconf 91' lang='lat' dir='ltr'><strong>et</strong></span> <span class='ocrx_word' id='word_1_673' title='bbox 775 4855 924 4925; x_wconf 89' lang='lat' dir='ltr'><strong>seq.)</strong></span> <span class='ocrx_word' id='word_1_674' title='bbox 956 4854 1086 4910; x_wconf 91' lang='lat' dir='ltr'><strong>lllos</strong></span> <span class='ocrx_word' id='word_1_675' title='bbox 1117 4855 1310 4910; x_wconf 88' lang='lat' dir='ltr'><strong>acrius</strong></span> <span class='ocrx_word' id='word_1_676' title='bbox 1339 4856 1575 4911; x_wconf 67' lang='lat' dir='ltr'><strong>excitari</strong></span> <span class='ocrx_word' id='word_1_677' title='bbox 1609 4857 1817 4912; x_wconf 89' lang='lat' dir='ltr'><strong>debere</strong></span> <span class='ocrx_word' id='word_1_678' title='bbox 1845 4858 1915 4912; x_wconf 90' lang='lat' dir='ltr'><strong>ad</strong></span> <span class='ocrx_word' id='word_1_679' title='bbox 1947 4856 2310 4913; x_wconf 87' lang='lat' dir='ltr'><strong>evadendum</strong></span> <span class='ocrx_word' id='word_1_680' title='bbox 2342 4873 2373 4911; x_wconf 90' lang='lat' dir='ltr'><strong>e</strong></span> <span class='ocrx_word' id='word_1_681' title='bbox 2406 4857 2648 4922; x_wconf 91' lang='lat' dir='ltr'><strong>mundo,</strong></span> <span class='ocrx_word' id='word_1_682' title='bbox 2683 4855 2782 4911; x_wconf 91' lang='lat' dir='ltr'><strong>ubi</strong></span> <span class='ocrx_word' id='word_1_683' title='bbox 2813 4855 3009 4911; x_wconf 91' lang='lat' dir='ltr'><strong>divino</strong></span> <span class='ocrx_word' id='word_1_684' title='bbox 3034 4855 3323 4927; x_wconf 89' lang='lat' dir='ltr'><strong>permissu</strong></span> <span class='ocrx_word' id='word_1_685' title='bbox 3356 4853 3611 4908; x_wconf 88' lang='lat' dir='ltr'><strong>hactenus</strong></span> <span class='ocrx_word' id='word_1_686' title='bbox 3631 4854 3720 4913; x_wconf 75' lang='lat' dir='ltr'><strong>pec-</strong></span> 
     </span>
    </p>
   </div>
   <div class='ocr_carea' id='block_1_48' title="bbox 379 4929 3720 5017">
    <p class='ocr_par' dir='ltr' id='par_1_48' title="bbox 379 4929 3720 5017">
     <span class='ocr_line' id='line_1_48' title="bbox 379 4929 3720 5017; baseline -0.002 -20"><span class='ocrx_word' id='word_1_687' title='bbox 379 4945 578 4998; x_wconf 90' lang='lat' dir='ltr'><strong>catum</strong></span> <span class='ocrx_word' id='word_1_688' title='bbox 612 4946 668 4999; x_wconf 91' lang='lat' dir='ltr'><strong>et</strong></span> <span class='ocrx_word' id='word_1_689' title='bbox 697 4942 1391 5016; x_wconf 73' lang='lat' dir='ltr'><strong>malitia&#39;perseverant,et</strong></span> <span class='ocrx_word' id='word_1_690' title='bbox 1421 4945 1575 5000; x_wconf 91' lang='lat' dir='ltr'><strong>unde</strong></span> <span class='ocrx_word' id='word_1_691' title='bbox 1606 4945 1855 5017; x_wconf 88' lang='lat' dir='ltr'><strong>ipsemet</strong></span> <span class='ocrx_word' id='word_1_692' title='bbox 1885 4945 2154 5003; x_wconf 90' lang='lat' dir='ltr'><strong>Christus</strong></span> <span class='ocrx_word' id='word_1_693' title='bbox 2188 4946 2299 5001; x_wconf 86' lang='lat' dir='ltr'><strong>ista</strong></span> <span class='ocrx_word' id='word_1_694' title='bbox 2329 4945 2645 5017; x_wconf 86' lang='lat' dir='ltr'><strong>exstirpare</strong></span> <span class='ocrx_word' id='word_1_695' title='bbox 2676 4944 3227 5017; x_wconf 86' lang='lat' dir='ltr'><strong>noluit,quanquam</strong></span> <span class='ocrx_word' id='word_1_696' title='bbox 3258 4957 3456 5000; x_wconf 89' lang='lat' dir='ltr'><strong>eorum</strong></span> <span class='ocrx_word' id='word_1_697' title='bbox 3481 4929 3720 4994; x_wconf 83' lang='lat' dir='ltr'><strong>diabolum</strong></span> 
     </span>
    </p>
   </div>
   <div class='ocr_carea' id='block_1_49' title="bbox 378 5032 877 5088">
    <p class='ocr_par' dir='ltr' id='par_1_49' title="bbox 378 5032 877 5088">
     <span class='ocr_line' id='line_1_49' title="bbox 378 5032 877 5088; baseline 0.002 -1"><span class='ocrx_word' id='word_1_698' title='bbox 378 5032 877 5088; x_wconf 88' lang='lat' dir='ltr'><strong>condemnaverit.</strong></span> 
     </span>
    </p>
   </div>
   <div class='ocr_carea' id='block_1_50' title="bbox 444 5103 3720 5194">
    <p class='ocr_par' dir='ltr' id='par_1_50' title="bbox 444 5103 3720 5194">
     <span class='ocr_line' id='line_1_50' title="bbox 444 5103 3720 5194; baseline -0.004 -19"><span class='ocrx_word' id='word_1_699' title='bbox 444 5120 661 5177; x_wconf 89' lang='lat' dir='ltr'><strong>Verum</strong></span> <span class='ocrx_word' id='word_1_700' title='bbox 692 5139 825 5177; x_wconf 92' lang='lat' dir='ltr'><strong>cum</strong></span> <span class='ocrx_word' id='word_1_701' title='bbox 857 5122 907 5178; x_wconf 92' lang='lat' dir='ltr'><strong>ci</strong></span> <span class='ocrx_word' id='word_1_702' title='bbox 941 5139 976 5177; x_wconf 90' lang='lat' dir='ltr'><strong>a</strong></span> <span class='ocrx_word' id='word_1_703' title='bbox 1006 5122 1303 5179; x_wconf 86' lang='lat' dir='ltr'><strong>novisillis</strong></span> <span class='ocrx_word' id='word_1_704' title='bbox 1324 5122 1671 5179; x_wconf 85' lang='lat' dir='ltr'><strong>Christianis</strong></span> <span class='ocrx_word' id='word_1_705' title='bbox 1702 5122 1875 5193; x_wconf 90' lang='lat' dir='ltr'><strong>objici</strong></span> <span class='ocrx_word' id='word_1_706' title='bbox 1909 5127 2106 5194; x_wconf 89' lang='lat' dir='ltr'><strong>posset</strong></span> <span class='ocrx_word' id='word_1_707' title='bbox 2135 5121 2489 5194; x_wconf 84' lang='lat' dir='ltr'><strong>quibusdam</strong></span> <span class='ocrx_word' id='word_1_708' title='bbox 2515 5120 2764 5178; x_wconf 89' lang='lat' dir='ltr'><strong>vinculis</strong></span> <span class='ocrx_word' id='word_1_709' title='bbox 2794 5138 2923 5179; x_wconf 87' lang='lat' dir='ltr'><strong>sese</strong></span> <span class='ocrx_word' id='word_1_710' title='bbox 2951 5120 3296 5193; x_wconf 81' lang='lat' dir='ltr'><strong>constringi,</strong></span> <span class='ocrx_word' id='word_1_711' title='bbox 3317 5134 3419 5193; x_wconf 87' lang='lat' dir='ltr'><strong>per</strong></span> <span class='ocrx_word' id='word_1_712' title='bbox 3438 5130 3553 5189; x_wconf 62' lang='lat' dir='ltr'><strong>quae</strong></span> <span class='ocrx_word' id='word_1_713' title='bbox 3569 5103 3720 5165; x_wconf 74' lang='lat' dir='ltr'><strong>sibiex</strong></span> 
     </span>
    </p>
   </div>
   <div class='ocr_carea' id='block_1_51' title="bbox 374 5204 3717 5283">
    <p class='ocr_par' dir='ltr' id='par_1_51' title="bbox 374 5204 3717 5283">
     <span class='ocr_line' id='line_1_51' title="bbox 374 5204 3717 5283; baseline -0.002 -20"><span class='ocrx_word' id='word_1_714' title='bbox 374 5210 597 5265; x_wconf 89' lang='lat' dir='ltr'><strong>mundo</strong></span> <span class='ocrx_word' id='word_1_715' title='bbox 628 5210 937 5283; x_wconf 78' lang='lat' dir='ltr'><strong>profugere</strong></span> <span class='ocrx_word' id='word_1_716' title='bbox 969 5210 1431 5283; x_wconf 89' lang='lat' dir='ltr'><strong>haudquaquam</strong></span> <span class='ocrx_word' id='word_1_717' title='bbox 1465 5210 1685 5275; x_wconf 81' lang='lat' dir='ltr'><strong>liceret,</strong></span> <span class='ocrx_word' id='word_1_718' title='bbox 1719 5211 1865 5283; x_wconf 91' lang='lat' dir='ltr'><strong>ipsis</strong></span> <span class='ocrx_word' id='word_1_719' title='bbox 1894 5211 2082 5283; x_wconf 90' lang='lat' dir='ltr'><strong>aperit</strong></span> <span class='ocrx_word' id='word_1_720' title='bbox 2110 5211 2258 5281; x_wconf 89' lang='lat' dir='ltr'><strong>(cap.</strong></span> <span class='ocrx_word' id='word_1_721' title='bbox 2292 5213 2345 5276; x_wconf 91' lang='lat'><strong>8,</strong></span> <span class='ocrx_word' id='word_1_722' title='bbox 2380 5227 2542 5264; x_wconf 92' lang='lat' dir='ltr'><strong>num.</strong></span> <span class='ocrx_word' id='word_1_723' title='bbox 2578 5212 2647 5264; x_wconf 71' lang='grc'><strong>45</strong></span> <span class='ocrx_word' id='word_1_724' title='bbox 2674 5215 2731 5267; x_wconf 89' lang='lat' dir='ltr'><strong>et</strong></span> <span class='ocrx_word' id='word_1_725' title='bbox 2761 5210 2908 5283; x_wconf 89' lang='lat' dir='ltr'><strong>seq.)</strong></span> <span class='ocrx_word' id='word_1_726' title='bbox 2941 5228 3059 5283; x_wconf 90' lang='lat' dir='ltr'><strong>qua</strong></span> <span class='ocrx_word' id='word_1_727' title='bbox 3088 5210 3314 5265; x_wconf 88' lang='lat' dir='ltr'><strong>ratione</strong></span> <span class='ocrx_word' id='word_1_728' title='bbox 3341 5204 3609 5262; x_wconf 87' lang='lat' dir='ltr'><strong>mundum</strong></span> <span class='ocrx_word' id='word_1_729' title='bbox 3625 5206 3717 5247; x_wconf 70' lang='grc' dir='ltr'><strong>ευτ’</strong></span> 
     </span>
    </p>
   </div>
   <div class='ocr_carea' id='block_1_52' title="bbox 370 5291 3716 5372">
    <p class='ocr_par' dir='ltr' id='par_1_52' title="bbox 370 5291 3716 5372">
     <span class='ocr_line' id='line_1_52' title="bbox 370 5291 3716 5372; baseline -0.004 -20"><span class='ocrx_word' id='word_1_730' title='bbox 370 5314 508 5368; x_wconf 88' lang='lat' dir='ltr'><strong>pore</strong></span> <span class='ocrx_word' id='word_1_731' title='bbox 534 5316 650 5354; x_wconf 91' lang='lat' dir='ltr'><strong>non</strong></span> <span class='ocrx_word' id='word_1_732' title='bbox 678 5301 1031 5367; x_wconf 88' lang='lat' dir='ltr'><strong>deserentes,</strong></span> <span class='ocrx_word' id='word_1_733' title='bbox 1062 5300 1197 5369; x_wconf 82' lang='lat' dir='ltr'><strong>inde</strong></span> <span class='ocrx_word' id='word_1_734' title='bbox 1228 5302 1424 5356; x_wconf 87' lang='lat' dir='ltr'><strong>animo</strong></span> <span class='ocrx_word' id='word_1_735' title='bbox 1449 5308 1685 5372; x_wconf 85' lang='lat' dir='ltr'><strong>possent.</strong></span> <span class='ocrx_word' id='word_1_736' title='bbox 1713 5301 1956 5366; x_wconf 89' lang='lat' dir='ltr'><strong>evolare,</strong></span> <span class='ocrx_word' id='word_1_737' title='bbox 1989 5299 2104 5356; x_wconf 93' lang='lat' dir='ltr'><strong>Deo</strong></span> <span class='ocrx_word' id='word_1_738' title='bbox 2135 5300 2303 5355; x_wconf 88' lang='lat' dir='ltr'><strong>unice</strong></span> <span class='ocrx_word' id='word_1_739' title='bbox 2334 5299 2647 5364; x_wconf 63' lang='lat' dir='ltr'><strong>adhaerere,</strong></span> <span class='ocrx_word' id='word_1_740' title='bbox 2680 5300 2988 5356; x_wconf 78' lang='lat' dir='ltr'><strong>adservare</strong></span> <span class='ocrx_word' id='word_1_741' title='bbox 3018 5302 3146 5372; x_wconf 88' lang='lat' dir='ltr'><strong>ejus</strong></span> <span class='ocrx_word' id='word_1_742' title='bbox 3176 5299 3475 5372; x_wconf 65' lang='lat' dir='ltr'><strong>praecepta,</strong></span> <span class='ocrx_word' id='word_1_743' title='bbox 3520 5291 3570 5344; x_wconf 89' lang='lat' dir='ltr'><strong>et</strong></span> <span class='ocrx_word' id='word_1_744' title='bbox 3595 5293 3716 5340; x_wconf 69' lang='lat' dir='ltr'><strong>occa-</strong></span> 
     </span>
    </p>
   </div>
   <div class='ocr_carea' id='block_1_53' title="bbox 373 5376 3714 5460">
    <p class='ocr_par' dir='ltr' id='par_1_53' title="bbox 373 5376 3714 5460">
     <span class='ocr_line' id='line_1_53' title="bbox 373 5376 3714 5460; baseline -0.004 -22"><span class='ocrx_word' id='word_1_745' title='bbox 373 5384 597 5440; x_wconf 89' lang='lat' dir='ltr'><strong>sionem</strong></span> <span class='ocrx_word' id='word_1_746' title='bbox 630 5387 876 5442; x_wconf 88' lang='lat' dir='ltr'><strong>ulterius</strong></span> <span class='ocrx_word' id='word_1_747' title='bbox 906 5386 1086 5449; x_wconf 67' lang='lat' dir='ltr'><strong>imvia</strong></span> <span class='ocrx_word' id='word_1_748' title='bbox 1115 5389 1347 5443; x_wconf 86' lang='lat' dir='ltr'><strong>virtutis</strong></span> <span class='ocrx_word' id='word_1_749' title='bbox 1380 5388 1785 5460; x_wconf 81' lang='lat' dir='ltr'><strong>progrediendi</strong></span> <span class='ocrx_word' id='word_1_750' title='bbox 1820 5388 2041 5443; x_wconf 90' lang='lat' dir='ltr'><strong>nullam</strong></span> <span class='ocrx_word' id='word_1_751' title='bbox 2071 5404 2185 5443; x_wconf 93' lang='lat' dir='ltr'><strong>non</strong></span> <span class='ocrx_word' id='word_1_752' title='bbox 2220 5388 2492 5459; x_wconf 88' lang='lat' dir='ltr'><strong>arripere.</strong></span> <span class='ocrx_word' id='word_1_753' title='bbox 2524 5388 2608 5442; x_wconf 87' lang='lat' dir='ltr'><strong>Ad</strong></span> <span class='ocrx_word' id='word_1_754' title='bbox 2641 5392 2970 5444; x_wconf 82' lang='lat' dir='ltr'><strong>extremum</strong></span> <span class='ocrx_word' id='word_1_755' title='bbox 3001 5388 3141 5445; x_wconf 91' lang='lat' dir='ltr'><strong>huic</strong></span> <span class='ocrx_word' id='word_1_756' title='bbox 3199 5376 3568 5458; x_wconf 86' lang='lat' dir='ltr'><strong>disputationi</strong></span> <span class='ocrx_word' id='word_1_757' title='bbox 3593 5382 3714 5428; x_wconf 86' lang='lat' dir='ltr'><strong>coro-</strong></span> 
     </span>
    </p>
   </div>
   <div class='ocr_carea' id='block_1_54' title="bbox 374 5470 3713 5556">
    <p class='ocr_par' dir='ltr' id='par_1_54' title="bbox 374 5470 3713 5556">
     <span class='ocr_line' id='line_1_54' title="bbox 374 5470 3713 5556; baseline -0 -32"><span class='ocrx_word' id='word_1_758' title='bbox 374 5472 567 5526; x_wconf 91' lang='lat' dir='ltr'><strong>nidem</strong></span> <span class='ocrx_word' id='word_1_759' title='bbox 600 5475 764 5544; x_wconf 89' lang='lat' dir='ltr'><strong>ponit</strong></span> <span class='ocrx_word' id='word_1_760' title='bbox 793 5475 1487 5547; x_wconf 79' lang='lat' dir='ltr'><strong>vehementissimejuxta</strong></span> <span class='ocrx_word' id='word_1_761' title='bbox 1520 5494 1584 5532; x_wconf 89' lang='lat' dir='ltr'><strong>ac</strong></span> <span class='ocrx_word' id='word_1_762' title='bbox 1617 5477 2031 5533; x_wconf 53' lang='lat' dir='ltr'><strong>facundissime</strong></span> <span class='ocrx_word' id='word_1_763' title='bbox 2062 5476 2420 5532; x_wconf 81' lang='lat' dir='ltr'><strong>exhortando</strong></span> <span class='ocrx_word' id='word_1_764' title='bbox 2447 5478 2596 5549; x_wconf 89' lang='lat' dir='ltr'><strong>(cap.</strong></span> <span class='ocrx_word' id='word_1_765' title='bbox 2629 5476 2685 5542; x_wconf 82' lang='lat'><strong>9,</strong></span> <span class='ocrx_word' id='word_1_766' title='bbox 2714 5470 2879 5532; x_wconf 78' lang='lat' dir='ltr'><strong>num.</strong></span> <span class='ocrx_word' id='word_1_767' title='bbox 2912 5478 2976 5532; x_wconf 87' lang='grc'><strong>51</strong></span> <span class='ocrx_word' id='word_1_768' title='bbox 3021 5482 3078 5534; x_wconf 88' lang='lat' dir='ltr'><strong>et</strong></span> <span class='ocrx_word' id='word_1_769' title='bbox 3106 5475 3274 5547; x_wconf 88' lang='lat' dir='ltr'><strong>seq.).</strong></span> <span class='ocrx_word' id='word_1_770' title='bbox 3307 5489 3377 5529; x_wconf 89' lang='lat' dir='ltr'><strong>ne</strong></span> <span class='ocrx_word' id='word_1_771' title='bbox 3413 5484 3537 5526; x_wconf 90' lang='lat' dir='ltr'><strong>cum</strong></span> 
     </span>
    </p>
   </div>
   <div class='ocr_carea' id='block_1_55' title="bbox 372 5556 3713 5642">
    <p class='ocr_par' dir='ltr' id='par_1_55' title="bbox 372 5556 3713 5642">
     <span class='ocr_line' id='line_1_55' title="bbox 372 5556 3713 5642; baseline 0 -31"><span class='ocrx_word' id='word_1_772' title='bbox 372 5556 505 5614; x_wconf 89' lang='lat' dir='ltr'><strong>culo</strong></span> <span class='ocrx_word' id='word_1_773' title='bbox 537 5561 630 5613; x_wconf 92' lang='lat' dir='ltr'><strong>cui</strong></span> <span class='ocrx_word' id='word_1_774' title='bbox 667 5562 845 5615; x_wconf 86' lang='lat' dir='ltr'><strong>semel</strong></span> <span class='ocrx_word' id='word_1_775' title='bbox 874 5563 934 5617; x_wconf 89' lang='lat' dir='ltr'><strong>in</strong></span> <span class='ocrx_word' id='word_1_776' title='bbox 974 5565 1328 5633; x_wconf 86' lang='lat' dir='ltr'><strong>baptismate</strong></span> <span class='ocrx_word' id='word_1_777' title='bbox 1364 5569 1425 5618; x_wconf 87' lang='lat' dir='ltr'><strong>ut</strong></span> <span class='ocrx_word' id='word_1_778' title='bbox 1455 5582 1593 5620; x_wconf 85' lang='lat' dir='ltr'><strong>suas</strong></span> <span class='ocrx_word' id='word_1_779' title='bbox 1625 5566 1734 5620; x_wconf 87' lang='lat' dir='ltr'><strong>sibi</strong></span> <span class='ocrx_word' id='word_1_780' title='bbox 1770 5582 1860 5621; x_wconf 87' lang='lat' dir='ltr'><strong>res</strong></span> <span class='ocrx_word' id='word_1_781' title='bbox 1890 5565 2133 5621; x_wconf 86' lang='lat' dir='ltr'><strong>haberet</strong></span> <span class='ocrx_word' id='word_1_782' title='bbox 2164 5564 2411 5621; x_wconf 85' lang='lat' dir='ltr'><strong>solemni</strong></span> <span class='ocrx_word' id='word_1_783' title='bbox 2436 5565 2680 5621; x_wconf 80' lang='lat' dir='ltr'><strong>divortio</strong></span> <span class='ocrx_word' id='word_1_784' title='bbox 2704 5566 3023 5630; x_wconf 83' lang='lat' dir='ltr'><strong>edixerant,</strong></span> <span class='ocrx_word' id='word_1_785' title='bbox 3057 5566 3233 5621; x_wconf 90' lang='lat' dir='ltr'><strong>ullam</strong></span> <span class='ocrx_word' id='word_1_786' title='bbox 3269 5563 3323 5617; x_wconf 90' lang='lat' dir='ltr'><strong>in</strong></span> <span class='ocrx_word' id='word_1_787' title='bbox 3347 5563 3617 5633; x_wconf 84' lang='lat' dir='ltr'><strong>posterum</strong></span> <span class='ocrx_word' id='word_1_788' title='bbox 3634 5559 3713 5642; x_wconf 45' lang='lat'><strong>&quot;3‘&quot;</strong></span> 
     </span>
    </p>
   </div>
   <div class='ocr_carea' id='block_1_56' title="bbox 371 5629 3713 5727">
    <p class='ocr_par' dir='ltr' id='par_1_56' title="bbox 371 5629 3713 5727">
     <span class='ocr_line' id='line_1_56' title="bbox 371 5629 3713 5727; baseline -0.001 -26"><span class='ocrx_word' id='word_1_789' title='bbox 371 5651 501 5702; x_wconf 89' lang='lat' dir='ltr'><strong>rent</strong></span> <span class='ocrx_word' id='word_1_790' title='bbox 531 5647 890 5710; x_wconf 86' lang='lat' dir='ltr'><strong>societatem,</strong></span> <span class='ocrx_word' id='word_1_791' title='bbox 923 5652 1184 5720; x_wconf 84' lang='lat' dir='ltr'><strong>persuasi</strong></span> <span class='ocrx_word' id='word_1_792' title='bbox 1220 5652 1497 5707; x_wconf 86' lang='lat' dir='ltr'><strong>nimirum</strong></span> <span class='ocrx_word' id='word_1_793' title='bbox 1530 5653 1589 5708; x_wconf 92' lang='lat' dir='ltr'><strong>in</strong></span> <span class='ocrx_word' id='word_1_794' title='bbox 1612 5672 1672 5709; x_wconf 86' lang='lat' dir='ltr'><strong>se</strong></span> <span class='ocrx_word' id='word_1_795' title='bbox 1705 5672 1817 5709; x_wconf 91' lang='lat' dir='ltr'><strong>non</strong></span> <span class='ocrx_word' id='word_1_796' title='bbox 1843 5656 1969 5725; x_wconf 88' lang='lat' dir='ltr'><strong>jam</strong></span> <span class='ocrx_word' id='word_1_797' title='bbox 2001 5660 2253 5711; x_wconf 88' lang='lat' dir='ltr'><strong>veterem</strong></span> <span class='ocrx_word' id='word_1_798' title='bbox 2303 5654 2602 5712; x_wconf 88' lang='lat' dir='ltr'><strong>hominem</strong></span> <span class='ocrx_word' id='word_1_799' title='bbox 2661 5670 2939 5727; x_wconf 89' lang='lat' dir='ltr'><strong>apparere</strong></span> <span class='ocrx_word' id='word_1_800' title='bbox 2996 5655 3223 5725; x_wconf 88' lang='lat' dir='ltr'><strong>debere,</strong></span> <span class='ocrx_word' id='word_1_801' title='bbox 3272 5650 3372 5707; x_wconf 90' lang='lat' dir='ltr'><strong>sed</strong></span> <span class='ocrx_word' id='word_1_802' title='bbox 3429 5654 3614 5703; x_wconf 84' lang='lat' dir='ltr'><strong>novam</strong></span> <span class='ocrx_word' id='word_1_803' title='bbox 3664 5629 3713 5685; x_wconf 68' lang='lat' dir='ltr'><strong>il&quot;</strong></span> 
     </span>
    </p>
   </div>
  </div>
