3830 6206
306 349 431 413 599

1769 356 1835 420 S.
1879 354 2253 421 AMBROSII

3582 355 3695 424 600'

306 484 526 541 tionem
565 482 870 559 impedivit
910 504 924 545 :
967 492 1031 546 cs
1070 487 1288 558 libavit,
1331 494 1377 545 ct
1424 489 1639 548 crimen
1682 490 1884 546 retulit
1932 506 1946 546 :
1980 498 2033 562 Α
2062 489 2324 549 civitates
2353 490 2425 548 ad
2457 490 2566 549 hoc
2593 507 2811 550 munus
2841 490 3150 567 deputata.
3200 490 3554 562 Secundum,
3585 510 3688 565 qua

304 577 499 632 tactus
529 576 793 649 contigit,
825 583 881 634 ct
910 580 1103 651 ignem
1134 581 1403 635 adolevit.
1439 604 1465 629 «
1498 582 1737 636 Intravit
1789 598 1947 635 mors

309 681 412 737 per
438 664 775 737 fenestram,
810 690 837 715 ιι
868 668 1014 724 dixit
1043 670 1327 742 prepheta
1354 672 1565 741 (Jemx,
1599 674 1708 738 2t).
1746 672 1947 726 Fenes-

308 757 400 809 tra
427 758 526 810 tua
558 761 646 811 est
674 756 877 812 oculus
909 759 1130 814 tuus.Si
1163 760 1360 814 videas
1390 760 1694 815 mulierem
1723 761 1793 815 ad
1818 776 1950 815 con-

310 844 750 915 cupiscendum,
785 847 1024 903 intravit
1054 865 1213 904 mors
1269 868 1281 904 :
1334 849 1381 904 si
1411 850 1617 905 audias
1651 866 1951 905 sermones

309 932 686 1001 meretricios,
721 934 957 991 intravit
988 954 1147 992 mors
1183 955 1195 992 :
1234 938 1278 992 si
1313 938 1544 993 luxuria
1574 956 1785 995 sensus
1818 944 1952 994 tuos

309 1022 519 1093 capiat,
551 1026 871 1094 penetravit
921 1042 1099 1081 mors.
1132 1028 1202 1081 Et
1257 1028 1384 1082 ideo
1433 1028 1533 1099 qui
1581 1027 1705 1082 vult
1751 1044 1950 1083 ascen-

309 1110 465 1176 dere,
498 1128 614 1167 non
646 1112 776 1168 laeta
815 1114 1034 1183 saeculi,
1069 1133 1184 1171 non
1219 1134 1465 1183 amoma,
1496 1134 1611 1173 non
1642 1117 1951 1172 delectabi-

310 1198 519 1264 lia,scd
554 1200 725 1272 plena
756 1202 974 1259 doloris
1006 1210 1061 1259 et
1093 1205 1263 1261 fletus
1296 1213 1603 1275 sequatur;
1638 1206 1847 1262 melius
1869 1211 1959 1261 est

311 1288 467 1343 enim
500 1289 584 1345 ire
616 1290 673 1344 in
706 1291 945 1346 domum
979 1292 1191 1359 luctus,
1226 1311 1401 1365 quam
1435 1295 1490 1349 in
1525 1296 1763 1350 domum
1812 1312 1955 1368 gau-

312 1377 412 1432 dii.
448 1378 708 1450 Denique
740 1398 843 1435 ncc
873 1384 1056 1437 Adam
1101 1384 1171 1438 de
1220 1385 1488 1456 paradiso
1538 1385 1953 1451 descendisset,

311 1464 425 1521 nisi
456 1467 833 1525 delectatione
865 1471 1140 1542 deceptus
1170 1476 1341 1527 esset.

381 1555 687 1613 4.Pulchre
704 1556 881 1630 igitur
901 1559 1207 1632 David,qui
1229 1560 1587 1633 periculosos
1616 1561 1955 1633 hominis(6)

312 1644 486 1701 etiam
514 1646 674 1718 ipsos
706 1653 977 1719 aspectus
1008 1649 1199 1705 fuerat
1228 1651 1763 1722 expertus,l)eatum
1786 1650 1951 1706 illum

312 1733 472 1802 dicit,
507 1735 599 1790 cui
631 1753 764 1808 spes
792 1738 985 1793 omnis
1007 1739 1067 1793 in
1096 1740 1192 1794 Dei
1229 1740 1465 1795 nomine
1493 1741 1953 1811 cst(Psal.xxx1x,

2059 580 2281 637 ratione
2308 598 2408 637 sex
2440 599 2704 651 numero,
2738 599 2850 640 non
2883 581 3041 639 enim
3073 581 3259 639 otiose
3289 597 3569 638 numerus
3604 582 3691 639 hic

2057 670 2431 743 prazscriptus
2462 672 2686 727 videtur
2717 687 2905 743 neque
2937 671 3197 743 plurium
3228 687 3421 741 neque
3471 672 3685 743 paucio-

2059 775 2191 815 rum
2224 760 2541 815 civitatum.
2575 761 2860 823 Tertium,
2892 776 2999 816 cur
3028 764 3149 815 tres
3194 759 3347 815 ultra
3394 760 3689 816 Jordanem

2060 848 2405 914 civitates,et
2418 854 2537 904 tres
2558 850 2612 904 in
2645 850 2879 921 regione
2901 849 3230 905 Cbananzea
3250 848 3548 920 dispositae
3566 850 3692 915 sint,

2061 953 2192 1009 quae
2220 938 2442 1009 refugio
2476 938 2853 1010 peccantibus
2884 937 3520 1007 forent.Quartum,cur
3539 937 3694 991 dinu-

2063 1027 2309 1081 meratio
2341 1032 2395 1082 et
2425 1027 2689 1082 definitio
2720 1025 3002 1099 temporis
3034 1026 3459 1099 comprehensa
3501 1026 3591 1091 sit,
3619 1025 3694 1081 in-

2063 1120 2153 1171 tra
2183 1116 2334 1187 quod
2369 1116 2591 1171 habitet
2619 1116 2916 1171 homicida
2935 1116 2994 1170 in
3019 1116 3250 1171 civitate
3280 1114 3691 1187 refugii,quoad

2066 1206 2353 1262 moriatur
2382 1206 2653 1261 sacerdos
2681 1221 2953 1279 magnus,
2986 1208 3041 1260 et
3072 1207 3203 1276 post
3235 1209 3485 1260 mortem
3529 1219 3693 1259 sacer-

2065 1295 2219 1351 dotis
2246 1294 2443 1367 magni
2476 1298 2796 1350 revertatur
2826 1294 3121 1350 homicida
3150 1294 3209 1348 in
3232 1292 3528 1348 civitatem
3553 1291 3695 1349 habi.

2064 1383 2303 1439 tationis
2335 1402 2450 1439 suae
2484 1385 2640 1454 (Ibid.
2673 1385 2783 1454 25).
2818 1383 2897 1439 De
2926 1382 3178 1455 singulis
3210 1398 3346 1455 ergo
3375 1386 3599 1454 Oportet
3618 1381 3696 1435 di-

2063 1489 2212 1542 cere,
2252 1477 2427 1544 atque
2475 1490 2541 1528 eo
2589 1473 2793 1528 ordine
2838 1488 2951 1544 quo
2996 1471 3436 1544 proposuimus,
3471 1469 3694 1543 quaesita

2066 1561 2385 1618 absolvere.

2133 1652 2187 1705 6.
2221 1651 2628 1723 Competenter
2654 1651 2853 1723 itaque
2881 1650 3212 1706 Levitarum
3242 1649 3510 1704 civitates
3552 1649 3697 1710 datas

2066 1739 2136 1794 ad
2166 1740 2454 1811 refugium
2487 1739 2676 1812 primo
2706 1739 3114 1812 explicandum
3155 1742 3263 1794 est.
3317 1740 3586 1811 Congrue
3612 1754 3700 1792 au-

310 1823 389 1933 c2);
422 1823 517 1879 Sic
546 1824 701 1879 enim
732 1843 844 1881 non
875 1827 1111 1899 respicit
1157 1828 1215 1883 in
1263 1829 1549 1884 vanitates
1598 1833 1654 1884 et
1693 1828 1955 1885 insanias
1988 1868 2036 1933 B
2064 1832 2181 1883 tem
2215 1828 2511 1900 provisum
2543 1828 2729 1900 liquet
2763 1846 2775 1883 :
2810 1827 2950 1900 quia
2983 1828 3187 1883 Levius
3218 1826 3545 1900 fugitantes
3582 1830 3699 1882 sunt

314 1910 516 1983 falsas,
560 1913 606 1968 si
658 1931 889 1987 semper
936 1916 993 1971 in
1047 1917 1342 1973 Christum
1392 1918 1675 1983 intendat,
1730 1935 1960 1990 semper

313 1999 604 2057 Christum
634 2003 1014 2062 interioribus
1044 2005 1229 2062 oculis
1261 2007 1526 2079 aspiciat.
1552 2007 1715 2062 Unde
1746 2007 1955 2064 iterum

313 2089 385 2145 ad
417 2090 615 2162 ipsum
645 2110 961 2151 conversus
994 2095 1075 2150 ait
1107 2112 1119 2151 :
1157 2119 1185 2144 ‹‹
1216 2097 1419 2151 Averte
1450 2096 1654 2151 oculus
1681 2113 1863 2161 meos,
1886 2114 1958 2153 nc

309 2178 546 2235 videant
568 2182 881 2239 vanitatem
916 2185 1091 2253 (Psal.
1131 2185 1746 2253 cxvm,37).»Vanitas
1768 2187 1959 2243 circus

312 2273 420 2335 est,
454 2269 592 2340 quia
623 2271 767 2325 nihil
798 2272 1032 2343 prodest
1065 2290 1078 2328 :
1110 2273 1337 2329 vanitas
1368 2278 1458 2329 est
1486 2290 1769 2346 equorum
1802 2274 1957 2330 velo—

315 2357 482 2427 citas,
517 2358 654 2430 quia
684 2361 935 2415 mcndax
966 2362 1036 2416 ad
1070 2361 1313 2418 salutem
1347 2367 1436 2418 est
1468 2379 1480 2417 :
1514 2363 1742 2419 vanitas
1790 2363 1955 2420 thea-

310 2450 469 2502 trum
495 2452 585 2503 cst
618 2465 630 2503 :
660 2448 888 2504 vanitas
919 2449 1097 2506 ludus
1127 2452 1321 2508 omnis
1354 2470 1367 2508 :
1401 2452 1644 2507 «Omnia
1674 2455 1955 2521 vanitas,»

312 2536 503 2608 inquit
534 2538 929 2610 Ecclesiastes,
965 2562 991 2589 (ι
1042 2557 1168 2613 quae
1220 2540 1279 2596 in
1329 2541 1437 2597 hoc
1481 2541 1692 2597 szeculo
1740 2547 1880 2597 sunt
1925 2565 1951 2594 ››

312 2625 504 2695 (Eatlc.
542 2645 579 2694 ι,
610 2630 684 2699 2).
717 2629 977 2701 Denique
1024 2631 1121 2702 qui
1178 2630 1374 2686 salvus
1418 2649 1546 2686 esse
1597 2630 1738 2696 vult,
1780 2649 1957 2704 supra

311 2716 601 2771 mundum
642 2719 937 2785 ascendat,
971 2724 1192 2790 quzcrat
1238 2720 1493 2775 Verbum
1545 2722 1696 2792 apud
1754 2725 1953 2787 Deum,

312 2803 499 2876 fugiat
528 2804 685 2861 hunc
716 2808 1027 2876 mundum,
1060 2813 1244 2864 terras
1293 2807 1605 2880 relinquat.
1639 2806 1792 2865 419
1831 2810 1954 2864 Non

313 2893 468 2948 enim
496 2897 687 2964 potest
719 2894 1013 2966 percipere
1044 2895 1187 2951 illud
1213 2897 1364 2968 quod
1394 2900 1565 2965 est,et
1585 2901 1671 2953 cst
1703 2914 1954 2970 semper,

316 2980 428 3036 nisi
460 2980 623 3053 prius
652 2981 789 3038 hinc
831 2983 1061 3055 fugerit.
1108 2985 1269 3041 Unde
1320 2990 1377 3040 et
1422 2986 1707 3042 Dominus
1754 2986 1957 3043 volens

314 3069 467 3125 Patri
498 3069 614 3126 Deo
646 3073 1133 3144 appropinquare,
1168 3075 1234 3130 ad
1270 3074 1562 3146 apostolos
1594 3075 1676 3131 ait
1709 3093 1722 3131 :
1754 3099 1779 3125 ‹‹
1818 3076 1957 3131 Sur-

311 3158 451 3231 gite,
482 3176 688 3217 eamus
719 3160 813 3217 hic
841 3163 1018 3232 (Joan.
1051 3181 1163 3231 XIV,
1196 3165 1306 3235 31).
1326 3187 1354 3213 ››

965 3315 1198 3371 CAPUT
1236 3316 1305 3371 ΙΙ.

312 3420 929 3495 ,ςεεςυιηητίίιιρίεηᾰτηη
960 3423 1109 3478 docet
1136 3423 1226 3478 lar
1272 3421 1336 3478 de
1381 3421 1692 3477 civitatibus
1723 3421 1953 3495 refugii,

382 3492 446 3547 de
473 3492 934 3564 quibus’quamor
959 3495 1331 3549 discutiuntur
1358 3512 1376 3547 :
1403 3495 1651 3565 primum
1696 3492 1793 3548 cur
1838 3495 1958 3551 illac

384 3566 445 3619 in
471 3569 616 3620 sorte
645 3567 939 3621 levitarum
968 3566 1217 3628 delectae;
1247 3565 1563 3627 secuudum.
1602 3582 1701 3620 cur
1728 3582 1955 3621 numero

381 3652 516 3696 sex;
566 3638 807 3701 tertium,
841 3654 937 3691 cur
966 3654 1157 3692 carum
1203 3645 1310 3692 tres
1355 3637 1502 3691 ultra
1543 3636 1852 3703 Iordanem,
1893 3654 1956 3692 ac

382 3706 603 3779 totidem
634 3709 689 3762 in
722 3711 868 3763 terra
902 3708 1242 3775 Chananam;
1291 3712 1568 3779 quartum,
1599 3724 1697 3762 cur
1727 3708 1950 3763 homici-

380 3778 450 3833 da
478 3788 708 3852 mortem
731 3781 1005 3852 pontiﬁcis
1052 3781 1133 3852 ibi
1165 3778 1427 3851 jubeamr
1463 3782 1789 3852 aspectare.
1820 3780 1954 3848 Qua?

378 3853 561 3907 omnia
592 3850 822 3907 diversis
852 3851 1145 3906 virtutibus
1177 3850 1699 3906 acccommodantur.

371 3968 424 4022 5.
458 3967 634 4024 Docet
660 3971 717 4023 te
748 3968 924 4023 etiam
958 3966 1048 4021 lex
1079 3967 1421 4038 fugiendum
1456 3966 1946 4034 saeculum,Dcum

301 4056 687 4130 sequendum.
723 4057 871 4123 Quid
921 4055 1077 4113 enim
1130 4055 1290 4112 aliud
1337 4056 1521 4119 docet,
1564 4072 1696 4111 cum
1742 4055 1880 4111 dicit
1931 4074 1944 4113 :

298 4170 326 4197 ‹‹
360 4146 695 4220 Disponctis
735 4145 899 4203 vobis
945 4146 1205 4202 civitates
1240 4146 1310 4201 ad
1346 4144 1657 4217 refugium,
1690 4149 1948 4202 ct‘erunt

294 4237 458 4293 vobis
502 4236 746 4310 refugia,
780 4237 915 4308 ique
967 4236 1217 4308 refugiat
1258 4234 1552 4290 homicida
1600 4234 1794 4289 omnis
1843 4234 1943 4307 qui

293 4324 646 4395 percusserit
688 4323 946 4379 animam
996 4322 1214 4378 invitus
1265 4323 1447 4393 (Num.
1492 4339 1657 4389 xxxv,
1718 4322 1848 4393 11)?
1878 4324 1944 4378 Et

293 4412 446 4466 infra
480 4429 492 4467 :
530 4434 556 4462 ‹‹
587 4413 697 4468 Sex
723 4412 986 4467 civitates
1017 4412 1086 4466 ad
1120 4412 1345 4484 refugia
1390 4416 1564 4466 erunt
1603 4409 1788 4476 vobis,
1823 4414 1940 4466 tres

293 4499 553 4556 civitates
599 4501 813 4556 dabitis
844 4501 1376 4573 tranleordanem,
1411 4507 1467 4554 et
1512 4504 1630 4554 tres
1679 4498 1940 4556 civitates

2069 1917 2275 1973 mundi
2302 1918 2585 1989 hujus,ut
2614 1917 2881 1990 placeant
2908 1920 3041 1987 Deo,
3076 1916 3413 1988 relinquant
3443 1915 3701 1987 patriam,

2066 2010 2356 2079 parentes,
2391 2006 2807 2075 filios,omnem
2836 2005 3264 2079 cognationem,
3291 2010 3357 2059 ut
3382 2004 3700 2061 adhaereant

2067 2096 2169 2149 uni
2203 2097 2333 2151 Deo.
2369 2095 2629 2167 Denique
2659 2099 2715 2151 et
2743 2095 2985 2150 Abrahae
3015 2095 3237 2149 dictum
3267 2097 3361 2149 est
3395 2110 3407 2149 :
3444 2116 3473 2141 «
3508 2093 3609 2148 Exi
3640 2092 3699 2147 de

2066 2188 2221 2240 terra
2248 2188 2372 2251 tua,
2400 2187 2458 2241 et
2487 2186 2558 2240 de
2588 2183 2935 2257 cognatione
2964 2187 3086 2251 tua,
3119 2187 3176 2238 et
3205 2183 3277 2238 de
3328 2183 3502 2238 domo
3536 2180 3696 2254 patris

2065 2273 2149 2328 tui
2185 2274 2336 2345 (Gen.
2368 2290 2470 2341 xu,
2505 2274 2578 2344 1).
2614 2296 2642 2324 ››
2673 2274 2782 2329 Sed
2805 2273 2952 2328 forte
2972 2273 3133 2328 dicas
3159 2287 3172 2326 :
3202 2271 3400 2327 Levita
3421 2288 3543 2327 non
3575 2275 3697 2327 erat.

2065 2363 2174 2418 Sed
2208 2363 2460 2419 habebat
2488 2363 2545 2417 in
2579 2361 2799 2418 lumbis
2830 2360 2955 2418 suis
2986 2362 3212 2427 Levi,ut
3241 2360 3582 2433 legimusad
3605 2360 3696 2415 He-

2067 2452 2251 2507 braeos
2284 2452 2567 2524 scriptum
2592 2452 2775 2522 (Hebr.
2809 2467 2908 2517 v11,
2946 2452 3056 2523 10).
3091 2451 3160 2505 Et
3190 2449 3478 2505 Dominus
3504 2448 3697 2505 Levitis

2066 2541 2228 2608 dicit,
2263 2557 2395 2596 cum
2458 2540 2762 2612 discipulis
2821 2539 2967 2605 suis,
2997 2539 3107 2595 hoc
3156 2543 3266 2607 est,
3299 2537 3583 2612 apostolis
3624 2537 3695 2591 di-

2066 2629 2145 2685 cit
2177 2648 2189 2685 :
2225 2652 2253 2680 ι(
2282 2630 2341 2685 Si
2373 2629 2507 2702 quis
2538 2631 2693 2686 420
2737 2629 2864 2685 vult
2910 2632 3043 2702 post
3092 2644 3185 2684 me
3222 2628 3437 2695 venire,
3471 2628 3697 2699 abneget

2065 2719 2542 2791 semetipsum,et
2569 2719 2735 2774 tollat
2764 2735 2994 2774 crucem
3027 2721 3291 2784 suam,et
3318 2722 3605 2789 sequatur
3621 2730 3699 2770 me

2065 2810 2215 2880 (Luc.
2249 2826 2324 2877 ιχ,
2355 2809 2468 2879 23).
2507 2831 2533 2858 »
2565 2809 2909 2880 Quanquam
2962 2807 3034 2862 ad
3085 2823 3289 2862 omnes
3327 2807 3455 2876 jam
3494 2805 3698 2861 dictum

2066 2898 2142 2953 sit
2177 2913 2188 2952 :
2225 2920 2253 2947 ‹‹
2286 2897 2401 2951 Vos
2434 2901 2628 2952 autem
2661 2912 2847 2969 genus
2896 2896 3170 2962 electum,
3204 2893 3397 2967 regale
3445 2893 3694 2949 sacerdo-

2065 2986 2235 3053 tium,
2269 3002 2412 3058 gens
2442 2989 2666 3052 sancta,
2701 2983 2956 3057 populus
2985 2983 3047 3039 in
3078 2982 3452 3055 adoptionem
3483 2984 3535 3053 (Ι
3571 2984 3698 3038 Patr.

2067 3092 2126 3145 ιι,
2157 3072 2417 3146 9).Venit
2445 3072 2767 3146 plenitudo,
2801 3071 3057 3144 reliquias
3088 3075 3420 3128 cessarunt.
3451 3070 3700 3126 Christus

2066 3164 2223 3220 enim
2255 3180 2458 3219 omnes
2488 3163 2732 3229 vocavit,
2760 3162 3037 3220 omnibus
3066 3162 3322 3233 profecto
3353 3164 3530 3234 patet,
3548 3161 3620 3232 (8)
3647 3162 3699 3214 ut

1986 3238 2028 3304 C
2068 3268 2274 3309 omnes
2303 3255 2643 3324 sequantur,
2673 3250 2949 3307 omnibus
2978 3267 3223 3323 regnum
3255 3249 3699 3323 propositum,et

2066 3342 2183 3397 vita
2208 3344 2439 3397 aeterna.

2135 3432 2187 3486 7.
2220 3433 2367 3502 Ergo
2398 3430 2489 3485 cui
2523 3433 2673 3485 Deus
2703 3430 2890 3501 portio
2920 3433 3009 3484 est
3035 3427 3143 3501 (i2,
3179 3430 3385 3499 quaest.
3424 3429 3469 3481 1.
3512 3444 3561 3499 ς.
3613 3425 3696 3480 Cui

2062 3520 2283 3593 portio),
2319 3518 2463 3574 nihil
2494 3518 2665 3574 debet
2695 3535 2900 3574 curare
2949 3517 3062 3574 nisi
3110 3516 3318 3579 Deum,
3353 3533 3425 3571 ne
3474 3514 3695 3571 alterius

2064 3609 2419 3681 impediatur
2449 3608 2810 3664 necessitatis
2835 3606 3261 3669 munere.0uod
3286 3606 3445 3661 enim
3481 3605 3553 3660 ad
3591 3603 3691 3659 alia

2063 3697 2255 3754 ofﬁcia
2284 3698 2598 3765 confertur,
2633 3696 2742 3752 hoc
2773 3695 3071 3769 religionis
3117 3694 3320 3761 cultui,
3354 3698 3529 3766 atque
3576 3692 3692 3748 huic

2062 3790 2261 3842 nostro
2290 3787 2480 3841 ofﬁcio
2511 3786 2859 3858 decerpitur.
2894 3784 3023 3840 Haec
3052 3784 3209 3840 enim
3239 3799 3377 3839 vera
3406 3788 3493 3839 est
3523 3797 3691 3838 sacer-

2059 3876 2213 3931 dotis
2266 3875 2424 3949 fuga,
2474 3874 2763 3930 abdicatio
2819 3873 3298 3939 domesticorum,
3333 3877 3392 3927 et
3444 3872 3691 3944 quaedam

2059 3964 2331 4020 alienatio
2363 3964 2940 4025 charissimorum.ut
2972 3963 3098 4019 suis
3129 3960 3308 4018 etiam
3341 3976 3405 4017 se
3439 3960 3691 4031 abneget,

2057 4054 2156 4126 qui
2189 4053 2403 4110 servire
2431 4057 2545 4109 Deo
2578 4052 2955 4126 gestit.Recte
2985 4067 3121 4124 ergo
3144 4051 3381 4124 fugaces
3404 4049 3692 4123 fugacibus

2056 4140 2487 4197 commendavit
2515 4145 2743 4196 aeterna;
2790 4139 2938 4212 legis
2987 4137 3229 4205 sanctio,
3286 4140 3353 4193 ut
3400 4137 3501 4209 qui
3548 4135 3689 4190 hunc

2055 4231 2341 4287 mundum
2375 4229 2535 4285 obliti
2569 4234 2728 4297 sunt,
2760 4245 2859 4285 eos
2890 4227 3174 4300 recipiant
3202 4225 3303 4298 qui
3335 4228 3570 4299 peccata
3592 4237 3689 4278 sua

2054 4320 2508 4375 condemnantes
2538 4324 2715 4390 atque
2745 4334 2923 4390 opera
2951 4315 3302 4373 oblivionem
3348 4315 3481 4370 vitae
3531 4327 3686 4383 supe-

2051 4408 2220 4465 rioris
2251 4412 2542 4480 expetant,
2576 4410 2633 4462 et
2661 4405 2961 4462 szecularia
2992 4421 3117 4477 qua
3149 4403 3458 4477 gesserint,
3475 4399 3686 4457 abolere

2049 4496 2684 4568 desiderentJ’ugitans
2717 4495 2899 4566 igitur
2926 4498 3016 4549 est
3047 4507 3289 4549 suorum
3313 4490 3463 4547 sacri
3496 4487 3678 4545 altaris

290 4588 508 4644 dabitis
539 4588 597 4643 in
629 4594 784 4644 terra
813 4589 1085 4644 Chanaan
1119 4589 1374 4660 (lbid.13,
1407 4592 1464 4643 et
1497 4586 1618 4658 14)?
1643 4589 1935 4660 Aperte(7)
1967 4607 2013 4672 D
2045 4586 2174 4658 ejus
2207 4586 2490 4641 minister.
2527 4584 2688 4640 Unde
2711 4582 2993 4672 Dominus
3017 4581 3185 4672 quasi
3210 4580 3484 4672 princeps
3504 4592 3679 4672 sacer-

289 4678 528 4750 quidem
560 4678 1031 4750 confugientibus
1062 4678 1170 4732 hoc
1197 4676 1416 4732 crimen
1449 4675 1748 4730 homicidii
1783 4677 1935 4732 refu-

283 4769 381 4841 gia
410 4766 714 4840 proposita
739 4772 898 4822 sunt.
927 4767 1037 4822 Sed
1071 4765 1507 4821 consideremus
1550 4764 1745 4821 altius.
1779 4767 1927 4831 Qua-

282 4862 416 4915 tuor
431 4861 572 4914 sunt
601 4874 728 4930 quae
759 4856 1074 4912 admonent
1100 4854 1446 4927 profundius
1467 4870 1595 4910 esse
1613 4856 1930 4927 spectanda

280 4954 492 5006 arcana
521 4946 788 5005 lectionis
819 4946 1010 5002 istius.
1041 4944 1254 5013 Unum,
1289 4961 1405 5016 qua
1454 4944 1675 4999 ratione
1720 4960 1788 5000 ex
1836 4944 1928 5000 his

280 5039 611 5097 civitatibus
642 5055 769 5111 quae
796 5035 1007 5093 Levitis
1038 5035 1096 5090 in
1141 5032 1463 5106 portionem
1496 5039 1651 5089 sorte
1681 5034 1927 5091 obvene-

277 5135 433 5199 runt,
466 5146 566 5186 sex
595 5128 861 5184 civitates
893 5126 962 5180 ad
998 5124 1288 5197 refugium
1319 5123 1467 5179 datae
1487 5123 1605 5179 sint
1625 5122 1924 5178 homicidii

276 5218 1064 5287 criminelahorautibus,eur
1079 5231 1191 5271 non
1209 5212 1383 5269 etiam
1402 5212 1923 5268 aliarumtribuum

344 5347 419 5415 (6)
454 5346 538 5399 Ita
588 5362 730 5400 mss.
787 5342 1022 5415 novem:
1046 5339 1303 5415 Optimae
1326 5343 1495 5415 notae.
1543 5337 1672 5391 Vat.
1707 5337 1834 5392 cod.
1868 5340 1925 5415 et

275 5409 442 5471 Rom.
476 5415 613 5469 edit.
647 5415 953 5478 omittunt,
986 5409 1244 5467 hominis.
1278 5409 1386 5464 Alii
1431 5425 1574 5464 mss.
1610 5425 1743 5463 cum
1794 5412 1920 5463 ant.

273 5487 414 5549 edit,
460 5486 787 5555 periculosos
840 5485 1087 5555 homines
1137 5485 1304 5537 etiam
1355 5483 1470 5553 ipso
1518 5481 1756 5555 aspectu.
1787 5481 1925 5543 Quae

273 5554 721 5611 verba’minime
751 5556 926 5610 etiam
958 5554 1233 5609 videntur
1263 5554 1650 5624 aspernanda.

342 5624 602 5698 (7),Ed_it.
638 5626 802 5698 ltoxn.
836 5624 983 5689 sola,
1020 5633 1174 5698 Clyte,
1227 5622 1359 5677 cum
1408 5623 1538 5698 aliis
1589 5622 1750 5698 edit.,
1793 5638 1919 5698 qua:

268 5695 629 5770 fugientibus”
652 5695 715 5750 ob
746 5698 990 5770 crimen.

269 5763 709 5841 confugientibus
739 5766 836 5821 hoc
863 5766 1093 5833 crimen,
1124 5763 1280 5820 idem
1308 5763 1460 5819 valet
1488 5768 1664 5836 atque
1692 5763 1915 5836 fugien-

1086 5711 1167 5749 ss.
1199 5709 1332 5747 vero
1383 5698 1445 5747 ut
1488 5693 1545 5746 in
1595 5697 1775 5747 textu.
1810 5693 1919 5748 Ubi
2028 5691 2167 5748 edit.
2201 5690 2367 5746 Rom.
2400 5692 2634 5745 tantum

2045 4675 2525 4739 dotum,formam
2552 4672 2763 4728 Levitis
2795 4672 2853 4726 in
2886 4669 3192 4743 Evangelio
3219 4669 3370 4725 dans
3391 4684 3498 4724 suo
3519 4662 3673 4723 dixit:

2038 4787 2067 4814 «
2099 4763 2233 4826 Quae
2281 4766 2369 4818 est
2415 4765 2601 4816 mater
2647 4777 2797 4821 mea.
2849 4764 2952 4815 aut
2997 4758 3097 4832 qui
3147 4763 3285 4814 sunt
3334 4758 3540 4812 fratres
3567 4752 3670 4809 mei

2037 4852 2246 4926 (Matth.
2294 4868 2393 4916 xu,
2445 4849 2574 4922 48)?
2622 4849 2740 4906 Hoc
2788 4853 2895 4913 est,
2950 4864 3064 4904 non
3114 4856 3369 4920 agnosco
3419 4850 3671 4908 matrem,

2038 4958 2151 4997 non
2185 4954 2535 5012 recognosco
2565 4937 2792 5009 fratres,
2825 4938 3030 5011 ignoro
3064 4934 3380 5009 proximos.
3436 4957 3463 4985 ‹‹
3512 4933 3674 4990 Mater

2037 5045 2168 5085 mea
2198 5034 2254 5084 et
2287 5030 2492 5084 fratres
2523 5026 2636 5094 mei
2660 5027 2696 5081 ii
2722 5025 2987 5098 sunt,qui
3018 5025 3270 5080 audiunt
3293 5023 3535 5080 verbum
3562 5017 3669 5084 Dei,

2035 5124 2094 5176 et
2143 5116 2363 5173 faciunt
2414 5118 2561 5189 (Luc.
2595 5132 2715 5181 vm,
2747 5119 2837 5185 21,
2878 5115 2991 5187 22).
3052 5137 3073 5163 ιι
3125 5112 3329 5170 Solum
3380 5126 3514 5184 ergo
3557 5123 3667 5163 vcr-

2035 5210 2174 5264 bum
2210 5206 2304 5263 Dei
2340 5206 2498 5260 novit
2529 5204 2813 5271 minister,
2845 5219 2981 5260 cum
3019 5219 3118 5259 eos
3166 5201 3329 5257 novit
3376 5201 3436 5256 in
3471 5196 3667 5273 quibus

2032 5334 2193 5389 tibus
2222 5333 2374 5387 hanc
2407 5331 2878 5399 accusationem;
2929 5347 2964 5385 a
3011 5345 3128 5401 qua
3172 5325 3454 5401 loquendi
3500 5324 3667 5381 forma

2036 5422 2151 5461 non
2186 5403 2504 5460 abhorrent
2534 5401 2764 5458 classici
2796 5405 3084 5458 auctores.

2106 5476 2182 5548 (8)
2213 5476 2311 5548 Sic,
2336 5491 2478 5548 mss.
2534 5472 2955 5548 antiquissimi,
3007 5476 3066 5548 et
3107 5470 3247 5548 edit.
3510 5467 3661 5548 atque

2034 5539 2175 5602 Era.'
2197 5547 2425 5617 Reliqui
2456 5563 2625 5615 mss.,
2657 5539 2912 5600 omnibus
2938 5543 3207 5617 perfectio
3232 5539 3529 5617 patetﬁop
3557 5544 3663 5617 ωρέ

2031 5618 2101 5675 le.
2129 5622 2204 5673 At
2232 5610 2370 5674 edit.
2399 5610 2625 5684 Gill.,..L
2654 5610 2950 5687 profectio:
2976 5610 3100 5687 Qua
3146 5610 3284 5669 voce
3327 5610 3564 5671 sublata,
3602 5616 3655 5655 In

2698 5634 2939 5687 rolecuo.
2976 5634 3100 5679 uua
3146 5634 3284 5669 voce
3327 5634 3348 5668 ε

2654 5634 2881 5761 legitur
2908 5686 3160 5745 omnibus
3181 5687 3348 5759 patet.
