3830 6206
114 376 208 458 oet

1261 386 1492 450 LlBER
1534 383 1637 448 DE
1680 384 1891 451 FUGA
1937 380 2263 449 SECULI.

3352 385 3469 449 602

116 529 354 602 operatur
395 520 643 580 Verbum
693 517 814 579 Dei.
858 521 932 578 Et
980 519 1111 578 ideo
1142 520 1307 578 exsul
1349 525 1438 577 est
1484 521 1713 590 mundi,
1746 523 1803 589 Α
1832 520 2002 576 nobis
2033 518 2257 592 refugis
2287 522 2589 593 proponat,
2640 535 2740 576 sex
2781 516 3051 576 videlicet
3094 518 3370 590 urbium;
3402 522 3470 576 ut

116 617 335 691 fugitans
361 612 631 685 corporis,
662 612 919 685 fugitans
962 612 1331 685 passionum,
1381 611 1610 666 abdicat
1640 627 1701 666 se

113 706 365 769 omnibus,
398 706 458 757 ut
485 701 640 758 solus
671 704 989 769 remaneat,
1024 701 1174 756 sicut
1206 700 1357 756 Elias
1379 700 1558 755 dixit:
1594 702 1707 755 «Et

113 813 196 869 ego
219 792 435 850 relictus
464 808 589 848 sum
622 790 782 846 solus
820 792 919 858 (ΙΙΙ
963 791 1085 861 Reg.
1119 808 1233 855 nx,
1286 790 1393 856 44).
1446 790 1557 845 Sed
1591 806 1705 844 non

114 888 211 941 erat
249 880 398 937 solus
442 896 572 935 cum
622 896 737 951 quo
786 886 907 933 erat
971 879 1239 933 Christus
1302 878 1397 948 (9).
1450 880 1516 933 Et
1584 878 1709 949 ipse

116 972 356 1030 Dominus
384 968 615 1024 relictus
645 972 734 1023 est
763 967 924 1023 solus
950 985 962 1023 :
999 968 1145 1023 «Sed
1178 985 1292 1022 non
1314 984 1468 1035 sum,
1496 967 1707 1038 inquit,

117 1061 264 1130 solus,
294 1058 556 1131 quoniam
590 1058 756 1112 Pater
785 1074 1016 1112 mecum
1048 1061 1136 1111 est
1175 1058 1350 1127 (Joan.
1384 1072 1501 1125 xvr,
1535 1058 1645 1123 32).
1678 1074 1703 1105 ι)

169 1152 214 1204 8.
242 1150 335 1203 Est
360 1147 530 1203 etiam
559 1145 660 1201 illa
689 1162 866 1201 causa
895 1145 1033 1217 quia
1064 1146 1267 1201 Levita:
1292 1145 1714 1200 ministrisunt

117 1238 211 1295 Dei.
232 1239 293 1292 Et
310 1237 431 1292 ideo
452 1236 709 1307 ipsorum
735 1235 996 1290 civitates
1021 1235 1379 1306 fugientibus
1400 1234 1714 1288 homicidis

117 1343 199 1400 per
234 1324 407 1397 legem
459 1324 833 1395 deputantur,
882 1322 1020 1395 quia
1070 1323 1214 1395 ipsis
1256 1326 1356 1393 jus
1403 1328 1491 1378 est
1520 1322 1716 1376 divina

118 1416 353 1470 mandata
378 1413 607 1484 exsequi
642 1412 797 1467 circa
827 1429 923 1467 eos
954 1413 1053 1484 qui
1084 1412 1306 1468 crimen
1340 1411 1585 1466 mortale
1616 1411 1716 1465 ad-

119 1503 360 1559 miserint.
391 1501 589 1557 Nescit
621 1501 878 1556 Ecclesia
908 1501 1204 1573 publicare
1234 1500 1391 1573 leges
1414 1517 1552 1555 suas
1584 1499 1717 1571 (tu).

116 1593 254 1648 Novit
272 1596 330 1647 ut
347 1591 646 1646 Dominico
674 1591 945 1646 sacerdos
968 1590 1200 1646 obediat
1223 1580 1719 1661 iinperatuLAudi

119 1680 332 1736 Levitam
408 1680 736 1735 dicentem:
804 1702 831 1730 ‹‹
888 1678 1125 1735 Tradidi
1206 1678 1549 1749 hujusmodi
1610 1678 1720 1732 ho-

117 1770 297 1825 minem
349 1769 574 1824 Satanae
630 1768 690 1823 in
747 1767 1050 1823 interitum
1109 1767 1340 1834 carnis;
1383 1771 1447 1822 ut
1477 1766 1721 1839 spiritus

117 1857 275 1913 salvus
302 1857 373 1913 sit
416 1858 475 1913 in
526 1858 621 1913 die
667 1857 896 1912 Domini
983 1857 1163 1912 nostri
1213 1856 1351 1911 Jesu
1410 1855 1624 1911 Christi
1673 1857 1723 1925 (Ι

119 1949 211 2003 Cor.
240 1965 289 2015 v,
317 1948 410 2019 5).,
443 1947 763 2003 Percussus
793 1946 974 2019 igitur
1005 1945 1257 2001 Levitico
1290 1944 1483 2017 gladio
1516 1944 1726 1999 moria-

116 2041 193 2092 tur
216 2053 405 2092 sensus
436 2036 630 2092 carnis
660 2036 719 2091 in
752 2036 942 2101 nobis,
978 2039 1042 2090 ut
1062 2034 1214 2089 vivat
1254 2034 1452 2089 anima
1499 2038 1719 2088 nostra.

118 2124 215 2181 Nisi
241 2125 382 2181 enim
431 2138 645 2182 sensus
693 2125 884 2180 carnis
932 2123 1229 2191 occiderit,
1283 2122 1483 2178 nullus
1536 2125 1724 2194 potest

119 2228 220 2270 esse
239 2212 447 2271 fructus
474 2215 606 2269 vitae
637 2218 884 2269 aeternis.

175 2307 217 2359 9.
270 2304 372 2360 Sex
426 2307 625 2359 autem
684 2302 982 2359 civitatum
1043 2301 1268 2375 refugia
1323 2305 1480 2368 sunt,
1542 2301 1621 2355 ita
1662 2304 1727 2355 ut

120 2391 276 2464 prima
324 2392 518 2449 civitas
578 2394 656 2449 sit
684 2391 937 2465 cognitio
969 2392 1164 2459 Verbi,
1199 2396 1255 2445 et
1287 2391 1355 2445 ad
1397 2389 1716 2462 imaginem

125 2481 225 2552 ejus
251 2482 424 2538 forma
464 2481 717 2538 vivendi.
770 2481 1115 2553 Quicunque
1162 2480 1316 2535 enim
1366 2495 1495 2535 eam
1527 2478 1724 2550 cogni-

123 2568 301 2626 tionem
331 2571 497 2627 fuerit
526 2572 850 2643 ingressus,
884 2574 1047 2626 tutus
1081 2587 1113 2625 a
1138 2586 1314 2642 pcena
1360 2574 1467 2634 est,
1517 2583 1724 2623 secun-

122 2658 233 2715 dum
261 2661 403 2733 quod
433 2665 490 2717 et
520 2660 805 2716 Dominus
835 2660 951 2715 ait:
992 2683 1018 2709 ‹‹
1052 2662 1182 2714 Jam
1215 2676 1315 2714 vos
1348 2658 1551 2712 muniti
1584 2656 1725 2711 estis

120 2756 314 2820 propter
340 2765 666 2805 sermonem
704 2765 878 2820 quem
911 2747 1144 2803 locutus
1176 2764 1307 2803 sum
1340 2748 1504 2801 vobis
1545 2748 1721 2818 (Joan.

116 2851 188 2903 xv,
214 2837 280 2907 3).
313 2859 340 2886 n
370 2839 433 2893 Et
461 2837 605 2893 alibi
632 2855 644 2893 :
674 2839 816 2893 421
858 2860 886 2886 «
920 2840 1051 2891 Haec
1082 2840 1171 2892 est
1196 2841 1390 2891 autem
1423 2835 1540 2890 vita
1569 2840 1728 2889 reter-

117 2940 193 2993 na,
225 2930 281 2981 ut
309 2929 663 2999 cognoscant
686 2930 744 2981 te
776 2925 965 2981 solum
1000 2926 1182 2981 Deum
1205 2941 1430 2993 verum,
1464 2929 1521 2980 et
1551 2939 1728 2995 quem

116 3013 294 3071 misisti
320 3016 515 3072 Jesum
568 3015 867 3071 Christum
919 3017 1095 3085 (Joan.
1148 3032 1283 3082 xvn,
1332 3015 1408 3085 3).
1469 3014 1598 3069 Haec
1640 3017 1730 3067 est

116 3101 263 3174 igitur
293 3104 485 3162 civitas
531 3103 697 3160 velut
744 3104 1104 3177 metropolis,
1156 3104 1247 3159 cui
1297 3105 1566 3175 adjacent
1604 3101 1726 3158 alia:

120 3189 342 3265 quinque
368 3193 629 3250 civitates
660 3193 1010 3248 Levitarum.
1043 3193 1312 3249 Secunda
1339 3192 1562 3260 civitas,
1597 3211 1728 3251 con-

1815 627 1928 683 quo
1956 625 2199 664 numero
2233 609 2490 665 mundus
2522 608 2807 665 formatus
2836 617 2944 677 est,
2976 608 3177 665 eodem
3211 627 3453 666 numero

1815 700 2097 755 adversus
2128 699 2427 754 mundana
2457 698 2594 754 vitia
2622 704 2679 755 et
2708 698 2904 755 saeculi
2937 699 3117 771 hujus
3162 698 3467 773 naufragia

1817 788 2140 844 remedium
2175 788 2591 859 provideretur.

1891 966 1976 1020 l0.
2011 965 2272 1020 Primum
2302 965 2480 1037 igitur
2511 966 2833 1022 remedium
2867 971 2973 1033 est,
3008 972 3072 1022 ut
3101 968 3149 1023 si
3182 968 3273 1023 cui
3330 968 3467 1023 boni

1820 1055 2103 1127 propositi
2137 1054 2260 1111 viro
2290 1054 2462 1126 culpa
2492 1056 2811 1126 irrepserit,
2846 1056 2895 1112 is
2927 1056 3052 1112 sine
3084 1056 3205 1112 ulla
3235 1074 3468 1129 compe-

1823 1145 2250 1211 rendinatione,
2286 1143 2334 1199 si
2384 1144 2695 1216 perfectam
2744 1144 2883 1199 velit
2930 1146 3143 1201 habere
3183 1146 3468 1201 securita-

1824 1238 1965 1297 tem,
2000 1234 2068 1288 ad
2107 1234 2291 1305 ipsam
2325 1250 2519 1289 rerum
2544 1234 2806 1288 omnium
2833 1251 3025 1289 arcem
3050 1240 3337 1307 properet,
3372 1236 3471 1291 ubi

1825 1323 2082 1377 Verbum
2114 1329 2203 1377 est
2234 1322 2332 1377 Dei
2364 1322 2421 1377 in
2456 1322 2552 1377 illo
2584 1323 2719 1377 sinu
2770 1323 2978 1395 patrio,
3032 1324 3086 1377 id
3130 1328 3219 1379 est
3260 1341 3471 1380 arcano

1827 1428 1891 1466 ac
1924 1428 2155 1467 recessu
2187 1411 2308 1477 Dei,
2343 1412 2440 1465 ubi
2490 1415 2579 1466 est
2628 1412 2756 1466 fons
2812 1412 3134 1484 sapientiai,
3183 1414 3338 1468 unde
3371 1430 3473 1486 pro

1829 1504 2012 1555 morte
2043 1500 2170 1553 vitae
2230 1504 2454 1555 aeternae
2513 1499 2747 1554 hauriat
2800 1506 2997 1573 potum
3060 1502 3471 1557 immortalem.

1830 1589 2166 1645 Secundum
2198 1592 2288 1643 est
2333 1589 2680 1652 remedium,
2731 1592 2795 1642 ut
2843 1589 2943 1660 qui
2990 1608 3100 1644 non
3156 1596 3341 1659 potest
3381 1607 3473 1645 co-

1830 1678 2150 1751 gnitionem
2181 1677 2316 1732 boni
2351 1676 2510 1731 illius
2539 1676 2861 1749 prmlibare,
2895 1683 2951 1733 et
2998 1678 3218 1734 tardior
3267 1678 3352 1734 vel
3387 1679 3475 1733 in-

1832 1767 2002 1839 genio
2033 1771 2139 1833 est,
2171 1766 2258 1821 vel
2294 1766 2425 1821 ﬁdei
2459 1767 2976 1837 comprehensione
3004 1786 3015 1835 ;
3069 1768 3348 1840 quoniam
3379 1786 3477 1823 ve-

1833 1855 1941 1911 loci
1976 1856 2187 1911 mentis
2235 1855 2430 1927 vigore
2480 1861 2653 1927 atque
2699 1856 2918 1928 ingenii
2968 1856 3235 1912 acumine
3278 1856 3351 1912 ad
3382 1873 3475 1912 c0-

1833 1945 2113 2017 gnitionis
2140 1962 2374 2001 summa
2406 1945 2794 2014 contenditur,
2819 1946 3026 2001 saltem
3048 1963 3224 2018 Opera
3245 1944 3477 2002 Domini

1833 2033 2179 2105 consideret,
2236 2039 2408 2107 atque
2459 2051 2520 2090 ex
2574 2036 2666 2090 his
2733 2052 2858 2107 quos
2908 2036 3059 2091 facta
3108 2039 3267 2102 sunt,
3332 2035 3477 2090 tanti

1834 2123 2257 2195 contempletur
2303 2124 2495 2196 operis
2555 2128 2894 2191 auctorem;
2946 2124 3220 2197 quoniam
3270 2140 3338 2179 ex
3386 2124 3479 2179 his

1833 2213 2005 2267 bonis
2049 2230 2175 2284 quae
2227 2217 2365 2268 sunt
2411 2214 2470 2268 in
2518 2213 2934 2269 constitutione
2981 2213 3154 2269 istius
3201 2217 3478 2269 creaturas

1836 2302 2012 2372 (bona
2041 2302 2195 2357 enim
2227 2303 2395 2358 valde
2426 2307 2565 2357 sunt
2595 2303 2744 2374 (Gen.
2778 2322 2816 2372 ι,
2849 2303 2963 2375 31),
2998 2302 3149 2359 sicut
3194 2302 3478 2358 Dominus

1792 2420 1797 2425 -
1835 2390 2000 2457 dixit)
2030 2391 2249 2445 bonum
2283 2390 2422 2445 illud
2454 2408 2754 2446 summum
2788 2396 2961 2462 atque
2991 2396 3273 2446 arternum
3321 2408 3479 2447 com-

1835 2478 2235 2550 prehenditur,
2285 2480 2391 2543 Qui
2440 2480 2580 2535 orrlo
2626 2482 2878 2535 rerum?
2928 2481 3060 2545 Quae
3111 2480 3420 2553 rlisciplina
3452 2480 3479 2535 ?

1836 2568 1970 2630 Qum
2003 2566 2230 2638 gratia?
2261 2569 2463 2624 Nonne
2492 2568 2583 2624 his
2616 2568 2884 2641 quamvis
2917 2570 3146 2626 tardum
3178 2569 3479 2642 ingenium

1836 2657 2074 2729 diligere
2123 2661 2416 2713 auctorem
2466 2676 2639 2713 suum
2691 2658 3080 2730 provocatur?
3145 2658 3371 2713 Etenim
3429 2658 3476 2714 si

1836 2751 2127 2818 parentes,
2180 2747 2319 2819 quia
2369 2764 2473 2802 nos
2521 2751 2871 2819 genuerunt,
2920 2763 3226 2801 amamus:
3262 2751 3480 2818 quanto

1836 2836 2025 2907 magis
2047 2835 2290 2909 diligere
2323 2837 2606 2892 debemus
2636 2840 2954 2892 creatorem
3005 2839 3336 2908 parentum,
3377 2853 3479 2891 au-

1836 2928 2170 2996 ctoremque
2198 2930 2467 2981 nostrum
2488 2926 2666 2998 ‘?Ergo
2684 2925 3007 2996 operatoria
3034 2924 3218 2980 virtus
3246 2924 3481 2993 Dei,etsi

1836 3030 1951 3069 non
2004 3013 2248 3081 videtur,
2296 3019 2493 3069 tamen
2542 3030 2610 3069 ex
2660 3014 2785 3068 suis
2834 3012 3105 3085 operibus
3138 3012 3480 3078 mstimatur,

1835 3107 2316 3175 cperatoremque
2371 3119 2546 3175 opera
2617 3103 2892 3176 produnt,
2986 3108 3050 3157 ut
3120 3100 3482 3174 intelligatur

1837 3192 1937 3262 qui
1987 3209 2103 3247 non
2148 3191 2686 3264 comprehenditur.
2739 3192 2901 3247 Unde
2948 3196 3004 3246 et
3052 3191 3336 3247 Dominus
3367 3191 3478 3246 ait:

120 3278 357 3338 sideratio
387 3283 594 3339 divinae
628 3281 1002 3354 operationis,
1036 3298 1154 3355 qua
1183 3286 1413 3338 creatus
1434 3286 1523 3338 est
1554 3302 1722 3341 mun-
1756 3272 1800 3338 C
1838 3282 1897 3336 Si
1931 3281 2075 3336 mihi
2135 3298 2248 3336 non
2310 3282 2567 3349 creditis,
2626 3281 2713 3337 vel
2747 3280 3019 3352 operibus
3052 3279 3266 3335 credite
3302 3281 3478 3351 (Joan.

122 3368 226 3424 dus.
252 3371 431 3427 Tertia
476 3371 707 3438 civitas,
759 3370 1173 3443 contemplatio
1220 3372 1525 3444 potestatis
1555 3376 1724 3447 regiae

122 3460 163 3511 et
187 3461 483 3531 majestatis
531 3465 761 3517 aeterna:
809 3460 945 3532 (41).
993 3460 1211 3524 Quarta
1257 3462 1479 3529 civitas,
1531 3466 1724 3537 propi-

121 3545 338 3604 tiationis
392 3550 602 3606 divinas
662 3547 976 3605 contuitus.
1055 3549 1267 3614 Quinta
1317 3550 1541 3619 civitas,
1579 3552 1724 3626 legis

122 3633 287 3692 divina:
312 3637 743 3712 contemplatio,
776 3655 902 3710 qua:
933 3638 1195 3710 praecipit
1221 3638 1360 3709 quid
1392 3639 1722 3697 faciendum

122 3723 195 3778 sit.
223 3726 376 3783 Sexta
405 3745 641 3801 quoque
670 3727 893 3791 civitas,
953 3727 1142 3799 portio
1201 3726 1345 3798 legis
1403 3746 1533 3801 quae
1580 3749 1722 3803 pra:-

122 3813 286 3869 scribit
312 3817 444 3888 quid
480 3835 595 3875 non
632 3815 962 3871 faciendum
1015 3814 1111 3871 sit.
1158 3818 1386 3881 Quanta
1417 3819 1721 3874 abundan-

121 3898 185 3953 tia
221 3901 407 3959 divinte
454 3902 868 3961 misericordias
922 3906 1153 3974 quanta:
1212 3902 1423 3956 divitia:
1488 3905 1722 3975 pietatis

121 3986 237 4057 ejus,
266 3995 324 4046 ut
359 3992 727 4065 singulorum
752 3991 947 4047 studia
969 3989 1426 4063 fragilit‘atesque
1450 3992 1720 4049 humanae

122 4078 425 4138 conditionis
454 4080 860 4147 considerans,
908 4080 1122 4152 quibus
1173 4084 1228 4134 et
1274 4079 1437 4135 inviti
1470 4099 1534 4136 ac
1567 4083 1719 4138 relu-

122 4167 303 4226 ctantes
330 4171 396 4226 ad
428 4170 664 4244 culpam
696 4169 988 4234 ducimur,
1022 4172 1079 4223 et
1110 4185 1225 4223 non
1259 4168 1583 4227 voluntaria
1622 4172 1721 4228 dc-

123 4248 230 4310 licta
246 4255 371 4313 victi
381 4258 670 4316 illecebris
692 4259 1026 4330 frequenter
1041 4257 1723 4327 committimus,diversa

175 4369 236 4452 (9)
258 4372 430 4455 _Rom._
447 4375 591 4455 edit.
628 4373 929 4455 8918,h0tl"tn
957 4380 1196 4455 quaerat
1213 4374 1493 4455 Dominus:
1518 4375 1721 4455 Etipse

123 4435 327 4517 Christus
351 4447 593 4517 relictus,
627 4450 733 4502 etc.
762 4435 881 4517 Sed
922 4435 1074 4517 nihil
1107 4443 1185 4517 in,
1216 4450 1447 4517 recepta
1470 4435 1719 4517 lectione

122 4516 443 4573 mutandum.
471 4516 746 4573 Sicenim
778 4516 872 4571 hic
903 4516 1043 4570 dicit
1062 4516 1409 4572 Ambrosius
1424 4516 1718 4572 Christum

121 4595 232 4670 gnari
255 4586 365 4670 Elia
390 4590 593 4670 fuisse,
623 4589 708 4644 uti
740 4587 887 4670 libro
918 4587 1237 4670 superiore,
1258 4604 1389 4670 cap.
1412 4591 1466 4653 2,
1492 4591 1717 4658 num.8,

120 4651 173 4727 tle
198 4655 409 4727 Davide,
441 4651 658 4719 Sciebat
684 4661 836 4715 enim
864 4651 1074 4727 inquit,
1114 4657 1265 4727 glori

121 4721 293 4803 ζέω-ιλιι)
317 4721 473 4800 mori,
508 4737 618 4788 etc.
669 4730 861 4803 Multm
892 4721 1032 4803 alia:
1062 4721 1225 4803 sunt
1266 4734 1325 4803 et
1370 4732 1524 4803 apud
1566 4721 1720 4787 hunc

120 4792 307 4883 ﬂuitem
321 4792 534 4883 etapud
549 4808 791 4883 caeteros
798 4802 1140 4883 hujusmodi
1157 4792 1719 4883 locutionemquibus

118 4863 478 4946 significat-unt
509 4863 929 4930 Incarnationis
952 4872 1295 4946 mysterium
1319 4863 1719 4946 antiq'u‘isillis
1764 4928 1767 4933 .

118 4933 266 5018 fuisse
292 4946 582 5018 cognitum
608 4963 622 5002 :
648 4946 863 5017 quibus
912 4962 983 5001 ue
1000 4933 1116 4999 non
1141 4933 1564 5000 modoPaulum
1584 4945 1719 5000 imi.

118 5009 199 5062 lat!
227 5019 369 5071 sunt.
398 5034 431 5071 a
458 5033 573 5071 auo
596 5018 823 5071 Movses
844 4961 1151 5071 [gsvntum
1170 5016 1500 5071 deseruisse
1523 5033 1719 5071 narra-

118 5009 199 5090 ξαῑὶ
227 5009 431 5083 ευηιῖει
458 5033 573 5090 quo
596 5009 823 5090 Moyses
844 5009 1151 5090 Egyptum
1170 5016 1500 5090 deseruisse
1523 5033 1720 5072 narra-

120 5033 199 5062 mu
227 5033 369 5083 sunt,
398 5034 431 5071 a
500 5035 573 5072 uo
599 5033 823 5090 moyses
844 5033 1151 5088 mgyptum
1170 5033 1500 5072 aesermsse
1523 5033 1715 5072 narra-

118 5080 194 5157 lU!‘
218 5089 433 5155 majores
458 5033 686 5144 divitias
705 5090 987 5146 aestimans
1021 5088 1271 5160 thesauro
1311 5089 1715 5160 x’E‘gyptiorum,

118 5160 467 5232 Wprgperium
496 5160 958 5232 Christirverum
988 5158 1166 5232 etiam
1190 5158 1718 5231 Dominumipsum

119 5224 354 5304 fillinJoan
374 5248 500 5304 vIu,
528 5233 617 5304 56,
640 5230 781 5286 dicit
807 5248 820 5284 :
852 5231 1130 5304 Abraham
1154 5238 1316 5301 pater
1342 5233 1514 5304 vester
1539 5224 1719 5286 exs-ul-

117 5292 225 5371 tavit
251 5300 304 5352 ut
332 5292 525 5358 videret
552 5292 698 5358 diem
724 5319 906 5358 meum
931 5319 949 5355 :
980 5302 1116 5356 vidit
1142 5292 1194 5357 ἑι
1234 5303 1453 5371 gavisus
1481 5310 1577 5357 est.
1600 5306 1716 5357 Hoc

117 5368 279 5449 cutem
306 5376 544 5449 utroque
590 5374 952 5449 testimonio,
994 5373 1094 5449 sed
1129 5368 1453 5449 praesertim
1484 5372 1713 5449 ultimo,

116 5430 348 5553 Pluribus
396 5430 560 5512 locis,
596 5446 780 5501 utitur
824 5430 1193 5510 Ambrosius,
1229 5447 1292 5499 ut
1340 5443 1499 5499 verbi
1530 5430 1718 5517 gratia

135 5502 195 5553 ιὶ)-
223 5508 282 5553 dp.
314 5514 570 5553 Ahrnhnm
603 5534 706 5553 nun
740 5523 765 5553 '1
826 5533 962 5553 nnm
996 5517 1055 5553 91
1119 5520 1171 5553 of
1198 5517 1477 5553 Pnsnmnnl
1520 5517 1692 5553 in’nn

135 5502 195 5561 ib.
223 5508 282 5589 de
307 5502 572 5589 Abraham
602 5534 706 5589 cap
739 5523 788 5583 3,
826 5533 965 5589 num
996 5517 1087 5581 21,
1119 5502 1493 5572 et'Comment.
1520 5502 1712 5571 ἶῖλιιιισ.

116 5589 209 5656 ηοῃ
230 5580 391 5656 longe
419 5587 488 5641 ab
520 5580 689 5644 initio
713 5580 954 5644 et'alibi.

171 5647 267 5723 (40)
297 5647 502 5729 Ονωηθε
550 5660 710 5728 edit.,
760 5661 935 5715 Nescit
977 5658 1215 5714 Ecclesia
1252 5658 1506 5729 publicas
1545 5659 1710 5727 leges,

115 5728 217 5777 sua:
241 5728 397 5783 novit.
432 5730 495 5787 Ut
522 5731 798 5789 Dominico
825 5729 1068 5788 sacerdos
1092 5728 1307 5786 obediat
1332 5730 1584 5800 imperio,
1613 5746 1715 5785 au-

1114 4645 1411 4729 gJoriosius
1455 4645 1575 4732 esse
1617 4645 1718 4732 pro
1750 4645 1795 4709 D

1835 3389 1888 3437 χ,
1920 3371 2031 3441 38).
2070 3393 2095 3418 ››
2119 3371 2279 3425 Bona
2300 3370 2480 3443 igitur
2498 3371 2672 3425 etiam
2696 3370 2817 3425 haec
2841 3368 3041 3424 civitas
3066 3359 3141 3423 aid
3165 3366 3478 3440 refugium,

1836 3475 1962 3529 quae
1994 3459 2363 3515 mdiﬁcatoris
2396 3459 2485 3515 sui
2536 3459 2885 3514 testiﬁcatur
2936 3457 3208 3530 gratiam,
3258 3461 3313 3513 et
3343 3457 3479 3512 atl‘e-

1835 3540 1993 3603 ctum
2024 3552 2289 3603 nostrum
2338 3548 2568 3614 excitat,
2621 3552 2685 3602 ut
2732 3549 2860 3619 ejus
2909 3547 3097 3603 simus
3126 3545 3477 3619 cupidiores,

1835 3637 1935 3709 qui
1966 3640 2188 3692 tantam
2221 3638 2390 3693 nobis
2423 3637 2652 3693 fabricae
2677 3637 2854 3709 hujus
2875 3637 3142 3692 videatur
3165 3634 3482 3692 contulisse

1835 3725 2351 3798 pulchritudinem.
2386 3727 2615 3782 Tertius
2647 3727 2787 3782 ordo
2816 3731 2906 3782 est
2935 3724 3146 3797 regalis
3179 3724 3484 3797 potestatis

1833 3815 2267 3887 contemplatio,
2292 3820 2356 3870 ut
2377 3815 2763 3886 subjiciamur
2785 3816 2930 3886 regi,
2954 3815 3001 3870 si
3027 3832 3138 3869 non
3164 3814 3482 3869 deferimus

1834 3904 2111 3959 honorem
2140 3908 2415 3975 tanquam
2450 3905 2697 3976 parenti.
2729 3904 2885 3959 Metu
2927 3904 3079 3958 enim
3116 3901 3481 3973 praesidentis

1831 3992 2178 4064 plerumque
2226 3994 2291 4047 ﬁt
2338 3993 2614 4048 obediens
2669 3992 2959 4064 potestati,
3007 3990 3228 4062 quiest
3274 3989 3481 4045 salutis

1832 4081 2097 4153 ingratus
2122 4100 2134 4149 ;
2157 4085 2220 4135 ut
2234 4083 2639 4139 necessitatem
2657 4079 2987 4136 sobrietatis
3012 4079 3481 4152 agnoscere.Cor-

1832 4168 1968 4242 rigit
1998 4185 2133 4241 ergo
2186 4170 2523 4237 necessitas,
2578 4186 2751 4241 quem
2802 4169 2990 4241 pietas
3030 4182 3342 4240 provocare
3375 4168 3478 4221 de-

1831 4259 2056 4314 buerat.

1829 4374 1887 4453 di
1916 4376 2172 4453 ζευίιιιγῃ.
2198 4374 2313 4453 llis
2342 4374 2626 4453 accedunt
2658 4372 3067 4453 mss.__aliquot
3105 4370 3477 4453 recentiores.

1831 4445 1945 4517 nisi
1990 4447 2144 4517 quod
2195 4446 2299 4511 illi,
2351 4446 2582 4500 duobus
2626 4443 3377 4517 exceptis,ginterpunfzunt
3418 4443 3476 4497 in

1830 4516 1984 4572 hunc
2012 4515 2251 4572 modum
2277 4534 2290 4571 :
2326 4518 2500 4572 Nescit
2548 4515 2785 4572 Ecclesia
2832 4515 3103 4589 publica;
3132 4517 3274 4589 {vius
3303 4531 3431 4589 1ςιιίιδ
3461 4534 3477 4569 :

1828 4591 1980 4644 novit
2017 4631 2027 4641 .
2067 4631 2077 4642 .
2115 4631 2126 4643 .
2165 4632 2176 4643 .
2211 4589 2356 4645 Audi
2396 4589 2655 4645 Levitam.
2700 4589 2780 4643 Ex
2829 4586 3043 4660 quibus
3092 4586 3244 4660 idem
3295 4586 3477 4660 ferme

1830 4677 2038 4716 sensus
2070 4660 2199 4715 elici
2222 4665 2434 4732 potest,
2469 4660 2561 4715 hic
2592 4658 2861 4716 scilicet.‘
2887 4659 3142 4715 Ecclesia
3192 4658 3249 4712 in
3298 4658 3481 4732 admi-

1832 4733 2137 4814 nistranda
2170 4730 2508 4814 pcbnitentia
2539 4732 2806 4813 politicas
2829 4732 2986 4856 leges
3016 4748 3129 4813 non
3172 4730 3437 4811 agnoscit
3463 4748 3475 4792 ;

1832 4822 1970 4856 suas
2001 4820 2156 4856 enim
2191 4804 2387 4856 habet.
2420 4821 2698 4856 nimirum
2731 4809 2797 4856 ut
2844 4804 2883 4856 C
2934 4812 3058 4856 t‘tstl
3104 4802 3338 4856 obedtat
3366 4816 3475 4854 1m-

1831 4822 1970 4859 suas
2001 4801 2387 4869 enim-habet,
2420 4801 2698 4859 nimirum
2731 4809 2797 4858 ut
2844 4801 3058 4858 Christi
3104 4801 3338 4856 obediat
3366 4801 3476 4854 im-

1830 4875 2066 4947 peratis.
2128 4875 2352 4947 Verum
2391 4875 2642 4943 Thuan.,
2694 4876 2869 4939 Prat.,
2931 4871 3462 4947 Fisc.,_Eb_rulph.,

1826 4942 2044 5021 Albim,
2074 4946 2257 5003 Alnet.
2293 4952 2349 5021 et
2396 4948 2519 5017 Big.
2574 4942 2879 5001 lcetionem
2925 4962 2957 4999 a
3004 4942 3170 4998 nobis
3217 4942 3273 4995 in
3318 4946 3476 5021 textu

1830 5018 2145 5090 repositam
2213 5011 2549 5090 praeterunt,
2629 5021 2864 5090 excepto
2931 5020 3156 5090 tamen_
3208 5011 3364 5090 quod
3416 5011 3474 5065 in

1829 5082 2111 5159 Ebrulph.
2165 5082 2266 5160 pro
2316 5082 2581 5160 sacerdos.
2630 5082 2840 5160 legitur
2892 5085 3202 5160 secerltatis.
3255 5082 3475 5136 Sensus

1828 5156 2031 5215 autem
2059 5156 2181 5214 estf
2201 5158 2515 5215 Ecclesium
2538 5159 2678 5213 dum
2705 5158 2869 5228 ligat,
2894 5156 3085 5219 solvit,
3109 5171 3143 5209 a
3173 5169 3473 5207 sacrorum

1828 5231 2270 5303 participatione
2327 5234 2602 5303 removet,
2672 5235 2776 5303 etc.
2845 5228 2931 5303 uti
2997 5229 3284 5303 potestate
3355 5240 3473 5303 non

1828 5295 2004 5371 quam
2041 5295 2138 5356 -illi
2188 5319 2306 5356 suae
2357 5300 2514 5370 leges
2568 5299 2958 5371 attribuerint,
2998 5295 3112 5352 sed
3160 5312 3338 5367 quam
3389 5295 3474 5350 illi

1827 5370 2095 5428 Christus
2138 5373 2261 5443 ipse
2304 5370 2682 5437 commiserit,
2733 5376 3219 5443 atquegexercere
3260 5384 3472 5443 praece-

1827 5444 1994 5516 perit.
2029 5440 2189 5510 Quod
2222 5443 2460 5516 quidem
2512 5458 2647 5516 cum
2698 5440 3177 5516 antecedentibus
3226 5455 3292 5493 ac
3333 5440 3471 5495 sub-

1827 5511 2207 5587 sequentibus
2239 5511 2430 5587 aptius
2462 5513 2751 5587 quadrare,
2780 5511 3128 5587 dit‘ﬁtebitur
3155 5516 3346 5587 nemo.

1895 5582 2007 5659 (lt)
2042 5588 2180 5642 Mss.
2214 5582 2456 5658 aliquot,
2482 5582 2994 5658 contemplationem
3012 5585 3181 5654 regiae
3210 5582 3468 5637 civitatis.

1826 5657 2019 5715 Minus
2052 5659 2216 5727 bene,
