3830 6206
297 333 414 401 603

1760 337 1825 403 S.
1870 335 2246 403 AMBROSII

3584 338 3707 402 604

369 474 456 532 11.
489 472 585 532 Hae
618 478 758 533 sunt
783 477 902 534 tres
930 473 1192 534 civitates
1231 477 1396 534 trans
1438 474 1773 544 Jordanem,
1808 493 1940 549 per-
1970 475 2022 542 Α
2053 473 2329 532 definita:
2362 470 2573 533 deinde
2598 471 2661 533 in
2689 471 2885 533 causis
2914 472 3154 549 paribus
3183 474 3376 551 impar
3414 480 3704 544 eventus;

299 564 519 621 fectiori
568 566 888 638 prudentiae
933 567 1005 622 ad
1055 566 1342 640 refugium
1390 567 1584 634 datae;
1636 572 1701 622 ut
1756 567 1945 638 primo

298 654 533 726 culpam
567 656 861 723 fugiamus
894 657 1227 712 inductione
1257 658 1460 725 animi,
1497 658 1823 713 conformes
1871 656 1942 711 ad

300 742 616 815 imaginem
651 746 769 799 Dei.
802 746 881 799 Ita
912 748 1066 800 enim
1100 747 1275 801 creati
1311 748 1942 812 sumus,dicenteDeo:

301 854 327 879 ‹‹
366 832 675 887 Faciamus
708 833 999 887 hominem
1038 835 1107 888 ad
1159 834 1476 906 imaginem
1524 841 1580 890 et
1610 835 1944 890 similitudi-

306 936 436 973 nem
470 926 729 975 nostram
764 924 915 989 (Gen.
952 941 989 988 ι,
1035 926 1147 989 26).
1203 925 1329 979 Ilaec
1377 940 1512 991 ergo
1557 923 1757 995 prima;
1786 923 1947 979 illius

298 1007 547 1062 civitatis
580 1011 733 1065 422
784 1010 873 1064 lex
921 1016 1028 1066 est.
1085 1012 1303 1067 Deinde
1351 1012 1398 1067 si
1445 1029 1546 1083 per
1576 1012 1945 1083 fragilitatem

296 1097 489 1151 carnis
540 1102 595 1151 et
646 1098 851 1153 mundi
893 1099 1197 1154 illecebras
1248 1101 1327 1154 ita
1383 1105 1637 1155 mentem
1683 1107 1943 1155 nostram

297 1185 549 1240 lorinure
582 1204 694 1240 non
729 1204 1069 1259 possumus,
1125 1190 1443 1243 reverentia
1489 1192 1739 1261 paterna:
1770 1205 1943 1259 gene-

298 1274 542 1329 rationis
583 1282 639 1330 et
686 1275 995 1331 sedulitate
1062 1279 1240 1348 prolis
1309 1284 1607 1349 peccatum
1661 1278 1941 1333 levemus.

298 1363 567 1419 Charitas
615 1364 770 1419 enim
820 1364 1257 1422 multitudinem
1306 1373 1675 1437 peccatorum
1734 1368 1940 1437 operit.

299 1453 406 1515 Qui
438 1470 575 1523 ergo
608 1453 675 1507 ad
711 1453 1028 1525 imaginem
1061 1455 1162 1511 Dei
1212 1473 1337 1511 esse
1384 1474 1497 1511 non
1554 1457 1826 1527 potuerit,
1867 1457 1945 1510 sit

298 1538 369 1592 ad
401 1538 830 1609 plenitudinem
863 1542 1184 1597 charitatis.
1222 1544 1321 1599 Illa
1343 1545 1546 1600 civitas
1582 1544 1813 1616 culpam
1844 1562 1943 1599 ex-

294 1625 497 1694 cludit,
531 1629 651 1683 hzec
681 1629 871 1683 solvit.
897 1630 1025 1685 Haec
1058 1632 1309 1703 denique
1346 1632 1436 1688 lex
1479 1633 1751 1688 secundae
1797 1633 1936 1687 civi-

292 1715 466 1771 tatis:
502 1739 529 1765 «
565 1716 778 1789 Diliges
812 1719 1118 1775 Dominum
1150 1721 1332 1777 Deum
1364 1726 1531 1777 tuum
1564 1738 1632 1777 ex
1660 1726 1779 1777 toto
1810 1738 1940 1776 cor-

293 1805 365 1859 de
396 1809 518 1909 tup,
546 1809 604 1860 et
653 1823 720 1861 ex
746 1812 896 1909 'tota
948 1810 1144 1864 anima
1188 1815 1309 1877 tua,
1360 1816 1415 1865 et
1462 1828 1528 1866 ex
1576 1815 1696 1866 tota
1725 1810 1938 1867 virtute
1968 1846 2014 1909 Β

294 1897 397 1947 tua
426 1894 602 1963 (Deut.
635 1912 712 1958 v1,
743 1896 817 1965 5).
853 1919 879 1944 υ
912 1898 1021 1952 Sed
1055 1898 1102 1952 si
1143 1916 1349 1956 rursus
1395 1899 1629 1969 angusti
1673 1899 1852 1954 animi
1880 1904 1937 1953 et

295 1981 505 2035 minuti
538 1987 694 2049 sunt,
747 1984 846 2055 qui
894 1986 1319 2042 abundantiam
1369 1987 1672 2043 charitatis
1718 1994 1776 2042 et
1803 2004 1935 2059 gra-

293 2068 429 2125 tiam
463 2071 717 2143 recipere
750 2090 863 2127 non
896 2080 1162 2145 possunt,
1210 2076 1390 2130 habes
1440 2076 1672 2131 tertiam
1733 2076 1938 2130 civita-

291 2163 403 2213 tem
432 2177 445 2226 ;
468 2164 532 2215 ut
552 2159 758 2215 divinae
778 2164 1084 2232 potestatis
1112 2164 1359 2219 formido
1382 2169 1435 2219 te
1454 2165 1715 2219 sobrium
1741 2164 1934 2230 faciat,

290 2252 347 2301 et
376 2248 633 2303 inﬂectat
662 2255 874 2305 metus.
909 2252 977 2305 Et
1007 2251 1128 2306 haec
1176 2251 1266 2307 lex
1313 2253 1523 2309 tertia:
1559 2276 1586 2302 ‹‹
1621 2253 1934 2309 Dominum

291 2335 475 2391 Deum
507 2340 673 2392 tuum
708 2338 1064 2404 adorabis,et
1087 2341 1195 2411 ipsi
1222 2340 1329 2396 soli
1352 2342 1569 2397 servies
1594 2342 1871 2414 (Ibid.13).
1905 2366 1925 2391 ι

292 2423 386 2478 Ηεε
438 2423 617 2494 igitur
663 2426 965 2497 praecipuas
1018 2428 1284 2495 virtutes,
1334 2436 1391 2486 et
1436 2431 1563 2486 ideo
1611 2448 1934 2502 paucorum

293 2528 405 2566 non
441 2510 721 2583 plurium,
751 2531 929 2586 supra
950 2516 1262 2573 Jordanem
1288 2520 1487 2591 posita:
1517 2538 1529 2582 ;
1556 2525 1619 2574 ut
1640 2520 1934 2591 exprimas

290 2601 459 2672 quasi
494 2601 688 2675 imago
719 2604 1121 2679 archetypum,
1164 2607 1377 2679 diligas
1428 2609 1595 2681 quasi
1646 2607 1801 2664 filius
1834 2624 1931 2681 pa-

290 2695 458 2756 trem,
490 2691 695 2747 adores
728 2694 896 2764 quasi
930 2695 1206 2751 subditus
1238 2713 1455 2769 regem.

362 2780 449 2832 12.
484 2779 591 2844 Qui
640 2785 833 2835 autem
884 2781 1199 2839 Jordanem
1249 2785 1609 2852 transierint,
1659 2785 1934 2842 Jordanis

294 2873 491 2921 autem
522 2868 826 2924 descensio
857 2888 1059 2925 eorum
1090 2872 1302 2927 dicitur
1328 2890 1340 2928 :
1390 2874 1489 2945 qui
1528 2874 1935 2930 descenderint

292 2971 428 3026 ergo
459 2972 527 3009 ex
559 2954 677 3011 illis
709 2958 1116 3029 superioribus
1144 2960 1460 3017 virtutibus
1507 2963 1576 3017 ad
1627 2962 1748 3018 haec
1786 2962 1932 3018 infe-

292 3043 466 3108 riora,
495 3042 553 3097 id
584 3050 691 3114 est,
725 3043 784 3100 in
811 3047 1024 3117 quibus
1055 3048 1378 3121 integritas,
1421 3050 1695 3119 charitas,
1735 3051 1933 3106 humi-

291 3129 424 3185 litas
472 3131 821 3189 vacillaverit
874 3135 1089 3192 habent
1136 3139 1409 3210 propiora
1454 3139 1678 3195 homini
1711 3139 1936 3212 refugis

290 3235 418 3290 quae
452 3224 687 3291 petant;
722 3227 787 3276 ut
814 3223 914 3294 qui
946 3226 1179 3281 obnoxii
1212 3227 1459 3298 delictis,
1508 3232 1567 3283 et
1608 3228 1803 3283 inﬂexi
1849 3227 1930 3282 vi-

288 3306 384 3362 tiis
413 3313 553 3363 sunt
599 3326 712 3364 non
762 3311 1130 3383 voluntariis,
1177 3321 1413 3387 sperent
1462 3317 1771 3373 Dominum
1815 3316 1928 3373 sibi

289 3397 650 3452 reconciliari
686 3416 877 3469 posse,
911 3401 957 3457 si
984 3403 1213 3458 veniam
1237 3410 1474 3477 petant;
1500 3413 1735 3478 sperent
1761 3421 1930 3478 posse

289 3501 350 3538 se
395 3486 627 3558 corrigi,
672 3489 720 3542 si
765 3495 1050 3561 prmcepta
1096 3498 1422 3563 sequantur
1468 3494 1791 3550 caelestium
1822 3495 1929 3571 Te-

289 3579 739 3641 stamentorum,
798 3578 1015 3648 quibus
1070 3585 1172 3635 aut
1202 3582 1589 3639 iuformamur
1643 3584 1715 3639 ad
1763 3583 1931 3638 inno-

290 3660 564 3730 centiam,
597 3668 697 3715 aut
728 3680 1066 3721 revocamur
1093 3684 1127 3721 a
1173 3670 1363 3740 culpa.
1419 3672 1511 3725 [lie
1560 3671 1739 3743 igitur
1781 3671 1933 3726 intra

289 3747 605 3802 Jordanem
636 3749 898 3806 civitates
930 3761 1238 3824 sequentes
1269 3762 1428 3823 sunt,
1456 3763 1519 3813 ut
1548 3758 1931 3830 propitiemus

291 3834 461 3891 nobis
496 3840 700 3902 Deum,
747 3856 1067 3910 sequamur
1112 3859 1238 3913 quae
1282 3845 1471 3916 jubet,
1525 3847 1777 3903 vitemus
1808 3864 1933 3919 quae

291 3924 576 3995 prohibet.
610 3927 697 3981 Sit
726 3943 860 4000 ergo
893 3930 1270 4001 propitiandee
1302 3933 1629 3988 Divinitatis
1669 3935 1933 4005 ambitio,

290 4014 596 4085 sequenda:
647 4018 1050 4089 praeceptionis
1098 4020 1370 4087 odeditio,
1422 4022 1738 4077 interdictae
1796 4041 1935 4095 pree-

290 4102 661 4159 varicationis
692 4107 905 4174 cautio,
940 4108 1159 4179 quibus
1188 4110 1653 4181 propitiatoriam
1686 4112 1784 4167 Dei
1824 4112 1933 4167 mi-

290 4190 690 4259 sericordiam,
741 4200 799 4249 et
845 4196 1276 4254 nomotheticen
1329 4200 1458 4271 ejus
1508 4201 1933 4272 providentiam

286 4280 374 4335 vel
408 4281 810 4338 institutorum
844 4286 1247 4357 obsequio,vel
1280 4287 1720 4344 intcrdictorum
1752 4289 1936 4344 decli-

293 4369 528 4425 natione
560 4388 922 4428 veneremur.

364 4459 449 4511 13.
502 4461 785 4523 Quartum
836 4470 1122 4534 superest.
1180 4467 1335 4536 quod
1378 4467 1449 4521 de
1509 4470 1694 4522 morte
1720 4468 1935 4523 summi

1962 3215 2005 3280 C

2057 570 2280 637 poterat
2308 565 2463 621 enim
2496 565 2621 621 ﬁeri
2651 570 2715 621 ut
2734 571 2867 638 post
2886 564 3189 622 homicidas
3216 564 3378 623 illius
3412 565 3707 637 refugium

2055 656 2317 725 sequenti
2348 655 2441 710 die
2481 654 2669 711 obiret
2717 671 2968 727 magnus
3013 655 3305 712 sacerdos.
3341 657 3478 720 Quae
3509 660 3706 710 autem

2055 745 2165 800 sub
2214 744 2433 800 incerto
2482 744 2815 800 sententia?
2863 744 3009 807 Ergo
3058 744 3196 815 quia
3261 744 3445 799 haeret
3492 743 3706 810 littera,

2056 852 2389 907 quaeramus
2406 834 2716 906 spiritalia.
2741 834 2883 898 Quis
2904 839 2994 889 est
3014 835 3124 889 iste
3144 850 3395 906 magnus
3409 834 3707 898 sacerdos,

2057 924 2165 979 nisi
2199 923 2301 979 Dei
2335 923 2535 990 Filius,
2575 922 2837 978 Verbum
2886 922 3010 988 Dei,
3060 925 3232 992 cujus
3262 923 3705 977 advocationem

2053 1030 2158 1085 pro
2187 1013 2358 1069 nodis
2386 1012 2675 1068 habemus
2725 1012 2884 1083 apud
2943 1012 3189 1074 Patrem,
3239 1010 3341 1082 qui
3385 1027 3586 1066 exsors
3616 1015 3707 1066 est

2054 1101 2320 1156 omnium
2350 1100 2813 1156 voluntariorum
2836 1104 2892 1156 et
2912 1100 3301 1155 accidentium
3324 1099 3697 1161 delictorum,

2055 1190 2112 1245 in
2145 1207 2259 1262 quo
2292 1189 2622 1245 consistunt
2651 1190 2848 1245 omnia
2875 1206 3002 1261 quae
3031 1188 3090 1244 in
3112 1194 3271 1245 terra
3298 1195 3463 1255 sunt,
3484 1193 3542 1243 et
3569 1205 3703 1259 quae

2054 1280 2112 1335 in
2161 1279 2349 1335 caelo?
2410 1277 2659 1333 Vinculo
2724 1277 2880 1333 enim
2950 1277 3121 1333 Verbi
3187 1276 3506 1332 constricta
3560 1282 3704 1331 sunt

2052 1370 2272 1436 omnia,
2323 1372 2383 1423 et
2430 1368 2560 1439 ejus
2608 1367 2981 1423 continentur
3029 1366 3307 1438 potentia,
3368 1371 3428 1422 et
3469 1365 3527 1420 in
3570 1365 3700 1436 ipso

2052 1461 2363 1523 constant;
2398 1456 2676 1528 quoniam
2709 1456 2765 1510 in
2799 1456 2927 1527 ipso
2964 1460 3160 1510 creata
3207 1460 3348 1510 sunt
3387 1454 3610 1519 omnia,
3646 1459 3703 1509 et

2052 1546 2109 1600 in
2150 1547 2274 1617 ipso
2296 1544 2525 1600 habitat
2543 1544 2737 1601 omnis
2761 1543 3083 1617 plenitudo.
3109 1545 3179 1599 Et
3199 1543 3327 1598 ideo
3346 1543 3548 1598 omnia
3578 1560 3703 1598 ma-

2052 1640 2192 1690 nent
2220 1633 2361 1704 quia
2409 1632 2647 1688 dissolvi
2697 1632 2799 1688 illa
2844 1649 2960 1688 non
3005 1631 3164 1699 sinit,
3218 1648 3347 1704 quas
3390 1631 3517 1703 ipse
3557 1648 3698 1687 con-

2050 1723 2305 1790 strinxit,
2358 1723 2636 1794 quoniam
2690 1721 2750 1778 in
2796 1722 2925 1792 ejus
2987 1720 3286 1776 voluntate
3336 1720 3695 1775 consistunt.

2049 1809 2258 1866 Omnia
2303 1810 2459 1867 enim
2509 1810 2698 1882 quoad
2758 1808 2902 1876 vult,
2953 1826 3061 1866 suo
3092 1808 3338 1880 imperio
3366 1812 3595 1863 coercet
3642 1812 3698 1863 et

2050 1900 2218 1972 regit,
2250 1903 2307 1954 et
2337 1897 2589 1954 naturali
2621 1897 2931 1954 concordia
2958 1897 3120 1970 ligat.
3152 1897 3308 1952 Vivit
3337 1897 3518 1969 igitur
3562 1896 3699 1953 Ver-

2048 1990 2186 2043 bum
2219 1988 2342 2053 Dei,
2375 1993 2433 2043 et
2450 1987 2713 2043 maxime
2741 1988 2800 2042 in
2833 1986 3048 2044 animis
3095 1987 3236 2041 vivit
3282 1986 3536 2059 piorum,
3588 2002 3696 2041 nec

2045 2094 2305 2149 unquam
2340 2076 2587 2132 moritur
2614 2076 2916 2148 plenitudo
2963 2075 3314 2131 Divinitatis.
3349 2074 3692 2147 Numquam

2044 2166 2200 2221 enim
2233 2165 2480 2221 moritur
2508 2165 2864 2237 sempiterna
2894 2164 3197 2232 Divinitas,
3243 2168 3301 2220 et
3345 2169 3563 2219 aeterna
3590 2164 3689 2219 Dei

2045 2256 2248 2309 virtus.
2308 2254 2462 2310 Sane
2504 2253 2753 2310 moritur
2782 2254 2971 2322 nobis,
3006 2254 3054 2309 si
3088 2271 3123 2310 a
3152 2257 3352 2309 nostra
3379 2254 3536 2310 42³
3566 2252 3691 2308 ani-

2045 2360 2138 2399 ma
2168 2347 2493 2415 separatur,
2542 2359 2658 2399 non
2702 2360 2817 2415 quo
2866 2348 3053 2399 morte
3102 2346 3536 2414 corrumpatur,
3583 2342 3686 2396 sed

2043 2448 2156 2503 quo
2189 2430 2545 2488 dissolvatur
2573 2436 2750 2504 atque
2779 2436 3027 2487 exuatur
3056 2448 3223 2487 mens
3242 2435 3446 2487 nostra
3461 2430 3535 2485 ab
3562 2431 3690 2501 ejus

2043 2520 2470 2592 conjunctione.
2505 2521 2662 2578 Mors
2690 2519 2847 2577 enim
2877 2537 3012 2577 vera
3030 2526 3119 2576 est
3164 2519 3341 2575 Verbi
3393 2524 3453 2575 et
3479 2519 3687 2574 anima:

2042 2609 2351 2683 separatio.
2403 2608 2663 2681 Denique
2708 2609 2911 2665 statim
2953 2609 3161 2682 incipit
3206 2609 3405 2665 anima
3438 2609 3687 2679 peccatis

2043 2704 2240 2773 patere
2270 2696 2618 2754 voluntariis
2646 2699 2782 2771 (13).

2044 2896 2344 2951 Memorata
2397 2894 2673 2966 superiori
2722 2895 2899 2966 capite
2939 2894 3221 2966 uirtutum
3276 2908 3477 2965 genera
3523 2895 3687 2966 etiam

2112 2968 2173 3020 in
2205 2964 2589 3037 Αροδῑοιοήοη
2615 2969 2732 3037 tam
2761 2964 3107 3029 adumbrata,
3130 2981 3295 3035 quam
3314 2979 3572 3037 expressa
3600 2965 3687 3018 Im-

2114 3035 2256 3104 beri,‘
2279 3037 2516 3092 collectis
2534 3036 2770 3109 ejusdem
2791 3037 2969 3092 variis
2985 3037 3312 3092 testimoniis
3332 3035 3682 3092 demonstrat.

2115 3145 2199 3199 14.
2234 3144 2531 3199 Habemus
2572 3143 2696 3199 haec
2741 3159 2955 3217 genam
3002 3159 3117 3199 non
3166 3143 3539 3209 adumbrata,
3587 3142 3682 3198 sed

2042 3248 2318 3305 expressa
2344 3231 2630 3287 virtutum
2660 3232 2721 3287 in
2770 3231 3069 3304 Apostolo,
3117 3230 3346 3287 dicente
3390 3246 3457 3286 eo
3484 3249 3501 3284 :
3533 3253 3563 3280 ‹‹
3604 3230 3682 3286 Ita

2042 3321 2198 3394 quod
2226 3321 2285 3376 in
2316 3336 2410 3377 me
2439 3325 2547 3385 est,
2574 3324 2884 3392 promptus
2913 3336 3048 3376 sum
3077 3325 3133 3375 et
3160 3319 3325 3375 vobis
3354 3319 3457 3391 qui
3490 3319 3678 3375 Romae

2040 3410 2204 3475 estis,
2226 3408 2641 3482 evangelizare.
2664 3409 2790 3465 Non
2812 3407 2967 3465 enim
2989 3409 3268 3465 erubesco
3281 3407 3673 3480 Evangelium.

2040 3498 2242 3555 Virtus
2271 3498 2428 3554 enim
2461 3497 2561 3554 Dei
2592 3501 2683 3553 est
2709 3497 2770 3552 in
2802 3497 3052 3554 salutem
3083 3496 3241 3552 omni
3273 3496 3552 3563 credenti,
3582 3496 3679 3551 Juo

2041 3588 2165 3644 daeo
2213 3586 2472 3658 primum
2521 3589 2579 3641 et
2622 3589 2838 3641 Graeco.
2894 3584 3136 3642 Justitia
3182 3585 3338 3640 enim
3386 3585 3481 3640 Dei
3529 3585 3586 3639 in
3617 3600 3678 3640 eo

2043 3674 2351 3742 revelatur,
2386 3675 2505 3730 «id
2556 3678 2663 3742 est,
2718 3674 2777 3729 in
2826 3691 2894 3730 eo
2937 3674 3035 3746 qui
3079 3673 3262 3729 credit
3303 3675 3476 3744 (Rom.
3522 3690 3562 3739 ι,
3598 3675 3679 3740 15,

2044 3766 2155 3835 17).
2189 3763 2449 3835 Denique
2479 3761 2740 3819 addidit:
2777 3784 2806 3813 ‹‹
2829 3763 2908 3818 Ex
2928 3763 3042 3818 {ide
3065 3762 3120 3817 in
3147 3763 3344 3828 tidem,
3366 3762 3519 3818 sicut
3550 3761 3680 3818 scri-

2043 3860 2210 3925 ptum
2241 3857 2366 3909 est:
2397 3853 2603 3909 Justus
2648 3855 2844 3907 autem
2893 3867 2962 3907 ex
2999 3851 3111 3906 fide
3153 3850 3292 3905 vivit
3339 3851 3479 3921 (Ibid
3509 3850 3620 3919 l7).
3654 3872 3677 3897 »

2045 3942 2108 3997 In
2140 3958 2255 4012 quo
2286 3940 2467 4013 igitur
2486 3939 2720 4011 justitia
2749 3939 2848 3995 Dei
2879 3939 3185 4005 revelatur,
3219 3939 3331 3994 nisi
3362 3939 3423 3994 in
3473 3956 3541 3995 eo
3584 3937 3675 4011 qui

2043 4030 2364 4086 conformis
2392 4033 2482 4085 est
2507 4027 2787 4102 imaginis
2827 4027 2953 4084 Filii
3008 4028 3158 4084 Dei?
3208 4028 3399 4084 Habes
3429 4028 3678 4100 primum

2043 4123 2396 4191 praeceptum
2450 4118 2522 4173 ad
2579 4117 2896 4191 imaginem
2957 4117 3072 4172 Dei.
3134 4117 3492 4184 Secundum,
3548 4117 3678 4189 quia

2043 4206 2363 4263 invisibilia
2400 4205 2561 4263 illius
2610 4222 2715 4277 per
2759 4221 2828 4261 ea
2874 4222 3001 4278 qua:
3057 4205 3210 4261 facta
3272 4210 3437 4273 sunt,
3480 4203 3679 4261 intelli-

2047 4301 2287 4369 guntur,
2331 4295 2387 4350 id
2418 4299 2531 4363 est,
2562 4294 2921 4367 sempiterna
2948 4293 3135 4350 virtus
3164 4295 3293 4364 ejus
3320 4297 3378 4348 et
3418 4292 3679 4348 divinitas

2046 4384 2321 4457 operibus
2352 4385 2481 4455 ejus
2510 4384 2901 4457 cognoscitur,
2933 4381 3055 4438 haec
3077 4392 3161 4438 est
3210 4382 3536 4455 operatoria
3573 4382 3678 4435 vir-

2045 4479 2162 4529 tus.
2199 4472 2461 4529 Tertium
2494 4473 2565 4529 de
2595 4471 2880 4545 imperiali
2914 4475 3219 4545 potestate,
3271 4470 3411 4543 quia
3437 4470 3678 4526 Verbum

292 4546 753 4648 sacerdotistl?)
786 4550 900 4648 ait:
937 4576 973 4648 ς.
997 4553 1463 4648 Quia‘usqueﬂad
1514 4554 1659 4648 illud
1701 4561 1933 4648 tempus
1965 4584 2013 4648 υ
2044 4561 2144 4619 Dei
2174 4559 2367 4633 regale
2396 4564 2506 4626 est,
2540 4559 2911 4631 etjudiciale,
2935 4564 2992 4616 et
3037 4558 3280 4633 plenum
3319 4560 3568 4631 justitia:
3594 4575 3674 4614 sa-

292 4633 403 4689 erit
425 4632 481 4688 in
505 4635 739 4691 civitate
770 4638 975 4710 refugii
1009 4640 1304 4698 homicida
1333 4643 1451 4711 ille,
1498 4644 1684 4700 donec
1726 4646 1936 4701 moria-

291 4728 387 4777 tur
416 4724 693 4779 sacerdos
723 4743 975 4796 magnus
1007 4729 1217 4798 (.losue,
1251 4749 1344 4798 xx,
1374 4734 1451 4803 6).
1508 4755 1535 4782 ››
1589 4733 1650 4788 In
1702 4751 1816 4806 quo
1847 4752 1936 4790 se-

292 4811 552 4866 cundum
586 4812 841 4868 litteram
871 4814 1047 4870 haeret
1075 4817 1493 4891 interpretatio.
1518 4822 1777 4877 Primum
1810 4822 1940 4896 ipsa

292 4900 430 4974 fuga
461 4905 617 4957 sorte
640 4902 830 4975 magis
861 4920 1037 4976 quam
1073 4908 1343 4979 aequitate
1374 4909 1622 4982 alicujus
1653 4911 1938 4967 examinis

362 5078 474 5163 2)
502 5082 575 5137 De
609 5087 806 5163 .gnorle
833 5089 1037 5142 summi
1089 5089 1396 5163 sacerdotis.
1438 5090 1568 5146 Haec
1591 5091 1850 5163 deerant
1877 5092 1936 5148 in

290 5153 429 5235 edit.
461 5154 758 5235 omnibus,
792 5172 921 5235 qua}
954 5175 1059 5214 nos
1092 5160 1150 5214 in
1183 5178 1327 5216 mss.
1360 5161 1667 5218 duodecim
1710 5170 1939 5235 reperta

292 5227 353 5276 in
369 5227 604 5305 textum
634 5227 1068 5285 transtulimus.

297 5364 308 5374 ⁸
363 5293 577 5361 (13)8ἱο
607 5315 811 5374 omnes
839 5304 1079 5357 omnino
1109 5320 1253 5358 mss.
1284 5308 1342 5359 et
1368 5304 1507 5358 edit.
1542 5309 1747 5374 prater
1768 5306 1932 5361 Rom.

295 5372 352 5416 in
381 5379 521 5442 qua,
552 5372 1016 5446 peccatis__patere
1048 5375 1478 5446 iinvoluntariis.
1534 5372 1696 5431 Haud
1738 5377 1935 5446 dubie,

296 5440 432 5556 guis
485 5441 641 5506 apud
695 5440 995 5499 Philonem
1047 5445 1143 5499 lib.
1197 5446 1273 5500 De
1320 5448 1590 5517 Pro/agis,
1642 5448 1796 5503 unde
1826 5440 1939 5504 ista

336 5514 625 5556 esumnta-
683 5510 929 5556 leuitnr-
1018 5524 1221 5556 ιτμιίληκη,
1336 5525 1470 5556 ωηεν..
1574 5525 1751 5556 πίεν...
1840 5532 1938 5556 υτ.

336 5514 625 5567 θευῐηιιῖςι,
683 5510 929 5578 legitur:
1018 5524 1221 5578 Κάϐοδος
1334 5510 1508 5580 ecctg'
1574 5525 1755 5574 δίδοται
1840 5532 1938 5584 τοῖς

298 5583 541 5665 ἀξιουσεοις
573 5592 856 5665 σφάλμασιγ
898 5603 912 5649 ;
970 5588 1479 5665 sed-Ambrosium
1510 5587 1722 5665 legisse
1797 5583 1941 5647 ἔχου-ζ

297 5657 412 5713 πίοις
444 5668 575 5706 cum
612 5670 754 5709 mss.
790 5661 966 5727 atque
995 5657 1131 5711 edit.
1174 5673 1495 5714 consensus
1543 5657 1805 5717 evincere
1835 5680 1936 5734 po-

2045 4648 2380 4716 cerdotalis,
2449 4648 2983 4705 remunerationem
3062 4651 3348 4704 bonorum
3431 4654 3675 4709 actuum,

2046 4744 2104 4795 ct
2160 4736 2603 4794 retributionem
2664 4736 2954 4793 malorum
3010 4737 3271 4793 venturis
3302 4737 3363 4792 in
3397 4735 3674 4809 judicium

2047 4844 2221 4885 suum
2269 4843 2531 4893 servans,
2577 4826 2648 4882 de
2698 4826 2913 4899 quibus
2965 4826 3047 4881 ait
3102 4825 3456 4898 Apostolus:
3492 4850 3517 4873 «
3565 4824 3676 4880 Sci-

2049 4933 2183 4972 mus
2238 4920 2436 4972 autem
2496 4914 2776 4988 quoniam
2823 4913 3117 4986 judicium
3179 4914 3279 4970 Dei
3336 4919 3427 4971 est
3478 4928 3675 4971 secun-

2046 5099 2181 5162 test,
2230 5099 2357 5151 tum
2407 5094 2550 5167 ipse!
2586 5092 3283 5167 orationisﬂPhiloniante
3359 5096 3669 5167 contextus.

2044 5167 2269 5222 Etenim
2303 5164 2450 5221 cum'
2467 5164 2643 5238 priori
2692 5165 2913 5238 periodi
2936 5166 3201 5238 membro
3217 5165 3671 5238 docuisset,prze-

2047 5241 2211 5293 sente
2239 5236 2705 5308 Verbo,_animie
2752 5236 3145 5292 voluntariam
3193 5236 3275 5307 (in
3330 5236 3514 5308 pejus)
3542 5246 3671 5286 con-

2044 5309 2372 5382 versionem
2403 5307 2677 5382 advenire
2713 5323 3033 5382 non_posse
3059 5325 3074 5376 ;
3107 5324 3300 5382 annon
3323 5307 3671 5382 consequens

2046 5385 2172 5436 erat
2201 5386 2266 5435 ut
2289 5380 2526 5447 diceret,
2575 5378 2779 5434 eodem
2841 5378 3021 5435 Verbo
3081 5380 3343 5448 absente,
3383 5378 3669 5434 confestim

2044 5451 2373 5507 voluntarie
2431 5451 2512 5521 (in
2543 5451 2732 5522 pejus)
2762 5450 3124 5507 conversioni
3177 5456 3372 5522 patere
3404 5448 3665 5522 animum.

2047 5524 2189 5649 sive,
2225 5523 2378 5595 quod
2412 5517 2567 5577 idem
2598 5517 2724 5590 est,
2746 5522 3094 5579 voluntariis
3148 5517 3403 5593 peccatis
3434 5517 3666 5575 reditum

2090 5611 2194 5649 ari.

2090 5611 2194 5650 111'].
