3830 6206
168 365 276 433 608

1351 360 1581 426 LIBER
1624 358 1726 422 DE
1766 354 1976 422 FUGA
2018 355 2335 421 S/ECULI.

3426 357 3545 424 606

168 503 293 561 dum
318 497 614 558 veritatem
640 498 701 556 in
732 515 830 557 eos
854 498 954 573 qui
982 497 1124 557 talia
1151 500 1333 571 agunt
1362 498 1534 564 (Rom.
1588 513 1650 558 ιι,
1699 494 1779 564 2.)
1814 493 1865 557 Α
1895 493 2066 550 Recte
2097 494 2156 549 in
2187 497 2491 562 aeternum,
2524 510 2641 567 qua
2669 491 2766 551 alii
2796 495 3145 569 temporales
3175 514 3380 554 omnes
3424 499 3536 554 sub

168 594 349 664 Itaque
378 590 477 663 qui
507 590 804 658 veritatem
835 595 891 646 et
911 590 1203 661 justitiam
1239 587 1336 643 Dei
1361 585 1644 659 cognovit,
1671 602 1785 640 non

166 682 320 737 debet
347 696 413 735 ea
459 696 627 751 agere
673 696 800 750 quae
848 683 1037 734 morte
1082 679 1261 750 digna
1308 682 1465 732 sunt.
1511 677 1790 747 Sequitur

167 769 380 824 bonitas
410 769 506 823 Dei
540 768 939 840 propitiatoria
968 768 1189 839 utique,
1224 768 1293 821 de
1325 784 1441 837 qua
1487 765 1666 820 dicit:
1700 766 1785 819 An

164 858 372 913 divitias
403 857 681 912 bonitatis
704 859 850 926 ejus,
884 863 940 912 et
968 857 1280 928 patientia),
1332 861 1387 909 et
1436 854 1787 926 longanimi-

163 946 287 1001 tatis
317 946 639 1001 contemnis
660 946 687 999 ‘I
729 946 964 1015 Ignoras
994 946 1271 1017 quoniam
1309 946 1533 1000 bonitas
1566 944 1663 999 Dei
1714 943 1785 999 ad

165 1034 544 1106 paenitentiam
576 1039 632 1088 te
664 1034 899 1088 adducit
930 1036 1086 1103 (Ibid.
1121 1036 1219 1101 4)?
1250 1035 1303 1089 id
1355 1039 1464 1099 est,
1516 1034 1686 1087 debet
1732 1036 1787 1086 te

168 1123 456 1178 adducere.
491 1123 767 1177 Provocat
794 1128 849 1177 te
880 1125 1012 1193 (14),
1060 1125 1197 1195 quia
1244 1124 1434 1179 bonus
1481 1130 1567 1177 est
1610 1122 1784 1188 Deus,

165 1216 221 1265 ut
248 1227 472 1281 sperare
495 1212 686 1282 possis
712 1216 943 1268 tuorum
968 1217 1335 1283 peccatorum
1356 1212 1784 1283 indulgentiam

164 1299 272 1354 Non
292 1299 412 1354 vult
441 1300 597 1355 enim
624 1300 937 1366 vindicare,
965 1302 1061 1373 qui
1087 1306 1175 1357 est
1201 1305 1439 1373 paratus
1467 1301 1782 1373 ignoscere.

163 1388 451 1443 Subtexuit
478 1388 655 1444 etiam
686 1388 1133 1462 legislationem,
1165 1391 1221 1445 id
1270 1395 1377 1459 est,
1436 1389 1783 1445 nomolbeti-

162 1492 288 1545 cen;
330 1482 391 1532 ut
437 1477 486 1533 si
539 1478 672 1550 quis
718 1479 1203 1552 contemplatione
1249 1481 1455 1535 divinae
1503 1478 1783 1534 bonitatis

162 1564 469 1632 resolvitur,
500 1570 559 1621 et
586 1567 775 1639 magis
804 1568 875 1624 ad
908 1568 1320 1642 negligentiam
1353 1586 1529 1641 quam
1562 1569 1631 1623 ad
1666 1585 1783 1640 pce-

161 1653 443 1710 niteutiam
494 1660 860 1727 provocatur,
910 1656 1097 1730 legem
1147 1663 1446 1730 sequatur.
1499 1657 1783 1722 Quoniam

161 1749 210 1797 et
277 1744 649 1816 quicumque,
708 1745 919 1818 inquit,
977 1747 1101 1803 sine
1184 1748 1308 1819 lege
1382 1751 1781 1819 peccaverunt,

160 1832 271 1887 sine
295 1831 416 1904 lege
454 1837 512 1888 et
571 1834 880 1905 peribunt:
940 1840 997 1891 et
1053 1836 1409 1908 quicumque
1476 1837 1532 1892 in
1596 1835 1783 1907 legem

162 1927 542 1991 peccaverunt,
575 1939 679 1993 per
706 1923 892 1994 legem
917 1925 1347 1995 judicabuntur
1376 1927 1531 1988 (Ibid.
1566 1927 1673 1995 12).

219 2011 298 2063 15.
332 2010 443 2064 Lex
474 2016 672 2066 autem
703 2012 939 2081 gemina
966 2017 1073 2079 est,
1107 2014 1413 2071 naturalis.
1446 2020 1501 2069 et
1545 2015 1780 2085 scripta.

162 2097 429 2153 Naturalis
461 2100 521 2154 in
555 2102 727 2156 corde
755 2116 767 2155 :
803 2101 1022 2174 scripta
1050 2103 1109 2158 in
1140 2103 1377 2158 tabulis.
1412 2103 1626 2158 Omnes
1649 2120 1784 2175 ergo

162 2186 255 2241 sub
281 2186 420 2259 lege,
482 2189 585 2243 sed
621 2189 892 2243 naturali.
943 2191 1053 2245 Sed
1102 2208 1215 2246 non
1266 2195 1351 2246 est
1400 2191 1660 2247 omnium
1721 2196 1787 2246 ut

161 2277 545 2348 unusquisque
576 2276 687 2332 sibi
721 2277 798 2333 sit
820 2277 927 2332 lex.
964 2278 1063 2334 Ille
1086 2285 1279 2334 autem
1306 2280 1413 2334 sibi
1437 2280 1523 2334 lex
1554 2284 1659 2345 est,
1685 2280 1787 2352 qui

162 2361 282 2418 facit
306 2370 509 2436 sponte
550 2383 679 2437 quae
708 2366 853 2436 legis
879 2372 1038 2427 sunt.
1072 2373 1129 2425 et
1158 2368 1216 2423 in
1274 2371 1446 2424 corde
1493 2387 1601 2426 suo
1649 2370 1789 2424 scri-

161 2456 306 2523 ptum
321 2454 631 2526 opuslegis
643 2455 918 2510 ostendit.
939 2456 1129 2512 Habes
1147 2474 1273 2529 qua:
1293 2459 1443 2513 bona
1460 2458 1604 2527 legis
1618 2463 1786 2527 sunt;

160 2556 268 2611 quas
294 2546 483 2597 tamen
518 2560 636 2597 non
661 2543 850 2599 solum
876 2546 1023 2600 scire
1044 2546 1127 2601 vel
1152 2548 1354 2602 audire
1376 2547 1784 2618 perfunctorie,

159 2628 246 2683 sed
266 2629 433 2685 etiam
455 2631 648 2687 facere
668 2633 972 2690 debemus.
997 2636 1122 2690 Non
1142 2636 1300 2691 enim
1322 2637 1619 2692 auditores
1640 2637 1788 2708 legis

152 2716 600 2792 justisuntapud
622 2722 824 2788 Deum,
842 2724 943 2778 sed
963 2724 1209 2780 factores
1226 2724 1786 2797 legisjustificabun-

158 2808 240 2860 tur
264 2807 428 2877 (Rom.
463 2827 525 2875 ιι,
564 2810 673 2879 l3).
708 2812 1036 2882 Cognovisti
1066 2814 1240 2869 etiam
1275 2816 1427 2871 424
1459 2832 1585 2885 quae
1633 2815 1789 2871 mala

157 2901 297 2951 sunt.
326 2898 586 2953 Primum
610 2904 819 2955 natura
838 2901 967 2973 ipsa
988 2902 1123 2958 boni
1145 2903 1333 2975 operis
1364 2904 1645 2975 magistra
1674 2910 1783 2961 est.

153 2984 265 3040 Scis
295 3001 402 3041 non
435 2988 782 3054 furandum,
816 2994 873 3045 et
900 3007 1133 3047 servum
1164 2997 1331 3047 tuum
1365 2993 1413 3048 si
1439 2994 1657 3049 furtum
1681 2995 1786 3049 tibi

156 3073 353 3141 fecerit,
383 3076 698 3145 verberas;
732 3083 789 3133 et
819 3080 865 3134 si
907 3081 1039 3151 quis
1069 3081 1139 3135 ad
1173 3098 1409 3136 uxorem
1444 3086 1603 3139 tuam
1656 3085 1787 3141 all'e-

158 3164 392 3230 ctaverit,
426 3167 903 3237 persequendum
935 3172 1127 3238 putas.
1163 3171 1322 3234 Quod
1365 3186 1501 3241 ergo
1548 3171 1606 3226 in
1654 3173 1785 3228 aliis

156 3253 540 3330 reprehendis,
572 3254 698 3326 ipse
727 3256 1048 3312 committis
1067 3257 1095 3311 ?
1125 3258 1232 3323 Qui
1256 3259 1532 3330 praedicas
1556 3278 1669 3315 non
1695 3262 1783 3316 fu—

157 3328 404 3406 randum,
452 3342 721 3398 furaris?
776 3344 882 3409 Qui
941 3345 1089 3400 dicis
1149 3364 1262 3402 non
1311 3347 1780 3416 adulterandum,

158 3426 427 3485 adulteras
447 3430 475 3485 ἱ)
497 3434 713 3486 Secuta
741 3437 827 3489 est
857 3433 1035 3488 etiam
1066 3433 1157 3489 lex
1187 3452 1313 3506 quae
1347 3436 1481 3491 data
1538 3442 1628 3492 est
1683 3455 1785 3508 per

159 3513 387 3586 Moysen.
442 3519 557 3575 Per
604 3519 787 3590 legem
836 3526 1032 3577 autem
1100 3523 1318 3594 agnitio
1373 3526 1615 3595 peccati.
1678 3530 1779 3583 Ac-

157 3604 334 3674 cepisti
362 3606 544 3663 etiam
576 3609 716 3678 quid
746 3610 1088 3675 declinares,
1125 3617 1180 3666 et
1199 3628 1262 3666 ea
1285 3613 1411 3684 agis
1433 3631 1560 3686 quae
1583 3616 1780 3687 probi-

159 3689 260 3746 bita
286 3696 635 3766 cognoscis?
667 3698 777 3753 Lex
808 3704 1002 3754 autem
1037 3700 1177 3771 quid
1212 3707 1505 3772 operatur,
1555 3704 1667 3758 nisi
1717 3711 1782 3760 ut

159 3780 325 3837 omnis
350 3786 612 3840 mundus
642 3786 804 3842 fieret
832 3788 1106 3844 subditus
1135 3790 1250 3844 Deo
1275 3808 1287 3856 ;
1338 3791 1477 3862 quia
1522 3809 1633 3847 non
1685 3810 1777 3848 so-

159 3864 263 3923 lum
284 3871 509 3929 Hebraeo
540 3874 658 3930 lata
678 3880 785 3942 est,
806 3893 1006 3932 verum
1028 3878 1203 3933 etiam
1228 3879 1509 3934 advenam
1531 3882 1777 3951 vocavit,

161 3969 267 4025 quae
310 3977 419 4017 non
466 3961 720 4018 exclusit
772 3966 1151 4038 proselytum.
1202 3966 1311 4022 Sed
1373 3969 1512 4039 quia
1568 3969 1659 4025 lex
1713 3989 1778 4027 os

162 4047 398 4104 omnium
456 4050 649 4121 potuit
703 4052 1023 4120 obstruere,
1083 4071 1199 4109 non
1259 4056 1451 4125 potuit
1516 4063 1771 4114 mentem

155 4142 474 4205 convertere,
538 4140 666 4196 ideo
726 4141 999 4198 ultimum
1069 4144 1393 4200 remedium
1465 4152 1770 4217 postremae

154 4217 290 4309 illius
317 4225 567 4283 civitatis
598 4229 939 4299 debebatur,
973 4232 1032 4287 in
1091 4248 1206 4303 quo
1265 4237 1421 4288 esset
1476 4235 1768 4309 refugium

154 4306 413 4381 salutare;
446 4320 513 4371 ut
546 4333 705 4373 mors
737 4319 1018 4391 principis
1060 4321 1427 4376 sacerdotum
1482 4324 1553 4378 ab
1607 4306 1766 4380 omni

153 4412 242 4453 nos
270 4404 467 4460 mortis
491 4404 769 4462 liberaret
800 4408 1129 4476 formidine,
1155 4413 1330 4482 atque
1351 4412 1586 4467 exueret
1609 4418 1766 4469 metu

151 4485 334 4550 (Vid.S.
364 4493 508 4566 Aug.
548 4492 585 4547 l.
619 4511 694 4560 ιν,
730 4495 881 4551 Cant.
911 4497 1048 4552 duas
1076 4502 1233 4569 epist.
1258 4501 1473 4568 Pelag.,
1503 4517 1628 4574 cap.
1658 4504 1765 4570 11).

212 4575 290 4630 16.
320 4578 456 4643 Quis
487 4580 585 4637 ille
615 4587 722 4649 est,
755 4583 866 4640 nisi
910 4585 981 4640 de
1029 4602 1145 4657 quo
1193 4586 1407 4643 lectum
1452 4594 1581 4644 est:
1632 4592 1771 4648 Ecce
1804 4602 1851 4665 Ι)

152 4662 328 4733 Agnus
355 4667 479 4736 Dei,
511 4668 642 4726 ecce
672 4672 773 4745 qui
806 4673 960 4730 tollit
1004 4679 1306 4745 peccatum
1358 4677 1563 4732 mundi
1613 4680 1773 4737 (Joan

152 4753 401 4839 ιλ.
434 4759 617 4822 Quem
650 4763 953 4833 proposuit
981 4764 1134 4819 Deus
1182 4764 1621 4837 propitiatorem
1673 4786 1774 4839 per

154 4835 303 4896 [idem
327 4844 383 4899 in
414 4849 700 4921 sanguine
731 4851 919 4922 ipsius
959 4851 1031 4906 ad
1079 4835 1475 4909 ostensi‘onem
1526 4855 1765 4926 iustitiae

152 4933 565 5005 su1e(Rom.m,
596 4938 708 5009 25).
741 4940 950 5012 Accipe
998 4946 1191 4998 autem
1243 4941 1383 5014 quia
1428 4943 1553 5012 ipse
1610 4946 1771 5017 prin-

152 5029 269 5088 ceps
296 5027 380 5077 est
408 5027 777 5083 sacerdotum
819 5045 1089 5102 magnus.
1142 5029 1310 5085 Pater
1347 5031 1573 5102 juravit
1604 5034 1673 5088 ed
1704 5051 1771 5089 eo

152 5102 363 5164 dicens:
392 5112 478 5168 Tu
506 5130 569 5171 es
598 5118 871 5173 sacerdos
902 5118 960 5172 in
992 5122 1274 5173 aeternum
1304 5118 1478 5189 (Psal.
1531 5138 1642 5188 cxx,
1692 5123 1768 5191 4).

211 5248 314 5332 (14)
342 5252 473 5307 Edit
505 5259 658 5332 _vet.,
691 5257 747 5311 id
775 5262 880 5320 est,
907 5258 1060 5314 debet
1112 5261 1191 5332 te_
1211 5258 1505 5332 adducere,
1574 5277 1769 5332 provo-

150 5329 256 5443 (3ιὲξεὶ
277 5319 461 5389 Rom.,
493 5326 547 5380 id
587 5319 683 5396 est,
742 5335 992 5401 provocat
1046 5339 1115 5385 te.
1174 5330 1313 5385 Mss.
1375 5319 1527 5397 vero,
1574 5319 1653 5387 'ut
1709 5335 1769 5389 in

259 5407 309 5443 υ.

200 5404 309 5445 Χῑυ.

211 5462 504 5543 (3.5.)hRom.
532 5469 670 5525 edit.
704 5477 837 5543 post
865 5473 1106 5528 verbum
1136 5472 1371 5540 decebat,
1404 5490 1472 5529 ex
1491 5473 1770 5531 Sallustio

152 5528 349 5616 addidit
378 5540 540 5616 capit,
573 5528 727 5616 quod
762 5559 949 5613 neque
979 5545 1038 5599 in
1072 5528 1245 5609 mss.,
1270 5528 1473 5616 ineque
1524 5528 1580 5600 in
1630 5528 1768 5602 edit.

150 5599 254 5693 3.911:
268 5599 465 5693 Ambr.
501 5599 1113 5693 ηέρένίἰυιῃεθῐηᾶθῐη
1148 5599 1769 5693 antevocemmatura-

156 5669 302 5743 libus,
333 5669 607 5748 praemisit
636 5669 1043 5757 negationem,
1058 5669 1568 5745 iioaiMalefH—ie
1614 5690 1769 5745 enim

1901 590 2153 652 peccato.
2169 584 2265 640 hic
2295 588 2489 640 autem
2524 585 3047 655 imprzevaricabile'
3067 587 3243 643 habet
3266 591 3543 645 'sacerdo-

1897 674 2044 727 tium
2074 690 2085 726 :
2120 690 2324 728 omnes
2356 677 2465 729 sub
2499 680 2703 741 morte,
2738 675 2831 730 hic
2852 681 3045 731 autem
3072 693 3305 749 semper
3323 679 3539 748 vivens;

1898 764 2176 834 quoniam
2220 762 2319 833 qui
2341 762 2563 817 sulvarc
2586 762 2731 818 alios
2755 769 2962 835 potest,
2987 765 3113 837 ipse
3136 768 3322 838 perire
3349 786 3542 841 quem-

1898 852 2213 906 admodum
2240 853 2482 923 posset?
2514 852 2673 907 Talis
2703 854 2880 915 enim,
2916 854 3128 926 inquit,
3163 858 3333 912 nobis
3379 860 3542 914 dece-

1898 941 1998 995 bat
2025 942 2204 1010 (Hebr.
2235 958 2333 1007 vn,
2394 942 2503 1003 26).
2566 942 2742 996 Recta
2798 943 3065 999 elocutio.
3124 946 3425 1017 Siquidem
3488 954 3545 1004 et

1899 1030 2047 1101 apud
2082 1047 2180 1083 eos
2211 1030 2309 1101 qui
2358 1032 2669 1085 verborum
2722 1038 2777 1085 et
2808 1032 3200 1089 elecutionum
3246 1037 3537 1093 delectum

1896 1118 2248 1186 habuerunt,
2283 1119 2618 1186 huiusmodi
2668 1120 2978 1183 invenitur,
3030 1125 3255 1178 dicente
3306 1126 3538 1197 aliquo:

1900 1209 2112 1262 Locum
2160 1208 2461 1262 editiorem
2523 1227 2699 1280 quam
2757 1212 3075 1266 victoribus
3132 1214 3373 1270 decebat
3428 1218 3541 1285 (15)

1896 1297 2157 1367 (Sallust.
2190 1296 2228 1351 l.
2255 1315 2270 1352 ι
2298 1299 2483 1367 Hist).
2509 1299 2668 1363 Quod
2694 1298 2822 1353 ideo
2862 1316 2975 1354 non
3004 1303 3273 1372 praeterii,
3299 1312 3358 1359 ut
3402 1305 3546 1361 scia-

1896 1402 2029 1441 mus
2059 1386 2199 1456 quia
2226 1386 2537 1457 Apostolus
2565 1388 2930 1443 naturalibus
2961 1390 3148 1455 magis
3197 1409 3371 1463 quam
3419 1394 3544 1449 vul-

1894 1476 2066 1547 gatis,
2118 1479 2219 1530 aut
2275 1476 2596 1530 secundum
2659 1482 2842 1531 artem
2906 1479 3328 1535 utitm-verbis.
3388 1482 3544 1538 'l‘alis

1896 1581 2051 1635 ergo,
2096 1565 2307 1636 inquit,
2367 1565 2537 1619 nobis
2596 1566 2837 1620 decebat
2894 1568 3187 1639 princeps,
3248 1572 3540 1642 sacerdos,

1893 1655 2115 1724 justus,
2150 1657 2409 1715 sanctus,
2434 1654 3177 1723 innocens.immaculatus,
3202 1665 3543 1730 segregatus

1895 1760 1929 1797 a
1989 1742 2410 1814 peccatoribus.
2458 1748 2515 1797 et
2553 1743 2833 1799 excelsior
2882 1745 3041 1801 cmlis
3091 1749 3279 1802 factus
3337 1750 3540 1821 (ibid).

1896 1831 2010 1885 Hoc
2041 1836 2128 1885 est
2156 1831 2337 1902 igitur
2360 1831 2638 1899 Verbum,
2685 1833 2838 1904 quod
2881 1850 3060 1905 supra
3109 1835 3379 1892 habitans
3409 1837 3543 1892 illu-

1895 1920 2081 1975 minat
2110 1920 2324 1975 omnia.
2362 1919 2520 1975 Unde
2552 1925 2607 1974 et
2639 1926 2849 1976 unctus
2881 1924 3223 1979 naturaliter
3261 1924 3475 1998 legitur
3512 1945 3547 1982 a

1895 2010 2011 2064 Deo
2041 2010 2205 2064 Patre
2227 2011 2361 2077 (Act.
2388 2027 2461 2076 1v,
2495 2012 2615 2080 27);
2643 2011 2781 2081 quia
2808 2010 3003 2067 lumen
3030 2019 3118 2067 est
3139 2032 3361 2083 verum,
3388 2018 3543 2088 quod

1894 2097 2189 2152 illuminat
2250 2115 2484 2154 omnem
2541 2099 2838 2155 hominem
2893 2102 3219 2159 venientem
3268 2104 3325 2158 in
3388 2105 3545 2162 hunc

1896 2188 2204 2242 mundum.
2250 2188 2365 2242 Hoc
2396 2192 2484 2242 est
2512 2190 2751 2245 verbum
2782 2191 2903 2254 Dei,
2929 2191 2988 2246 in
3014 2208 3126 2263 quo
3151 2197 3542 2266 estmagnum

1897 2276 2306 2340 sacerdotium,
2340 2277 2509 2346 cujus
2574 2278 2799 2349 Moyses
2856 2280 3044 2346 (Exod.
3080 2299 3233 2349 xxix,
3279 2285 3427 2353 ι5-7.)
3484 2284 3542 2339 in

1896 2364 1993 2417 illo
2050 2364 2394 2420 Vestimento
2445 2365 2725 2438 principis
2782 2370 3147 2424 sacerdotum
3197 2370 3546 2429 indumenta

1896 2454 2173 2508 describit
2239 2452 2654 2526 intelligibilia,
2713 2458 2868 2528 quod
2926 2458 3136 2514 virtute
3194 2477 3302 2515 sua
3354 2462 3545 2518 induit

1898 2542 2207 2607 mundum,
2232 2547 2288 2596 et
2309 2547 2585 2613 tanquam
2612 2561 2677 2599 eo
2697 2546 2947 2600 amictus
2972 2547 3150 2620 fulget
3170 2550 3224 2603 in
3246 2552 3540 2607 omnibus.

1898 2632 2094 2685 Induit
2125 2633 2280 2686 enim
2314 2632 2720 2705 cogitationem
2755 2636 2985 2706 generis
3016 2636 3259 2693 humani
3294 2641 3409 2711 (16)
3444 2659 3545 2713 per

1897 2719 2076 2789 hujus
2134 2721 2392 2791 corporis
2446 2722 2904 2793 susceptionem,
2965 2730 3023 2779 et
3089 2726 3541 2785 inenarrabilem

1897 2808 2265 2875 charitatem,
2291 2809 2608 2864 infundens
2640 2827 2703 2866 se
2733 2812 3007 2867 omnibus
3040 2813 3247 2885 spiritu
3280 2821 3337 2872 et
3365 2818 3544 2889 pleni-

1895 2899 2097 2954 tudine
2125 2898 2446 2953 divinitatis
2468 2916 2609 2966 suae,
2640 2900 2710 2953 de
2750 2902 2919 2971 cujus
2949 2901 3311 2973 plenitudine
3336 2922 3540 2963 omnes

1896 2987 2267 3058 accepimus;
2302 2993 2365 3041 ut
2397 2988 2655 3042 sciamus
2704 2990 3235 3060 supereminentem
3286 2994 3539 3051 scientiae

1896 3076 2235 3132 charitatem
2259 3076 2561 3141 Christi,ct
2580 3076 2935 3149 impleamur
2956 3080 3013 3134 in
3038 3098 3271 3137 omnem
3296 3083 3542 3155 plenitu-

1895 3166 2090 3221 dinem
2125 3166 2247 3220 Dei.
2280 3166 2464 3237 Caput
2493 3170 2582 3221 est
2619 3169 2772 3222 enim
2823 3169 3089 3225 omnium
3134 3171 3420 3243 Christus,
3471 3191 3539 3230 ex

1896 3272 2011 3326 quo
2042 3258 2231 3310 totum
2262 3270 2472 3325 corpus
2506 3255 3151 3325 producitur,etmutua
3183 3260 3291 3315 sibi
3325 3277 3536 3317 conne-

1892 3345 2060 3399 xione
2092 3342 2487 3414 coniungitur,
2524 3343 2948 3399 incrementum
2977 3347 3065 3400 sui
3100 3347 3156 3400 in
3206 3348 3536 3405 aediﬁcatio-

1893 3449 2025 3487 nem
2058 3432 2360 3487 charitatis
2400 3432 2709 3504 accipiens.
2761 3434 2878 3488 Hoc
2918 3438 3006 3489 est
3052 3435 3231 3507 igitur
3280 3437 3567 3495 Verbum'

1893 3523 2043 3577 425
2079 3522 2233 3593 quod
2266 3522 2679 3593 supereminet,
2716 3523 2866 3593 quod
2905 3524 3085 3596 Moysi
3118 3525 3175 3580 in
3202 3525 3359 3581 illius
3391 3544 3535 3582 arcae

1889 3611 2209 3666 testimonii
2240 3611 2620 3666 aedificatione
2660 3611 2836 3666 dicit:
2885 3613 3171 3669 Immittcs
3226 3614 3281 3670 in
3340 3634 3531 3672 arcam

1890 3699 2229 3754 testimonia
2248 3715 2630 3770 quaecumque
2656 3700 2805 3755 dabo
2836 3700 2960 3767 tibi,
2990 3708 3048 3756 et
3088 3703 3262 3758 facies
3294 3705 3531 3777 imposi-

1887 3788 2104 3843 tionem
2128 3787 2505 3859 propitiatorii
2531 3789 3141 3862 (Eo.vd.xxv,16,l7).Et
3164 3791 3313 3847 infra
3340 3811 3351 3848 :
3382 3818 3407 3845 ‹‹
3429 3797 3538 3850 Im-

1888 3893 2068 3947 pones
2099 3876 2565 3948 propitiatorium
2618 3894 2797 3949 super
2825 3896 3017 3935 arcam
3052 3881 3304 3952 desuper
3342 3891 3397 3938 et
3432 3885 3536 3939 im-

1891 3966 2085 4019 mittes
2112 3965 2445 4019 testimonia
2477 3982 2604 4037 quas
2636 3966 2822 4031 dabo;
2857 3972 2913 4021 et
2942 3968 3303 4023 innotescunt
3336 3972 3532 4028 tibiin-

1887 4054 1982 4118 de,
2014 4059 2070 4106 et
2092 4052 2298 4121 loquar
2317 4052 2422 4107 tibi
2447 4054 2699 4124 desuper
2718 4056 3123 4125 (lbid.22),hoc
3146 4062 3252 4120 est,
3277 4057 3410 4113 inde
3433 4061 3532 4116 ubi

1886 4159 1952 4196 su
1964 4159 2063 4213 per
2074 4140 2246 4195 oculos
2259 4142 2473 4207 est,ubi
2489 4144 2640 4214 apud
2663 4144 2887 4198 Patrem
2904 4144 3156 4212 cst,inde
3178 4146 3281 4199 tibi
3299 4146 3530 4219 loquar.

2524 4231 2755 4287 CAPUT
2796 4232 2886 4286 IV.

1885 4320 2023 4388 Quid
2060 4322 2129 4373 sit
2157 4321 2344 4388 fugere
2373 4320 2657 4385 scet‘rulum,
2691 4337 2816 4375 eum
2841 4322 3222 4378 emitur-latione
3266 4325 3337 4379 ad
3384 4325 3533 4382 illud

1953 4395 2171 4463 ejusque
2238 4393 2620 4457 contagioncm
2691 4392 3033 4461 fugiendam.
3103 4397 3145 4448 Γ
3184 4413 3307 4459 nam
3375 4399 3533 4453 illam

1950 4464 2247 4540 gloriosam
2274 4479 2387 4517 esse
2415 4480 2537 4517 cum
2575 4464 2943 4540 plurimorum
2980 4468 3207 4540 Patren
3263 4470 3533 4540 exemplis

1953 4534 2301 4608 ostenditur,
2333 4543 2447 4588 tum
2516 4537 2795 4608 prwcipue
2858 4538 3035 4590 sancti
3100 4541 3289 4593 Jacob.
3360 4534 3533 4608 Quam

1951 4607 2188 4682 feliciter
2214 4607 2543 4682 cesserit
2572 4608 2649 4659 ita
2675 4606 2922 4682 fugisse:
2959 4617 3011 4663 ct
3057 4627 3155 4663 cur
3210 4611 3356 4682 apud
3380 4606 3531 4667 leum

1952 4679 2137 4732 Labtm
2171 4677 2321 4731 nihiL
2340 4694 2503 4731 suum
2532 4677 2777 4749 reperire
2802 4683 3069 4750 potuerit.

1960 4768 2040 4821 17.
2075 4766 2439 4821 Accedamus
2472 4768 2687 4838 itaque,
2723 4769 2858 4823 ﬁdei
2898 4769 3175 4842 sullragio
3198 4772 3451 4835 subnixi,
3477 4776 3532 4826 et

1881 4856 2010 4926 ejus
2043 4855 2271 4926 remigii
2333 4854 2639 4923 sublevati,
2701 4857 2772 4911 ad
2832 4856 2991 4912 illam
3050 4859 3247 4913 sedem
3306 4861 3528 4930 gratim,

1881 4944 2171 5016 fugientes
2221 4943 2329 4999 hoc
2360 4943 2639 4999 saeculum
2689 4950 2745 5000 ct
2775 4947 2903 5017 ejus
2951 4947 3376 5017 contagionem.
3413 4947 3529 5003 IIoc

1880 5039 1969 5087 est
2000 5037 2192 5087 autem
2222 5032 2739 5103 fugere,abstinere
2768 5051 2800 5088 a
2831 5036 3107 5104 peccatis,
3137 5035 3209 5089 ad
3255 5034 3529 5091 similitu-

1880 5122 2078 5175 dinem
2101 5125 2157 5175 et
2177 5120 2492 5192 imaginem
2519 5120 2611 5175 Dei
2635 5120 2883 5175 formam
2907 5122 3525 5192 virtutumassumere,

1881 5260 2023 5316 nihil
2056 5260 2222 5334 aliud;
2246 5260 2612 5334 Ambrosius,
2647 5278 2829 5334 quam,
2847 5262 3102 5317 ostendit
3123 5263 3379 5334 Apostoli
3401 5282 3525 5321 ver-

1880 5335 1972 5398 ba,
2006 5333 2159 5386 nobis
2189 5331 2677 5401 derebat,vitiosa
2700 5333 2936 5401 quidem
2972 5350 3083 5388 non
3124 5331 3271 5401 esse,
3301 5342 3363 5391 ut
3402 5337 3527 5393 Sal-

1880 5404 2203 5478 lustianum
2234 5400 2562 5473 exemplum
2597 5400 2799 5478 probat
2831 5420 2842 5457 :
2878 5405 2977 5459 sed
3009 5400 3296 5461 naturalia
3328 5408 3407 5478 (id
3441 5415 3530 5466 est

1881 5474 2191 5553 simplicia)
2223 5480 2279 5528 et
2301 5491 2332 5528 a
2359 5475 2676 5553 _commnni
2727 5491 2833 5553 usu
2888 5474 3529 5553 grammaticorumque

1880 5544 2206 5602 canonibus
2239 5544 2543 5617 paululum
2580 5552 2820 5599 remota.

1954 5619 2061 5689 (16)
2092 5618 2555 5689 Quidamhmssq
2590 5619 2973 5689 cognitionem
3003 5624 3219 5689 generis
3274 5622 3524 5677 humani.

1882 5687 2259 5746 Commodius
2296 5687 2391 5744 alii
2425 5693 2480 5744 et
2510 5688 2673 5756 edit.,
2707 5687 3102 5763 cognationem,
3144 5698 3253 5750 etc.
