3830 6206
339 362 455 428 607

1799 361 1863 427 S.
1910 361 2286 429 AMBROSII

3621 362 3727 429 608

337 496 643 555 extendere
672 495 827 555 vires
856 501 1089 556 nostras
1114 497 1187 555 ad
1213 494 1597 556 imitationem
1629 496 1731 554 Del
1765 512 1977 554 secun-
2007 504 2063 570 Α
2091 497 2215 556 haec
2246 498 2384 573 fuga
2412 500 2501 556 est
2530 495 2729 572 fugere
2756 512 2792 555 a
2820 493 2971 555 facie
2989 496 3329 572 peccati.8ic
3359 496 3516 571 fugit
3540 498 3725 569 Jacob,

335 588 474 644 dum
506 606 840 645 mensuram
870 593 1080 645 nostrae
1100 588 1528 663 possibilitatis.
1551 587 1652 643 Vir
1673 587 1828 643 enim
1856 605 1981 660 per-

335 680 525 734 fectus
548 679 739 750 imago
762 684 815 733 et
839 678 1019 746 gloria
1038 684 1125 734 est
1148 679 1268 734 Dei.
1288 679 1451 735 Unde
1472 683 1525 733 et
1548 677 1830 733 Dominus
1858 678 1974 732 ait:

338 791 365 817 «
399 767 637 823 Perfecti
671 773 867 832 estote,
905 767 1055 822 sicut
1088 772 1141 823 et
1174 768 1344 822 Pater
1373 774 1563 822 vester
1591 766 1691 838 qui
1723 766 1783 821 in
1818 766 1978 820 ccelis

335 862 445 923 est,
470 855 759 928 perfectus
790 862 876 910 est
910 857 1113 921 pilatlli.
1146 875 1202 925 v,
1238 859 1347 926 48].
1377 856 1492 911 Hoc
1539 860 1627 910 est
1676 855 1857 926 igitur
1899 854 1974 909 si-

332 945 530 999 milem
563 961 689 999 esse
716 945 834 1012 Dei,
866 945 1079 1001 habere
1119 946 1441 1016 justitiam,
1494 945 1706 999 habere
1746 945 1978 1015 sapien-

331 1035 495 1102 tiam,
522 1039 580 1088 et
608 1033 665 1087 in
700 1034 911 1088 virtute
944 1051 1072 1088 esse
1106 1035 1425 1106 perfectum
1460 1035 1555 1099 (De
1583 1034 1784 1088 Pcenit.
1838 1033 1974 1086 dist.

329 1126 386 1189 2,
418 1140 544 1193 cap.
571 1122 860 1191 Similem).
896 1123 1049 1178 Deus
1096 1124 1251 1177 enim
1300 1128 1387 1178 est
1436 1123 1560 1177 sine
1605 1126 1860 1193 peccato.
1914 1121 1978 1175 Et

331 1212 462 1267 ideo
494 1212 591 1283 qui
626 1217 925 1283 peccatum
978 1213 1144 1283 fugit,
1207 1213 1275 1265 ad
1336 1212 1650 1283 imaginem
1709 1216 1793 1265 est
1854 1210 1975 1264 Dei.

332 1301 458 1356 Non
492 1306 577 1356 est
609 1301 786 1373 igitur
814 1302 1059 1356 dubium
1093 1320 1168 1373 qu
1188 1303 1246 1357 id
1284 1303 1330 1355 is
1362 1302 1515 1373 quia
1542 1306 1775 1373 peccato
1798 1299 1977 1353 absti-

334 1395 449 1457 net,
486 1390 654 1461 fugit.
689 1389 848 1445 Unde
878 1390 1188 1461 Apostolus
1237 1390 1472 1444 clamat.
1537 1389 1739 1461 Fugite
1799 1388 1977 1443 forni-

330 1478 614 1533 cationem
646 1480 691 1547 (I
722 1478 840 1532 Cor.
876 1496 950 1547 iv,
997 1480 1109 1549 18;.
1160 1479 1596 1549 Persequuntur
1661 1479 1813 1533 enim
1871 1494 1976 1533 nos

328 1573 695 1640 peccatorum
726 1568 1029 1627 illecebrae,
1065 1569 1439 1639 persequitur
1487 1568 1706 1621 libido:
1751 1566 1852 1621 sed
1913 1572 1976 1620 tu

328 1658 461 1729 fuge
495 1661 774 1727 tanquam
809 1656 1089 1710 furiosam
1122 1657 1445 1722 dominam,
1487 1673 1617 1727 qum
1648 1656 1696 1709 si
1720 1672 1978 1727 compre-

327 1745 615 1815 henderit,
674 1762 777 1799 nec
836 1746 929 1800 die
988 1762 1091 1800 nec
1151 1750 1315 1800 nocte
1382 1746 1743 1816 requiescere
1810 1744 1972 1812 sinit,

326 1834 596 1903 exagitat,
654 1834 794 1898 urit,
854 1834 1131 1888 incendit.
1194 1834 1349 1905 Fuge
1408 1833 1735 1900 avaritiam,
1801 1850 1868 1887 ne
1918 1838 1975 1887 te

327 1923 571 1978 interius
611 1922 1085 1994 comprehendat.
1122 1923 1276 1992 Fuge
1326 1922 1629 1993 invidiam,
1680 1940 1806 1993 quae
1857 1938 1973 1976 non

327 2011 517 2068 solum
550 2010 791 2078 alienos,
849 2028 1047 2067 verum
1114 2012 1297 2067 multo
1358 2011 1547 2083 magis
1606 2026 1740 2066 eum
1797 2027 1974 2082 quem

324 2102 670 2174 possederit,
704 2100 957 2157 lacerare
985 2101 1287 2157 consuevit
1320 2104 1451 2171 (17(.
1486 2102 1643 2173 Fuge
1672 2100 1973 2170 perﬁdiam

322 2208 395 2246 ne
423 2196 480 2247 te
510 2191 635 2246 suis
662 2190 917 2245 involvat
945 2191 1191 2245 retibus.
1219 2189 1383 2245 Unde
1414 2195 1470 2244 et
1526 2190 1810 2244 Dominus
1860 2189 1969 2243 ait:

322 2280 468 2334 Cum
526 2284 721 2334 autem
780 2285 1208 2350 persequentur
1263 2295 1363 2333 vos
1422 2278 1481 2333 in
1540 2278 1769 2333 civitate
1835 2276 1968 2345 ista,

323 2368 505 2441 fugite
537 2368 595 2423 in
629 2368 825 2422 aliam.
857 2368 1017 2431 Quod
1044 2369 1090 2423 si
1140 2369 1199 2423 in
1231 2368 1347 2424 alia
1377 2372 1800 2441 persequentur
1845 2383 1968 2433 vos,

323 2457 383 2512 in
416 2456 589 2511 aliam
624 2457 825 2528 fugite.
859 2458 1039 2511 Amen
1072 2458 1201 2511 dico
1232 2457 1414 2524 vobis,
1449 2474 1563 2512 non
1596 2471 1969 2512 consumma-

323 2545 463 2601 bitis
495 2544 754 2600 civitates
794 2544 995 2610 Israel,
1029 2545 1212 2601 donec
1241 2546 1435 2601 veniat
1484 2545 1667 2600 Filius
1711 2543 1969 2599 hominis

318 2634 533 2703 (Matth.
567 2654 617 2700 ι,
649 2635 762 2704 23).
796 2633 1042 2700 Etenim,
1080 2634 1346 2707 quamvis
1379 2638 1615 2706 propter
1659 2631 1966 2687 infirmita-

321 2728 435 2778 tem
470 2723 661 2777 carnis
694 2723 891 2794 fugam
926 2723 1095 2778 nobis
1126 2724 1374 2778 suadere
1423 2723 1729 2777 videatur:
1768 2726 1965 2776 tamen

320 2811 532 2867 melius
560 2811 727 2883 fugit,
761 2812 859 2883 qui
893 2811 1040 2881 fugit
1096 2812 1427 2867 illecebram
1484 2810 1858 2878 smcularem;
1901 2816 1967 2866 ut

322 2918 435 2955 non
466 2905 732 2955 teneatur
762 2900 1094 2955 divitiarum
1127 2918 1367 2956 suarum
1400 2900 1813 2965 sollicitudine,
1846 2917 1963 2955 non

320 2989 581 3046 thesauri
614 2988 1123 3061 contemplatione,
1156 3007 1273 3046 non
1302 2990 1429 3045 vitm
1458 2990 1630 3045 istius
1677 2989 1963 3061 cupidita-

324 3083 379 3134 te
404 3096 417 3147 ;
453 3078 553 3133 sed
576 3077 794 3132 directa
816 3078 997 3133 animi
1022 3078 1345 3135 intentione
1367 3079 1598 3135 festinet
1623 3079 1694 3134 ad
1717 3078 1961 3150 gloriam

323 3167 422 3223 Dei
454 3166 725 3231 cmlestis,
755 3172 1024 3239 properet
1056 3169 1125 3223 ad
1149 3185 1445 3239 coronam,
1468 3186 1573 3225 nec
1594 3172 1960 3224 terrenarum

319 3257 584 3313 contuitu
616 3273 650 3311 a
679 3257 767 3311 sui
800 3257 1059 3329 corporis
1087 3258 1359 3330 passione
1389 3262 1705 3313 revocetur.

389 3346 477 3400 i8.
514 3350 669 3417 Fuga
698 3361 833 3417 ergo
866 3362 1025 3401 mors
1069 3350 1158 3401 est
1203 3345 1293 3401 vel
1345 3346 1637 3402 celebrata
1680 3347 1816 3417 (18),
1872 3343 1961 3401 vel

320 3435 687 3490 adumbrata.
716 3436 870 3491 420
901 3436 969 3491 Et
1000 3436 1145 3491 forte
1174 3434 1302 3491 illas
1330 3436 1605 3508 exprimit
1634 3435 1839 3508 refugii
1879 3435 1959 3490 le-

320 3522 511 3594 gitimi
543 3523 842 3591 civitates;
872 3529 933 3578 ut
963 3525 1371 3598 confugiamus
1411 3528 1482 3581 ad
1522 3526 1806 3581 virtutum
1842 3524 1961 3581 cul-

321 3613 504 3677 mina,
536 3628 683 3683 quas
707 3629 810 3684 pro
842 3615 1093 3685 praemiis
1142 3615 1293 3670 bono
1326 3615 1636 3671 feneratori
1669 3615 1807 3670 alibi
1839 3614 1963 3670 dis~

318 3705 526 3775 pensat
586 3699 819 3755 dicens:
893 3702 1038 3767 Quia
1100 3703 1161 3757 in
1224 3705 1452 3759 modico
1520 3703 1707 3759 fidelis
1774 3702 1957 3769 fuisti,

316 3792 432 3846 eris
464 3794 809 3862 potestatem
838 3788 1063 3846 habens
1094 3809 1272 3864 super
1299 3794 1497 3848 decem
1524 3794 1783 3849 civitates
1806 3794 1958 3863 (Luc.

315 3897 431 3947 x1x,
466 3880 574 3949 i7).
611 3879 723 3934 Lex
748 3883 912 3934 vetus
946 3881 1101 3936 novit
1133 3882 1393 3937 civitates
1425 3883 1535 3953 (19)
1568 3882 1666 3938 sed
1700 3883 1840 3954 quia
1877 3882 1958 3938 le-

316 3986 448 4043 gem
482 3968 766 4040 implevit,
822 3970 920 4041 qui
961 3970 1152 4043 potuit
1206 3971 1429 4028 dicere:
1490 3973 1614 4029 Non
1659 3973 1787 4028 veni
1837 3970 1959 4027 sol-

313 4075 445 4115 vere
474 4057 682 4129 legem,
716 4058 817 4114 sed
850 4058 1090 4131 implere
1120 4059 1325 4129 (Matth.
1377 4079 1430 4115 v.
1493 4064 1603 4129 i7),
1653 4061 1956 4133 perfectio-

314 4164 435 4203 rem
461 4163 773 4203 numerum
806 4150 1293 4204 remunerationis
1325 4149 1607 4223 indulget.

386 4237 472 4291 19.
504 4237 625 4292 Non
659 4253 797 4309 ergo
828 4238 1248 4294 erubescamus
1272 4238 1488 4312 fugere.
1518 4238 1785 4295 Gloriosa
1799 4238 1956 4294 enim

384 4344 495 4415 (l7)
528 4345 671 4411 Fuge
698 4344 965 4399 invidiam
1001 4387 1013 4399 .
1053 4387 1066 4398 .
1103 4388 1116 4401 .
1154 4388 1165 4398 .
1203 4388 1216 4400 .
1263 4346 1509 4401 lacerare
1549 4346 1846 4401 consuevit.
1888 4345 1958 4401 Et

316 4420 447 4486 post
477 4432 681 4486 pauca,
734 4416 880 4483 ρυοιι
926 4417 977 4471 si
1036 4419 1091 4470 in
1143 4417 1326 4473 alia...
1386 4420 1600 4486 fugite:
1658 4418 1716 4472 in
1766 4417 1956 4473 omni-

314 4487 425 4539 bus
455 4485 602 4539 Gall.
637 4503 779 4540 mss.
812 4488 1197 4542 desideratur.

386 4557 497 4625 (18)
530 4556 665 4610 Mors
700 4598 713 4609 .
750 4600 763 4612 .
799 4599 813 4611 .
850 4601 863 4613 .
899 4601 911 4612 .
946 4559 1231 4622 celebrata,
1264 4559 1319 4613 id
1380 4562 1489 4623 est,
1547 4558 1831 4614 naturalis
1887 4575 1953 4614 ac

313 4643 445 4681 vere
510 4627 812 4698 oppetita:
884 4646 1026 4686 mors
1091 4636 1285 4685 autem
1353 4630 1681 4684 adumbrata
1746 4629 1961 4686 dicitur

315 4698 909 4774 mo_rtificatio:in_ac
954 4700 1131 4774 enim”
1158 4705 1247 4774 est
1291 4703 1500 4756 animm
1546 4716 1605 4754 se
1651 4718 1685 4754 α
1739 4718 1959 4774 corpore

310 4762 951 4845 seﬂ'amutis_speculum,
987 4777 1049 4845 ut
1076 4771 1177 4845 lib,
1207 4771 1272 4825 de
1302 4774 1447 4827 Bono
1494 4773 1683 4827 mortis
1725 4762 1853 4845 cap'.
1904 4775 1961 4845 4,

316 4859 480 4898 num.
514 4843 599 4907 14,
632 4841 892 4912 loquitur
910 4842 1274 4897 Ambrosius.

383 4914 498 4985 (l9)
533 4913 621 4969 Ita
651 4915 773 4969 Vat.
806 4915 934 4969 cod.
965 4916 1037 4970 At
1068 4914 1375 4970 duodecim
1405 4913 1610 4987 nostri,
1639 4917 1751 4971 Lex
1797 4919 1962 4987 quin-

312 4989 592 5059 que‘uovit
623 4988 888 5059 civitates.
932 4989 1115 5059 Quem
1164 5002 1419 5059 errorem
1468 4986 1605 5059 hinc
1652 4986 1960 5059 irrepsisse

312 5057 755 5142 crediderimus,
789 5058 929 5139 quia
955 5057 1167 5142 dictio,
1202 5061 1372 5125 vetus,
1401 5057 1457 5111 in
1481 5057 1836 5142 quibusdam
1860 5077 1963 5142 per

308 5128 565 5202 litteram
600 5134 668 5183 ν.
702 5128 1109 5201 designatasit,
1142 5147 1321 5202 quam
1348 5146 1452 5202 pro
1482 5128 1617 5202 nota
1661 5128 1963 5186 numerica

311 5200 671 5273 reliquorum
704 5200 907 5256 scriba:
934 5200 1303 5273 acceperunt.
1352 5200 1813 5273 ’Desiderabatur
1843 5220 1965 5267 ,εω-

309 5277 429 5343 tem
456 5272 549 5327 hic
582 5278 771 5327 textus
803 5273 859 5327 in
896 5280 1014 5329 ant.
1048 5272 1186 5329 edit.
1240 5288 1412 5343 quem
1466 5272 1524 5326 in
1566 5272 1743 5343 (Rom.
1799 5272 1961 5343 legas

311 5341 421 5397 hoc
455 5344 647 5411 modo,
682 5350 792 5400 Lex
816 5346 966 5400 novit
992 5362 1090 5401 sea:
1126 5341 1390 5399 civitates.
1423 5344 1534 5399 Sed
1561 5342 1621 5398 in
1652 5344 1780 5401 cod.
1831 5341 1959 5400 Vat.

312 5411 818 5488 habetur_i'etus,et
843 5432 941 5471 sex
968 5416 1524 5488 ommittitur,quam
1555 5419 1749 5488 tamen
1764 5433 1962 5472 vocem

315 5483 674 5560 subintelligi
704 5483 1770 5560 exsuperioribusquivisintelligat.

387 5554 648 5632 (acino;
682 5554 925 5632 petitum
958 5566 1046 5612 est
1075 5576 1141 5613 ex
1188 5554 1290 5612 lib.
1345 5558 1491 5613 Phil.
1554 5560 1629 5615 De
1656 5554 1960 5631 'Profugis,

318 5624 417 5677 ubi
457 5624 558 5705 ‘Sjc
620 5624 819 5705 habes,
869 5636 1032 5705 copia:
1065 5637 1116 5684 δέ
1172 5637 1327 5705 ὄνᾳμι
1411 5638 1636 5705 Ιξᾳβουὴλ
1682 5638 1735 5685 ἐν
1790 5624 1964 5705 leius;

316 5707 420 5765 μοὶζ
450 5701 636 5765 ᾅδεται.
696 5698 855 5752 Idem
925 5701 1075 5753 intra
1150 5700 1354 5754 eodem
1430 5699 1616 5755 libro:
1675 5715 1764 5757 Ὃν
1796 5698 1965 5763 ista;

318 5775 582 5840 ὠνόμασαν
638 5774 685 5824 ot
733 5776 971 5840 χρησμοί.
1056 5770 1137 5825 Ex
1224 5769 1439 5840 quibus
1525 5774 1683 5842 patet
1764 5790 1964 5831 sacras

2088 594 2274 644 matre
2301 588 2603 644 suadente.
2634 587 2789 644 Dixit
2837 586 2996 644 enim
3027 586 3323 670 Rebecca:
3357 612 3389 640 «
3414 589 3728 661 Exsurgens

2087 677 2221 749 fuge
2252 679 2307 732 in
2362 676 2861 749 Mesopotamiam)
2912 676 3224 743 Genuum,
3273 679 3388 749 43).
3414 700 3445 729 ››
3470 679 3569 733 Sic
3599 679 3731 752 fugit

2085 772 2142 822 et
2171 768 2395 839 Moyses
2427 784 2461 821 a
2492 766 2638 821 facie
2667 766 2821 838 regis
2852 765 3096 831 Pharao,
3130 782 3204 821 ne
3234 766 3403 821 illum
3427 766 3565 821 aula
3588 768 3730 840 regia

2086 856 2509 930 coinquinaret,
2533 871 2605 910 ne
2634 855 2886 910 irretiret
2915 856 3198 927 potentia.
3232 855 3500 928 Denique
3530 857 3728 928 pretio-

2086 945 2211 999 sius
2239 945 2463 1016 :Egypti
2495 944 2713 999 divitiis
2742 943 3049 999 aestimavit
3077 943 3464 1015 opprobrium
3508 944 3725 999 Christi.

2088 1033 2181 1088 Sic
2212 1034 2360 1105 fugit
2391 1033 2568 1087 etiam
2615 1032 2796 1087 David
2827 1049 2862 1087 a
2892 1030 3036 1087 facie
3097 1032 3251 1103 regis
3306 1032 3473 1101 Saul,
3509 1050 3543 1086 a
3598 1034 3727 1088 facie

2084 1122 2426 1177 Abessalon.
2483 1121 2745 1193 Denique
2803 1120 3034 1192 fugiens
3087 1121 3338 1176 addebat
3383 1122 3729 1178 incrementa

2086 1212 2341 1283 pietatis.
2373 1210 2559 1283 quiet
2606 1210 2939 1265 insidiatori
2992 1210 3274 1281 pepercit,
3328 1214 3386 1265 et
3440 1211 3727 1283 parricida:

2085 1300 2333 1356 salutem
2364 1299 2605 1373 rogavit.
2633 1300 2728 1355 Sic
2773 1300 2922 1371 fugit
2955 1303 3011 1353 et
3058 1298 3313 1371 populus
3366 1299 3727 1356 Hebreorum

2088 1395 2150 1445 ut
2181 1391 2326 1445 ﬁdes
2356 1391 2483 1459 ejus
2505 1393 2561 1444 et
2589 1388 2705 1443 vita
2738 1388 2891 1443 inter
2920 1388 3131 1443 ﬂuctus
3155 1388 3266 1443 sibi
3292 1389 3549 1461 aperiret
3570 1390 3725 1444 viam.

2085 1478 2241 1551 Fuga
2274 1478 2371 1532 illa
2400 1482 2521 1533 erat
2554 1481 2771 1532 trames
2802 1476 3168 1542 innocentiae,
3205 1476 3441 1532 virtutis
3474 1478 3589 1546 via,
3623 1478 3727 1551 pie-

2083 1569 2222 1623 tatis
2252 1568 2598 1639 assumptio.
2632 1566 2831 1621 Audeo
2862 1564 3072 1630 dicere,
3123 1565 3209 1620 sic
3258 1567 3410 1637 fugit
3457 1570 3518 1622 et
3566 1567 3727 1622 Jonas

2082 1654 2143 1709 in
2174 1654 2417 1709 Tharsis
2446 1670 2561 1709 non
2593 1653 2854 1725 corporis
2895 1652 3052 1725 fuga,
3103 1653 3207 1707 sed
3262 1654 3483 1709 mentis
3538 1670 3727 1710 ascen-

2081 1744 2263 1809 sione,
2293 1744 2393 1816 qui
2427 1757 2614 1817 usque
2634 1742 2705 1797 ad
2727 1741 2942 1797 Christi
2970 1741 3237 1797 ascendit
3259 1742 3724 1807 similitudinem,

2082 1838 2149 1888 ut
2177 1834 2341 1889 fieret
2368 1837 2543 1904 typus
2571 1830 2806 1887 Christi.
2857 1830 3019 1886 Sicut
3074 1829 3231 1884 enim
3282 1831 3393 1886 fuit
3446 1831 3632 1888 Jonas
3676 1834 3725 1887 in

2084 1926 2282 1978 ventre
2310 1921 2418 1977 ceti
2450 1920 2639 1977 tribus
2659 1919 2868 1975 diebus
2896 1924 2954 1976 et
2968 1918 3157 1974 tribus
3182 1920 3475 1988 noctibus,
3500 1921 3586 1977 sic
3607 1922 3723 1987 erit,

2084 2010 2295 2083 inquit,
2327 2017 2383 2066 et
2415 2010 2596 2066 Filius
2651 2008 2910 2063 hominis
2971 2009 3032 2063 in
3091 2009 3265 2064 corde
3322 2013 3491 2066 terrae
3546 2010 3723 2067 tribus

2081 2100 2310 2163 diebus,
2341 2104 2399 2155 et
2430 2100 2621 2155 tribus
2660 2098 2932 2154 noctibus
2986 2097 3193 2167 (Matth.
3223 2114 3327 2165 ιιι,
3353 2100 3634 2169 (10).Nam
3678 2101 3719 2156 si

2080 2191 2164 2245 sic
2197 2207 2311 2245 non
2341 2189 2608 2263 fugisset,
2640 2204 2946 2260 nunquam
2976 2187 3051 2243 de
3070 2192 3269 2243 ventre
3297 2189 3408 2245 ceti
3442 2194 3599 2245 esset
3628 2207 3719 2246 au-

2081 2279 2260 2334 ditus.

2146 2369 2237 2421 20.
2266 2368 2380 2423 Sed
2414 2368 2463 2423 si
2496 2366 2754 2433 dubitas,
2785 2365 2987 2421 doceat
3016 2368 3073 2421 te
3104 2364 3363 2421 Rebecca
3393 2383 3568 2438 quam
3595 2367 3721 2425 bea-

2076 2460 2137 2511 ta
2167 2457 2243 2512 sit
2275 2457 2413 2529 fuga
2443 2472 2619 2528 quam
2650 2454 2911 2527 suscepit
2948 2454 3148 2510 Jacob.
3204 2455 3406 2510 Suasit
3454 2456 3715 2513 Rebecca.

2076 2547 2146 2601 Et
2167 2547 2364 2618 «fuge.
2390 2546 2605 2618 inquit,
2625 2544 2686 2599 in
2714 2542 3198 2616 Mesopotamiam
3220 2543 3378 2611 (Gen.
3412 2561 3588 2615 XXVII,
3612 2547 3716 2613 l2):

2074 2638 2237 2690 Isaac
2267 2634 2407 2691 dicit
2436 2652 2451 2689 :
2483 2634 2791 2705 nSurgens
2823 2633 2968 2688 vade
2998 2631 3058 2687 in
3109 2631 3614 2704 Mesopotamiam,
3664 2634 3713 2688 in

2073 2724 2315 2779 domum
2348 2722 2589 2779 Batbuel
2620 2722 2774 2794 (Gen.
2800 2738 3000 2787 xxvm,
3031 2722 3108 2791 2).
3143 2720 3208 2775 in
3235 2721 3472 2794 hymnis
3492 2722 3576 2777 vel
3598 2740 3714 2778 ora-

2072 2813 2225 2870 culis
2254 2813 2364 2885 (20)
2396 2828 2428 2867 a
2456 2811 2752 2885 plerisque
2794 2814 2886 2881 (ut
2931 2816 3064 2866 ante
3110 2826 3220 2866 nos
3277 2810 3564 2884 scriptum
3610 2814 3710 2881 est)

2072 2902 2315 2958 Bathuel
2345 2901 2633 2974 sapientia
2677 2900 2911 2965 dicitur,
2966 2900 3480 2972 interpretratione
3527 2904 3706 2957 autem

2073 2992 2299 3062 Latina,
2332 2990 2453 3046 ﬁlia
2488 2990 2590 3046 Dei
2615 2989 3002 3063 signiﬁcatur.
3050 2990 3114 3044 In
3146 2989 3388 3045 domum
3440 3006 3578 3064 ergo
3628 3007 3708 3046 sa-

2071 3080 2301 3154 pientia:
2358 3079 2618 3135 mittitur
2667 3077 2871 3145 Jacob,
2929 3082 2985 3133 et
3051 3078 3311 3149 accipere
3375 3078 3709 3135 admonetur

2071 3186 2310 3225 uxorem
2361 3186 2396 3224 a
2440 3168 2675 3233 ﬁliabus
2729 3167 2949 3233 Laban,
2981 3167 3083 3239 qui
3114 3166 3342 3222 habitat
3372 3167 3435 3222 in
3469 3167 3704 3233 Charris,

1996 3249 2039 3315 C
2076 3260 2232 3332 quod
2265 3258 2558 3332 signiﬁcat
2585 3272 2883 3324 cavernas,
2915 3256 2976 3311 in
3006 3255 3225 3329 quibus
3245 3256 3475 3328 species
3494 3261 3580 3312 est
3596 3273 3708 3312 sen-

2072 3364 2269 3414 suum,
2302 3346 2404 3419 qui
2429 3350 2570 3402 sunt
2598 3350 2884 3419 tanquam
2916 3345 2976 3400 in
3007 3344 3269 3400 cavernis
3316 3344 3596 3417 corporis.
3646 3348 3701 3399 ut

2066 3438 2230 3494 visus
2254 3437 2315 3493 in
2346 3436 2553 3503 oculis,
2584 3434 2823 3493 auditus
2849 3435 2909 3491 in
2939 3434 3202 3503 auribus,
3235 3435 3518 3491 odoratus
3541 3435 3594 3490 in
3616 3451 3699 3490 na-

2069 3527 2254 3592 ribus,
2313 3526 2374 3581 in
2431 3540 2530 3581 ore
2586 3540 2780 3597 sapor.
2837 3524 2947 3589 Qui
3003 3523 3160 3580 enim
3228 3522 3552 3580 delectatur
3609 3524 3702 3579 hoc

2070 3617 2313 3682 mundo,
2338 3618 2396 3671 et
2420 3613 2705 3686 tripudiat
2733 3613 2795 3669 in
2840 3612 3238 3685 voluptatibus
3286 3614 3565 3684 corporis,
3614 3613 3701 3669 ob-

2070 3706 2280 3761 noxius
2308 3708 2397 3760 est
2429 3719 2709 3759 sensuum
2741 3702 3137 3777 passionibus,
3172 3706 3352 3773 atque
3383 3701 3446 3757 in
3479 3702 3571 3758 his
3611 3701 3695 3757 ba-

2070 3793 2220 3849 bitat
2243 3796 2300 3848 et
2328 3792 2675 3848 diversatur.
2708 3790 2872 3847 Unde
2902 3790 2955 3846 ei
2986 3790 3128 3845 dicit
3158 3790 3421 3846 Rebecca
3452 3790 3703 3846 habitan-

2067 3884 2210 3939 dum
2241 3898 2458 3954 paucos
2489 3880 2613 3936 dies
2642 3895 2779 3936 cum
2811 3879 2932 3947 illo,
2965 3896 3082 3934 non
3113 3879 3298 3934 multo
3329 3882 3591 3952 tempore
3611 3896 3622 3933 :
3644 3894 3697 3933 ne

2066 3970 2361 4044 corporeis
2391 3969 2682 4026 coleretur
2708 3968 3129 4041 voluptatibus,
3154 3973 3212 4024 et
3234 3968 3432 4023 saeculi
3457 3968 3698 4041 capiatur

2068 4060 2377 4118 illecebris.

2136 4150 2225 4204 21.
2254 4146 2571 4203 Persuadet
2588 4150 2783 4203 autem
2808 4145 3167 4212 habitare,ut
3184 4144 3375 4201 discat
3397 4145 3697 4202 studiosius

2065 4236 2387 4310 disciplinae
2401 4233 2635 4291 virtutis
2648 4235 2981 4308 sensum(2i
2993 4235 3095 4308 ),et
3106 4233 3262 4291 velut
3272 4233 3426 4291 situs
3437 4235 3699 4308 quosdam

2066 4343 2399 4416 Scripturas
2430 4343 2504 4416 ab
2533 4340 2841 4416 Ambrosio
2872 4341 3135 4416 Philonis
3164 4341 3505 4416 imitatione
3539 4341 3699 4396 dictas

2065 4412 2310 4472 oracula.
2345 4413 2508 4480 Quod
2540 4417 2737 4469 autem
2772 4413 2871 4469 ait.
2904 4414 2969 4470 In
3027 4415 3269 4485 hymnis,
3303 4412 3393 4469 vel
3436 4414 3607 4485 (idem,
3630 4415 3701 4466 est

2065 4492 2243 4559 atque
2268 4485 2523 4559 oraculis
2549 4503 2563 4554 ;
2596 4488 2914 4559 utrumque
2960 4482 3118 4540 enim
3149 4482 3377 4559 χρηάμᾴς
3430 4482 3695 4541 interdum

2066 4555 2396 4631 significat:
2438 4555 2529 4612 vel
2586 4556 2789 4631 referri
2818 4555 3038 4629 'potest
3093 4555 3198 4631 ad"
3234 4556 3517 4631 verbum_

1987 4616 2041 4683 Ι)
2066 4616 2319 4688 canitur.
2342 4616 3003 4701 Caeterumghymndrum
3023 4627 3462 4701 nominestiam
3485 4616 3695 4701 Davidi-

2068 4719 2167 4758 cos
2197 4701 2459 4774 psalmos
2488 4697 3045 4774 significaridocent
3074 4704 3133 4755 et
3162 4697 3324 4774 Philo
3356 4699 3505 4771 ipse,
3536 4702 3591 4754 et
3616 4697 3696 4774 In:

2070 4766 2355 4846 terpretes
2374 4772 2453 4846 ad
2484 4766 2613 4846 cap.
2642 4788 2773 4826 xxvi
2804 4771 3011 4827 Matth.
3045 4787 3195 4826 vers.
3227 4771 3318 4839 30,
3373 4766 3601 4841 nempe,
3648 4766 3697 4820 Et

2070 4844 2464 4918 hymniodicto
2487 4845 2773 4918 πίθηκε,
2804 4849 2919 4918 etc.

2141 4909 2383 4987 (21)Sic
2425 4931 2571 4987 mss.
2620 4909 2882 4987 melioris
2935 4921 3104 4987 notae,
3160 4912 3378 4987 quibus
3436 4909 3694 4971 accedunt

2070 4982 2253 5044 etiam
2276 4985 2549 5043 nonnulli
2579 4985 2952 5057 recentiores,
2982 4984 3105 5057 nisi
3130 4982 3287 5056 quod
3318 4982 3519 5057 legunt
3553 5023 3570 5057 ._
3584 5021 3608 5057 _.
3638 5020 3653 5035 .
3682 5018 3691 5030 .

2070 5060 2398 5130 virtutisque
2424 5073 2662 5117 sensum.
2708 5056 2837 5112 Vat.
2887 5063 2945 5113 et
2990 5052 3167 5130 Colb:
3209 5052 3407 5130 unus:
3450 5052 3694 5130 studiosus

2070 5123 2384 5202 discipliizae
2406 5132 2640 5202 virtutes
2675 5144 2957 5202 sensuum.
3017 5128 3145 5202 Non
3206 5126 3401 5198 inepte
3433 5123 3692 5202 quidem.

2070 5194 2219 5259 nam'
2266 5206 2324 5257 et
2374 5201 2507 5272 inf,
2537 5217 2666 5272 cap.
2726 5217 2849 5272 seq.
2882 5199 3085 5272 ,Jacob
3142 5194 3357 5254 amator
3412 5194 3692 5272 disciplin;

2072 5272 2378 5346 apellatur.
2406 5271 2560 5327 Edit.
2592 5266 2707 5346 vet.
2739 5266 2828 5346 ab'
2845 5270 2931 5346 eis
2979 5270 3087 5326 hoc
3135 5274 3365 5346 tantum
3417 5266 3693 5324 recedunt.

2114 5340 2227 5420 uod
2248 5344 2477 5420 habent
2523 5343 2848 5420 studiosius.
2899 5342 3067 5420 item.
3117 5340 3394 5420 denique,
3453 5348 3691 5420 adnisa:

2114 5362 2227 5401 uou
2261 5362 2477 5400 nauem.
2523 5362 2848 5399 studiosius.
2900 5362 3067 5398 nom.
3117 5362 3394 5412 denique,
3453 5362 3517 5395 ac
3570 5362 3691 5412 umq-

2069 5362 2288 5472 Sllheod.
2321 5416 2512 5488 prima
2546 5430 2746 5488 manu,
2800 5412 3443 5488 st_udio.9us_disciplin$
3500 5409 3693 5466 virtutis

2070 5484 2341 5545 sensumf
2371 5485 2596 5541 Ibidem
2654 5484 2793 5540 edit.
2828 5484 3016 5555 Rom.,
3079 5484 3228 5552 Quis,
3297 5486 3351 5539 et
3396 5498 3502 5555 qua
3552 5488 3693 5534 causa

2071 5569 2285 5615 creatus
2312 5560 2405 5613 sit.
2431 5557 2557 5626 Vet,
2612 5557 2757 5627 Quid
2798 5598 2812 5612 .
2853 5595 2869 5612 .
2916 5598 2933 5614 .
2977 5599 2990 5611 .
3022 5563 3265 5627 ereatum
3294 5555 3403 5609 sit:
3438 5557 3538 5627 _Ita
3585 5560 3692 5606 om-

2072 5648 2177 5714 nes
2200 5646 2344 5714 mss.
2377 5625 2880 5714 e‘xcgptis‘Remig.
2903 5632 2962 5684 et
2983 5625 3203 5714 Theod:
3231 5625 3494 5682 secunda
3511 5632 3691 5684 manu,

2073 5705 2174 5776 qui
2204 5702 2447 5771 habent,
2477 5699 2625 5772 Quid
2657 5741 2671 5758 .
2717 5743 2731 5755 .
2779 5743 2793 5758 .
2828 5699 2853 5756 ἶ
2892 5706 3106 5756 creant:
3132 5699 3227 5753 sit.
