3830 6206
133 339 233 402 609
1281 325 1515 397 LIBER
1558 336 1645 395 DF

1976 334 2285 398 SIECULI.
3370 334 3488 405 610

134 470 299 528 carnis
325 473 490 541 atque
518 466 801 542 regiones,
852 470 916 525 ut
958 483 1023 531 se
1054 470 1384 540 cognoscat,
1417 471 1474 523 et
1513 467 1732 524 noverit
1763 469 1816 535 A
1846 468 2105 524 invenire
2142 468 2327 541 potuit
2359 469 2415 523 in
2466 467 2760 525 soliditate
2808 466 3058 535 virtutis,
3096 470 3358 525 ubertate
3389 486 3488 525 sa-

133 558 516 617 vehementiam
547 557 758 625 carnis,
782 556 923 630 quid
953 561 1011 613 et
1040 575 1155 630 qua
1186 574 1360 612 causa
1390 558 1536 614 421
1574 574 1731 614 crea-
1843 558 2093 629 pientiae,
2148 557 2563 631 intelligentiae,
2605 556 2849 628 justitite
2900 558 3010 628 (23)
3032 558 3059 612 ‘?
3092 559 3216 630 Ipse
3248 558 3443 629 dixisti
3472 574 3483 612 :

132 654 209 705 tus
249 647 335 714 sit,
399 650 453 703 et
514 647 1008 719 quemadmodum
1078 646 1484 719 unusquisque
1522 664 1733 703 sensus
1844 669 1873 697 ‹‹
1902 648 2167 713 Domine,
2200 647 2412 703 Plenus
2445 665 2578 703 sum
2609 648 2739 719 (Ιδιι.
2776 665 2813 708 ι,
2852 648 2973 717 11);
3013 671 3033 699 ι
3074 646 3197 719 ipse
3249 647 3483 702 dixisti:

136 741 393 812 operetur.
428 757 454 787 (ι
487 735 593 802 Qui
636 735 864 804 viderit,
896 733 1113 809 inquit,
1144 734 1449 792 mulierem
1499 736 1572 792 ad
1603 751 1735 793 con-
1843 758 1870 786 ‹‹
1904 736 2068 791 Mitte
2103 753 2344 791 manum
2375 740 2537 791 tuam
2571 735 2625 789 in
2660 735 2812 790 latus
2849 753 3067 806 meum,
3126 739 3183 790 et
3214 735 3331 791 noli
3363 753 3491 792 esse

131 814 514 900 cupiscendum
563 841 689 881 eam
721 825 926 898 (Matth.
978 842 1032 895 v,
1061 822 1174 897 28).
1208 846 1238 876 ››
1288 823 1434 881 Male
1464 824 1549 882 sic
1577 825 1734 881 videt
1839 823 2200 896 incredulus,
2223 826 2322 880 sed
2351 824 2536 880 ﬁdelis
2559 826 2857 897 (Joanfxx,
2883 826 3038 896 '27).»
3065 825 3224 881 Misit
3248 841 3492 881 manum

127 915 317 974 oculus.
339 913 540 970 Videat
568 930 703 987 ergo
733 912 960 980 oculus,
994 917 1052 969 et
1081 913 1362 987 fungatur
1392 930 1497 970 suo
1528 931 1731 971 mune-
1841 910 1943 984 qui
1966 930 2080 968 non
2112 913 2404 982 credebat,
2438 919 2494 969 et
2526 913 2839 969 Dominum
2874 920 2924 970 le
2953 919 3008 970 et
3040 916 3222 969 Deum
3255 914 3487 987 reperit.

127 1022 191 1072 re,
219 1020 321 1059 non
364 1001 621 1059 lubricite
668 1001 882 1058 mentis
929 1001 1175 1077 imperio
1225 1001 1514 1081 dirigatur
1538 1003 1613 1059 ad
1648 1001 1729 1058 la-
1839 1001 1965 1057 Non
1996 1019 2132 1074 ergo
2162 1005 2224 1057 tu
2256 1019 2494 1070 vacuus,
2530 1003 2630 1057 sed
2664 1002 2761 1071 ille
2793 1020 2976 1059 caecus
3026 1009 3083 1058 et
3112 1002 3302 1059 inanis
3330 1004 3491 1075 prin-

126 1110 289 1166 psum,
338 1095 398 1149 ut
444 1090 648 1147 vitium
699 1091 910 1148 referat
956 1107 1060 1165 pro
1108 1090 1319 1151 ofﬁcio.
1370 1093 1547 1148 Breve
1595 1108 1730 1166 ergo
1840 1107 1977 1162 ceps
2028 1090 2199 1146 istius
2249 1092 2475 1157 mundi,
2528 1090 2629 1162 qui
2683 1092 2866 1146 nescit
2915 1092 3023 1146 nisi
3080 1110 3189 1148 sua
3236 1110 3490 1162 cernere,

124 1186 321 1254 tempus
364 1181 437 1236 ad
487 1179 921 1254 cognoscendos
951 1197 1182 1250 sensus,
1214 1179 1302 1237 vel
1335 1180 1530 1253 potius
1559 1197 1730 1253 expe-
1842 1178 2027 1235 nescit
2075 1178 2186 1235 nisi
2237 1197 2345 1236 sua
2392 1180 2649 1235 invenire
2692 1198 2703 1234 :
2758 1197 2824 1235 ea
2872 1199 2998 1252 qum
3070 1181 3283 1237 Christi
3334 1188 3490 1249 sunt,

126 1271 325 1327 riendos
371 1269 562 1338 datur,
593 1273 648 1326 et
698 1270 946 1327 fortasse
995 1268 1299 1327 tenerioris
1327 1268 1730 1327 adolescentia:
1841 1268 2026 1323 nescit
2054 1284 2390 1340 agnoscere.

125 1360 283 1432 prima
326 1358 592 1435 exordia:
646 1357 965 1431 statimque
1014 1362 1334 1425 revocatur,
1387 1374 1457 1414 ne
1507 1357 1732 1414 diutius
1908 1357 2063 1413 4‘28
2116 1357 2207 1412 21.
2260 1360 2375 1411 Aut
2425 1356 2473 1413 si
2524 1357 2606 1412 sic
2676 1359 3173 1429 quemadmodum
3232 1357 3496 1431 plerique

125 1448 300 1527 titubet
324 1447 381 1504 in
410 1446 678 1516 lubricio,
711 1451 768 1503 et
798 1447 1034 1503 dividua
1064 1447 1319 1520 quadam
1350 1446 1732 1503 inundatione
1842 1445 2092 1501 habent:
2131 1468 2157 1495 ί(
2191 1445 2314 1500 Non
2351 1446 2602 1500 inveniet
2637 1464 2692 1500 ιςι
2727 1464 2817 1501 me
2844 1447 3009 1513 nihil,
3038 1470 3064 1496 »
3099 1448 3208 1503 hoe
3240 1452 3347 1516 est,
3382 1465 3495 1503 non

124 1537 345 1610 corporis
373 1537 551 1610 hujus
582 1540 637 1593 et
667 1536 864 1593 saeculi
892 1541 1231 1610 mergantur
1251 1535 1433 1593 animi
1454 1534 1732 1591 interiora
1842 1533 2095 1590 inveniet
2116 1533 2176 1589 in
2202 1551 2293 1590 me
2318 1533 2627 1599 malitiam,
2653 1535 2791 1607 quia
2816 1535 3037 1592 malitia
3060 1536 3209 1591 nihil
3234 1540 3353 1592 est:
3382 1553 3495 1592 non

123 1625 500 1699 vestigia.0um
533 1629 729 1683 autem
761 1626 846 1683 vel
878 1630 1148 1699 expertus
1182 1625 1371 1693 fuerit,
1398 1623 1482 1681 vel
1507 1624 1734 1681 steterit
1842 1622 2094 1678 inveniet
2147 1626 2465 1691 mortuum,
2520 1623 2658 1695 quia
2722 1627 2992 1680 mortuus
3046 1642 3160 1680 non
3222 1629 3329 1681 est.
3383 1625 3494 1682 Sed

128 1713 430 1772 ininstabili
462 1719 518 1772 et
547 1714 768 1771 incerto
800 1720 973 1789 atque
992 1714 1235 1771 humido
1256 1713 1401 1782 solo,
1436 1718 1735 1769 revocatur
1843 1712 2135 1782 quomodo
2168 1712 2226 1767 in
2258 1722 2331 1767 eo
2358 1716 2653 1768 mortuum
2713 1714 2961 1785 reperiat
3012 1715 3150 1786 (2-4),
3182 1714 3281 1786 qui
3312 1714 3494 1770 viviﬁ-

125 1822 151 1859 a
187 1810 353 1861 matre
398 1804 679 1877 patientia
728 1803 811 1861 vel
863 1805 1308 1878 perseverantia,
1370 1820 1497 1875 qua:
1544 1802 1686 1857 dicit
1718 1817 1730 1855 :
1766 1840 1811 1878 η
1847 1805 1937 1856 cat
1970 1806 2250 1867 mortuos,
2301 1805 2357 1856 et
2402 1807 2567 1857 vocat
2598 1819 2663 1856 ea
2713 1819 2839 1874 quae
2874 1820 2988 1859 non
3021 1808 3181 1869 sunt,
3214 1808 3494 1876 tanquam

127 1892 366 1949 «Mittam
388 1895 457 1950 ad
482 1899 934 1960 te,etaccersam
951 1897 1005 1950 te
1027 1893 1162 1951 inde
1184 1892 1337 1964 (Gen.
1362 1891 1638 1963 xxvn,/i5)
1664 1907 1676 1945 :
1704 1912 1732 1940 »
1768 1890 1811 1905 ”
1843 1906 1912 1946 ea
1939 1906 2066 1961 quae
2098 1890 2284 1945 sunt?
2338 1890 2461 1945 Non
2513 1891 2783 1958 inveniet,
2840 1891 3048 1964 inquit,
3096 1896 3401 1965 peccatum
3435 1893 3494 1949 iu

128 1987 178 2037 ut
202 1986 248 2038 et
267 1981 376 2038 illic
396 1982 453 2040 in
478 1982 705 2040 lubrico
740 1989 933 2039 tutum
964 1987 1199 2055 portum
1222 1981 1484 2039 invenias
1506 1980 1734 2053 sapicn-
1845 1996 1959 2048 me,
1995 1978 2095 2051 qui
2131 1978 2337 2034 mundi
2386 1986 2685 2051 peccatum
2738 1980 2974 2037 abstuli.
3009 1981 3308 2046 Quomodo
3339 1983 3495 2039 enim

127 2070 219 2140 tite,
246 2088 362 2144 quae
409 2075 462 2129 te
511 2089 630 2129 non
680 2071 837 2133 sinat
881 2076 1165 2145 tanquam
1198 2070 1257 2126 iu
1288 2069 1592 2143 naufragio
1624 2069 1735 2124 flu-
1848 2066 1991 2123 nihil
2044 2067 2241 2138 habet,
2294 2068 2395 2140 qui
2428 2069 2625 2123 omnia
2657 2068 2835 2125 habet
2858 2070 2885 2124 ‘t
2915 2070 3001 2138 Et,
3035 2071 3189 2142 quod
3222 2070 3354 2144 plus
3386 2076 3493 2142 est,

126 2165 308 2231 ctuare,
356 2163 411 2217 et
454 2177 728 2218 reversus
758 2176 1125 2234 perseverare
1172 2159 1326 2216 circa
1377 2159 1476 2215 Dei
1510 2159 1736 2215 noveris
1847 2156 2047 2213 omnia
2097 2157 2293 2224 habet,
2347 2174 2473 2229 quae
2524 2157 2693 2212 Pater
2742 2158 2939 2224 habet,
2994 2159 3145 2215 sicut
3192 2160 3317 2233 ipse
3366 2161 3492 2218 ait:

123 2246 332 2315 cultum,
364 2252 419 2305 et
447 2249 531 2306 sis
582 2249 645 2309 in
678 2252 1028 2312 conventum
1076 2247 1363 2322 gentium,
1395 2246 1737 2320 signiﬁcans
1848 2268 1875 2296 «
1905 2245 2114 2302 Omnia
2140 2263 2266 2318 quae
2292 2246 2461 2302 Pater
2477 2245 2809 2313 habet,mea
2832 2253 2972 2303 sunt
2994 2250 3168 2318 (Jean.
3193 2266 3306 2321 xu,
3332 2250 3440 2321 15).
3470 2272 3495 2319 »ρ

122 2338 225 2408 ejus
257 2337 361 2394 ﬁde
391 2336 713 2396 Ecclesiam
735 2337 1000 2412 gentium
1029 2337 1523 2411 congregandam.
2507 2335 2742 2391 CAPUT
2775 2336 2837 2390 ν.

175 2427 253 2481 22.
283 2426 380 2484 His
408 2427 594 2501 igitur
624 2428 917 2500 patientia:
949 2430 1006 2484 et
1033 2425 1479 2500 perseverantiae
1510 2425 1738 2481 instru-
1850 2423 2116 2501 Curihine
2164 2424 2359 2501 fugere
2384 2423 2692 2501 debeamus,
2724 2433 2777 2480 et
2819 2427 3075 2501 quomodo
3105 2431 3348 2485 transire
3375 2446 3499 2486 cum

121 2518 228 2571 ctus
254 2494 574 2588 disciplinis
608 2494 759 2588 (—Gen.
788 2533 941 2582 xxxx,
987 2494 1202 2588 25-28),
1236 2515 1532 2588 profectus
1562 2513 1630 2570 Ja

1986 2512 2122 2588 pyse,
2180 2494 2241 2549 ut
2307 2494 3243 2588 videamusﬂeam,".ealeeameiztrt
3303 2501 3498 2588 ped'um

103 2583 107 2592 ‘
259 2567 571 2588 marum-
609 2567 758 2588 (ηπ,
788 2567 941 2582 _____,
987 2567 1056 2571 ,η
1089 2567 1202 2588 ,-_,,
1236 2567 1528 2588 rm"---
1566 2567 1614 2570 __

129 2603 362 2676 copulam
391 2604 501 2661 sibi
533 2604 847 2677 acquisivit
886 2605 956 2662 de
986 2604 1272 2679 sapientia
1302 2610 1570 2662 consorte
1602 2622 1615 2677 ι

1984 2569 2182 2622 lrentes
2210 2583 2228 2620 :
2261 2567 2521 2637 quomodo
2569 2569 2738 2623 etiam
2766 2570 3081 2639 relinquere
3110 2567 3366 2627 umbram
3395 2573 3496 2626 hu-

1985 2656 2008 2679 c
2046 2641 2177 2679 m'L-p
2246 2642 2295 2679 nl
2349 2655 2473 2679 nm),
2503 2644 2685 2679 ,cun/‘In
2738 2640 2903 2679 Πηιιίίί
2978 2644 3022 2679 ω’
3062 2659 3165 2679 nnc)
3198 2651 3261 2679 ul
3287 2645 3473 2679 nnuiln

129 2640 362 2676 ιννυιυωι
391 2640 501 2661 ειμι
533 2640 847 2677 aequm...
886 2640 956 2662 uo
986 2640 1272 2679 οαμιυυιιυ.
1302 2640 1570 2662 υυυουιιυ
1602 2640 1637 2677 ν

128 2693 274 2762 positi
301 2695 430 2766 (22),
461 2695 725 2768 Opimam
756 2695 889 2751 dote
917 2694 1265 2768 prudentiae,
1300 2711 1435 2750 cum
1466 2710 1584 2766 qua
1612 2711 1640 2748 ν

1987 2656 2008 2691 s
2046 2641 2196 2704 vitae,
2246 2642 2296 2692 et
2348 2655 2473 2693 eum
2500 2644 2685 2694 sancto
2732 2640 2922 2707 David,
2973 2644 3022 2696 si
3060 2659 3165 2698 non
3198 2651 3261 2698 ut
3286 2645 3496 2715 aquila,

1987 2710 2114 2764 ltem
2171 2712 2230 2763 ut
2281 2725 2506 2780 passer:
2564 2711 2614 2765 .ςί
2671 2726 2779 2766 non
2831 2711 2901 2766 tul
2953 2712 3166 2780 cretum,
3205 2716 3402 2770 saltem
3430 2714 3499 2770 ad

130 2786 359 2854 tempora
385 2784 509 2841 sine
542 2783 666 2841 ulla
688 2783 1005 2840 olfensione
1052 2787 1495 2840 transcurreret.
1528 2782 1741 2838 Addito
1920 2785 2130 2837 montes
2158 2781 2389 2836 evolare.
3482 2848 3488 2853 ‘

126 2868 279 2941 igitur
319 2871 592 2929 thesauro
643 2872 961 2945 sapientiae,
1011 2871 1304 2928 variarum
1370 2871 1482 2928 sibi
1548 2870 1741 2928 ovium
1922 2871 2012 2924 25.
2048 2869 2363 2941 Fugiamus
2393 2888 2529 2942 ergo
2564 2870 2718 2939 hinc,
2754 2871 2854 2927 ubi
2884 2871 3028 2927 nihil
3052 2877 3158 2941 est,
3194 2875 3293 2930 ubi
3327 2877 3500 2932 inane

131 2956 355 3017 instituit
372 2978 610 3035 gregem
636 2979 649 3017 :
681 2961 784 3018 sed
817 2960 985 3017 illum
1008 2959 1437 3028 rationabilem,
1459 2960 1744 3017 virtutum
1854 2964 1943 3015 est
1964 2974 2135 3013 omne
2157 2958 2311 3029 quod
2336 2959 2715 3031 magniﬁcum
2748 2964 2988 3034 putatur
3009 2978 3158 3030 esse,
3186 2964 3284 3020 ubi
3309 2969 3366 3023 et
3396 2966 3500 3036 qui

131 3046 484 3118 plurimarum
505 3050 848 3107 diversitate
871 3048 1211 3124 fulgentem.
1243 3049 1406 3107 Unde
1436 3054 1489 3106 et
1514 3050 1746 3121 jactan-
1856 3064 1917 3104 se
1947 3051 2115 3120 putat
2161 3047 2299 3118 quid
2332 3064 2480 3113 esse,
2515 3048 2660 3103 nihil
2691 3054 2799 3117 est,
2849 3054 2906 3106 et
2952 3051 3190 3106 omnino
3240 3071 3354 3109 non
3387 3060 3497 3123 est,

130 3134 250 3192 tiam
292 3139 479 3196 carnis
525 3139 660 3211 ejus
708 3138 930 3208 recidit,
964 3139 1120 3212 quod
1175 3138 1470 3212 signiﬁcat
1508 3138 1747 3196 femoris
1794 3209 1817 3212 μ
1857 3160 1885 3187 ‹‹
1918 3136 2071 3204 Vidi,
2099 3134 2313 3208 inquit,
2348 3136 2597 3208 impium
2619 3138 3113 3210 superexaltalum
3138 3147 3193 3197 et
3213 3143 3499 3199 elevatum

130 3228 308 3298 stupor
353 3228 502 3297 (Gen.
536 3209 717 3295 nixxu,
747 3228 862 3299 25),
896 3209 1059 3284 salva
1089 3209 1748 3299 sacriinterpretatione
1778 3209 1820 3276 (ἶ
1860 3225 2012 3282 ultra
2043 3225 2244 3281 cedros
2305 3225 2530 3293 Libani,
2586 3231 2642 3282 et
2673 3209 2933 3295 transivi,
2983 3234 3041 3284 et
3070 3246 3202 3285 acce
3233 3248 3347 3287 non
3379 3238 3502 3288 erat

132 3316 379 3387 mysterii.
428 3318 531 3374 His
582 3334 721 3390 ergo
750 3316 1066 3373 virtutibus
1094 3315 1273 3372 veluti
1304 3315 1584 3389 gradibus
1616 3315 1743 3389 qui-
1853 3316 2022 3388 (Psal.
2054 3331 2247 3383 xxxvr,
2281 3315 2392 3386 35).
2428 3337 2456 3364 »
2494 3315 2558 3369 Et
2589 3320 2649 3370 tu
2684 3316 2863 3371 transi
2900 3316 3053 3371 sicut
3083 3318 3281 3385 David,
3316 3322 3499 3376 transi

130 3400 345 3462 busdam
374 3422 540 3463 mens
591 3407 724 3477 ejus
773 3404 1036 3462 ascendit
1065 3404 1123 3461 in
1156 3402 1389 3473 ccelum,
1431 3409 1489 3460 et
1518 3404 1618 3461 Dei
1650 3421 1744 3461 se—
1853 3405 2005 3460 sicut
2025 3404 2215 3460 bonus
2238 3408 2532 3473 servus,ut
2553 3403 2783 3460 dicatur
2802 3404 2906 3459 tibi
2934 3422 2947 3461 :
2981 3428 3009 3455 «
3043 3406 3501 3476 Transi,recum-

130 3496 259 3548 creta
284 3495 573 3569 cognovit,
624 3500 682 3551 et
713 3496 1095 3551 conﬁrmatus
1142 3498 1232 3549 est
1260 3496 1316 3549 et
1355 3491 1647 3565 repletus;
1684 3498 1747 3549 ut
1855 3493 1923 3548 be
1953 3494 2104 3564 (Luc.
2134 3509 2270 3559 xvn,
2320 3494 2396 3563 7).
2434 3515 2453 3541 ι)
2491 3492 2698 3548 Transi
2731 3493 2882 3548 sicut
2913 3494 3158 3566 Moyses,
3212 3501 3273 3551 ut
3302 3497 3500 3555 videas

127 3578 287 3661 Laban
306 3582 588 3641 scrutans
608 3584 850 3640 domum
871 3584 999 3655 ejus
1023 3582 1168 3639 nihil
1194 3582 1349 3654 apud
1381 3599 1515 3638 eum
1549 3582 1741 3653 inane,
1855 3581 2039 3636 Deum
2086 3580 2405 3649 Abraham,
2457 3581 2634 3648 Isaac,
2668 3586 2724 3636 ct
2750 3580 2947 3649 Jacob,
3000 3589 3055 3639 et
3086 3583 3279 3643 videas
3310 3585 3498 3643 visum

126 3668 248 3725 nihil
292 3689 539 3731 vacuum
593 3672 890 3744 reperiret,
945 3671 1104 3727 nulla
1151 3670 1485 3739 simulacra,
1522 3672 1744 3728 nullam
1857 3687 2137 3743 magnum
2187 3671 2318 3741 (25).
2374 3670 2490 3726 Hoc
2536 3675 2624 3726 est
2672 3671 2862 3726 visum
2913 3689 3216 3746 magnum,
3283 3677 3384 3731 sed
3449 3675 3499 3732 si

130 3758 346 3832 efﬁgiem
368 3763 671 3819 vanitatis.
705 3761 830 3818 Non
863 3760 1018 3817 enim
1050 3760 1204 3833 apud
1227 3776 1363 3816 eum
1384 3760 1743 3833 eratimago,
1808 3798 1811 3801 λ
1854 3758 2047 3815 videre
2092 3758 2200 3824 vis,
2249 3756 2406 3814 solve
2454 3758 2917 3816 calceamentum
2966 3763 3182 3834 pedum
3242 3768 3500 3835 tuorum,

132 3848 212 3901 sed
234 3850 467 3908 veritas:
502 3868 626 3907 non
658 3849 881 3923 efﬁgies
912 3848 1174 3923 ignaviae,
1208 3849 1309 3904 sed
1343 3849 1531 3905 solida
1560 3851 1746 3906 forma
1856 3847 2010 3903 solve
2042 3864 2216 3903 omne
2246 3847 2543 3904 vinculum
2576 3849 2921 3921 iniquitatis,
2954 3850 3108 3906 solve
3132 3852 3364 3925 cingula
3395 3872 3497 3910 see-

126 3933 332 4000 justitiaz
378 3945 433 3997 et
479 3957 631 3997 verae
679 3938 910 3995 virtutis
978 3938 1273 4011 expressio
1338 3937 1744 4010 intelligibilis.
1855 3936 1995 4005 culi,
2030 3936 2356 4008 relinquere
2387 3937 2848 3995 calceamentum
2880 3941 3033 4012 quod
3063 3940 3353 3997 terrenum
3389 3948 3495 3998 est.

133 4021 511 4096 ItaqueLaban
553 4031 951 4100 perscrutatus
980 4031 1069 4083 est
1099 4027 1340 4083 domum
1361 4028 1489 4099 ejus
1511 4028 1746 4100 spirita-
1858 4026 1989 4080 Ideo
2036 4024 2207 4081 Jesus
2257 4027 2384 4082 sine
2451 4027 2865 4097 calceamento,
2933 4045 3073 4084 auro
3140 4035 3195 4084 et
3259 4039 3498 4102 argento

134 4108 245 4182 lem,
274 4120 325 4170 et
352 4134 463 4173 non
513 4116 741 4172 invenit
787 4116 1031 4188 efﬁgies.
1084 4115 1445 4174 Plenaenim
1477 4120 1601 4174 erat
1630 4134 1746 4174 non
1857 4112 2150 4187 apostolos
2181 4113 2512 4184 destinavit,
2565 4132 2636 4171 ne
2684 4132 2885 4172 secum
2916 4120 3147 4171 terrena
3176 4123 3496 4189 portarent.

133 4198 439 4276 ﬁgurarum,
471 4206 580 4265 sed
611 4206 997 4279 negotiorum.
1856 4202 1963 4267 Qui
1984 4202 2140 4259 enim
2164 4203 2383 4258 bonum
2407 4204 2755 4275 quznrit,non
2779 4204 2837 4258 in
2861 4203 3271 4274 calceamento,
3305 4207 3405 4262 sed
3440 4206 3497 4263 in

186 4290 264 4345 23.
295 4292 583 4352 Potuisset
612 4298 807 4351 autem
838 4294 1095 4352 invenire
1143 4295 1528 4352 fundamenta
1564 4295 1746 4352 virtu-
1856 4293 2071 4365 pedum
2094 4290 2395 4348 velocitate
2412 4292 3223 4360 etdecorelaudatur,dicente
3246 4295 3501 4368 Scriptu-

133 4376 236 4433 tum
263 4383 316 4435 et
341 4382 622 4450 culmina,
656 4384 770 4440 nisi
802 4384 1120 4441 caecitatem
1167 4384 1384 4453 cordis,
1430 4389 1486 4440 et
1515 4385 1746 4458 perﬁdae
1856 4397 1956 4436 ra:
1984 4380 2219 4445 «Quam
2242 4380 2490 4452 speciosi
2531 4381 2705 4452 pedes
2727 4380 3249 4453 evangelizantium
3273 4399 3496 4455 pacem,

134 4467 316 4525 mentis
343 4471 655 4546 caliginem
677 4472 1004 4529 detulisset.
1041 4459 1297 4546 Deniqde
1317 4489 1386 4530 ea
1412 4472 1748 4546 improbita-
1854 4469 2355 4541 evangelizantuni
2378 4470 2661 4541 bona(lsa,
2688 4487 2781 4535 LII,
2806 4471 2860 4543 7)
2878 4470 2889 4524 l
2908 4491 2936 4520 ››
2961 4470 3128 4527 Solve
3140 4489 3276 4547 ergo
3290 4472 3501 4531 calcea-

132 4551 193 4608 tis
210 4558 444 4618 caecitate
473 4561 688 4619 sull‘usi
720 4566 981 4620 mentem
1028 4562 1363 4628 Sodomitas,
1396 4561 1614 4619 ostium
1645 4578 1746 4619 ne-
1778 4586 1823 4652 Β
1857 4563 2119 4619 mentum
2144 4559 2356 4632 pedum
2381 4564 2706 4626 tuorum,ut
2726 4560 2972 4633 Speciosi
2994 4561 3199 4618 sintad
3218 4563 3496 4636 evangeli-

134 4656 396 4717 lequam
461 4650 654 4707 sancti
722 4651 829 4706 Lot
875 4650 1136 4707 invenire
1181 4654 1517 4723 potuerunt.
1587 4651 1747 4709 Unde
1779 4647 1812 4652 ”
1855 4647 2128 4704 zandum.
2153 4648 2318 4704 Solve
2340 4649 2481 4705 dixit
2504 4649 2696 4721 (Είυοιὶ,
2722 4667 2802 4717 ιιι,
2826 4652 2902 4723 5),
2927 4668 3040 4707 non
3066 4652 3202 4726 liga.
3227 4652 3411 4722 Solve,
3439 4660 3501 4711 ut

134 4730 264 4788 enim
293 4752 456 4794 mens
486 4738 674 4813 impia
718 4739 912 4797 videre
941 4739 1134 4813 potuit
1154 4738 1262 4795 viri
1290 4739 1481 4797 sancti
1511 4740 1597 4797 vel
1629 4742 1747 4797 exi-
1854 4742 2205 4803 transeas,et
2224 4736 2392 4793 illum
2415 4755 2589 4811 quem
2610 4738 3496 4815 mirabarisinterramimpium,

134 4821 239 4876 tum
258 4824 339 4881 vel
360 4826 692 4901 ingressum
715 4828 743 4885 ?
763 4828 1149 4903 Ipsepquoque
1169 4828 1456 4886 Dominus
1479 4830 1538 4885 in
1563 4831 1747 4887 Evan-
1857 4827 2003 4883 nihil
2033 4826 2150 4883 illic
2180 4844 2327 4897 esse,
2363 4828 2507 4883 nihil
2550 4846 2719 4901 posse
2749 4830 3022 4903 reperias.
3057 4833 3264 4888 Transi
3299 4833 3499 4904 igitur,

133 4906 260 4978 gelio
288 4913 399 4971 ait:
434 4940 460 4968 ‹‹
491 4917 663 4974 Venit
691 4918 847 4974 enim
895 4917 1166 4991 princeps
1212 4918 1419 4974 mundi
1458 4918 1658 4991 hujus,
1691 4924 1749 4976 et
1856 4915 1965 4971 hoc
1983 4920 2088 4983 est,
2123 4916 2255 4989 fuge
2279 4917 2348 4972 de
2371 4917 2561 4987 terris,
2597 4919 2693 4973 ubi
2728 4919 2951 4975 malitia
2971 4924 3080 4985 est,
3114 4921 3213 4975 ubi
3235 4921 3496 4988 avaritia,

135 4994 182 5050 in
225 5017 308 5058 me
350 5004 569 5062 invenit
614 5006 762 5062 nihil
812 5007 986 5078 (Joan.
1036 5024 1153 5075 xw,
1204 5007 1316 5080 30).
1350 5030 1380 5059 ››
1449 5009 1747 5075 Quomodo
1857 5003 1988 5059 Ideo
2020 5003 2159 5059 dicit
2188 5005 2290 5058 tibi
2328 5005 2541 5060 David:
2577 5029 2605 5056 ‹‹
2638 5007 2875 5061 Declina
2905 5024 2938 5060 a
2986 5006 3160 5074 male,
3193 5012 3249 5062 et
3279 5008 3366 5062 fac
3398 5009 3498 5064 bo-

134 5085 259 5144 nihil
288 5090 539 5152 invenire
569 5096 761 5170 potuit
787 5096 848 5152 in
878 5114 966 5165 eo,
1000 5096 1059 5153 in
1083 5113 1200 5168 quo
1223 5094 1522 5170 plenitudo
1539 5097 1748 5155 divini-
1858 5109 2000 5147 num
2032 5092 2200 5162 (Psal.
2236 5109 2433 5159 χχχιιι,
2484 5094 2589 5164 15).
2625 5116 2654 5142 ››
2701 5094 3005 5150 Declinare
3046 5095 3243 5166 fugere
3272 5100 3362 5151 est
3394 5096 3502 5152 uti-

134 5175 251 5232 tatis
269 5178 584 5252 habitabat,
616 5189 675 5242 et
708 5184 1076 5242 inhabitabat
1104 5184 1501 5257 corporaliter,
1533 5186 1604 5241 de
1634 5203 1747 5258 quo
1858 5196 1990 5251 que.
2024 5178 2245 5235 Malum
2293 5184 2487 5235 autem
2536 5181 2596 5234 in
2631 5181 2821 5249 terris,
2872 5183 3090 5237 bonum
3122 5182 3180 5236 in
3213 5182 3355 5239 cwlo
3387 5188 3495 5239 est.

134 5261 293 5324 virtus
321 5270 531 5346 exibat,
577 5278 636 5331 et
681 5274 928 5331 sanabat
972 5274 1223 5332 omnes?
1269 5275 1570 5341 Quomodo
1599 5274 1747 5331 nihil
1859 5267 2020 5327 Unde
2051 5271 2107 5324 et
2135 5267 2396 5324 addidit:
2431 5292 2458 5319 ‹‹
2492 5270 2728 5342 Inquiro
2759 5287 2981 5343 pacem,
3015 5275 3070 5326 et
3099 5288 3340 5343 sequere
3370 5289 3502 5331 eam

192 5404 299 5490 (22)
322 5412 477 5490 Edit.
520 5431 649 5472 cum
689 5416 905 5490 paucis
956 5432 1100 5474 mss.
1152 5415 1343 5489 iisque
1408 5417 1747 5474 recentioris
1856 5415 2133 5490 mortuqu
2160 5413 2448 5490 inveniret.

133 5477 639 5561 avlilAt‘leeapientiae
664 5477 842 5561 domo,
882 5491 1187 5561 consortem
1210 5477 1495 5561 propositi.
1868 5555 1894 5561 Δ
1929 5484 2040 5561 (25)
2072 5482 2195 5561 Vet.
2231 5482 2366 5561 edit.
2394 5500 2458 5538 ac
2481 5500 2624 5542 mss.
2650 5485 2786 5554 duo,
2820 5484 3000 5561 videas
3023 5488 3496 5561 v2'smn_w:gnum.

191 5549 295 5633 (-23)
329 5549 428 5633 ita
470 5572 609 5633 mss.
665 5559 784 5633 fere
829 5549 907 5615 ad
959 5576 1145 5616 unum
1170 5576 1185 5615 :
1210 5549 1406 5633 'pa'uci
1452 5564 1650 5617 tamen
1681 5576 1746 5618 ac
1859 5549 1962 5633 Sed
1988 5549 2057 5621 si,
2089 5554 2421 5633 etc._R_om.,
2534 5599 2546 5612 .
2573 5549 2861 5633 magnam,
2895 5558 2993 5614 hoc
3020 5561 3116 5625 est,
3152 5549 3330 5615 visam;
3352 5577 3500 5633 mys-

130 5617 291 5707 editz,‘
318 5626 903 5707 2'3_1t_e_g_7ritate,justitia:2
980 5701 1013 5707 η
1189 5617 1256 5707 η’
1360 5705 1365 5707 Α
1856 5617 2142 5707 terior-itm,
2176 5626 2279 5686 Sed
2328 5617 2538 5699 si,'etc.
2572 5617 2713 5688 Mss.
2763 5617 2976 5705 magno
3036 5617 3303 5701 numero,
3337 5617 3499 5691 ut'in

193 5693 295 5769 (ἓίι)
326 5693 472 5760 Edit.
507 5693 667 5764 cum"
690 5701 1111 5766 recentioribus
1151 5700 1375 5785 aliquot
1424 5718 1594 5777 mea,
1623 5720 1748 5765 eum
1857 5702 2035 5761 textu.
