3830 6206
311 341 421 400 6-H

307 473 512 544 (Ibid).
547 495 573 521 »
607 473 720 526 Pax
749 473 808 526 in
839 469 982 527 cmlo
1013 477 1118 526 est.
1153 470 1412 542 Denique
1433 470 1503 524 de
1544 468 1686 525 crelo
1716 470 1955 524 veniens
1989 479 2034 534 Α

307 561 481 616 dicit:
536 584 564 610 ‹‹
617 561 822 616 Pacem
876 577 1066 615 meam
1116 560 1188 615 do
1237 559 1420 628 vobis,
1456 575 1656 629 pacem
1693 557 1958 629 relinquo

304 650 472 705 vobis
503 651 682 720 (Joan.
715 667 828 716 xxv,
862 650 970 720 27).
1009 671 1036 697 ››
1069 650 1213 720 Ergo
1263 649 1399 719 quia
1449 647 1725 720 fugienda
1772 651 1829 702 et
1859 647 1958 700 de-

309 738 586 794 clinanda
617 743 756 794 sunt
779 737 934 793 mala
961 755 974 793 :
1009 737 1161 792 mala
1193 744 1387 792 autem
1439 737 1497 791 in
1522 737 1714 801 terris,
1749 736 1806 790 in
1838 742 1959 790 ter-

306 827 387 883 ris
435 827 778 900 iniquitates
822 845 834 882 :
891 827 1186 899 fugiamus
1235 831 1484 883 terrena.
1539 841 1608 880 ne
1657 841 1765 879 nos
1795 841 1959 879 com-

305 915 669 988 prehendant
741 915 1103 986 iniquitates,
1193 931 1320 986 quae
1415 914 1592 968 etiam
1685 917 1954 967 sanetum

303 1005 878 1076 comprehenderunt
899 1004 1102 1070 David,
1128 1004 1281 1057 sicut
1301 1003 1426 1074 ipse
1449 1006 1696 1058 testatur
1716 1002 1914 1056 dicens
1941 1017 1952 1055 :

309 1115 328 1142 α
363 1093 949 1164 Comprehenderunt
997 1109 1090 1146 me
1138 1091 1480 1163 iniquitates
1529 1109 1689 1155 meae,
1739 1095 1795 1144 et
1843 1107 1954 1144 non

304 1183 467 1253 potui
515 1187 581 1236 ut
608 1182 859 1236 viderem
913 1181 1082 1251 (Psal.
1114 1197 1304 1246 xxxrx,
1358 1181 1482 1246 13):
1521 1201 1548 1228 »
1579 1197 1645 1234 eo
1676 1179 1826 1250 quod
1861 1181 1957 1233 fu-

305 1285 400 1324 mo
451 1269 782 1344 iniquitatis
831 1269 1036 1346 oculus
1087 1270 1295 1324 animus
1347 1273 1613 1336 caecatur,
1663 1285 1734 1322 ne
1764 1268 1957 1322 videat

303 1374 430 1428 quae
477 1363 618 1414 sunt
666 1358 880 1413 lucida.
933 1357 1026 1412 Sic
1074 1374 1210 1428 ergo
1259 1362 1310 1412 et
1347 1357 1542 1412 Lahan
1593 1357 1744 1412 bona
1774 1356 1953 1411 Jacob

300 1445 493 1502 videre
516 1465 628 1503 non
663 1447 874 1520 potuit,
899 1452 954 1500 et
977 1446 1249 1518 princeps
1271 1446 1450 1516 hujus
1474 1447 1675 1500 mundi
1702 1444 1948 1516 gloriam

307 1533 544 1591 Christi.

365 1624 457 1678 26.
488 1623 600 1678 Sed
651 1623 796 1678 forte.
845 1625 1006 1678 dicas
1035 1642 1046 1678 :
1080 1623 1198 1678 Cur
1230 1623 1407 1693 igitur
1437 1623 1614 1677 Jacob
1648 1623 1719 1676 ad
1754 1623 1948 1676 Laban

301 1712 522 1766 missus
570 1717 681 1776 est,
733 1713 782 1766 si
835 1713 1030 1768 Laban
1080 1711 1602 1783 reprehensibilis?
1633 1711 1687 1765 Si
1741 1729 1948 1765 nomen

1771 335 1832 397 S.
1884 333 2253 398 AMBROSlI

3560 343 3654 406 612

2140 474 2229 523 28.
2267 470 2373 524 Sed
2411 471 2654 523 fortasse
2686 467 2884 522 dicas:
2937 468 3229 533 Quomodo
3278 485 3406 542 ergo
3433 471 3516 527 hic
3543 469 3656 532 dicit

2069 559 2267 628 fugam
2317 575 2350 612 a
2408 574 2470 612 se
2525 557 2786 628 periisse,
2821 556 2920 628 qui
2979 573 3155 628 supra
3210 557 3472 616 dixerat:
3529 584 3554 611 ‹‹
3599 563 3644 618 Si

2070 663 2378 719 sumpsero
2406 663 2627 719 pennas
2676 662 2837 701 meas
2867 650 3000 702 ante
3031 645 3213 701 lucem
3238 649 3400 716 (Psal.
3431 667 3654 720 cxxxvm,

2070 735 2174 803 9)?
2207 759 2235 785 ‹‹
2268 734 2564 806 Numquid
2588 735 2944 790 contrarium
2969 736 3103 790 est?
3133 735 3312 790 Absit.
3343 737 3511 792 Multa
3529 739 3654 794 enim

2063 823 2358 893 justorum
2385 823 2724 878 certamina.
2755 822 3052 894 Numquid
3078 826 3250 878 semel
3277 823 3482 881 athleta
3505 825 3656 884 lueta-

2070 919 2168 968 tur
2187 913 2215 967 ‘I
2262 913 2498 978 Quoties
2547 916 2680 984 post
2709 929 2954 968 coronas
2987 912 3202 967 multas
3223 913 3462 968 vincitur
3487 914 3538 969 in
3565 915 3656 970 alio

2067 1000 2423 1056 certamine!
2477 1000 2712 1066 Quoties
2761 1000 2860 1072 qui
2929 1017 3078 1072 saepe
3127 1001 3357 1067 vicerat,
3403 1003 3653 1058 interdum

2069 1089 2336 1155 ﬂuctuat,
2387 1096 2441 1144 et
2489 1090 2710 1144 incerto
2740 1089 2954 1145 haeret!
2991 1091 3062 1145 Et
3091 1107 3239 1158 saape
3267 1090 3331 1144 ﬁt
3359 1095 3421 1145 ut
3447 1091 3654 1146 fortibus

2068 1178 2232 1233 fortis
2255 1178 2686 1249 congrediatur,
2719 1179 3058 1251 majoraque
3079 1179 3340 1234 oriantur
3359 1180 3654 1245 certamina,

2067 1267 2164 1322 ubi
2208 1268 2431 1338 majora
2461 1266 2671 1321 virium
2701 1267 3070 1324 documenta.
3105 1269 3252 1339 Ergo
3273 1267 3440 1322 David
3471 1267 3558 1322 ubi
3583 1267 3656 1322 fu-

2065 1372 2198 1428 gam
2233 1355 2548 1427 quaerebat,
2610 1360 2673 1410 ut
2729 1356 2996 1411 evaderet
3051 1357 3460 1422 adversarium,
3489 1360 3538 1413 et
3561 1373 3653 1411 non

2065 1445 2396 1500 inveniebat
2420 1461 2640 1516 pennas
2664 1444 3065 1516 suas,aneipiti
3091 1445 3400 1500 ﬂuctuabat
3427 1444 3658 1500 certami-

2061 1550 2152 1587 ne.
2187 1533 2488 1604 Siquidem
2523 1532 2619 1586 ubi
2671 1532 2728 1587 in
2760 1537 3044 1604 potestate
3085 1533 3259 1588 habet
3287 1549 3493 1604 pennas
3519 1549 3650 1598 snas,

2062 1619 2270 1674 titulus
2301 1619 2510 1690 psalmi
2547 1643 2572 1668 ‹‹
2606 1621 2661 1672 in
2717 1622 2889 1675 tinem
2926 1643 2952 1669 ››
2985 1625 3075 1676 est
3126 1621 3291 1692 (Psal.
3321 1621 3582 1692 CXXXVIII),
3610 1620 3656 1674 id

2059 1715 2149 1763 est
2178 1710 2246 1762 ad
2281 1709 2692 1780 perfectionem
2747 1714 2802 1764 et
2830 1710 3391 1764 consummationem
3420 1708 3652 1764 victoriis.

299 1801 762 1868 consideremus,
815 1803 1102 1856 candidus
1150 1801 1364 1856 dicitur
1397 1801 1593 1856 Latine
1633 1802 1764 1869 ('26).
1802 1801 1948 1868 Ergo
1981 1838 2026 1901 Β
2062 1797 2321 1869 Denique
2355 1799 2518 1868 quasi
2546 1799 2725 1852 victor
2745 1799 2927 1853 dicit:
2963 1821 2990 1847 ‹‹
3022 1799 3284 1859 Domine,
3317 1798 3552 1870 probasti
3580 1811 3654 1851 me

300 1890 370 1944 ad
423 1889 822 1962 splendidiora
860 1891 1104 1960 jubetur
1148 1891 1342 1962 egredi
1389 1890 1588 1945 Jarob.
1653 1890 1761 1943 Sed
1812 1889 1950 1961 quia

300 1979 452 2035 429
484 1977 738 2034 carnalis
759 1982 901 2042 erat,
926 1979 1138 2034 melius
1160 1979 1546 2050 intelligimus
1595 1977 1950 2050 splendidio-

299 2084 362 2122 ra
393 2068 522 2123 vitae
552 2067 752 2140 hujus.
787 2067 961 2133 Quasi
1014 2068 1272 2122 nondum
1326 2067 1615 2138 perfectus
1659 2067 1844 2138 primo
1875 2067 1946 2122 ad

297 2173 430 2210 eum
453 2157 632 2222 vadit,
657 2157 810 2227 apud
843 2173 1014 2227 quem
1051 2157 1119 2210 ad
1157 2156 1356 2210 horam
1383 2153 1698 2210 exsultaret.
1727 2155 1784 2209 in
1821 2155 1948 2210 lure

299 2245 448 2314 ejus.
509 2243 686 2299 Filios
743 2251 937 2299 autem
997 2244 1310 2298 deteriores
1365 2244 1637 2308 habebat,
1699 2244 1754 2297 id
1837 2249 1944 2309 est,

297 2331 660 2387 tolerabilius
692 2349 924 2397 nomen,
963 2350 1142 2404 quam
1173 2349 1364 2404 opera.
1403 2333 1467 2386 Et
1495 2333 1624 2387 ideo
1655 2340 1712 2387 et
1744 2333 1946 2388 matris

299 2420 563 2487 consilio,
597 2426 653 2475 et
683 2421 876 2476 divino
911 2420 1167 2486 oraculo,
1199 2427 1255 2476 et
1303 2421 1489 2492 ipsius
1513 2421 1690 2476 Jacob
1724 2427 1946 2476 amato-

297 2509 380 2564 ris
409 2507 734 2580 disciplinan
764 2508 1065 2565 voluntate
1096 2509 1208 2564 cito
1243 2510 1529 2566 deseritur
1567 2527 1632 2564 ac
1665 2509 1944 2582 relinqui-

303 2602 417 2653 tur.

367 2688 456 2741 27.
491 2687 813 2743 Abscondit
861 2693 1054 2742 autem
1109 2687 1427 2742 simulacra
1473 2693 1677 2742 sancta
1710 2688 1940 2756 Rachel,

299 2775 356 2830 id
380 2781 486 2840 est,
539 2775 814 2843 Ecclesia,
867 2775 950 2831 vel
1001 2777 1334 2846 prudentia,
1366 2777 1505 2847 quia
1534 2777 1789 2832 Ecclesia
1817 2777 1942 2831 ina-

299 2880 404 2919 nes
434 2863 614 2929 ideas,
667 2869 724 2919 et
753 2881 932 2920 vanas
983 2865 1166 2918 nescit
1202 2865 1649 2920 simulacrorum
1685 2867 1938 2936 figuras:

304 2951 404 3006 sed
435 2968 631 3006 veram
664 2952 824 3007 novit
847 2952 1152 3007 Trinitatis
1210 2954 1623 3009 substantiam.
1683 2955 1944 3026 Denique

302 3039 573 3094 umbram
596 3039 864 3119 abolevit,
898 3040 1264 3111 splendorem
1298 3041 1492 3113 gloriae
1526 3043 1939 3098 manifestavit.

301 3127 726 3200 Relinquamus
757 3146 893 3199 ergo
917 3131 1212 3199 umbram,
1247 3131 1344 3202 qui
1379 3130 1554 3186 solem
1582 3133 1938 3203 qumrirnus:

2059 1894 2114 1943 et
2143 1886 2463 1959 cognovisti
2511 1903 2641 1942 me:
2675 1891 2736 1941 tu
2788 1887 3104 1958 cognovisti
3139 1887 3444 1943 sessionem
3477 1901 3652 1950 meam,

2057 1980 2113 2030 et
2143 1975 2622 2031 resurrectionem
2659 1993 2847 2031 meam
2881 1977 3038 2047 (Ibid.
3094 1977 3146 2044 l,
3176 1979 3251 2042 2).
3285 1999 3311 2026 ››
3363 1976 3547 2031 Merito
3573 1974 3653 2028 ha-

2057 2065 2230 2119 bebat
2263 2063 2594 2118 facultatem
2647 2064 2898 2131 volandi,
2941 2065 3040 2136 qui
3072 2081 3296 2136 pennas
3325 2061 3652 2120 resurrectio-

2058 2153 2152 2209 nis
2199 2158 2516 2223 aeceperat.
2571 2153 2670 2206 HIC
2721 2157 2914 2208 autem
2964 2153 3153 2209 adhuc
3193 2153 3250 2208 in
3283 2151 3542 2225 spelunca
3566 2154 3652 2213 est,

2057 2242 2113 2296 id
2147 2247 2236 2296 est
2267 2243 2323 2296 in
2355 2258 2546 2306 carne,
2599 2241 2654 2294 in
2690 2246 2856 2296 antro
2909 2243 3166 2314 quodam
3214 2243 3384 2298 istius
3413 2239 3651 2312 corporis.

2057 2347 2188 2386 cum
2223 2347 2354 2400 rege
2403 2329 2540 2386 Saul
2590 2330 2709 2386 filio
2759 2331 3008 2395 duritiae,
3041 2336 3098 2388 et
3127 2329 3500 2405 intelligibilis
3525 2326 3654 2382 illius

2057 2419 2338 2492 principis
2361 2423 2643 2490 potestate
2674 2420 3011 2487 decernens,
3045 2421 3146 2492 qui
3182 2437 3294 2476 non
3317 2419 3547 2482 videtur,
3573 2414 3652 2470 sed

2055 2507 2419 2579 intelligitur.
2471 2507 2632 2563 Unde
2681 2513 2738 2563 et
2786 2508 2998 2580 psalmi
3051 2509 3280 2578 titulus,
3309 2506 3650 2563 intellectus»

2054 2601 2143 2652 est
2173 2597 2343 2668 (Psal.
2400 2613 2508 2661 Liv,
2561 2598 2633 2667 1),
2685 2613 2859 2668 quem
2909 2601 3104 2654 tamen
3158 2597 3333 2654 David
3381 2595 3583 2668 positus
3607 2592 3650 2644 in

2055 2702 2228 2740 carne
2302 2684 2644 2740 conclusit:
2701 2686 2802 2741 sed
2861 2689 2926 2741 ut
2999 2687 3372 2743 concluderet
3441 2679 3654 2756 rogando

2055 2773 2286 2828 meruit.
2322 2774 2584 2843 Denique
2617 2791 2650 2829 a
2680 2791 2816 2830 voce
2849 2776 3200 2846 precationis
3224 2775 3412 2848 cepit.

2121 2864 2212 2916 29.
2246 2862 2410 2917 Adde
2439 2861 2606 2928 illud,
2639 2863 2796 2934 quod
2827 2862 2924 2917 ille
2979 2880 3047 2918 ex
3097 2880 3348 2936 persona
3378 2855 3650 2918 Salvatoris

2053 2949 2316 3021 psalmus
2349 2951 2560 3005 dicitur
2583 2968 2596 3016 ;
2619 2951 2729 3006 iste
2749 2967 2817 3005 ex
2840 2968 3090 3024 persona
3113 2951 3410 3024 I)avid,qui
3441 2950 3496 3004 in
3524 2944 3650 3002 4³0

2053 3044 2334 3112 potestate
2383 3056 2495 3094 non
2549 3039 2802 3094 habebat
2849 3039 3176 3106 victoriam,
3211 3043 3312 3098 sed
3363 3037 3655 3110 sperabata

2050 3129 2316 3195 Christo;
2367 3135 2424 3183 et
2473 3129 2598 3200 ipse
2645 3133 2842 3184 tamen
2900 3137 3281 3204 posteaquam
3322 3123 3574 3200 expandit
3597 3121 3650 3175 ad

297 3218 638 3273 deseramus
695 3219 946 3285 fumum,
981 3219 1081 3291 qui
1127 3219 1325 3276 lumen
1357 3221 1682 3292 sequimur.
1720 3221 1939 3276 Fumus
1971 3205 2012 3269 (ἶ
2050 3219 2232 3274 Deum
2264 3235 2476 3273 manus
2508 3235 2668 3284 suas,
2700 3223 2982 3290 tanquam
3033 3237 3260 3291 pennas
3302 3218 3496 3274 animae
3539 3227 3652 3276 δυᾶν

293 3306 578 3378 iniquitas
624 3312 750 3363 est:
775 3307 910 3380 quia
939 3308 1091 3364 sicut
1123 3309 1320 3363 fumus
1351 3310 1555 3378 oculis,
1605 3310 1687 3364 sic
1719 3311 1939 3382 iniqui-

295 3400 443 3450 tates
475 3395 775 3452 utentibus
833 3413 901 3452 ea
957 3397 1092 3452 vita.
1156 3397 1374 3454 Umbra
1422 3398 1538 3454 vita
1568 3405 1694 3454 est:
1732 3401 1942 3454 umbra

295 3484 452 3539 enim
485 3485 593 3554 (‘27)
642 3488 731 3540 est
782 3491 980 3539 nostra
1029 3485 1147 3540 hinc
1179 3487 1298 3541 vita
1337 3487 1394 3541 in
1429 3492 1600 3554 terra,
1634 3487 1784 3542 sicut
1831 3487 1940 3544 Job

297 3572 443 3627 dixit
471 3571 586 3640 (Job
615 3588 738 3641 V‘II,
769 3573 844 3643 9).
879 3573 1024 3638 Quid
1077 3575 1318 3646 insuper
1365 3574 1458 3629 hic
1509 3575 1620 3630 nisi
1670 3576 1936 3632 temtatio-

299 3659 448 3715 nes?
479 3661 660 3714 Omne
692 3668 924 3732 tempus
956 3661 1013 3716 in
1065 3662 1476 3727 sollicitudine,
1510 3666 1704 3720 omnis
1733 3665 1851 3720 vita
1881 3665 1939 3720 in

299 3747 606 3804 molestiis.
641 3772 667 3799 ‹‹
702 3750 763 3804 In
799 3749 1006 3818 medio,
1039 3751 1253 3822 inquit,
1287 3752 1628 3824 laqueorum
1673 3753 1938 3809 ambula-

300 3837 624 3906 mus(Ercli.
649 3855 726 3901 1x,
749 3838 859 3907 20).
897 3859 924 3886 ››
955 3839 1026 3892 Et
1055 3837 1206 3893 alius
1235 3838 1292 3892 in
1315 3839 1409 3894 via
1429 3855 1546 3911 qua
1574 3840 1936 3908 ambulabat,

299 3931 562 3981 extentos
591 3927 700 3980 sibi
735 3927 833 3981 sed
893 3927 1266 3982 absconditos
1317 3927 1556 4000 laqueos
1589 3931 1941 4000 querebatur

297 4015 468 4082 (Psal.
529 4031 676 4080 cxu,
733 4016 812 4087 4),
871 4031 941 4070 ne
971 4015 1370 4088 deprehensus
1418 4019 1664 4074 caderet.
1700 4019 1940 4075 Volebat

298 4105 494 4177 fugere
523 4105 676 4160 sicut
707 4121 941 4176 passer:
977 4105 1077 4160 sed
1129 4105 1321 4160 adhuc
1370 4104 1612 4178 laqueus
1654 4107 1938 4164 contritus

297 4211 410 4249 non
465 4199 604 4248 erat.
666 4216 693 4243 ‹‹
753 4194 950 4260 Periit,
1009 4195 1216 4266 inquit,
1281 4195 1479 4268 fugaa
1527 4213 1618 4250 me
1649 4197 1850 4267 (Ibat).
1908 4220 1936 4246 »

294 4282 574 4338 Gravatas
621 4283 872 4338 habebat
917 4299 1140 4354 pennas
1178 4301 1283 4356 per
1341 4283 1500 4340 illam
1568 4289 1936 4342 tenebrosam

295 4387 507 4442 aquam
539 4371 598 4424 in
649 4371 907 4427 nubibus
954 4372 1127 4432 aeris.
1175 4379 1233 4427 et
1281 4373 1526 4428 fortasse
1555 4373 1781 4428 evolare
1821 4391 1935 4429 non

296 4463 541 4532 poterat.
595 4459 846 4532 Denique
891 4459 1025 4516 illas
1073 4477 1293 4532 pennas
1326 4463 1621 4532 quaerebat
1653 4463 1934 4534 accipere,

2049 3311 2105 3362 et
2137 3307 2397 3380 confugit
2427 3307 2498 3362 ad
2531 3307 2867 3373 Dominum,
2921 3313 2978 3362 et
3007 3308 3264 3380 Spiritus
3303 3305 3478 3362 sancti
3508 3299 3654 3357 dedu-

2047 3395 2295 3450 ctionem
2329 3397 2613 3468 poposcit,
2647 3413 2763 3468 quo
2795 3402 3172 3468 cognosceret
3201 3397 3351 3453 viam
3382 3410 3478 3466 per
3503 3402 3650 3462 Quam

2047 3489 2246 3556 posset
2273 3485 2608 3551 ascendere,
2641 3483 2910 3540 inclinari
2936 3485 3078 3540 vidit
3109 3485 3308 3551 coalos,
3335 3488 3398 3539 ut
3419 3479 3650 3538 Christus

2049 3573 2443 3635 descenderet,
2476 3578 2532 3628 et
2563 3573 2787 3644 rogavit
2835 3577 2898 3628 ut
2928 3589 3062 3628 eum
3096 3572 3315 3630 levaret
3351 3585 3516 3626 manu
3544 3579 3650 3620 sua.

2047 3668 2164 3718 Aut
2199 3663 2343 3716 forte
2393 3663 2520 3716 ideo
2570 3679 2793 3733 pennas
2841 3679 2979 3718 suas
3017 3664 3145 3734 jam
3196 3680 3312 3719 non
3375 3655 3652 3732 quaerebat,

2048 3751 2187 3824 quia
2235 3751 2541 3824 perfectior
2593 3752 2779 3806 factus
2837 3768 3076 3807 manum
3127 3751 3341 3808 Christi
3395 3744 3653 3804 desidera-

2048 3842 2166 3896 bat.

2117 3931 2204 3984 30.
2237 3930 2344 3994 Qui
2375 3929 2500 3983 vult
2531 3929 2708 3998 igitur
2729 3947 2905 3984 manu
2931 3929 3140 3984 Christi
3176 3929 3374 3991 levari,
3406 3928 3526 3981 ante
3553 3919 3655 3990 ipse

2047 4019 2251 4086 evolet,
2305 4018 2515 4072 habeat
2563 4035 2784 4089 pennas
2834 4035 2992 4074 suas.
3043 4020 3150 4086 Qui
3205 4017 3352 4088 lugit
3391 4007 3653 4070 saeculum.

2046 4123 2269 4178 pennas
2315 4106 2562 4174 habeat;
2595 4111 2652 4162 et
2693 4106 2742 4162 si
2775 4123 2914 4162 suas
2945 4125 3060 4163 non
3091 4107 3271 4164 habet
3299 4111 3394 4176 (ne
3424 4102 3554 4157 forte
3579 4091 3657 4148 ille

2046 4195 2209 4252 solus
2257 4195 2470 4250 habeat
2513 4211 2653 4250 suas
2701 4196 2814 4267 (28)
2847 4196 2946 4268 qui
2995 4201 3345 4268 potestatem
3392 4190 3555 4248 habet
3577 4199 3658 4239 vo-

2047 4284 2228 4352 landi)
2261 4285 2310 4340 si
2341 4301 2498 4352 suas,
2533 4285 2796 4356 inquam,
2831 4301 2946 4340 non
2971 4285 3250 4352 habet,ab
3271 4301 3338 4339 eo
3368 4277 3460 4353 qui
3491 4271 3654 4330 habet.

2046 4371 2312 4444 accipiat.
2349 4373 2456 4437 Qui
2505 4372 2656 4444 fugit
2703 4389 2838 4445 ergo
2888 4373 3193 4438 saeculum,
3227 4371 3418 4428 volat:
3447 4390 3472 4418 «
3523 4363 3657 4422 Ecce:

2047 4461 2258 4533 inquit,
2305 4461 2569 4534 elongavi
2618 4461 2868 4533 fugiens,
2921 4466 2979 4517 et
3025 4462 3216 4517 mansi
3271 4461 3328 4515 in
3383 4449 3659 4514 solitudine

297 4553 363 4602 ut
392 4547 643 4636 evolaret
696 4553 753 4603 et
808 4548 1212 4620 requiesceret,
1275 4551 1430 4606 sicut
1487 4551 1771 4622 scriptum
1807 4559 1935 4608 est:
1973 4572 2018 4636 Ι)
2048 4551 2220 4623 (Psal.
2254 4567 2339 4604 Liv
2369 4551 2442 4621 8).
2479 4571 2508 4599 ››
2539 4549 2796 4605 Evolavit
2827 4567 2964 4624 ergo
3011 4551 3194 4606 David
3249 4537 3659 4636 sicutnyetico-

295 4660 324 4685 «
359 4635 500 4702 Quis
534 4637 692 4692 dabit
725 4636 864 4691 mihi
899 4654 1122 4708 pennas
1155 4639 1304 4693 sicut
1360 4639 1665 4703 columbae,
1697 4645 1753 4695 et
1781 4642 1937 4698 vola-

295 4725 388 4792 bo,
421 4729 478 4780 et
509 4725 869 4797 requiescam
905 4727 1074 4796 (Psal.
1110 4743 1215 4792 LIV,
1247 4726 1352 4797 7)?
1381 4749 1408 4776 ‹‹
1458 4727 1562 4783 Ubi
1595 4729 1750 4784 enim
1783 4730 1937 4785 vola-

293 4818 412 4881 tus,
465 4813 546 4868 ibi
577 4814 828 4885 requies.
863 4813 1122 4886 Denique
1153 4812 1288 4868 alibi
1322 4815 1496 4871 dicit:
1534 4839 1558 4864 ‹‹
1593 4817 1648 4871 Si
1682 4818 1938 4874 dormia-

293 4902 370 4958 tis
399 4902 552 4958 inter
581 4903 806 4958 medios
837 4901 1042 4970 cleros,
1101 4918 1304 4975 pennae
1343 4903 1622 4960 columbae
1653 4907 1934 4980 deargen-

293 4995 426 5048 tatas
461 4992 632 5064 (Psal.
667 5009 836 5059 vau,
874 4993 980 5065 15).
1018 5014 1045 5041 »

356 5229 460 5290 (27)
547 5227 658 5278 Τόδ’
738 5227 886 5287 ἐστὶν,
953 5226 1016 5285 εἰς
1075 5226 1160 5285 τὰς
1234 5229 1321 5276 τοῦ
1414 5227 1516 5290 βίου
1593 5227 1940 5294 λαμπρότητας

295 5306 550 5381 αφῐξετάιχ
582 5308 756 5382 hunc;
782 5308 876 5372 γάρ
907 5307 1465 5382 ἑρμηννέυεταιράόαν.
1514 5299 1675 5356 Philo
1735 5301 1835 5356 lib.
1877 5301 1942 5358 de

296 5369 572 5439 Pro/agas,
633 5387 871 5439 quicum
930 5371 1144 5426 multos
1185 5370 1364 5439 hujus
1437 5375 1722 5427 tractatus
1780 5373 1939 5429 locos

297 5387 572 5440 trra/agat,
633 5387 871 5442 quicum
930 5387 1144 5426 multos
1186 5387 1364 5441 nujus
1437 5387 1722 5427 tractatus
1780 5387 1939 5429 locos

297 5440 560 5512 conferre
589 5456 771 5512 operm
803 5442 1052 5511 pretium
1088 5445 1194 5494 est.
1318 5476 1322 5480 ~

368 5511 479 5578 (27)
513 5510 649 5565 Mss.
684 5510 1105 5582 propemodum
1158 5529 1361 5568 omnes
1392 5515 1476 5568 sic
1518 5513 1752 5570 habent.
1787 5516 1938 5570 Edit.

298 5584 494 5635 autem
549 5587 682 5636 vet..
737 5584 1016 5639 utentibus
1072 5599 1136 5638 ea
1190 5583 1386 5640 umbra
1415 5594 1493 5640 est
1551 5587 1697 5643 vita}.
1745 5588 1944 5644 Umbra

296 5651 464 5720 enim,
512 5655 622 5711 etc.
672 5652 840 5710 Rom.
892 5669 1046 5722 vero,
1091 5653 1370 5712 utentibus
1416 5671 1502 5712 ea.
1554 5657 1750 5716 Umbra
1779 5660 1944 5720 etiam

2049 4656 2152 4694 rex
2176 4639 2235 4692 in
2267 4637 2586 4706 domicilio,
2621 4639 2774 4694 sicut
2822 4657 3027 4712 passer
3063 4637 3384 4711 singularis
3412 4635 3470 4688 in
3495 4630 3656 4720 dom?-

2049 4727 2108 4784 Si
2141 4731 2336 4782 autem
2367 4727 2435 4782 ad
2465 4727 2762 4782 Christum
2795 4729 3034 4797 referas,
3065 4725 3315 4784 evolavit
3345 4724 3402 4778 in
3435 4723 3661 4790 corporis

2049 4815 2338 4888 passione,
2373 4819 2438 4868 ut
2467 4816 2575 4870 sub
2607 4817 2816 4870 umbra
2845 4815 3072 4872 alarum
3094 4831 3338 4872 suarum
3373 4797 3663 4884 ρνοῑϐἕθτθί

2049 4904 2298 4977 populos
2320 4903 2648 4958 nationum.
2679 4903 2938 4960 Evolavit
2963 4903 3288 4961 divinitate.
3321 4893 3533 4955 mansit
3558 4901 3664 4977 cor-

2049 4975 2209 5067 pore,
2241 4998 2416 5066 atque
2467 4993 2751 5050 habitavit
2779 4993 2838 5048 in
2866 4995 3130 5061 deserto;
3162 4996 3230 5047 ut
3263 4990 3458 5062 plures
3487 4975 3661 5067 ﬁerent

2049 5057 2289 5138 desertae
2320 5057 2443 5150 filii,
2483 5098 2661 5153 quam
2694 5083 2823 5154 ejus
2853 5100 2980 5155 qua:
3020 5057 3280 5136 habebat
3303 5077 3508 5132 virum.
3541 5057 3660 5122 Illud

2048 5230 2126 5284 est
2157 5235 2338 5282 nostra
2371 5225 2489 5282 haec
2517 5227 2652 5290 vita,
2682 5231 2790 5281 etc.

2143 5299 2233 5368 28)
2265 5297 2415 5352 Edit.
2451 5283 2672 5370 vehet
2722 5298 2990 5370 quaedam
3040 5295 3247 5361 Paris,
3279 5291 3376 5347 ille
3412 5283 3548 5370 ξριιιξ

2048 5342 2244 5426 habeat
2272 5385 2418 5424 suas.
2480 5367 2686 5424 Melius
2723 5342 2869 5425 ﬁalis:
2929 5386 3061 5425 cum
3095 5342 3247 5423 mss:
3273 5342 3663 5438 omnibuﬁgﬂf

2048 5423 2440 5497 saliuis/tabent
2484 5423 2650 5504 suas
2694 5423 2948 5496 videtur
2979 5439 3130 5497 enim
3165 5453 3270 5506 per
3298 5433 3420 5488 haec
3448 5423 3660 5506 indicari

2053 5513 2242 5569 solum
2277 5511 2576 5596 Christum
2611 5498 2875 5596 preprias
2907 5528 3128 5584 pennas
3169 5498 3386 5596 habere

2053 5565 2251 5656 asas
2268 5653 2279 5656 _
2295 5565 2507 5656 alienis
2526 5565 2548 5566 ἢ
2560 5565 2802 5656 pastas,“
2816 5565 2967 5644 Ἰ]άὸ
2987 5565 3108 5653 ea,
3151 5581 3386 5651 accepto
3415 5565 3662 5628 divinitus

2055 5653 2320 5718 subsidio
2349 5653 2630 5731 indigere.

3789 815 3791 934 ι

3789 939 3791 1076 |

3789 3839 3791 3994 ι
