3830 6206
149 390 247 451 6l3
1302 383 1535 446 LIBER
1578 387 1679 447 ne
1730 385 1936 450 FUGA
1985 386 2306 449 saccum.
3390 356 3507 448 eti

150 536 264 593 ergo
296 534 490 591 corpus
539 532 880 589 sequamur,
941 520 1005 572 ut
1062 533 1169 574 nos
1203 533 1602 591 resurgamus.
1637 518 1741 576 Ubi
1773 522 1823 587 Α
1857 524 1979 574 cata
2015 518 2384 575 redimuntur
2411 537 2430 580 ,·
2462 520 2561 576 sed
2596 519 2649 574 in
2685 519 2840 575 bona
2868 519 2985 576 vita
3023 519 3252 576 Domini
3322 522 3510 596 gratia

150 609 275 666 enim
306 622 523 679 corpus,
556 604 634 661 ibi
668 609 725 661 et
755 605 984 679 aquilae.
1853 608 2380 681 comprehenditur.
2423 609 2839 664 Renuntiatum
2873 615 2981 678 est,
3018 610 3227 683 inquit,
3263 611 3507 681 til:i,ho-

206 698 281 753 31.
307 697 405 760 Qui
435 712 547 751 non
588 698 778 768 potest
810 699 873 749 ut
930 695 1129 768 aquila
1156 694 1368 765 volare,
1428 696 1627 752 volitet
1682 700 1748 752 ut
1855 713 1969 768 mo,
1999 697 2139 770 quid
2164 696 2241 753 sit
2271 699 2508 766 bonum,
2543 702 2645 753 aut
2676 698 2813 771 quid
2847 699 3135 754 Dominus
3169 701 3429 772 requirat
3477 719 3511 757 a

148 802 333 860 passer.
363 785 463 850 Qui
493 801 607 839 non
639 788 828 857 potest
851 784 921 839 ad
956 783 1164 840 emtum
1212 784 1426 855 volare,
1476 785 1629 841 volet
1672 785 1745 841 ad
1852 790 1928 841 te.
1958 786 2105 849 Quid
2134 784 2313 852 aliud,
2348 785 2458 841 nisi
2487 790 2550 841 ut
2592 787 2769 843 facias
2799 787 3111 857 justitiam,
3175 794 3232 844 et
3288 789 3502 862 diligas

150 878 362 941 montes,
383 872 559 946 fugiat
589 877 720 929 ante
741 872 1054 943 vallestria,
1080 890 1209 946 qua
1234 875 1345 930 cito
1364 892 1750 947 corrumpun-
1856 872 2316 929 misericordiam
2346 877 2400 928 et
2426 880 2663 947 paratus
2695 876 2776 931 sis
2814 876 2893 930 ire
2926 895 3057 931 cum
3091 878 3338 934 Domino
3395 879 3511 935 Deo

146 969 224 1020 tur
261 963 509 1028 humore,
542 966 599 1018 et
629 963 698 1017 ad
751 969 979 1018 montes
1029 938 1634 1020 transeatr’i‘ransivit
1676 964 1747 1019 ad
1856 963 1957 1014 tuo
1979 959 2006 1014 ?
2036 959 2185 1014 Dicit
2208 960 2311 1015 tibi
2345 977 2480 1033 ergo
2513 961 2911 1034 Evangelium,
2946 987 2972 1014 ‹‹
3007 965 3261 1037 Surgite,
3303 982 3507 1023 eamus

147 1056 370 1108 montem
388 1056 562 1125 Segor
590 1069 771 1124 nepos
806 1052 1067 1120 Abrahae,
1097 1056 1154 1108 et
1183 1052 1379 1109 salvus
1412 1054 1599 1110 factus
1629 1057 1746 1109 est:
1858 1048 1996 1103 hinc
2027 1049 2204 1120 (Joan.
2236 1066 2350 1116 xxv,
2385 1050 2495 1121 31).
2527 1072 2555 1099 ››
2592 1050 2740 1104 Dicit
2772 1052 2870 1105 tibi
2906 1052 3015 1119 lex,
3060 1078 3086 1103 ‹‹
3126 1058 3261 1110 Post
3312 1055 3513 1110 Domi-

145 1159 248 1215 quae
273 1145 457 1196 autem
490 1158 603 1196 non
636 1141 825 1213 potuit
876 1142 1192 1198 ascendere
1240 1142 1450 1198 affectu
1499 1142 1751 1198 femineo
1861 1154 2003 1192 num
2036 1138 2219 1192 Deum
2263 1142 2429 1193 tuum
2465 1138 2797 1193 ambulabis
2831 1141 3001 1209 (Dmt.
3036 1160 3157 1209 xui,
3196 1143 3261 1214 ἰ).
3290 1167 3317 1193 ››
3350 1145 3511 1199 Didi-

144 1229 406 1296 reclinata,
438 1228 686 1285 salutem
717 1230 932 1286 amisit.
968 1253 996 1281 «
1026 1230 1507 1304 Appropinquate
1538 1232 1752 1286 monti-
1861 1225 1989 1280 cisti
2057 1227 2349 1297 quomodo
2391 1228 2522 1282 hinc
2566 1228 2773 1299 fugias.
2825 1230 2964 1299 quid
3018 1232 3311 1287 moraris?
3365 1233 3516 1288 Dicit

141 1318 360 1390 bus
398 1319 648 1387 aeternis,
701 1340 730 1367 »
777 1318 1064 1375 Dominus
1113 1318 1254 1374 dicit
1301 1336 1405 1393 per
1450 1319 1749 1376 Michmam
1862 1314 1964 1369 tibi
2021 1315 2397 1387 Evangelium
2460 1316 2693 1381 iterum,
2745 1318 3101 1389 «Progenies
3155 1320 3510 1392 viperarum,

140 1406 484 1480 prophetam:
520 1429 548 1456 ‹‹
580 1407 812 1480 Surgite
840 1406 998 1479 hinc,
1033 1407 1173 1480 quia
1200 1424 1317 1463 non
1348 1414 1439 1464 est
1466 1407 1629 1465 vobis
1658 1408 1753 1464 hic
1863 1403 1995 1476 quis
2053 1404 2215 1459 vobis
2268 1405 2691 1460 demonstravit
2750 1406 2948 1478 fugere
3010 1409 3083 1462 ab
3130 1408 3218 1464 ira
3273 1415 3518 1466 ventura

140 1495 484 1568 refrigeratio.
517 1499 761 1568 Propter
788 1495 1130 1569 spurcitiam
1162 1497 1418 1570 corrupti
1448 1498 1589 1554 estis
1621 1514 1753 1554 cor-
1863 1491 2072 1564 (Matth,
2106 1509 2191 1560 III,
2211 1492 2307 1565 7)?
2332 1515 2362 1543 »
2399 1494 2465 1547 Et
2494 1492 2632 1548 dicit
2662 1493 2770 1549 huc
2800 1494 2920 1550 illis
2953 1497 3051 1568 qui
3084 1497 3393 1554 veniebant
3446 1501 3519 1556 ad

139 1584 393 1655 raptione,
441 1584 908 1655 persecutionem
960 1585 1120 1657 passi
1170 1585 1316 1642 estis
1355 1586 1535 1658 (Mich.
1587 1604 1651 1654 ιι,
1696 1586 1753 1651 9,
1864 1580 2224 1654 baptismum
2261 1582 2632 1654 poenitentiae.

142 1672 227 1744 10).
260 1696 285 1721 ››
315 1673 376 1727 Et
403 1672 688 1728 Dominus
719 1672 859 1728 dicit
888 1689 900 1726 :
926 1697 953 1722 ‹‹
975 1674 1140 1730 Tunc
1171 1675 1268 1746 qui
1304 1674 1360 1729 in
1391 1674 1594 1730 Judaea
1615 1680 1753 1730 sunt
1934 1672 2026 1725 3t.
2064 1671 2212 1742 Ergo
2246 1672 2584 1744 pmuiteutia
2621 1672 2755 1744 fuga
2787 1678 2873 1727 est
2910 1674 3017 1729 bon
3040 1692 3059 1729 ι
3093 1693 3104 1731 :
3167 1677 3355 1748 gratia
3415 1679 3518 1734 Dei

138 1760 329 1834 fugient
357 1761 424 1816 ad
459 1765 691 1816 montes
723 1763 852 1831 (Luc
878 1778 994 1830 xxx,
1024 1761 1138 1835 2i),
1177 1787 1199 1814 ι
1239 1762 1335 1818 ubi
1368 1780 1538 1819 mons
1588 1764 1748 1830 Sion,
1863 1760 2000 1832 fuga
2026 1765 2111 1815 est
2142 1761 2311 1827 bona,
2357 1759 2415 1814 in
2460 1777 2637 1832 quam
2683 1767 2764 1817 rst
2820 1764 3147 1835 assumptio
3200 1766 3515 1839 fugientis;

138 1857 180 1905 et
206 1849 387 1906 civitas
418 1850 582 1922 pacis
633 1849 961 1931 Jerusalem
1011 1867 1128 1907 non
1180 1852 1428 1908 terrenis
1476 1853 1576 1908 sed
1608 1853 1753 1908 vivis
1786 1882 1832 1947 B
1863 1850 2155 1947 desertum
2192 1849 2326 1921 fuga
2354 1853 2443 1947 est
2474 1850 2644 1947 bona,
2677 1851 2757 1947 ad
2800 1854 2949 1947 quod
3009 1852 3157 1925 fugit
3190 1853 3361 1924 Elias,
3396 1855 3514 1911 Eli-

138 1943 436 1995 eonstructa
465 1938 787 2011 lapidibus,
820 1943 876 1994 et
906 1940 1106 1996 decem
1156 1940 1339 1996 millia
1389 1942 1752 2014 angelorum,
1786 1938 1829 1947 “’
1864 1954 2037 2004 saeue,
2069 1938 2328 1993 Joannes
2358 1938 2637 2010 Baptista.
2676 1939 2843 2012 Fugit
2867 1940 3019 1997 Elias
3035 1942 3334 2001 mulierem
3352 1945 3516 2002 Jeza-

138 2026 535 2098 primitivorum
616 2028 895 2095 Ecclesia,
1001 2029 1390 2101 perfectorem
1473 2030 1716 2103 spiritus
1740 2073 1753 2097 ,
1865 2027 1980 2095 bel,
2010 2027 2065 2082 id
2100 2032 2188 2082 est
2217 2027 2561 2082 effusionem
2588 2028 2879 2095 vanitatis,
2904 2036 2960 2085 et
2991 2031 3139 2103 fugit
3160 2033 3229 2088 ad
3259 2039 3517 2091 montem

131 2118 391 2186 justorum
423 2117 605 2181 Deus,
640 2118 737 2189 qui
773 2117 829 2172 in
865 2119 1151 2191 sanguine
1183 2136 1288 2175 suo
1333 2118 1542 2175 melius
1596 2119 1752 2175 locu—
1866 2115 2035 2181 Oreb,
2073 2116 2224 2188 quod
2259 2116 2552 2188 signiticet
2584 2118 3028 2175 exsircatienem
3064 2138 3078 2188 ;
3116 2125 3177 2176 ut
3204 2122 3523 2179 siccaretur

138 2208 214 2259 tus
232 2214 309 2261 est
333 2222 509 2277 quam
531 2204 687 2262 Abel.
710 2205 813 2263 Ille
832 2208 988 2263 enim
1012 2207 1323 2264 vindictam
1346 2207 1639 2278 clamavit,
1664 2208 1757 2264 hic
1865 2204 1923 2259 in
1956 2221 2022 2260 eo
2042 2204 2297 2260 carnalis
2328 2205 2679 2277 proﬂuvium
2714 2208 3006 2274 vanitatis,
3040 2214 3097 2265 et
3145 2218 3519 2284 cognosceret

136 2293 573 2368 indulgentiam:
607 2294 704 2350 ille
734 2301 1036 2367 peccatum
1076 2296 1274 2353 fratris
1303 2298 1616 2367 accusavit,
1662 2297 1758 2352 hic
1866 2293 2099 2364 plenius
2131 2293 2334 2350 Deum.
2371 2294 2504 2348 Erat
2535 2294 2689 2349 enim
2742 2296 2811 2349 ad
2863 2302 3175 2353 torrentem
3235 2299 3520 2367 Chorrad,

136 2389 404 2453 peccatum
465 2384 675 2439 mundi
725 2385 986 2441 remisit:
1046 2385 1144 2441 ille
1202 2386 1459 2458 prodidit
1513 2386 1757 2453 crimen,
1868 2382 2022 2454 quod
2054 2386 2144 2437 est
2172 2381 2447 2454 cognitio,
2483 2383 2581 2438 ubi
2644 2384 3070 2442 abundantiam
3131 2387 3518 2459 profluentem

135 2471 210 2528 hic
251 2475 382 2529 texit
428 2474 761 2530 secundum
812 2475 965 2547 quod
1020 2475 1303 2548 scriptum
1352 2480 1482 2532 est:
1534 2500 1561 2527 ‹‹
1599 2477 1760 2533 Beati
1867 2471 2075 2526 divinae
2106 2470 2454 2543 cognitionis
2492 2471 2773 2540 hauriret,
2819 2474 2897 2528 ita
2948 2475 3176 2548 fugiens
3216 2477 3519 2546 saeculum,

135 2579 352 2634 quorum
381 2567 540 2620 tecta
571 2567 709 2618 sunt
738 2562 1170 2635 p‘eccata(Psal.
1192 2580 1346 2634 χχχι,
1378 2564 1452 2637 4).
1488 2588 1507 2615 η
1868 2565 1934 2614 ut
1966 2576 2070 2615 nec
2092 2560 2288 2614 cibum
2321 2561 2579 2632 corporis
2611 2561 2790 2632 hujus
2822 2566 3169 2634 exquireret,
3198 2567 3311 2620 nisi
3344 2583 3520 2638 quem

1869 2667 2002 2705 aves
2032 2650 2378 2706 detulissent
2420 2651 2748 2719 ministra};
2811 2669 3151 2724 quanquam
3202 2671 3335 2708 esea
3392 2657 3521 2725 ejus

725 2715 960 2771 CAPUT
998 2716 1090 2772 Vl-
1360 2770 1365 2775 ι
1868 2738 2214 2810 plerumque
2230 2744 2460 2794 terrena
2491 2756 2605 2795 non
2630 2715 3104 2814 fuerit-Denique
3130 2715 3522 2816 quadraginta

135 2819 253 2887 Quia
278 2823 489 2902 ratione
533 2823 633 2892 qui
683 2822 811 2902 (velit
843 2824 1080 2902 fugere,_
1101 2839 1225 2879 eum
1263 2825 1760 2902 peloct'tcrfugere
1867 2828 2074 2883 diebus
2107 2828 2166 2882 in
2197 2827 2407 2884 virtute
2438 2845 2581 2883 esca:
2615 2846 2791 2901 quam
2834 2836 3155 2902 acceperat,
3175 2832 3522 2889 ambulavit.

186 2896 448 2991 qporteat:
494 2909 604 2977 quo
648 2895 816 2991 alicui
851 2894 1179 2991 fugiendum.
1216 2897 1336 2991 fit;
1386 2900 1439 2951 et
1485 2894 1579 2952 ad‘
1620 2894 1698 2967 qu

2010 2933 2079 2971 ue
2110 2934 2223 2970 non
2256 2916 2562 2972 mulierem
2588 2918 2847 2990 fugiebat
2867 2919 3149 2991 propheta
3171 2925 3390 2989 tantus,
3415 2922 3514 2978 sed

506 2962 519 2977 τ
852 2962 859 2965 _
919 2962 932 2964 _
985 2968 992 2976 _
1626 2962 1641 2967 -
1874 2962 2077 2988 Vm,“
2257 2962 2562 2972 ..-...--.-...
2589 2962 3149 2991 ,νοηωηεηννηνω
3175 2962 3390 2989 ..........,
3415 2962 3515 2978 νυν.

188 2962 371 3019 bonum
407 2981 636 3020 “mm”
666 2969 882 3021 nostras
911 2982 1118 3037 angere
1145 2966 1454 3022 debeamus“
1868 3006 2167 3061 szeculum.
2198 3012 2284 3059 An
2319 3012 2563 3061 mortem
2597 3007 2857 3075 timebat,
2890 3008 2990 3081 qui
3023 3025 3083 3065 se
3116 3009 3405 3066 obtulerat
3438 3028 3525 3066 re-

185 3096 263 3151 32.
293 3099 395 3154 Sed
428 3098 540 3171 qui
576 3098 724 3172 fugit
752 3097 1022 3155 velociter
1054 3100 1256 3172 fugiat,
1282 3116 1352 3157 ne
1374 3101 1757 3174 comprehen-
1868 3095 2142 3167 quirenti,
2175 3100 2231 3151 et
2262 3095 2361 3167 qui
2411 3096 2643 3150 (licebat
2699 3097 2769 3152 ad
2839 3097 3179 3164 Dominum,
3248 3122 3276 3149 ‹‹
3310 3101 3521 3173 Recipe

130 3184 310 3240 datur:
343 3187 625 3243 velociter
670 3188 1036 3260 depraedetnr
1079 3189 1233 3244 hunc
1286 3190 1572 3245 mundum
1622 3190 1754 3263 (30),
1790 3248 1828 3263 η
1868 3184 2127 3240 animam
2160 3201 2346 3239 meam
2380 3185 2483 3256 (III
2512 3187 2638 3254 (try.
2674 3204 2787 3253 xxx,
2834 3187 2894 3256 '),
2928 3210 2946 3235 η
2985 3187 3219 3242 taedium
3264 3190 3389 3243 vita:
3449 3190 3522 3245 is-

128 3277 180 3327 ιη
219 3274 494 3332 “(ibimus
546 3248 876 3349 ίεξγριύτη.
928 3277 1036 3340 Οαί
1080 3277 1345 3349 Parturit,
1406 3279 1592 3350 pariat
1612 3248 1638 3340 ,Ῐ
1684 3248 1756 3335 ne
1787 3248 1829 3315 α
1868 3273 1984 3329 tius
2015 3273 2337 3340 sustinens,
2372 3248 2485 3329 non
2519 3248 2950 3346 cupiditatem?
2980 3274 3090 3329 Sed
3117 3275 3397 3347 fugiebat,
3424 3295 3525 3332 sa:-

130 3368 310 3420 onusto
338 3370 393 3420 et
440 3366 760 3437 degravato
814 3364 1224 3436 iniquitatibus
1285 3367 1500 3422 mentis
1569 3371 1754 3434 utero,
1866 3361 2121 3417 cularem
2185 3361 2537 3430 illecebram,
2594 3368 2649 3418 et
2698 3362 3157 3418 conversationis
3208 3365 3521 3421 maculosae

129 3451 295 3523 fugere
325 3472 436 3510 non
472 3453 692 3526 possit:
727 3457 784 3508 et
833 3454 1017 3527 fugiat
1066 3472 1180 3511 non
1219 3454 1391 3527 quasi
1437 3454 1753 3512 laetantem
1867 3451 2294 3525 contagionem,
2329 3457 2387 3507 et
2416 3452 2606 3525 impiae
2639 3470 2704 3508 ac
2751 3452 3225 3524 praevaricatricis
3263 3454 3518 3511 nationis

131 3539 312 3610 ferens,
340 3545 438 3599 sed
499 3542 668 3615 quasi
718 3543 1051 3615 expeditu'n
1088 3561 1100 3599 :
1136 3560 1247 3600 non
1299 3544 1606 3617 parvulum
1657 3562 1754 3618 ge-
1867 3541 2193 3614 sacrilegia.

130 3632 288 3700 stans,
311 3633 406 3688 sed
445 3632 775 3705 perfectum
821 3632 878 3686 in
912 3632 1141 3689 Christo
1183 3633 1461 3690 exhibens
1501 3652 1514 3689 :
1568 3634 1754 3707 fugiat
1938 3632 2026 3685 35.
2061 3630 2334 3687 Salomon
2368 3630 2676 3703 quoquein
2709 3630 2973 3688 mulieris
2997 3631 3154 3688 illius
3183 3633 3372 3705 specie
3397 3652 3519 3690 cor-

133 3733 225 3773 non
255 3722 416 3793 quasi
452 3720 704 3777 feriatus
737 3720 791 3775 in
828 3721 1092 3790 sabbato,
1128 3722 1229 3778 sed
1279 3724 1425 3779 431
1474 3727 1757 3796 tanquam
1867 3719 2155 3793 ruptelam
2189 3720 2383 3776 saeculi
2415 3720 2594 3792 hujus
2617 3722 2868 3792 exponit,
2892 3726 2947 3777 et
2980 3722 3335 3779 meretricius
3369 3730 3521 3781 artes

132 3810 400 3878 operarius
432 3812 497 3867 in
535 3810 802 3882 negotio:
838 3827 942 3867 nec
972 3815 1253 3884 tanquam
1298 3812 1516 3868 sterilis
1567 3813 1624 3868 in
1658 3814 1757 3869 fri-
1866 3809 2244 3866 declinandas
2275 3810 2475 3865 edocet
2505 3810 2685 3881 (Prov.
2723 3828 2818 3880 vn,
2864 3810 3039 3883 5-27).
3074 3812 3203 3867 Haec
3259 3817 3351 3868 est
3391 3831 3519 3868 mu-

133 3911 264 3965 gnre,
301 3901 399 3956 sed
446 3905 738 3971 tanquam
791 3900 1024 3972 opimus
1070 3900 1130 3955 in
1176 3917 1385 3957 messe.
1422 3901 1554 3957 Ideo
1601 3902 1757 3959 enim
1868 3898 1975 3953 lier
2002 3898 2189 3954 aliena
2214 3903 2268 3954 et
2302 3898 2629 3966 fornicaria,
2666 3917 2698 3954 a
2730 3916 2846 3971 qua
2886 3906 2940 3955 te
2969 3905 3032 3953 ut
3062 3902 3381 3969 custodias,
3418 3902 3516 3957 ad—

132 3983 324 4044 dirtum
350 3994 476 4046 est:
523 4010 549 4041 α
579 3988 748 4045 Orate
782 4006 851 4045 ne
901 3989 1003 4045 fiat
1048 3990 1185 4062 fuga
1213 3996 1406 4047 vestra
1441 3989 1635 4047 hieme
1672 3991 1758 4047 vel
1868 3987 2153 4042 hortatur.
2187 3987 2267 4041 Ne
2307 3987 2562 4043 declines
2594 3988 2662 4043 ad
2697 3988 2817 4042 vias
2846 3987 3038 4043 saeculi
3075 4005 3173 4043 cor
3203 3993 3392 4058 tuum,
3418 3992 3517 4045 sed

133 4071 355 4132 Sabbato
386 4077 603 4147 (Matth.
636 4094 791 4143 xxrv,
824 4078 935 4149 20).
971 4100 998 4127 ››
1029 4077 1190 4150 Fuga
1219 4094 1356 4152 ergo
1387 4078 1509 4135 haec
1559 4080 1756 4136 fecun-
1868 4075 2113 4130 colloces
2148 4075 2290 4130 illud
2322 4076 2379 4129 in
2406 4093 2581 4131 manu
2611 4077 2856 4143 Domini,
2885 4076 2941 4130 in
2964 4093 3080 4147 qua
3105 4081 3190 4131 est
3224 4096 3317 4131 eor
3345 4079 3516 4149 regis.

132 4159 191 4215 da
216 4163 482 4222 virtutum
520 4170 630 4233 est,
668 4183 781 4222 non
812 4166 981 4223 ell‘eta
1020 4168 1386 4223 meritorum.
1430 4168 1591 4241 Fuga
1637 4169 1760 4225 haec
1868 4164 1976 4228 Qui
2008 4164 2161 4219 enim
2190 4181 2251 4219 se
2282 4165 2477 4237 ipsum
2502 4164 2667 4235 regil,
2693 4164 2844 4236 quod
2870 4162 3056 4236 pluris
3080 4169 3366 4236 estquam
3392 4166 3522 4223 aliis

129 4253 287 4308 nescit
316 4254 506 4328 frigus
537 4254 786 4323 timoris,
820 4261 1136 4312 tremorem
1166 4257 1393 4325 mortis,
1418 4258 1760 4314 contractio—
1866 4253 2177 4325 imperare,
2209 4270 2308 4308 cor
2336 4254 2463 4324 ejus
2496 4252 2553 4307 in
2590 4270 2764 4307 manu
2798 4253 2899 4308 Dei
2939 4257 3047 4319 est.
3081 4257 3139 4309 οι
3192 4271 3306 4326 quo
3365 4255 3520 4311 Deus

131 4353 243 4396 nem
283 4343 722 4412 sollicitudinis,
774 4344 1178 4402 dissolutionis
1235 4346 1443 4415 otium,
1509 4346 1758 4404 lasciviae
1864 4342 2012 4412 vult,
2043 4343 2322 4398 convertit
2354 4341 2517 4397 illud.
2578 4342 2702 4397 Non
2762 4342 2976 4397 mirum
3029 4344 3079 4398 si
3138 4344 3419 4399 convertit
3460 4345 3517 4399 in

129 4425 301 4502 ferias,
350 4438 644 4506 torporem
696 4432 1103 4490 lentitudinis:
1157 4436 1254 4491 sed
1312 4434 1439 4490 vitae
1505 4434 1758 4492 caelestis
1865 4432 2110 4498 bonum,
2144 4431 2242 4503 qui
2281 4432 2542 4503 perfectae
2573 4431 2849 4487 bonitatis
2881 4436 2990 4487 cst.
3027 4434 3087 4487 In
3145 4450 3320 4487 manu
3384 4450 3520 4506 ergo

130 4518 349 4588 requirit
373 4522 697 4595 impigrum
728 4522 1030 4592 viatorem,
1064 4523 1226 4596 regni
1259 4523 1577 4595 superioris
1594 4542 1750 4581 com-
1866 4520 1967 4576 Dei
1995 4521 2203 4587 simus,
2233 4525 2293 4574 ut
2322 4520 2541 4575 bonum
2567 4537 2921 4591 quaeramus,
2947 4522 3099 4578 432
3126 4521 3267 4576 illud
3294 4522 3514 4578 bonum

126 4606 407 4672 petitorem
436 4615 769 4680 strenuum,
803 4611 1039 4668 divitem
1062 4612 1510 4685 agricolam,qui
1538 4615 1766 4672 fructus
1794 4618 1842 4684 Ι)
1871 4608 2315 4682 incorruptibilc
2346 4615 2519 4681 atque
2564 4609 3060 4680 incommutabile,
3093 4611 3163 4665 de
3215 4628 3329 4683 quo
3380 4610 3522 4666 dicit

126 4707 243 4751 suos
272 4704 462 4772 cogat,
496 4705 553 4759 et
583 4701 841 4774 cogendo
881 4701 1137 4773 diripiat.
1870 4704 2051 4755 Amos
2083 4699 2399 4771 propheta:
2434 4723 2460 4749 ‹‹
2496 4698 2792 4770 Exquirite
2818 4700 3045 4756 bonum
3078 4706 3134 4756 et
3175 4718 3288 4756 non
3349 4700 3516 4757 mali-

180 4784 261 4841 33.
294 4789 443 4853 Quid
479 4790 636 4844 enim
671 4789 827 4846 aliud
863 4807 893 4846 a
926 4793 1002 4857 te,
1034 4807 1067 4846 o
1097 4790 1293 4859 homo,
1320 4791 1616 4863 quaeritur,
1645 4793 1758 4849 nisi
1867 4805 2074 4861 gnum,
2108 4793 2171 4844 ut
2221 4789 2426 4844 vivatis
2459 4805 2473 4844 :
2507 4793 2564 4844 et
2616 4788 2699 4844 sic
2729 4790 2840 4844 erit
2885 4790 3186 4846 vobiscum
3235 4790 3520 4845 Dominus

125 4875 177 4925 ut
193 4874 396 4934 timeas
427 4878 767 4948 Dominum,
792 4878 1057 4951 requiras
1086 4896 1243 4949 eum,
1268 4885 1401 4952 post
1416 4879 1611 4952 ipsum
1633 4899 1755 4937 am-
1866 4878 2020 4933 Deus
2052 4878 2420 4950 omnipotens
2447 4878 2627 4950 (Amos
2655 4897 2709 4947 v,
2742 4879 2848 4950 14),
2888 4903 2913 4927 υ
2942 4878 3239 4941 Quomodo
3265 4878 3514 4932 dixistis:

123 4954 291 5029 bules,
325 4966 793 5037 comprehendas
826 4966 951 5021 vias
1009 4967 1136 5038 eius
1190 4968 1363 5039 (Deut.
1414 4986 1469 5035 χ,
1518 4970 1655 5042 12)?
1693 4971 1754 5025 In
1866 4966 2010 5022 Odio
2042 4966 2357 5021 habuimus
2392 4966 2564 5035 mala,
2597 4970 2653 5021 et
2675 4966 2986 5021 dileximus
3017 4966 3217 5021 bona?
3247 4965 3352 5020 Ubi
3380 4983 3515 5037 ergo

124 5060 241 5115 quo,
276 5050 490 5124 inquit,
521 5054 1015 5127 comprehendam
1033 5054 1347 5111 Dominum
1368 5056 1471 5112 ‘?Si
1493 5074 1756 5130 compre-
1865 5055 2054 5110 bonus
2084 5055 2259 5120 Deus,
2292 5055 2371 5109 ibi
2405 5055 2556 5109 bona
2587 5059 2742 5122 sunt,
2778 5072 2903 5127 qum
2935 5054 3283 5110 desideravit
3322 5054 3516 5110 videre

120 5130 355 5195 hendam
378 5158 516 5199 eum
547 5143 607 5198 in
636 5142 1044 5201 holocaustis?
1070 5143 1194 5200 Non
1226 5144 1286 5200 in
1316 5144 1515 5201 decem
1570 5145 1753 5201 milli-
1864 5143 2065 5211 David,
2099 5148 2156 5199 et
2183 5144 2447 5199 visurum
2475 5160 2537 5198 se
2567 5144 2831 5211 credidit,
2865 5142 3154 5213 sicutipse
3178 5142 3295 5197 ait:
3332 5168 3358 5192 ‹‹
3380 5145 3513 5199 Cre-

121 5220 218 5280 bus
266 5227 589 5302 haedorum,
641 5249 758 5289 non
799 5233 857 5288 in
888 5232 1153 5290 millibus
1208 5233 1478 5302 arietum,
1523 5251 1638 5291 non
1695 5236 1754 5292 in
1864 5234 1938 5289 do
1970 5233 2160 5289 videre
2199 5233 2351 5288 bona
2380 5232 2612 5287 Domini
2647 5232 2706 5286 in
2754 5236 2908 5286 terra
2964 5230 3276 5286 viventium
3340 5232 3511 5303 (Paul.

118 5310 392 5376 fructibus
422 5319 741 5394 impietatis
772 5322 1179 5380 reconciliatur
1202 5323 1507 5396 Dominus,
1540 5329 1599 5381 et
1628 5341 1757 5397 pec-
1864 5340 2014 5391 XXVI,
2051 5324 2159 5394 13).
2194 5321 2299 5378 Illa
2325 5322 2481 5377 enim
2511 5320 2666 5376 bona
2685 5328 2817 5376 sunt
2844 5337 2969 5392 quae
2997 5325 3231 5376 manent
3260 5339 3511 5394 semper.

182 5474 303 5557 (29)
331 5479 549 5538 Omnes
607 5484 770 5551 edit.,
824 5485 1403 5557 Appr0p_inquantibus
1456 5487 1750 5555 montibus,
1819 5538 1825 5547 ,
1862 5482 2097 5557 vulgata
2128 5498 2241 5537 non
2278 5481 2587 5557 invenitur.

117 5548 212 5602 etc.
242 5548 487 5629 "’anes
543 5572 714 5622 mss.,
754 5548 964 5613 saltem
1007 5548 1251 5629 'Gallic.,
1290 5548 1755 5629 -ᾼρρτορὶηᾳααιέ
1934 5548 2047 5629 (30)
2081 5553 2373 5629 Vat.gcod.
2422 5554 2685 5629 uelociter
2721 5552 3169 5626 deprehendetur,
3219 5556 3335 5611 nisi
3370 5554 3513 5611 hunc

117 5556 212 5602 etc.
265 5556 487 5608 Umnes
543 5572 714 5622 mss.,
754 5556 964 5613 saltem
1023 5556 1251 5624 Gallie.,
1316 5557 1356 5611 Α
1464 5559 1755 5629 opinquate
1934 5556 2026 5627 (30
2081 5557 2209 5609 Vat.
2245 5556 2373 5609 OOd-
2425 5570 2451 5609 υ

116 5622 428 5704 ζηθξιιϋῃιης,Δ
454 5628 586 5694 etc.,
645 5643 855 5701 nempe
911 5628 1265 5704 secundumg
1289 5573 1605 5704 qui
1661 5630 1754 5704 sic
1860 5556 2130 5685 muujum
2153 5626 2451 5701 relinquat.

117 5683 351 5766 habent,
385 5683 625 5771 ’ἐγγίσαῆ
707 5683 867 5781 ὄριῖην
1231 5683 1399 5770 Ωιιοά
1437 5683 1749 5763 [inv—Odit:
