3830 6206
116 366 212 429 617
1252 360 1478 422 LIBER
1528 360 1628 420 DE

1936 361 2248 424 SECULI.
3328 359 3448 422 618

101 516 203 557 rum
227 497 352 560 forte
381 493 548 550 dicas
582 491 720 564 quia
750 497 806 548 et
832 491 901 547 de
933 491 1228 548 Salvatore
1260 491 1532 565 legimus,
1560 493 1698 564 quia
1727 494 1778 560 Α
1810 509 1956 565 quos
1987 494 2198 550 creavit
2227 494 2380 552 filios
2418 498 2473 550 et
2523 494 2803 569 suscepit,
2854 495 2951 550 sed
3006 492 3190 551 multo
3236 491 3448 566 magis,

113 612 128 637 ι
154 588 278 643 sicut
299 583 492 656 fulgur
516 597 831 637 coruscans
861 582 930 636 de
963 581 1071 636 sub
1103 580 1313 636 coelo...
1364 581 1443 637 ita
1491 582 1601 636 erit
1629 584 1686 636 et
1797 584 1949 653 quod
1984 583 2042 638 in
2076 588 2271 641 ventre
2303 601 2408 640 suo
2437 584 2596 640 verbi
2624 584 3012 642 seminarium
3035 600 3150 638 non
3174 582 3449 646 habebat,

119 675 345 732 adventus
369 669 491 726 Filii
522 669 778 726 hominis
812 671 963 741 (Luc.
998 685 1133 737 xvu,
1155 671 1267 740 24).
1296 691 1323 719 ››
1345 671 1494 726 Bene
1517 674 1572 726 et
1593 669 1687 725 hic
1798 671 1933 726 Ideo
1973 677 2231 729 ventrem
2281 689 2452 728 suum
2503 673 2662 742 dicit,
2713 672 2879 744 quasi
2927 671 3444 744 pretiosissimum.

116 763 232 820 sicut
254 760 449 834 fulgur,
483 759 617 832 quia
647 775 826 831 supra
854 758 1070 832 fulgur.
1105 758 1366 831 Denique
1392 756 1589 832 fulgur
1616 760 1688 814 de
1798 759 2092 816 Pretiosus
2122 762 2277 817 enim
2311 762 2524 817 mentis
2552 767 2752 818 uterus
2783 766 2890 829 est,
2944 761 3003 815 in
3035 777 3149 832 quo
3202 757 3455 815 fecunda

115 851 196 907 sub
221 849 345 906 coelo
369 866 381 904 :
406 848 597 904 lumen
632 852 823 904 autem
856 864 1056 903 verum
1091 863 1269 919 supra
1288 847 1518 902 coelum.
1545 848 1689 920 Ergo
1799 864 1965 920 seges
1993 849 2369 905 consiliorum
2389 851 2545 906 verbi
2570 851 2791 907 semine
2809 849 3100 923 pullulare
3125 846 3450 916 consuevit,

110 944 302 995 Satanas
329 937 473 994 sicut
503 936 719 1008 fulgur,
754 937 893 1007 quia
925 935 1121 992 amisit
1142 935 1250 991 hoc
1273 936 1424 1006 quod
1449 935 1686 991 habuit:
1801 941 1856 992 et
1883 937 2010 992 vita:
2042 939 2223 994 totius
2253 938 2440 994 solent
2470 943 2641 1012 atque
2670 940 2956 995 virtutum
2994 955 3059 995 ac
3109 935 3448 1009 disciplina-

111 1035 156 1083 tu
180 1031 346 1084 autem
375 1025 634 1098 recepisti
666 1027 819 1097 quod
852 1025 1152 1081 amiseras.
1800 1043 1928 1081 rum
1966 1027 2229 1099 quaedam
2261 1029 2526 1083 membra
2556 1029 2814 1083 formari.

157 1117 231 1171 ‘41.
257 1115 368 1171 Non
399 1115 550 1170 enim
577 1114 657 1169 ita
685 1114 840 1169 circa
868 1113 1032 1168 illum
1067 1114 1216 1170 sicut
1247 1114 1398 1169 circa
1419 1117 1475 1168 te
1497 1111 1692 1168 soluta
1872 1116 1958 1170 43.
2020 1115 2129 1171 Sed
2189 1120 2253 1170 ut
2309 1120 2671 1171 revertamur
2717 1117 2788 1171 ad
2849 1115 3240 1188 propositum,
3293 1113 3450 1185 quod

109 1208 174 1260 est
198 1202 472 1260 sententia.
505 1202 649 1257 Nam
682 1201 895 1257 Christi
926 1201 1113 1274 gratia
1157 1219 1285 1274 quae
1332 1206 1389 1256 te
1433 1200 1687 1264 resolvit,
1801 1203 2087 1259 malitiam
2121 1203 2274 1260 Deus
2324 1204 2755 1276 reprimendam
2805 1203 3040 1260 interim
3087 1203 3218 1275 (33),
3271 1217 3450 1274 quam

105 1291 234 1347 illum
263 1291 535 1346 astrinxit.
566 1290 757 1346 Manet
788 1290 943 1346 enim
977 1290 1309 1346 maledictio
1363 1289 1582 1346 directa
1628 1289 1688 1344 in
1802 1290 2145 1346 abolendam
2177 1293 2482 1364 putaverit,
2514 1293 2594 1348 ait
2624 1293 2696 1348 ad
2737 1297 3064 1364 serpentem
3092 1308 3104 1346 :
3161 1313 3189 1342 «
3220 1290 3291 1346 Et
3336 1289 3447 1344 ini-

106 1384 375 1452 serpcntem
407 1383 641 1452 propter
667 1384 832 1434 tuam
865 1379 1284 1456 deceptionem.
1317 1379 1411 1434 Sic
1431 1377 1586 1433 enim
1611 1377 1690 1432 di-
1803 1380 2051 1436 micitias
2081 1397 2295 1452 ponam
2327 1381 2480 1436 inter
2511 1385 2566 1436 te
2597 1385 2653 1436 et
2680 1381 2833 1438 inter
2873 1379 3200 1447 mulierem,
3251 1383 3309 1434 et
3356 1394 3446 1434 se-

103 1475 225 1524 ctum
253 1471 331 1524 est
357 1469 422 1524 ad
455 1484 588 1523 eum
615 1485 626 1522 :
654 1491 681 1517 «
706 1466 1047 1524 Maledictus
1063 1472 1126 1523 tu
1147 1468 1218 1522 ab
1236 1467 1511 1522 omnibus
1535 1467 1688 1522 484
1802 1485 1934 1524 men
1965 1473 2134 1524 tuum
2166 1473 2222 1524 et
2252 1485 2452 1525 semen
2482 1469 2768 1525 mulieris.
2800 1470 2930 1540 Ipsa
2959 1468 3064 1522 tibi
3118 1466 3448 1523 observabit

100 1555 356 1628 pecoribus
384 1560 549 1611 terra;
580 1556 732 1624 (Gen.
767 1573 850 1622 III,
886 1557 993 1627 14).
1021 1579 1046 1604 ››
1069 1555 1345 1611 Omnium
1364 1556 1519 1610 enim
1539 1571 1691 1610 com-
1801 1561 1995 1629 caput,
2027 1563 2084 1613 et
2106 1561 2165 1612 tu
2198 1556 2358 1612 illius
2392 1557 2727 1614 calcaneum
2770 1557 2923 1630 (Gen.
2975 1574 3057 1624 ιιι,
3109 1555 3217 1627 15).
3253 1576 3280 1603 ››
3335 1552 3445 1610 Ubi

99 1645 256 1700 munis
281 1644 544 1699 inimicus
576 1648 683 1710 est,
713 1644 813 1716 qui
838 1644 948 1699 fuit
968 1643 1154 1700 hostis
1176 1645 1484 1709 bonorum,
1508 1648 1565 1698 et
1585 1660 1690 1716 pro
1801 1645 2120 1700 inimicitiae
2151 1649 2310 1712 sunt,
2344 1646 2420 1700 ibi
2454 1646 2747 1701 discordia
2772 1650 2861 1701 est
2906 1644 3271 1716 nocendique
3322 1646 3445 1698 stu-

98 1733 151 1787 iis
176 1733 458 1787 damnatur
491 1750 638 1804 quos
672 1733 863 1788 adhuc
886 1748 999 1788 non
1022 1732 1269 1800 laeserat,
1293 1733 1570 1804 quoniam
1590 1731 1689 1804 qui
1800 1735 1961 1789 dium
1992 1753 2003 1789 :
2041 1734 2138 1789 ubi
2171 1735 2412 1790 nocendi
2448 1734 2731 1801 studium,
2780 1733 2860 1788 ibi
2908 1731 3135 1788 malitia
3189 1729 3444 1804 ponitur.

98 1821 340 1876 hominem
371 1821 537 1887 laesit,
569 1821 660 1876 cui
694 1821 797 1876 illa
830 1821 1026 1877 omnia
1059 1821 1323 1892 subjecta
1353 1826 1509 1888 sunt,
1543 1819 1692 1875 laesit
1720 1862 1767 1926 Β
1801 1823 1948 1896 Ergo
1979 1823 2270 1878 discordia
2299 1823 2451 1879 inter
2487 1828 2816 1896 serpentem
2865 1827 2922 1878 et
2971 1821 3278 1878 mulierem
3329 1820 3447 1876 dis-

96 1911 264 1964 omnia.
290 1910 666 1965 Communem
686 1909 902 1966 etenim
925 1909 1111 1984 legem
1137 1909 1328 1977 solvit,
1353 1926 1469 1981 qua
1490 1909 1684 1982 etipse
1720 1909 1767 1926 ”
1801 1912 2007 1967 cordia:
2039 1911 2263 1967 malitia
2295 1913 2515 1968 subest.
2549 1913 2674 1968 Non
2707 1915 2797 1968 est
2845 1928 2981 1984 ergo
3034 1909 3267 1967 sublata
3316 1925 3440 1966 ma-

95 1997 270 2053 homini
297 2014 424 2055 cum
455 1998 680 2054 casteris
725 1998 998 2054 subditus
1047 2003 1154 2055 est.
1207 1999 1336 2053 Ideo
1387 1998 1684 2053 communi
1798 2000 1942 2055 litia.
1971 1999 2232 2072 Denique
2264 2005 2558 2056 servatum
2592 2004 2681 2057 est
2710 2001 2985 2073 serpenti,
3021 2003 3086 2054 ut
3109 1997 3441 2054 calcaneum

93 2085 191 2141 odio
225 2087 472 2142 omnium
523 2090 696 2158 atque
742 2087 1134 2142 exsecratione
1182 2086 1509 2142 maledictio
1558 2088 1682 2157 ejus
1797 2089 2059 2146 mulieris
2091 2092 2147 2146 et
2177 2090 2420 2145 seminis
2464 2091 2590 2161 ejus
2639 2090 2921 2157 observet,
2974 2105 3088 2161 quo
3136 2091 3340 2143 noceat
3386 2089 3444 2142 et

91 2179 329 2231 oneratur.
362 2175 561 2232 Genus
593 2180 785 2231 autem
811 2175 1204 2230 damnationis
1237 2191 1352 2230 non
1376 2191 1557 2241 mors,
1581 2176 1680 2230 sed
1791 2193 2080 2233 venenum
2113 2195 2287 2234 suum
2321 2177 2610 2234 infundat.
2643 2178 2767 2234 Non
2801 2193 2936 2251 ergo
2970 2175 3342 2232 ambulemus
3372 2173 3433 2230 in

89 2278 219 2332 poena
270 2264 546 2320 diuturna
603 2268 725 2319 est:
790 2264 1038 2335 «Super
1093 2268 1317 2336 pectus,
1381 2287 1407 2310 ››
1467 2263 1680 2334 inquit,
1789 2267 2056 2334 terrenis,
2117 2271 2173 2321 et
2229 2284 2468 2338 serpens
2525 2267 2694 2323 nobis
2757 2282 2957 2322 nocere
3015 2282 3131 2320 non
3195 2263 3433 2338 poterit.

90 2355 272 2407 «tuum
301 2357 354 2408 et
379 2357 645 2409 ventrem
687 2352 1015 2408 ambulabis
1064 2352 1248 2424 (Ibid.)
1280 2374 1306 2401 »
1357 2352 1680 2407 Premenda
1787 2356 2101 2412 Sumamus
2144 2355 2544 2429 evangelicum
2594 2355 3052 2411 calceamentum
3102 2370 3217 2425 quo
3262 2368 3434 2407 vene-

86 2441 202 2496 enim
230 2442 330 2496 fuit
359 2444 535 2499 noxia
565 2440 942 2507 conscientia,
975 2446 1030 2496 et
1059 2441 1405 2513 proterenda
1438 2439 1677 2506 malitia,
1787 2461 1928 2499 num
1958 2444 2246 2516 serpentis
2275 2444 2620 2511 excluditur,
2650 2461 2880 2501 morsus
2924 2444 3052 2514 ejus
3101 2441 3428 2509 hebetatur,

86 2529 594 2602 fraudulentumque
649 2535 935 2586 secretum
983 2534 1264 2602 tanquam
1314 2547 1346 2584 a
1389 2528 1488 2584 Dei
1533 2529 1678 2585 facie
1787 2539 1850 2588 ut
1882 2534 2068 2588 simus
2098 2532 2331 2588 calceati
2368 2534 2542 2604 pedes
2575 2532 2630 2586 in
2666 2531 3060 2604 Evangelium.
3095 2529 3430 2585 Etfortasse

83 2616 407 2691 relegandum
432 2636 444 2675 :
473 2619 655 2677 simul
681 2619 1009 2675 ostenditur
1029 2620 1182 2690 quod
1206 2623 1434 2674 terrena
1455 2617 1679 2673 malitia
1785 2622 1915 2677 ideo
1947 2621 2174 2694 Moyses
2216 2623 2366 2678 435
2405 2623 2650 2692 jubetur
2697 2621 2916 2677 solvere
2968 2619 3429 2677 calceamentum

80 2706 150 2772 sit,
177 2724 288 2779 qua:
317 2708 374 2763 in
404 2713 629 2766 terram
661 2711 941 2764 recurvet.
977 2705 1237 2780 Denique
1263 2706 1518 2763 addidit:
1566 2727 1591 2759 ιι
1613 2710 1679 2761 Et
1787 2711 2000 2783 pedum
2035 2727 2296 2779 suorum,
2333 2714 2394 2765 ut
2429 2713 2688 2765 sumeret
2735 2708 3194 2765 calceamentum
3242 2707 3432 2762 Evan-

81 2799 249 2850 terram
279 2797 408 2854 edes
440 2812 653 2854 omnes
683 2795 808 2852 dies
836 2797 963 2851 vitaz
991 2801 1101 2851 tuae
1133 2795 1337 2868 (Ibid.).
1374 2819 1400 2844 »
1787 2798 1922 2871 gelii
1949 2818 1959 2866 ;
1994 2798 2079 2854 vel
2114 2799 2252 2870 quia
2284 2794 2396 2854 non
2431 2799 2633 2872 Moysi,
2666 2798 2724 2853 id
2779 2801 2889 2865 est,
2944 2815 3057 2853 non
3106 2794 3429 2870 prophetis,

126 2884 196 2938 42.
226 2885 474 2942 Describi
506 2885 746 2957 quidem
779 2884 872 2940 his
891 2890 1099 2940 natura
1121 2886 1408 2958 serpentis
1428 2884 1674 2952 videtur,
1788 2888 1887 2944 sed
1919 2886 2198 2959 apostolis
2242 2888 2575 2960 przndicatio
2621 2886 2918 2959 Evangelii
2965 2885 3304 2942 debebatur.
3355 2883 3436 2939 Ea

75 2972 148 3025 sed
174 2975 347 3046 magis
378 2991 557 3031 omne
578 2991 680 3029 vas
703 2972 937 3029 malitize
961 2973 1333 3040 describitur,
1357 2973 1547 3029 omnis
1566 2990 1680 3028 sen-
1787 2981 1874 3033 est
1906 2993 2081 3048 quam
2115 2993 2294 3048 supra
2323 2977 2598 3040 diximus,
2632 2976 2787 3030 dicta
2815 2976 2874 3030 in
2923 2977 3248 3046 serpentem
3300 2989 3434 3029 sen-

75 3075 184 3129 pens
210 3063 620 3135 improbitatis,
655 3063 754 3135 qui
785 3064 843 3116 in
869 3067 1127 3117 ventrem
1161 3078 1222 3118 se
1253 3061 1470 3133 dojicit,
1505 3067 1678 3134 atque
1785 3066 1987 3121 tentia.
2023 3066 2084 3120 In
2117 3064 2413 3121 hominem
2452 3081 2683 3137 quoque
2713 3063 3045 3136 cujusmodi
3074 3062 3295 3118 directa
3335 3061 3431 3130 sit,

76 3147 192 3204 intra
214 3167 268 3206 se
298 3168 590 3209 venenum
622 3167 795 3207 suum
827 3149 1065 3219 claudit,
1101 3155 1157 3205 et
1183 3150 1343 3206 intus
1365 3149 1422 3205 in
1448 3157 1674 3222 pectore
1787 3154 2241 3210 consideremus.

74 3253 150 3293 suo
174 3239 357 3311 volvit,
391 3239 847 3315 cogitationibus
887 3240 1012 3295 suis
1058 3238 1341 3307 lubricus,
1393 3243 1450 3295 et
1499 3255 1675 3311 super
1703 3223 1745 3289 C
1855 3243 1943 3297 44.
1987 3241 2328 3297 Maledictus
2375 3240 2473 3296 ille
2515 3243 2615 3313 qui
2670 3245 2871 3296 auctor
2917 3244 3007 3295 est
3054 3237 3275 3309 culpae:
3327 3236 3430 3291 sed

75 3324 261 3385 fraudes
289 3346 427 3386 suas
449 3327 787 3396 ambulans,
814 3329 936 3384 suis
958 3328 1107 3384 dolis
1124 3327 1672 3401 seipseimplicans,
1786 3347 1901 3386 non
1933 3330 2276 3385 maledictus
2310 3335 2399 3385 est
2429 3331 2537 3385 iste
2568 3329 2668 3401 qui
2700 3328 2890 3385 aliena
2919 3327 3123 3383 fraude
3152 3327 3430 3398 deceptus

73 3429 266 3474 movens
296 3435 531 3492 semper
559 3422 733 3489 atque
762 3417 1061 3490 exagitans
1105 3434 1212 3472 sua
1265 3433 1488 3472 venena
1541 3432 1675 3471 cum
1786 3424 1911 3486 est;
1969 3423 2164 3474 tamen
2218 3419 2356 3491 quia
2410 3436 2522 3474 non
2583 3418 2833 3474 servavit
2898 3416 3238 3472 mandatum
3301 3413 3431 3481 Dei,

74 3504 263 3575 cogitat,
295 3511 562 3564 ventrem
596 3521 846 3578 quoque,
881 3505 990 3561 hoc
1011 3509 1118 3573 est,
1146 3505 1524 3560 seminarium
1552 3522 1677 3560 cor-
1787 3524 2030 3581 Operum
2089 3524 2333 3562 suorum
2390 3505 2586 3563 labore
2662 3507 2994 3561 damnatur.
3065 3502 3434 3559 Maledicitur

73 3589 140 3646 dis
163 3594 242 3650 sui
271 3600 601 3667 proterens.
635 3595 798 3650 Unde
826 3593 1068 3666 pulchre
1098 3595 1276 3650 David
1309 3596 1426 3651 ait:
1461 3619 1486 3646 «
1521 3595 1676 3650 Alie—
1788 3614 1928 3653 sane
1953 3601 2107 3652 terra
2135 3597 2283 3668 (Gen.
2319 3611 2402 3665 ιιι,
2439 3597 2549 3664 17),
2582 3596 2681 3651 sed
2731 3594 2790 3650 in
2842 3595 3117 3667 operibus
3170 3594 3432 3664 peccato-

73 3683 163 3734 nati
190 3689 317 3740 sunt
344 3689 686 3758 peccatores
717 3684 788 3739 ab
816 3688 999 3750 utero,
1034 3689 1373 3739 erraverunt
1403 3702 1436 3740 a
1459 3690 1675 3754 ventre,
1789 3687 1904 3754 ris;
1939 3690 1994 3742 et
2044 3684 2430 3752 maledicitur,
2482 3685 2664 3740 donec
2720 3683 3044 3739 resolvatur
3082 3682 3142 3737 in
3194 3685 3432 3736 terram.

73 3765 210 3826 locuti
237 3783 368 3830 sunt
395 3775 572 3831 falsa.
605 3773 791 3829 Furor
819 3771 934 3828 illis
967 3773 1287 3829 secundum
1340 3775 1678 3829 similitudi-
1787 3776 1920 3832 Ideo
1951 3791 2086 3847 ergo
2118 3773 2375 3846 suscepit
2413 3773 2586 3829 Jesus
2636 3789 2893 3841 carnem,
2946 3777 3011 3826 ut
3057 3769 3435 3826 maledictum

72 3872 170 3913 nem
198 3864 508 3934 serpentis,
544 3862 696 3918 sicut
727 3861 948 3933 aspidis
979 3862 1171 3916 surdas
1222 3865 1278 3917 et
1323 3863 1678 3920 obstruentis
1789 3863 1981 3920 carnis
2013 3862 2346 3934 peccatricis
2380 3861 2670 3928 aboleret;
2705 3867 2763 3918 et
2790 3862 2978 3918 factus
3008 3865 3098 3916 est
3127 3875 3229 3932 pro
3267 3856 3436 3913 nobis

69 3959 202 4003 aures
229 3967 378 4020 suas,
415 3969 557 4025 quae
581 3967 696 4006 non
725 3950 992 4006 exaudiet
1011 3966 1206 4004 vocem
1226 3949 1678 4021 incantantium,
1790 3951 2188 4018 maledictum,
2227 3956 2291 4006 ut
2319 3951 2644 4006 benedictio
2693 3951 3027 4006 absorberet
3075 3945 3434 4002 maledictio-

67 4039 107 4085 et
129 4040 366 4105 venefici,
401 4056 552 4096 cum
586 4039 918 4094 incantatur
947 4055 981 4093 a
1009 4039 1269 4111 sapiente
1326 4039 1494 4108 (Psal.
1549 4059 1677 4110 LVII,
1790 4058 1944 4107 nem,
1979 4039 2283 4110 integritas
2314 4044 2640 4111 peccatum,
2674 4037 3040 4110 indulgentia
3059 4034 3432 4102 sententiam,

69 4121 172 4193 4-8).
205 4150 228 4174 ››
255 4128 506 4201 Propter
536 4128 644 4184 hoc
671 4127 844 4182 etiam
875 4125 1020 4181 illud
1056 4127 1296 4200 pulchre
1327 4129 1548 4183 dictum
1598 4131 1680 4184 vi-
1789 4131 1906 4185 vita
1936 4131 2204 4184 mortem.
2240 4127 2514 4199 Suscepit
2541 4126 2697 4181 enim
2729 4130 2784 4182 et
2816 4129 3084 4191 mortem,
3120 4127 3183 4177 ut
3225 4120 3434 4193 imple-

69 4211 220 4281 detur,
251 4220 403 4289 quod
436 4219 509 4273 in
542 4215 690 4272 libro
722 4215 1062 4288 prophetico
1108 4215 1397 4289 legimus:
1453 4241 1480 4267 «
1531 4218 1680 4274 Ven-
1791 4221 1950 4273 retur
2000 4214 2309 4282 sententia,
2361 4215 2672 4270 satisﬁeret
2715 4213 3011 4283 iudicato:
3063 4209 3435 4266 Maledictum

72 4303 189 4356 item
220 4323 407 4362 meum
445 4306 641 4373 doleo,
677 4310 933 4362 ventrem
958 4320 1152 4360 meum
1179 4304 1343 4362 doleo
1366 4308 1680 4377 (Jerem.1v.
1793 4305 1984 4362 carnis
2039 4304 2147 4376 (34)
2207 4304 2546 4375 peccatricis
2596 4319 2783 4373 usque
2835 4301 2905 4356 ad
2956 4304 3225 4354 mortem.
3279 4295 3437 4353 Nihil

73 4389 154 4457 l9},
185 4417 210 4441 ν
239 4395 375 4467 quia
403 4396 487 4452 ibi
529 4399 618 4450 est
647 4393 890 4462 malitia,
925 4394 1024 4450 ubi
1055 4394 1227 4450 debet
1257 4411 1384 4451 esse
1412 4395 1685 4452 innocen-
1793 4411 1928 4467 ergo
1959 4389 2175 4448 factum
2217 4397 2306 4448 est
2354 4395 2555 4446 contra
2605 4389 2957 4446 sententiam
3003 4387 3125 4452 Dei,
3177 4403 3310 4443 cum
3363 4386 3442 4442 sit

70 4477 154 4533 tia:
184 4487 234 4537 et
262 4482 405 4540 illud
439 4483 580 4557 plus
613 4483 856 4552 laborat,
891 4483 1043 4554 quod
1077 4483 1135 4538 in
1166 4483 1336 4539 nobis
1365 4485 1534 4540 debet
1557 4502 1685 4541 esse
1794 4483 1998 4540 divinae
2057 4481 2312 4538 conditio
2377 4479 2622 4552 impleta
2676 4477 2996 4534 sententiae.
3067 4475 3440 4534 Maledictum

71 4570 452 4642 tranquillius:
491 4575 672 4644 atque
700 4572 758 4627 id
791 4571 1061 4642 nequitiae
1091 4572 1351 4645 vestigiis
1385 4574 1684 4645 proculca-
1716 4591 1762 4655 D
1794 4573 1949 4628 enim
1982 4587 2169 4642 usque
2199 4571 2270 4624 ad
2301 4573 2572 4639 mortem,
2606 4572 2738 4640 post
2771 4571 3020 4622 mortem
3071 4568 3268 4621 autem
3315 4580 3444 4637 gra-

70 4659 160 4722 tur,
189 4661 532 4717 stimulatur
552 4660 871 4733 unguibus,
903 4677 1176 4732 processu
1201 4663 1454 4734 quodam
1477 4663 1688 4736 impro—
1796 4662 1895 4717 tia.
1930 4659 2140 4716 Mortui
2173 4675 2309 4732 ergo
2342 4657 2554 4714 saeculo
2582 4674 2810 4725 sumus,
2844 4656 2982 4729 quid
3029 4655 3220 4710 adhuc
3260 4671 3444 4710 saecu-

68 4741 235 4802 bitatis
265 4748 755 4821 incrementoque
786 4749 1135 4818 concutitur,
1166 4751 1265 4805 ubi
1306 4755 1394 4808 est
1438 4750 1689 4824 genitale
1797 4750 1853 4807 lo
1885 4748 2293 4806 decernimus?
2325 4747 2537 4803 mortui
2571 4763 2779 4802 sumus
2829 4762 2961 4802 cum
3006 4743 3258 4812 Christo,
3303 4741 3445 4814 quid

70 4835 425 4894 seminarium
461 4837 824 4911 posteritatis
873 4843 1120 4894 aeternas.
1168 4839 1412 4894 Videtur
1451 4840 1687 4912 quidem
1798 4839 1988 4896 adhuc
2015 4838 2143 4893 vitae
2173 4837 2354 4906 hujus
2385 4841 2555 4894 actus
2600 4833 3001 4907 requirimus?
3047 4833 3290 4888 Mortem
3333 4828 3446 4901 (35)

70 4916 157 4976 hoc
186 4925 251 4980 ad
283 4927 340 4982 id
375 4943 512 4984 esse
545 4926 932 4995 referendum,
986 4927 1139 4998 quod
1191 4926 1424 4983 dolebat
1470 4929 1691 5000 perisse
1800 4927 2013 4985 Christi
2045 4926 2107 4981 in
2166 4941 2402 4996 corpore
2461 4929 2660 4980 nostro
2719 4919 3210 4988 circumferimus,
3270 4921 3336 4974 ut
3391 4919 3450 4972 et

126 5100 228 5176 (33)
295 5103 522 5161 Omnes
587 5105 748 5170 edit.,
815 5105 1164 5177 interimque.
1234 5107 1561 5178 Perperam,
1630 5110 1695 5178 ut
1803 5107 1960 5178 hunc
1988 5120 2117 5178 esse
2149 5119 2426 5158 sensum:
2462 5105 2526 5178 ut
2556 5099 2863 5178 satisfieret
2881 5099 3146 5178 judicato
3191 5095 3309 5178 sive
3350 5095 3448 5165 ju-

71 5165 297 5236 patct'ex
327 5181 454 5233 toto
509 5177 716 5251 capitis
733 5165 1255 5251 '_contextu':__ve_ra
1301 5165 1479 5251 igitur
1526 5165 1694 5251 lectio
1804 5175 2110 5251 dicioilli;
2144 5190 2372 5251 nempe,
2407 5171 2808 5251 maleqicturs.
2841 5165 2947 5225 εἶθ’
2972 5168 3077 5224 υδί
3102 5184 3217 5223 non
3239 5165 3449 5251 οΡὲθυῗ

71 5250 244 5319 nostra
273 5263 341 5319 ex
373 5264 525 5303 mss.
559 5239 668 5304 Sed
702 5247 796 5319 hic
829 5253 1005 5319 atque
1053 5247 1193 5304 alibi
1243 5239 1358 5304 non
1406 5266 1520 5305 uno
1568 5249 1694 5304 loco
1805 5267 1866 5305 re
1897 5239 2176 5319 alluditur
2216 5239 2301 5299 ad
2345 5239 2694 5319 sententiam
2720 5241 2894 5319 __Gen.
2929 5258 3012 5319 in,
3044 5255 3212 5319 versu
3273 5239 3338 5291 17
3394 5242 3453 5292 et

69 5313 421 5400 subintellige
446 5312 978 5400 magisvelfotius.
1012 5319 1090 5375 De
1109 5321 1456 5400 eujusmodi
1508 5319 1697 5400 ellipsi
1805 5337 1929 5391 seq.
1963 5318 2163 5400 latam,
2199 5332 2315 5400 qua
2346 5314 2520 5400 homo
2550 5312 2848 5400 laboribus
2872 5312 2958 5400 ad
2980 5315 3452 5400 mortem‘usque

68 5388 288 5464 consule
315 5379 408 5445 Fr.
446 5379 666 5464 Sanctii
721 5379 1061 5464 Minervam,
1109 5379 1219 5464 lib:
1261 5409 1336 5463 IV,
1387 5408 1520 5464 pag.
1572 5379 1696 5464 377.
1807 5379 2103 5464 perpetuis
2151 5379 2510 5452 'addicitur;
2583 5388 2648 5438 ut
2725 5382 3126 5438 antecedentia
3209 5379 3453 5454 planum

125 5456 224 5528 (34)
256 5460 486 5535 Omnes
519 5463 682 5535 edit,
713 5462 1002 5535 satisﬁeret
1022 5462 1274 5535 judicatoﬁ
1317 5456 1415 5534 se;
1453 5456 1699 5535 ἷγιιιιθίίί-
1809 5456 2062 5535 faciunt;
2342 5528 2351 5535 .
2444 5526 2478 5535 η
2765 5525 2776 5535 ε
2889 5526 2898 5535 _
3065 5527 3072 5535 _
3270 5522 3310 5535 η
3385 5530 3394 5535 _
3449 5523 3458 5534 _

64 5522 184 5605 dum
210 5522 427 5605 carnis,
468 5536 576 5588 etc.
630 5522 769 5587 Mss.
816 5522 1079 5605 aliquot",
1108 5522 1394 5603 satis/ierat
1431 5533 1699 5605 judicato,
1883 5533 1992 5604 (35)
2024 5528 2351 5605 Edit...‘_.qz_n°
2381 5526 2565 5605 adhuc
2614 5525 2808 5605 saeculo
2864 5526 3212 5605 deseruimus,
3263 5522 3456 5605 Μιξοιυὶ

65 5595 624 5674 ηιαζεάίεὶιιτηέανηὶςς
653 5595 943 5660 sustinens.
975 5595 1084 5658 Alii
1122 5595 1326 5674 majori
1375 5595 1618 5660 numero
1649 5595 1706 5659 et
1812 5595 1999 5660 διιίηιιζς
2029 5619 2156 5660 cum
2190 5595 2418 5674 Christo,
2446 5595 2858 5674 quir-adltuc.._.._
2909 5598 3262 5674 requirimus.
3311 5595 3456 5674 Mor:

66 5671 420 5747 antiquitate,
458 5679 526 5730 ut
551 5675 612 5732 in
642 5679 822 5732 textu.
855 5676 998 5750 Ejus
1029 5664 1235 5733 autem'
1266 5675 1377 5733 loci
1424 5680 1704 5753 putamus
1816 5679 1925 5736 tem
1951 5675 2099 5736 enim
2129 5677 2234 5731 etc.
2264 5664 2413 5731 Mss.
2440 5664 2672 5749 partim,
2727 5668 2858 5746 quid
2912 5664 3090 5729 adhuc
3145 5667 3209 5726 de
3265 5664 3459 5728 would

367 5804 645 5871 ΡΑτιιοι..
689 5801 851 5871 XIV.

3060 5797 3140 5879 20
