3830 6206
381 310 503 369 619

1839 315 1905 374 S.
1950 310 2327 375 AMBROSII

3606 310 3713 383 ’ϐἳῦ

380 442 502 498 vita
528 441 744 498 Christi
774 441 834 499 in
865 443 1036 499 nobis
1080 443 1504 500 manifestetur.
1556 444 1680 499 Non
1726 460 1862 517 ergo
1901 446 2029 516 jam
2057 444 2114 510 Α
2144 459 2489 500 maneamus
2518 445 2578 499 in
2624 443 2886 500 veritate.
2928 444 2988 500 Si
3033 458 3370 500 maneamus
3412 443 3469 502 in
3510 444 3711 513 Christo,

382 533 649 585 nostram
679 528 840 586 illam
869 529 1071 597 vitam,
1114 532 1213 587 sed
1263 531 1478 587 Christi
1524 532 1705 588 vitam
1755 532 2027 599 vivimus,

380 617 561 674 vitam
591 618 954 687 innocentiae,
996 619 1175 675 vitam
1225 619 1607 687 castimoniae,
1657 621 1837 676 vitam
1888 619 2030 675 sim-

384 704 663 778 plicitatis
692 707 1075 779 omniumque
1112 708 1421 765 virtutum.
1472 710 1617 766 Cum
1664 708 1897 766 Christo
1944 724 2031 764 re-

385 795 769 864 surreximus,
802 795 860 853 in
894 796 1023 869 ipso
1050 797 1340 865 vivamus,
1373 798 1432 853 in
1463 798 1591 870 ipso
1614 798 2033 863 ascendamus;

386 888 453 938 ut
479 899 720 956 serpens
750 883 1089 941 calcaneum
1121 889 1392 942 nostrum
1437 887 1593 959 quod
1640 886 1924 952 vulneret,
1975 885 2034 939 in

387 972 558 1029 terris
588 972 841 1045 reperire
871 991 987 1029 non
1020 975 1226 1046 possit.

1003 1078 1236 1135 CAPUT
1278 1082 1424 1137 VIII.

391 1166 660 1243 Quomodo
690 1167 817 1222 licet
843 1166 935 1243 hic
962 1170 1314 1243 retineamur
1330 1187 1569 1243 corpore,
1623 1180 1803 1227 tamen
1849 1172 2036 1225 animo

457 1237 671 1309 fulgere
705 1240 993 1310 possimus,
1041 1240 1201 1310 atque
1245 1242 1377 1296 adeo
1417 1237 1746 1298 debeamus:
1798 1258 1867 1296 ne
1910 1259 2033 1295 cum

453 1309 822 1384 praetereunte
848 1309 1031 1378 ﬁgura
1061 1309 1226 1383 hitjus
1256 1313 1452 1367 mundi
1478 1330 1642 1384 opera
1670 1318 1859 1368 nostra
1910 1328 2032 1367 nos-

459 1395 564 1455 que
591 1382 702 1451 ipsi
724 1384 1116 1452 praetereamus
1141 1398 1154 1436 :
1188 1383 1329 1454 quod
1358 1400 1425 1438 ne
1453 1382 1753 1455 contingat,
1775 1384 2037 1439 mandata

460 1454 703 1526 DeiAnon
726 1460 1139 1526 praetereamus,
1184 1457 1329 1526 sicut
1358 1471 1456 1510 nec
1501 1454 1674 1511 ullius
1725 1457 2038 1526 disciplina

451 1522 793 1598 profectum;
839 1522 1293 1594 quemadmodum
1344 1527 1532 1598 plures
1561 1544 1591 1582 e
1638 1529 1844 1582 sanctis
1865 1522 2037 1580 ’νεεδ-

458 1594 617 1648 ribus
642 1594 836 1662 fecisse
863 1602 1199 1666 compertum
1226 1601 1323 1651 est.

459 1682 547 1736 45.
581 1680 901 1753 Fugiamus
951 1680 1107 1737 hinc.
1166 1687 1337 1740 Potes
1394 1685 1590 1741 animo
1648 1685 1867 1757 fugere,
1926 1683 2037 1739 etsi

392 1769 662 1825 retineris
693 1786 952 1842 corpore.
986 1771 1154 1828 Potes
1184 1776 1241 1827 et
1270 1773 1364 1828 hic
1412 1790 1559 1843 esse,
1612 1778 1669 1829 et
1716 1774 1921 1829 adesse
1962 1772 2034 1827 ad

395 1857 739 1926 Dominum,
771 1858 820 1914 si
842 1857 926 1913 illi
973 1858 1264 1916 adhaereat
1284 1862 1620 1929 animatus,
1636 1862 1684 1919 si
1697 1866 1829 1934 post
1846 1861 2039 1934 ipsum

392 1945 843 2019 cogitationibus
893 1946 1014 2003 tuis
1055 1948 1344 2015 ambules,
1397 1950 1444 2005 si
1495 1951 1629 2020 ﬁde,
1679 1967 1795 2005 non
1851 1950 2042 2022 specie

389 2035 515 2091 vias
546 2035 676 2107 ejus
733 2035 1024 2107 sequaris,
1065 2036 1111 2092 si
1173 2038 1246 2092 ad
1304 2037 1500 2110 ipsum
1559 2038 1883 2110 confugias.
1944 2038 2043 2093 Est

389 2124 547 2180 enim
579 2123 874 2196 refugium
905 2127 965 2179 et
1010 2124 1218 2191 virtus,
1272 2127 1367 2180 cui
1418 2126 1560 2181 dicit
1605 2126 1824 2183 David:
1878 2150 1905 2175 ‹‹
1954 2127 2041 2181 Ad

391 2216 450 2269 te
474 2211 734 2283 confugi,
767 2216 826 2268 et
854 2228 971 2268 non
1003 2229 1138 2267 sum
1169 2213 1447 2286 deceptus
1478 2216 1650 2284 (Psal.
1684 2232 1871 2282 LXXVI,
1902 2216 1977 2285 3).
2009 2238 2036 2265 ››

392 2301 542 2374 Ergo
573 2300 711 2373 quia
747 2300 903 2357 Deus
953 2301 1270 2373 refugium,
1331 2302 1483 2360 Deus
1537 2308 1733 2360 autem
1790 2304 1849 2359 in
1898 2303 2040 2360 ccelo

394 2394 452 2446 et
480 2406 661 2462 supra
690 2388 903 2445 caelos:
948 2390 1152 2462 utique
1182 2392 1337 2447 486
1367 2392 1503 2447 hinc
1552 2391 1653 2448 illo
1699 2391 2040 2465 confugien-

394 2478 538 2535 dum
569 2482 678 2547 est,
712 2479 811 2534 ubi
858 2497 990 2551 pax,
1044 2480 1142 2535 ubi
1190 2480 1421 2552 requies
1469 2481 1541 2536 ab
1590 2481 1886 2553 Operibus,
1940 2480 2041 2536 ubi

394 2567 703 2642 epulemur
765 2568 1088 2623 Sabbatnm
1153 2585 1436 2641 magnum
1505 2571 1639 2640 (46),
1700 2569 1853 2625 sicut
1898 2569 2044 2624 dixit

393 2657 663 2730 Moyses:
718 2680 746 2707 ‹‹
804 2658 873 2712 Et
930 2660 1104 2712 erunt
1159 2659 1406 2712 sabbata
1462 2661 1627 2713 terrm
1682 2657 1847 2713 vobis
1899 2674 2042 2713 escae

393 2747 584 2819 (Leuit.
617 2762 744 2813 xxv,
775 2747 832 2816 5,
861 2745 935 2816 6).
974 2769 996 2794 ι
1046 2745 1449 2816 Epulatorium
1498 2746 1655 2802 enim
1700 2750 1757 2801 et
1802 2744 2042 2818 plenum

385 2833 781 2906 jucunditatis
811 2837 869 2889 et
910 2832 1354 2904 tranquillitatis
1407 2838 1516 2904 est,
1573 2835 1933 2907 requiescere
1982 2835 2041 2889 in

395 2920 647 2989 Christo,
679 2924 736 2976 et
783 2922 912 2992 ejus
969 2918 1413 2978 delectationem
1467 2921 1680 2978 videre.
1741 2923 1847 2987 Qui
1906 2938 2043 2995 ergo

395 3009 767 3082 confugimus
802 3010 874 3065 ad
926 3008 1131 3080 Deum,
1182 3011 1253 3065 ad
1304 3011 1589 3067 mundum
1640 3010 2046 3067 revertemur?

394 3096 501 3162 Qui
533 3102 769 3170 peccato
811 3097 1029 3154 mortui
1089 3115 1320 3165 sumus,
1381 3104 1619 3172 peccata
1667 3098 2045 3173 repetemus?

2140 549 2487 589 maneamus
2516 532 2577 587 in
2610 533 2869 603 veritate,
2901 537 2958 589 et
2988 550 3123 589 cum
3171 547 3236 588 eo
3281 533 3634 607 manebimus,
3670 545 3716 596 et

2141 637 2257 676 non
2288 620 2739 694 preteribimus,
2769 622 2871 677 sed
2903 620 3205 677 dicemus:
3241 643 3268 671 α
3296 622 3597 680 Benedictio
3624 626 3715 683 Do-

2143 710 2284 764 mini
2317 727 2496 782 super
2520 726 2643 778 vos,
2674 709 3081 765 benediximus
3108 709 3273 765 vobis
3301 709 3360 765 in
3388 712 3599 769 nomine
3632 718 3717 771 Do-

2143 797 2287 853 mini
2329 798 2497 869 (Psat.
2556 815 2787 865 cxxvm,
2843 799 2920 871 8).
2953 821 2981 849 »
3040 798 3151 862 Qui
3201 798 3355 853 enim
3407 805 3716 871 prastereunt,

2144 904 2257 942 non
2292 892 2543 960 possunt
2570 888 2782 953 dicere,
2816 886 2956 959 quia
2984 904 3101 943 non
3128 887 3394 943 dixerunt
3427 894 3720 960 praetereun-

2142 980 2231 1031 tes
2293 976 2497 1031 viam:
2553 1000 2580 1025 ‹‹
2649 976 2977 1032 Benedictio
3043 975 3275 1031 Domini
3331 993 3497 1049 super
3549 994 3651 1047 vos,
3698 1003 3721 1028 ιο

2144 1065 2641 1136 quemadmodum
2673 1063 2818 1119 dixit
2858 1064 3163 1136 Propheta.
3197 1063 3394 1136 Itaque
3428 1064 3475 1121 si
3500 1066 3721 1123 volumus

2145 1170 2257 1208 non
2318 1152 2610 1224 praeterire
2666 1170 2842 1225 opera
2910 1157 3131 1219 nostra,
3190 1168 3307 1208 non
3374 1158 3723 1225 pretereamus

2145 1242 2422 1297 mandata
2456 1242 2575 1307 Dei,
2617 1259 2732 1297 non
2792 1246 3206 1314 praetereamus
3258 1242 3571 1313 requirendi
3615 1240 3721 1298 Jesu

2144 1329 2375 1386 Domini
2407 1330 2797 1403 diligentiam,
2825 1330 3124 1386 emerendi
3164 1329 3294 1400 ejus
3339 1330 3586 1401 gratiam.
3629 1329 3723 1387 Non

2144 1418 2453 1490 preter-ivit
2480 1435 2613 1473 eum
2640 1417 2743 1474 illa
2771 1416 2985 1473 mulier
3012 1434 3140 1489 qua;
3181 1433 3367 1489 usque
3411 1417 3468 1472 in
3507 1417 3726 1473 ΡΙ]αήδεί

2145 1507 2384 1562 domum
2422 1506 2704 1577 ingressa,
2739 1508 2797 1562 in
2833 1524 2951 1579 qua
2978 1506 3249 1562 Christus
3287 1506 3645 1576 recumbebat,
3683 1506 3727 1561 in

2148 1595 2324 1665 pedes
2355 1597 2482 1665 ejus
2514 1595 2846 1665 superfudit
2877 1600 3268 1667 unguentum.

2217 1684 2305 1736 47.
2348 1683 2473 1738 Non
2530 1687 2943 1754 praetereamus
2990 1681 3314 1755 disciplina:
3361 1681 3592 1754 alicujus
3630 1698 3729 1755 pro-

2152 1772 2391 1837 fectum,
2441 1772 2593 1826 sicut
2647 1771 2823 1827 etiam
2879 1771 3097 1842 Joseph
3155 1770 3600 1827 adolescentulus
3644 1787 3727 1825 non

2150 1859 2494 1930 praeterivit:
2527 1859 2666 1931 quia
2696 1860 2906 1915 fratres
2935 1876 3074 1915 suos
3106 1859 3457 1931 requirebat,
3482 1861 3536 1915 et
3551 1858 3613 1913 ad
3629 1873 3730 1913 eum

2149 1948 2461 2003 festinabat
2492 1947 2704 2015 locum,
2740 1947 2797 2002 in
2829 1964 2945 2020 quo
2975 1948 3296 2020 pascebant
3331 1963 3497 2016 oves;
3542 1952 3592 2001 et
3632 1961 3731 2001 cum

2149 2034 2515 2108 cognovisset
2571 2037 2711 2107 quia
2740 2036 2798 2090 in
2857 2035 3128 2092 Dotbaim
3187 2040 3348 2105 sunt,
3405 2033 3628 2108 perrexit
3667 2048 3729 2089 eo.

2149 2123 2524 2199 Signiﬁcatur
2552 2129 2747 2179 autem
2780 2122 2881 2180 illo
2903 2124 3075 2180 verbo
3095 2123 3371 2180 Dotbaim
3392 2122 3626 2179 defectus
3642 2121 3732 2176 ido-

2150 2229 2316 2277 neus,
2358 2212 2418 2267 id
2467 2217 2577 2279 est,
2624 2229 2907 2268 vanarum
2956 2212 3305 2285 Opinionum
3353 2212 3608 2279 defectus,
3647 2225 3733 2265 non

2151 2300 2483 2366 mediocris,
2517 2301 2618 2355 sed
2651 2300 2941 2373 perfectus
2971 2305 3029 2357 et
3058 2299 3293 2373 plenus,
3339 2300 3399 2356 in
3448 2315 3551 2372 quo
3592 2297 3736 2371 proie-

2148 2394 2276 2444 ctus
2308 2393 2398 2445 est
2427 2389 2657 2444 animas.
2691 2389 2934 2461 Sapiens
2962 2389 3120 2444 enim
3152 2390 3390 2461 quando
3421 2386 3613 2465 minuit
3634 2384 3734 2457 (37),
3798 2396 3799 2403 ‘

2149 2476 2327 2532 addit.
2362 2477 2654 2533 Deﬁciunt
2700 2478 2857 2532 enim
2915 2476 3228 2533 saeculares
3286 2477 3593 2551 opiniones,
3642 2489 3736 2546 qua

2152 2563 2499 2619 mulieribus
2548 2564 2798 2620 infirmis
2854 2570 3292 2637 comparantur.
3350 2565 3506 2622 Unde
3548 2561 3734 2636 pulchre

2152 2670 2266 2724 quo
2297 2654 2704 2707 ostenderetur
2732 2657 2873 2708 Sara
2902 2652 2974 2707 ad
3016 2653 3349 2725 profectum
3394 2652 3601 2709 venisse
3640 2647 3736 2720 (38),

2152 2745 2216 2796 ut
2245 2747 2549 2813 generaret
2577 2741 2762 2796 risum
2794 2745 2849 2796 et
2880 2739 3142 2797 laetitiam
3171 2760 3184 2797 :
3226 2765 3255 2793 α
3295 2742 3637 2806 Defecerunt,
3674 2737 3737 2791 in-

2151 2829 2296 2901 quit,
2331 2830 2483 2885 Saraa
2510 2828 2632 2885 ﬁeri
2664 2828 2974 2885 muliebria
2998 2829 3152 2901 (Gen.
3200 2848 3365 2902 xvm,
3419 2829 3525 2902 44).
3557 2850 3582 2878 ιι
3623 2827 3739 2882 Bonl

2150 2934 2286 2989 ergo
2316 2917 2560 2973 defectio
2591 2918 3002 2990 cupiditatum,
3037 2918 3289 2975 defectio
3322 2917 3598 2984 vanitatis,
3640 2911 3740 2986 quia

2148 3006 2411 3062 veritatis
2443 3007 2689 3077 adjectio
2727 3011 2836 3062 est.
2873 3007 3034 3063 Unde
3064 3012 3122 3063 et
3150 3012 3399 3065 sanctus
3446 3004 3610 3064 David
3650 3001 3738 3059 ait:

2155 3116 2183 3145 «
2218 3095 2431 3151 Defecit
2460 3095 2519 3151 in
2550 3095 2807 3152 salutare
2836 3100 3005 3151 tuum
3039 3096 3241 3153 anima
3270 3114 3401 3153 mea
3418 3095 3575 3167 (Psal.
3595 3106 3740 3155 ωηο,

393 3185 979 3253 Quirenuntiavimus
995 3186 1209 3243 saeculo
1224 3188 1591 3259 etusuiejus,
1610 3189 1822 3244 iterum
1844 3189 1902 3243 in
1921 3188 2044 3244 luto
2072 3172 2116 3237 C
2152 3184 2265 3256 81).
2298 3206 2326 3234 ››
2359 3184 2627 3240 Peritum
2655 3183 2869 3240 etenim
2899 3190 3026 3241 erat
3052 3202 3183 3257 qua:
3215 3187 3741 3251 concesserant!qu

392 3275 523 3348 ejus
551 3275 945 3332 haerebimus?

464 3363 554 3420 46.
613 3363 932 3437 Fugiamus
985 3364 1144 3432 hinc,
1206 3364 1344 3436 quia
1397 3369 1631 3438 tempus
1696 3367 1866 3421 breve
1930 3370 2039 3421 est.

393 3452 546 3509 Audi
577 3453 870 3524 quomodo
903 3452 1126 3526 fugias:
1166 3474 1193 3503 α
1225 3454 1294 3508 Et
1324 3454 1421 3525 qui
1454 3453 1671 3510 habent
1701 3470 1929 3520 uxores,
1962 3454 2044 3511 ita

397 3540 519 3598 sint
548 3557 614 3597 ac
644 3541 692 3597 si
724 3558 838 3597 non
870 3540 1161 3609 habeant;
1195 3545 1254 3597 et
1282 3543 1380 3614 qui
1412 3543 1573 3613 flent,
1604 3547 1886 3615 tauquam
1926 3559 2042 3598 non

396 3630 643 3698 ﬂentes;
675 3632 732 3685 et
760 3628 861 3700 qui
890 3630 1482 3702 gaudent,'tanquam
1524 3647 1637 3685 non
1683 3631 2039 3703 gaudentes;

395 3721 455 3774 et
478 3718 580 3790 qui
620 3721 841 3785 emunt,
881 3722 1163 3789 tanquam
1215 3735 1329 3774 non
1376 3718 1783 3791 possidentes;
1835 3724 1894 3775 et
1942 3720 2041 3792 qui

394 3807 507 3863 hoc
536 3807 757 3862 mundo
788 3809 1052 3875 utuntur,
1082 3812 1367 3878 tanquam
1413 3823 1530 3862 non
1580 3811 1839 3862 utantur.
1891 3807 2042 3863 Prae-

396 3895 533 3952 terit
561 3894 718 3951 enim
748 3895 939 3967 figura
970 3894 1150 3966 hujus
1180 3894 1384 3949 mundi
1417 3896 1465 3965 (I
1493 3894 1612 3950 Cor.
1639 3912 1737 3964 vu,
1787 3896 1978 3967 29-3!)
2009 3918 2037 3947 ››

394 3985 521 4042 Non
566 4000 703 4058 ergo
760 4000 894 4039 cum
950 3987 1333 4055 praetereunte
1380 3984 1569 4056 ﬁgura
1616 3985 1817 4040 mundi
1867 4002 2043 4057 opera

395 4077 596 4132 nostra
620 4076 983 4147 praetereant,
1013 4088 1084 4128 ne
1113 4071 1287 4128 etiam
1320 4072 1431 4145 ipsi
1459 4076 1893 4145 praetereamus,
1938 4074 2038 4129 sed

392 4200 689 4265 cernimus,
720 4198 779 4254 id
810 4200 918 4261 est,
959 4197 1031 4252 de
1083 4197 1258 4253 rebus
1308 4195 1684 4253 saecularibus
1741 4199 2040 4253 contendi-

396 4285 566 4350 mus:
622 4268 1018 4350 partimuq‘uid
1072 4268 1253 4323 adhuc
1307 4269 1502 4323 sarculo
1558 4268 1921 4337 decernimus,
1981 4269 2039 4324 id

395 4344 504 4407 est,
538 4338 747 4395 seculo
778 4338 1122 4394 militamus.

405 4485 416 4493 _
467 4410 749 4492 (36)_Mss.
776 4409 1000 4493 :l‘he‘od‘.
1030 4409 1304 4493 et‘YaIc”
1344 4410 1443 4492 Ubii
1499 4410 1784 4493 epulemlur
1838 4410 2039 4493 Satiba-

398 4480 516 4536 tum
542 4481 677 4550 ejus,
707 4481 913 4535 scilicet
940 4480 1160 4546 Christi,
1192 4489 1243 4534 et
1272 4480 1846 4536 omnium’virtutum:
1901 4482 2042 4536 Sab-

399 4553 589 4633 Ifatum
617 4567 899 4622 magnum,
932 4556 1040 4606 etc.
1071 4551 1216 4606 Vide
1264 4550 1563 4606 Philonem
1621 4551 1723 4606 lib.
1783 4552 1848 4607 de
1904 4554 2038 4608 Pro-

522 4638 569 4677 8.

394 4625 583 4765 fug?)
614 4690 840 4765 Sapiens
870 4694 1017 4765 enim
1046 4692 1260 4763 quando
1314 4694 1537 4765 minuit,
1568 4692 1798 4765 supple
1822 4764 1825 4765 ν
1851 4696 1927 4755 se,
1982 4693 2040 4749 id

471 4709 583 4765 (si)
614 4709 840 4763 capiens
870 4709 1017 4746 enim
1046 4709 1260 4763 quanao
1314 4709 1537 4757 minuit,
1590 4709 1699 4818 squ
1748 4709 1798 4748 ie
1851 4710 1927 4755 se,
1982 4709 2040 4749 ια

397 4768 507 4831 est,
540 4763 775 4836 quando
806 4761 1110 4829 minuitur,
1144 4778 1212 4817 ex
1241 4763 1444 4817 eodem
1477 4762 1622 4817 Phil.
1679 4711 1756 4819 ig.
1799 4764 1862 4820 de
1906 4766 2040 4820 Pro-

394 4837 583 4908 fugis:
647 4841 683 4916 ὁ.
714 4905 726 4916 .
756 4841 831 4916 δέ.
863 4843 1006 4916 copo;
1075 4843 1158 4916 nat
1197 4840 1468 4916 ’,ἐκλείπων
1539 4844 1870 4916 upon-cmend
1916 4846 2042 4916 nata

395 4903 596 4976 Μῶσῆν,
629 4905 730 4962 ubi
760 4903 1041 4963 alluditur
1067 4905 1141 4960 ad
1191 4903 1334 4961 Gen.
1394 4923 1522 4973 xxv,
1581 4903 1636 4975 8,
1694 4918 1776 4963 καὶ
1804 4914 2041 4963 ἐκλείπων

398 4986 768 5051 ....προσιτέθη,
796 4983 905 5033 etc.
1097 5047 1107 5057 .
1338 5045 1349 5057 .
1487 5046 1500 5058 ⁸
1576 5048 1587 5058 0

451 5050 747 5124 _(38)Mss.
783 5065 899 5105 non
935 5064 1109 5124 pauet
1170 5061 1275 5102 nec
1336 5046 1623 5104 inferioris
1677 5053 1843 5117 noles,
1903 5048 2041 5105 Sara

394 5122 788 5194 ad'per/‘ectum
810 5122 1044 5194 _venisse,
1077 5124 1187 5174 etc.

463 5188 702 5266 (39)'Sic
731 5192 1010 5266 edit._vet.
1044 5208 1177 5245 cum
1209 5188 1356 5245 Call.
1401 5206 1540 5245 mss.
1569 5265 1572 5266 ν
1606 5188 1721 5266 nisi
1772 5190 1928 5266 quod
1979 5191 2037 5266 in

395 5262 749 5336 quibusdam
782 5262 1013 5336 legitur,
1048 5278 1205 5332 quem
1242 5265 1575 5336 concesserat
1612 5263 1687 5326 ei,
1729 5264 1780 5316 et
1823 5264 2039 5333 promi-

392 5334 557 5391 serat.
592 5336 758 5390 Rom.
792 5334 929 5390 edit.
957 5349 1090 5388 cum
1120 5349 1237 5388 uno
1268 5336 1391 5388 Vat.
1438 5334 1564 5387 cod.
1616 5348 1735 5404 qum
1782 5348 2038 5405 concepe-

397 5409 503 5469 rat,
526 5413 586 5458 ut
614 5406 959 5471 promiserat,
987 5408 1095 5459 etc.

470 5474 586 5546 (40)
614 5473 779 5531 Rom.
813 5474 950 5530 edit.
1008 5473 1153 5540 sola,
1203 5482 1343 5546 ante
1376 5477 1751 5546 exspectatum
1792 5479 2035 5545 partum,

398 5544 612 5619 ingenii
661 5547 936 5619 celeritate
999 5547 1191 5616 fetum.
1256 5543 1417 5619 Aliae,
1471 5543 1614 5619 ante
1675 5543 2041 5619 exspectatum

398 5614 707 5697 ingenium,
763 5614 1035 5677 celeritate
1087 5620 1283 5692 partus
1334 5616 1449 5693 feta
1503 5615 1645 5677 Mss.
1699 5614 1857 5691 vero,
1915 5626 2040 5680 ante

2072 3298 2081 3307 -
2154 3277 2211 3329 et
2240 3272 2589 3345 promiserat
2618 3272 2773 3328 Deus
2804 3274 2916 3344 (39)
2946 3292 2958 3341 ;
2993 3275 3263 3346 paritura
3292 3274 3561 3339 laetitiam,
3595 3274 3645 3325 et
3675 3281 3744 3322 so-

2153 3359 2339 3416 briam
2372 3360 2529 3416 illam
2556 3361 2950 3432 jucunditatis
2982 3362 3329 3418 ebrietatem
3354 3380 3368 3430 ;
3393 3358 3741 3434 parituraante
3798 3360 3799 3427 ᾗ

2152 3453 2569 3521 exspectatum,
2601 3448 2819 3522 ingenii
2850 3448 3142 3505 celeritate
3169 3452 3329 3507 4³⁸1
3364 3453 3556 3521 partus
3576 3440 3742 3516 (40,fa-
3798 3442 3799 3445 “

2153 3542 2244 3593 cta
2271 3536 2587 3609 sapientiae.
2621 3537 2884 3608 Denique
2914 3540 2972 3593 et
3000 3537 3072 3592 de
3101 3537 3239 3594 aliis
3272 3536 3525 3594 Hebraeis
3544 3526 3741 3589 mulieri-

2154 3627 2264 3682 bus
2293 3625 2497 3690 habes,
2529 3626 2668 3697 quia
2698 3627 2942 3681 Hebrzea:
2974 3625 3138 3698 prius
3169 3628 3434 3700 pariunt,
3486 3638 3642 3697 quam
3677 3633 3743 3672 ve-

2153 3715 2319 3769 niant
2346 3714 2686 3770 obstetrices
2718 3714 2908 3786 (Exod.
2942 3732 2982 3784 ι,
3012 3714 3098 3779 19)
3124 3733 3137 3782 ;
3167 3731 3238 3772 eo
3270 3715 3428 3788 quod
3458 3713 3642 3769 anima:
3672 3708 3742 3777 ju-
3798 3742 3799 3747 η

2153 3808 2376 3858 storum
2409 3820 2525 3858 non
2559 3807 2895 3874 exspectent
2924 3820 2978 3859 a1
2992 3807 3079 3859 tes
3107 3808 3166 3859 et
3195 3803 3538 3877 disciplinas
3565 3799 3745 3873 propter

2153 3891 2552 3947 inventionum
2621 3907 2854 3963 genera,
2927 3908 3031 3948 nec
3088 3894 3399 3965 requirant
3464 3886 3743 3961 adjumenta
3798 3946 3799 3963 1

2151 3979 2499 4054 generandi:
2528 3980 2629 4034 sed
2662 3984 2871 4052 sponte
2922 3984 3127 4052 partus
3179 3998 3330 4039 suos
3388 3979 3636 4046 fundant,
3679 3985 3747 4030 ρι’

2152 4068 2686 4142 spectationemque
2718 4068 3094 4140 prasveniant.

2152 4198 2538 4266 exspectatum.
2572 4193 2742 4249 Pauci
2783 4198 2913 4249 ante
2966 4198 3304 4266 exspectavit
3362 4193 3570 4266 ingenii
3617 4192 3749 4266 (unus

2151 4260 2403 4337 ingenui)
2485 4266 2765 4337 celeritate
2847 4260 3136 4335 (nonnulli
3223 4260 3557 4334 celebritate)
3605 4260 3750 4337 party-.3

2152 4326 2328 4410 (nilus
2357 4326 2540 4410 partu,
2574 4335 2752 4407 aliqui
2800 4326 3044 4408 partum)
3095 4340 3216 4408 feta
3274 4337 3398 4410 (alii
3455 4326 3634 4409 fetum,
3678 4326 3748 4383 alii

2148 4407 2366 4479 facta).’
2416 4407 2573 4462 Hanc
2660 4423 2830 4478 porro
2903 4407 3130 4463 tantam
3208 4407 3625 4479 diversitatem
3665 4412 3747 4454 non

2151 4475 2387 4534 aliunde
2413 4475 2729 4550 profectam
2762 4494 2978 4547 remur,
3017 4495 3196 4551 quam
3248 4497 3323 4536 ex
3368 4475 3746 4551 eoquodpol}
3798 4496 3799 4499 η

2071 4537 2118 4602 D
2147 4536 2433 4622 videreut‘
2478 4552 2604 4604 ante
2669 4536 3054 4622 exspectatum:
3117 4567 3241 4622 quo
3320 4536 3581 4607 redditur
3644 4536 3749 4622 illud

2152 4620 2401 4687 Philoni,
2460 4628 2521 4682 ὥς
2543 4627 2603 4674 av
2632 4615 2871 4694 ἀχρόξιως,
2931 4615 3306 4694 referri-non
3364 4622 3454 4694 ad
3496 4615 3748 4694 ingeniam.

2152 4698 2254 4764 aut
2276 4696 2525 4764 partum,
2576 4687 2779 4764 sed'ad
2834 4699 3043 4763 tempus
3101 4693 3260 4764 quod
3320 4687 3748 4760 subintelligitur,
3798 4716 3799 4725 ι

2150 4768 2215 4819 ut
2244 4761 2303 4818 in
2334 4761 2433 4817 illo
2463 4761 2620 4833 Virg.
2654 4778 2712 4815 ιν
2743 4761 2931 4833 Georg.

2272 4871 2408 4920 Ante
2438 4870 2799 4931 exspectatum
2830 4867 3018 4931 positis
3048 4871 3148 4918 stat
3177 4869 3237 4917 in
3268 4869 3463 4921 ordine
3502 4862 3663 4918 castris
3798 4842 3799 4907 Ἰ

2150 4975 2369 5030 Deinde
2398 4974 2554 5045 quod
2588 4973 2787 5028 minus
2817 4973 3202 5040 adverterent,
3240 4975 3405 5031 unde
3448 4988 3604 5030 voces
3642 4980 3749 5045 ραν·

2151 5051 2256 5113 tus,
2291 5051 2347 5101 ct
2375 5035 2522 5117 [dcta
2548 5048 2907 5117 regerentur,
2940 5035 3388 5117 substituerunt
3431 5035 3748 5117 carnario?!)

2185 5110 2470 5189 artum'ac
2489 5110 2641 5185 fela.’
2654 5116 2773 5189 Est
2812 5110 3007 5171 autem
3065 5114 3299 5187 ellipsis
3361 5110 3667 5189 supplenda
3702 5110 3749 5189 in

2185 5135 2369 5173 artum
2397 5135 2463 5171 ac
2489 5135 2620 5185 [εια.
2654 5135 2757 5170 D81.
2812 5135 3007 5171 autem
3065 5135 3299 5187 8111p818
3361 5135 3667 5189 supplenda
3708 5135 3749 5158 ιυ

2147 5135 2307 5243 hunc
2341 5186 2607 5259 modum,
2642 5188 3015 5259 paritura...._.
3061 5190 3260 5258 partus
3310 5191 3411 5259 qui
3454 5190 3578 5243 sunt
3614 5183 3750 5259 facta.

2149 5265 2257 5316 etc.
2327 5258 2542 5331 Eodem
2610 5254 2836 5331 recidit
2879 5258 2930 5331 si
2970 5254 3156 5331 legas
3223 5254 3459 5331 partum
3522 5258 3574 5311 et
3599 5254 3747 5325 fetum

2148 5329 2422 5398 Quamvis
2448 5345 2563 5384 non
2590 5343 2794 5401 eamus
2823 5328 3330 5385 inficias—sensum
3364 5329 3630 5401 aliquem.
3667 5332 3751 5401 99"?

2147 5406 2447 5482 vata_voce
2473 5402 2603 5482 feta,
2628 5399 2958 5482 elici‘posse
2983 5403 3130 5482 :“sed
3154 5406 3389 5482 nostro,
3416 5399 3748 5482 praeterqufg

2149 5464 2522 5556 quodniagis
2555 5464 2838 5529 naturalis
2869 5475 2978 5543 est,
3005 5470 3164 5529 Philo
3213 5464 3750 5541 etiam-sumas“?

2146 5542 2249 5607 lib.
2284 5542 2380 5603 cit.
