3830 6206
140 314 236 379 621
1278 314 1511 376 LIBER
1555 314 1656 374 DE
1699 315 1909 378 FUGA
1955 318 2279 382 SIECULI.
3355 321 3474 383 622

203 452 275 504 48.
304 448 404 505 Nec
434 445 621 502 minus
651 446 900 520 impiger
950 448 1021 503 ad
1068 446 1504 513 inveniendum,
1547 463 1725 518 quam
1754 449 1809 515 Α
1840 453 1903 505 ut
1933 450 2296 524 adjungcret,
2328 453 2609 526 exigebat.
2643 454 2966 513 Celeritatis
2993 470 3226 528 quoque
3272 456 3474 511 admo-

140 540 199 597 ad
219 535 618 608 exsequendum
666 535 867 602 Jacob,
898 534 993 591 cui
1042 552 1176 591 cum
1225 538 1413 591 mater
1463 534 1726 603 dixisset,
1838 544 1957 607 net,
1991 539 2089 612 qui
2120 541 2201 596 ait
2232 559 2245 597 :
2279 565 2305 591 «
2339 543 2487 615 Cape
2518 560 2717 601 arcum
2747 549 2803 601 et
2849 545 3124 618 sagittam
3155 544 3315 616 (Ibid.
3349 543 3424 615 3).
3447 565 3475 592 ››

140 631 193 684 ut
230 625 443 682 inferret
496 623 646 696 patri
692 639 877 691 escas,
910 623 1318 679 deﬁnitionum
1366 638 1579 695 genera
1616 623 1728 695 (41)
1836 628 2071 701 Accepit
2096 632 2292 686 tamen
2339 635 2397 686 et
2443 630 2756 705 diligentia
2794 634 3073 702 fructum,
3106 632 3204 705 qui
3244 631 3481 705 agnovit

138 712 417 786 suppetisse
464 711 755 768 cernimus
803 711 960 784 (Gen.
1007 729 1182 780 xxvn,
1231 712 1310 783 9).
1351 711 1498 767 Nam
1528 716 1587 767 et
1616 712 1729 768 cito
1838 715 2110 788 superius
2138 719 2292 774 488
2332 734 2459 775 esse
2485 719 2703 793 ingenii
2733 738 2971 778 munus.

135 802 333 868 invenit,
363 805 416 857 et
442 800 806 856 inventorum
836 817 1080 856 suorum
1112 805 1410 856 auctorem
1450 799 1728 857 testiﬁca-
1906 805 1999 859 5!.
2031 805 2146 861 Nec
2193 806 2484 864 immerito
2527 808 2878 865 domesticos
2925 809 3086 865 cibos
3123 806 3333 863 detulit
3378 805 3480 879 qui

134 896 209 947 tus
234 895 311 947 est
342 890 536 956 Deum,
570 888 629 944 in
660 905 776 961 quo
824 894 883 945 et
933 888 1247 963 diligentia
1278 889 1494 961 palma,
1528 892 1585 944 et
1634 888 1729 943 in-
1837 893 1909 947 de
1940 893 2277 950 domesticis
2308 895 2551 951 seminis
2580 897 2671 952 sui
2702 897 2999 969 sapientia
3030 896 3143 954 sibi
3172 894 3484 967 acquisivit

134 979 256 1052 genii
281 977 628 1051 signiﬁcatur
657 978 915 1034 ubertas.
968 978 1164 1033 Prima
1192 993 1330 1049 ergo
1371 976 1636 1032 deﬁnitio
1666 976 1730 1032 in
1839 979 2132 1052 copulam.
2164 981 2325 1037 Bona
2353 987 2550 1038 autem
2580 984 2884 1057 diligentia
2912 1001 3047 1040 cum
3086 983 3391 1056 sapientia,
3424 986 3483 1038 et

135 1068 416 1124 inventione
470 1084 482 1121 :
534 1066 688 1137 quod
740 1066 1049 1133 invenitur,
1096 1065 1373 1137 quaritur
1423 1082 1436 1119 :
1487 1068 1543 1119 et
1572 1065 1728 1136 quod
1836 1066 2091 1124 inventio
2120 1085 2253 1125 cum
2284 1070 2517 1142 ingenio
2546 1072 2818 1128 naturali.
2865 1072 3126 1144 Denique
3154 1072 3377 1127 habens
3418 1069 3480 1125 in

132 1155 383 1228 quaeritur,
416 1155 693 1227 temporis
738 1158 828 1210 est
880 1172 892 1209 :
941 1155 1095 1226 quod
1148 1154 1431 1226 temporis
1474 1157 1582 1219 est,
1614 1154 1727 1208 uti-
1837 1161 2112 1229 promptu
2143 1158 2439 1229 sapientia
2469 1159 2737 1232 copulam
2781 1166 3022 1217 sanctus
3069 1161 3250 1225 Isaac,
3280 1160 3480 1214 deam-

131 1261 220 1316 que
267 1243 562 1316 diligentia
613 1247 722 1299 est.
769 1243 930 1308 Quod
979 1247 1173 1299 autem
1232 1242 1506 1315 praevenit
1553 1259 1727 1297 usum
1837 1244 2078 1300 bulabat
2107 1246 2162 1300 in
2194 1262 2419 1319 campo,
2445 1248 2562 1305 imo
2592 1248 3126 1306 abalienabatur.Et
3156 1264 3262 1303 nos
3292 1246 3481 1318 primo

129 1331 388 1404 temporis,
417 1331 568 1386 Deus
600 1330 1036 1399 infundit,Deus
1068 1332 1169 1386 dat
1202 1348 1215 1386 :
1249 1331 1400 1403 quod
1426 1330 1580 1387 Deus
1606 1331 1725 1398 dat,
1836 1333 2130 1404 sapientia
2161 1333 2521 1406 copulemur,
2554 1340 2613 1392 et
2642 1337 2726 1392 sic
2764 1354 3038 1393 exeamus
3087 1337 3148 1392 in
3203 1349 3480 1407 campum

129 1426 329 1488 natura,
360 1437 468 1476 non
502 1419 816 1492 diligentia
847 1424 955 1477 est.
994 1419 1300 1493 Ingenium
1334 1420 1511 1492 igitur
1548 1418 1728 1475 divini
1838 1437 2090 1493 qnarere
2139 1426 2196 1477 et
2242 1423 2497 1479 invenire
2555 1424 2874 1496 cupientes.
2927 1424 3093 1480 Multi
3148 1422 3305 1479 enim
3356 1422 3484 1478 sine

125 1516 195 1566 est
243 1509 506 1577 muneris,
569 1510 722 1581 quod
774 1514 968 1565 autem
1027 1508 1207 1563 divini
1276 1508 1559 1577 muneris,
1620 1507 1729 1563 hoc
1837 1510 2125 1582 sapientia
2174 1509 2325 1566 male
2385 1517 2669 1583 quarunt.
2702 1514 2773 1568 Et
2817 1513 2946 1569 ideo
2994 1511 3133 1568 Cain
3178 1509 3319 1583 quia
3364 1525 3481 1565 non

126 1602 328 1653 natura.
361 1597 661 1671 Ingenium
710 1614 847 1670 ergo
896 1602 1115 1653 natura
1162 1602 1271 1663 est,
1303 1597 1555 1653 inventio
1598 1596 1726 1652 dili-
1837 1603 2137 1670 acceperat
2165 1616 2199 1655 a
2228 1604 2339 1655 Deo
2387 1601 2779 1672 prudentiam,
2814 1601 2964 1657 male
3013 1600 3300 1673 quasivit,
3331 1596 3484 1654 male

123 1686 292 1757 gentia
323 1703 336 1741 :
369 1686 509 1741 illud
544 1686 670 1742 sine
701 1691 978 1758 tempore,
1011 1686 1123 1742 hoc
1177 1687 1399 1759 indiget
1445 1691 1725 1757 tempore.
1837 1687 2011 1743 exivit
2056 1687 2115 1740 in
2159 1704 2464 1759 campum;
2500 1688 2643 1744 Abel
2695 1690 2864 1760 bene,
2899 1689 2999 1761 qui
3048 1688 3366 1761 perfectum
3396 1702 3485 1742 sa-

125 1775 331 1845 ldeoque
358 1774 499 1830 illud
534 1775 593 1829 in
622 1779 884 1846 tempore
916 1780 1125 1846 praesto
1155 1779 1267 1843 est,
1299 1775 1408 1830 hoc
1445 1775 1504 1829 in
1537 1774 1728 1846 spatio
1758 1812 1806 1877 Β
1837 1774 2037 1829 crificii
2095 1791 2313 1831 munus
2358 1776 2640 1848 implevit.
2694 1778 2914 1833 Bonum
2971 1777 3125 1833 enim
3186 1774 3484 1847 sapientia

122 1863 362 1936 temporis
389 1861 779 1936 investigatur
811 1879 825 1918 :
859 1862 1006 1918 illud
1035 1880 1216 1935 supra
1263 1879 1390 1929 nos,
1441 1862 1548 1917 hoc
1596 1878 1728 1919 vero
1758 1861 1806 1877 ³¹
1839 1863 2214 1931 sacriﬁcium,
2246 1865 2399 1920 bona
2428 1869 2518 1921 est
2546 1864 2739 1921 hostia
2783 1866 2929 1921 ﬁdes
2959 1870 3015 1921 et
3043 1864 3237 1921 omnis
3274 1864 3481 1919 virtus.

124 1950 182 2006 ad
210 1967 302 2007 nos
329 1951 595 2007 refertur.
1838 1952 2099 2023 Denique
2130 1952 2418 2024 sapientia
2468 1954 2759 2010 interfecit
2805 1971 2944 2010 suas
2995 1953 3241 2021 hostias,
3268 1955 3326 2008 et
3373 1951 3485 2006 mi-

177 2037 252 2093 49.
302 2039 588 2103 Quarenti
644 2038 829 2111 igitur
885 2040 1038 2111 patri
1107 2037 1305 2095 cibum
1362 2039 1522 2095 verbi
1590 2040 1729 2111 (non
1840 2040 2079 2098 scuitin
2104 2045 2385 2097 craterem
2414 2042 2617 2098 vinum
2649 2044 2923 2099 suum.Et
2946 2043 3077 2099 ideo
3107 2045 3175 2097 ut
3202 2040 3484 2113 insipien-

122 2126 248 2182 enim
276 2128 331 2182 in
357 2127 478 2183 solo
528 2143 677 2200 pane
720 2126 862 2183 vivit
908 2127 1109 2197 homo,
1141 2129 1240 2183 sed
1282 2129 1340 2182 in
1373 2127 1531 2183 omni
1557 2128 1730 2184 verbo
1840 2130 2000 2186 tibus
2046 2129 2367 2202 gentilibus
2416 2134 2619 2202 potum
2671 2131 2806 2188 ﬁdei
2840 2132 3038 2199 .daret,
3082 2131 3156 2187 ad
3204 2133 3485 2186 craterem

121 2214 199 2271 Dei
229 2233 240 2271 :
269 2214 436 2272 talem
483 2217 685 2272 cibum
736 2217 1033 2288 quaerebat
1081 2217 1262 2283 Isaac,
1313 2215 1488 2272 talem
1535 2216 1730 2271 cibum
1841 2235 2016 2274 suum
2048 2218 2380 2273 convocavit
2407 2235 2528 2285 eos,
2560 2219 2760 2275 dicens
2794 2236 2807 2275 :
2844 2241 2871 2269 ‹‹
2903 2218 3011 2286 Qui
3039 2221 3129 2275 est
3178 2216 3486 2290 insipiens,

119 2304 375 2361 esuriebat
402 2305 611 2362 Petrus
645 2306 783 2378 (Act.
816 2322 873 2374 x,
907 2305 1118 2375 44-22),
1149 2305 1382 2377 quando
1430 2305 1573 2360 vidit
1609 2321 1730 2359 cre-
1841 2308 2090 2363 divertat
2118 2306 2189 2360 ad
2241 2323 2332 2362 me
2362 2308 2541 2377 (Prov.
2575 2325 2652 2371 ix.
2683 2309 2758 2379 4).
2795 2330 2823 2357 ››
2854 2309 2925 2363 Et
2952 2307 3260 2381 egentibus
3308 2322 3486 2362 sensu

119 2391 267 2447 ditari
313 2393 552 2466 gentilis
596 2392 798 2466 populi
846 2393 1142 2467 mysteria)
1176 2394 1326 2449 Esau
1375 2399 1583 2465 prasto
1615 2409 1732 2448 non
1844 2396 1988 2451 dixit
2019 2412 2031 2449 :
2065 2418 2092 2444 ‹‹
2125 2394 2328 2450 Venite
2358 2400 2412 2450 et
2442 2397 2595 2451 edite
2625 2397 2697 2451 de
2727 2397 2875 2452 meis
2906 2397 3178 2468 panibus,
3210 2398 3269 2451 et
3306 2393 3489 2451 bibite

121 2480 291 2536 habuit
318 2483 513 2538 cibum
548 2482 829 2555 spiritalis
874 2487 930 2538 et
978 2482 1280 2538 velocioris
1312 2482 1549 2554 ingenii.
1580 2482 1732 2537 Dum
1842 2486 2044 2540 vinum
2090 2483 2246 2555 quod
2295 2482 2504 2539 miscui
2555 2485 2719 2539 vobis
2750 2485 2909 2557 (Ibid.
2942 2486 3020 2557 5).
3055 2507 3083 2535 »
3116 2484 3196 2540 De
3223 2484 3334 2540 hoc
3362 2500 3488 2539 cra-

123 2570 208 2625 iste
227 2576 457 2627 venatur
509 2574 570 2627 et
617 2571 845 2644 quarit,
873 2575 931 2627 et
962 2571 1295 2644 pradurum
1345 2577 1517 2642 atque
1569 2586 1734 2642 agre-
1843 2580 1963 2630 tere
1992 2572 2153 2628 Plato
2183 2571 2241 2626 in
2275 2588 2413 2627 suos
2443 2572 2623 2629 libros
2655 2574 3125 2629 transferendum
3156 2571 3401 2644 putavit,
3415 2572 3488 2628 ad

118 2663 240 2714 stem
276 2675 606 2716 sermonem
656 2675 969 2733 suggerere
1018 2663 1204 2730 parat,
1238 2660 1514 2732 pravenit
1555 2659 1734 2714 Jaeob
1845 2663 2016 2733 cujus
2070 2664 2274 2732 potum
2334 2661 2591 2717 evocavit
2637 2660 2865 2717 animas
2910 2678 2922 2716 :
2966 2661 3065 2718 sed
3116 2676 3216 2717 eas
3260 2658 3492 2731 explere

119 2746 259 2802 celeri
285 2748 637 2816 inventione,
669 2754 727 2804 et
772 2748 925 2816 miti,
954 2752 1011 2803 et
1064 2765 1242 2820 prope
1291 2747 1611 2804 domestica
1647 2762 1734 2802 re-
1847 2749 2110 2817 nescivit,
2145 2748 2243 2820 qui
2273 2752 2476 2820 potum
2520 2766 2637 2805 non
2687 2749 2844 2816 ﬁdei,
2876 2749 2979 2805 sed
3032 2748 3287 2821 perﬁdia
3318 2746 3489 2802 mini-

118 2836 398 2906 sponsione
443 2853 626 2896 suave
686 2837 929 2894 verbum
988 2836 1356 2904 ministrans,
1420 2853 1534 2909 quo
1602 2851 1737 2891 cum
1848 2839 2094 2894 strabat.

117 2923 363 2981 mulceret
399 2943 465 2982 ac
498 2924 833 2981 delectaret.
886 2924 1050 2981 Unde
1100 2924 1346 2980 miratus
1396 2929 1563 2996 pater
1611 2925 1735 2981 ait:
2483 2926 2714 2983 CAPUT
2754 2926 2845 2984 IX.

120 3031 138 3058 ι
163 3013 293 3078 Quid
324 3019 412 3070 est
451 3015 589 3081 hoc,
624 3015 777 3086 quod
828 3017 949 3069 tam
1000 3012 1112 3068 cito
1159 3012 1450 3082 invenisti,
1496 3012 1578 3067 ﬁli
1612 3013 1738 3068 mi?
1852 3018 2008 3087 Urget
2039 3021 2098 3089 ut
2126 3014 2256 3069 hinc
2290 3015 2766 3089 fugiamus,'sicut
2793 3016 2961 3089 fugit,
2992 3015 3160 3089 Jacoli
3191 3014 3258 3069 de
3282 3014 3490 3086 patria,

120 3100 406 3173 Respondit
434 3085 681 3159 Jacobi:
734 3101 893 3168 Quod
955 3100 1196 3156 tradidit
1244 3100 1528 3156 Dominus
1584 3101 1629 3155 D

1997 3088 2140 3168 sicut
2163 3087 2308 3141 cervi
2334 3085 2405 3140 ad
2432 3085 2638 3155 fontes';
2664 3085 2815 3173 ‘qunos
2862 3088 2963 3158 qui
3010 3085 3299 3173 dei‘ideCat,
3330 3099 3494 3155 super

114 3192 229 3246 tuus
272 3190 328 3246 in
376 3207 594 3247 manus
626 3207 785 3246 meas
810 3189 963 3262 (Gen.
995 3207 1168 3260 xxvn,
1194 3190 1306 3261 20).
1344 3212 1372 3240 ››
1403 3189 1597 3245 Prima

117 3276 265 3298 D_!L:_
305 3280 313 3289 ‘
391 3280 403 3292 '
457 3279 845 3298 ινγρμιᾼιξκύ-
909 3285 983 3298 ,Αι
1057 3279 1269 3298 ____,_j
1342 3279 1390 3298 ξφ
1433 3295 1626 3298 μ--Λ-η

2002 3159 2249 3212 animam
2276 3173 2435 3211 suam
2464 3156 2709 3229 exemplo
2740 3156 3010 3214 Susanna
3038 3156 3282 3229 eﬂ‘undat
3327 3170 3492 3226 opor-

1983 3227 2298 3298 t.Quomodo
2329 3228 2535 3282 Paulus
2567 3237 2615 3283 et
2648 3234 2744 3284 Lot
2769 3230 3041 3298 fugerint;
3072 3244 3138 3282 ac
3160 3226 3314 3280 nobis
3340 3226 3495 3298 simi:

117 3276 275 3336 ﬁnitio
302 3280 358 3334 in
389 3279 852 3352 interrogatione
899 3285 1010 3346 est,
1052 3279 1312 3335 secunda
1340 3279 1399 3333 in
1432 3295 1730 3350 responso.
1915 3268 2533 3371 [ggffgggggggﬁgg’
2559 3268 2615 3353 ξιξ
2648 3268 3493 3370 ζῇλὲἶῖιᾎτῆᾍυξῖαξξῖιῖηῖὖάξι

118 3364 267 3423 Plena
292 3368 467 3442 igitur
499 3368 702 3424 omnia
731 3368 1025 3439 reperiens
1056 3372 1220 3440 pater
1267 3384 1395 3439 qua
1442 3373 1608 3424 erant
1646 3367 1735 3423 vel
1913 3364 2159 3427 sumn'iuIs
2208 3368 2453 3442 sacerdos
2496 3364 2773 3425 moriatur
2801 3388 2820 3424 :
2849 3386 2976 3424 cum
3003 3384 3107 3440 quo
3135 3376 3187 3423 et
3214 3364 3364 3423 vetus
3394 3367 3489 3421 ho-

117 3440 337 3528 ingenii,
359 3457 446 3513 vel
477 3456 822 3529 diligentia,
854 3456 1211 3513 definitionis
1232 3457 1738 3513 consummatione
1916 3458 2002 3497 m0
2027 3449 2210 3497 "We"
2238 3440 2393 3496 debet
2422 3442 2584 3497 ’κονί-

120 3543 395 3614 conclusit,
428 3546 685 3624 dicens:
718 3566 747 3595 ‹‹
781 3545 921 3600 Ecce
953 3545 1097 3600 odor
1140 3543 1245 3599 ﬁlii
1296 3545 1409 3600 mei
1458 3553 1738 3617 tanquam
1916 3549 2004 3603 52.
2052 3544 2371 3618 li‘ugiamus
2423 3562 2559 3619 ergo
2610 3546 2747 3602 hinc
2794 3547 2945 3603 sicut
2992 3544 3144 3617 fugit
3190 3544 3262 3600 de
3308 3542 3499 3616 patria

118 3633 234 3688 odor
285 3635 404 3708 agri
453 3633 637 3708 pleni,
672 3650 848 3705 quem
901 3633 1196 3689 benedixit
1240 3633 1523 3689 Dominus
1579 3634 1737 3703 (Ibid.
1851 3641 2092 3692 sanctus
2121 3635 2319 3690 Jacob.
2371 3634 2602 3690 Sciebat
2646 3636 2803 3691 enim
2849 3650 3044 3690 veram
3087 3631 3337 3706 patriam
3366 3647 3499 3689 esse

120 3721 211 3790 27).
268 3745 294 3772 ››
345 3723 499 3796 Ager
550 3722 709 3778 enim
757 3726 814 3777 et
866 3721 1130 3777 naturale
1187 3721 1362 3777 habet
1428 3721 1741 3777 fertilitatis
1852 3724 2233 3797 superiorem.
2268 3723 2586 3795 Fugiamus
2618 3725 2771 3780 sicut
2798 3724 2949 3779 cervi
2980 3723 3054 3779 ad
3084 3722 3274 3778 fontes
3320 3736 3503 3792 aqua-

119 3807 411 3882 ingenium,
472 3816 533 3868 et
608 3809 850 3866 cultura
921 3809 1286 3884 diligentiam
1338 3808 1740 3881 temporalem,
1853 3830 1986 3868 rum
2021 3829 2033 3867 :
2071 3830 2218 3884 quos
2261 3811 2494 3867 sitiebat
2524 3812 2725 3880 David,
2757 3812 2917 3868 sitiat
2945 3815 3002 3867 et
3030 3811 3228 3866 anima
3282 3814 3501 3866 nostra.

123 3871 413 3973 meritoque
445 3901 504 3956 in
547 3915 616 3956 eo
666 3903 755 3955 est
804 3871 1126 3971 plenitudo,
1159 3871 1600 3971 cui/utrumque
1629 3871 1745 3955 non
1853 3900 1995 3966 Quis
2051 3871 2140 3956 est
2188 3900 2284 3955 ille
2332 3900 2499 3955 fons?
2545 3871 3037 3956 Audi'dicentem
3086 3914 3100 3953 :
3161 3919 3189 3948 ‹‹
3219 3897 3506 3962 Quoniam

125 3985 279 4044 deest.
310 3990 502 4046 Simul
527 4004 664 4044 cum
694 3986 985 4042 addiderit
1016 4003 1065 4041 :u
1098 3986 1280 4049 Quem
1314 3986 1607 4041 benedixit
1635 3987 1744 4042 Do-
1856 3989 2009 4061 apud
2045 3992 2100 4042 te
2130 3992 2219 4042 est
2247 3988 2377 4042 fons
2406 3988 2537 4044 vita
2565 3989 2738 4057 (Psal.
2771 4005 2902 4056 xxv,
2938 3988 3044 4057 10).
3081 4007 3109 4035 ››
3165 3985 3311 4040 Huic
3358 3982 3506 4040 fonti

126 4076 316 4144 minus,
350 4102 379 4128 »
409 4078 647 4135 videtur
694 4065 918 4131 natura
965 4075 1213 4147 gratiam
1265 4073 1588 4146 pratulisse
1626 4075 1746 4130 cul-
1859 4077 2013 4132 dicat
2041 4076 2239 4131 anima
2272 4094 2285 4131 :
2324 4096 2346 4124 4
2380 4077 2621 4141 Quando
2650 4075 2880 4131 veniam
2911 4080 2968 4130 et
2997 4073 3211 4146 parebo
3242 4076 3376 4127 ante
3422 4071 3506 4127 fa-

124 4164 272 4222 tionis
312 4166 526 4223 labori.
555 4166 623 4223 Et
651 4163 1017 4220 conﬁrmavit
1046 4163 1197 4218 Esau
1223 4162 1425 4219 dicens
1458 4179 1471 4218 :
1506 4186 1533 4213 ‹‹
1584 4164 1751 4220 Juste
1860 4165 2007 4222 ciem
2037 4168 2199 4220 tuam
2232 4164 2402 4235 (Psal.
2434 4181 2546 4230 XLI,
2577 4163 2671 4235 3)?
2706 4185 2733 4212 ››
2767 4164 2917 4218 Fons
2947 4160 3104 4216 enim
3154 4160 3309 4216 Deus
3355 4162 3447 4215 est
3492 4176 3507 4216 :

121 4260 362 4311 vocatum
416 4259 515 4312 est
572 4270 783 4312 nomen
850 4251 1011 4308 illius
1083 4251 1283 4308 Jacob.
1347 4251 1754 4324 Supplantavit
1862 4254 1962 4310 sed
1994 4253 2092 4325 qui
2127 4251 2282 4306 hunc
2319 4251 2540 4306 fontem
2573 4250 2884 4315 desiderat,
2917 4247 3178 4304 eﬁ'undat
3226 4262 3404 4319 super
3448 4263 3513 4303 se

123 4339 255 4396 enim
302 4344 429 4414 jam
496 4358 591 4399 me
644 4342 755 4409 bis,
806 4345 863 4398 et
920 4340 1309 4413 primogenita
1355 4356 1486 4396 mea
1533 4342 1757 4413 accepit
1863 4342 2120 4397 animam
2151 4356 2351 4407 suam;
2388 4343 2451 4394 ut
2481 4338 2625 4393 nihil
2657 4337 2915 4411 passioni
2962 4336 3155 4395 carnis
3186 4336 3299 4409 (42)
3329 4333 3514 4392 relin-

126 4429 257 4496 (lbid.
289 4432 403 4497 36).
452 4455 481 4482 ››
1864 4433 2026 4504 quat,
2060 4429 2161 4485 sed
2192 4427 2410 4501 ubique
2442 4427 2640 4483 anima
2670 4427 3013 4499 superfluat.

182 4519 264 4574 50.
296 4520 406 4576 Sed
439 4520 592 4577 forte
623 4519 785 4576 dicas
838 4537 850 4574 :
904 4518 966 4576 In
1020 4534 1135 4590 quo
1193 4534 1418 4573 moram
1463 4517 1614 4587 fecit,
1657 4517 1758 4589 qui
1792 4537 1838 4601 D
1940 4521 2030 4576 53.
2063 4517 2310 4574 Pulchre
2357 4534 2486 4573 eam
2534 4516 2741 4573 effudit
2788 4516 3079 4586 Susanna,
3112 4519 3178 4571 ut
3204 4530 3516 4587 evaporare

129 4607 189 4661 ad
226 4610 596 4666 venationem
630 4625 663 4664 a
698 4611 861 4680 patre
898 4607 1117 4663 missus
1148 4606 1279 4663 est?
1310 4605 1420 4662 Sed
1462 4606 1766 4662 considera
1869 4609 1929 4664 in
1961 4625 2087 4664 eam
2121 4624 2236 4663 non
2268 4610 2508 4679 possent
2536 4605 2807 4662 incendia
2832 4604 3111 4678 corporis,
3154 4603 3360 4660 mortis
3403 4604 3516 4659 for-

131 4696 253 4765 quia
279 4702 334 4753 et
372 4703 543 4771 pater
574 4695 991 4770 pronuntiavit,
1047 4695 1187 4768 quia
1235 4699 1501 4766 paratum
1552 4693 1764 4751 habere
1873 4696 2279 4764 midines,vita
2309 4694 2881 4767 cupiditates.Eﬁ‘usa
2908 4709 3085 4766 super
3111 4692 3303 4765 ipsam
3323 4692 3521 4749 anima

128 4800 230 4840 non
279 4792 501 4859 posset,
553 4785 708 4857 quod
756 4784 1104 4857 spiritaliter
1148 4784 1490 4856 petebatur;
1541 4789 1598 4839 et
1634 4783 1764 4839 ideo
1874 4803 2048 4843 omne
2105 4784 2370 4841 restinxit
2396 4784 2632 4840 carnale
2677 4784 3057 4850 desiderium,
3090 4781 3367 4837 saculare
3396 4784 3518 4835 stu-

132 4872 255 4941 quia
290 4874 601 4931 deﬁciebat
646 4873 902 4946 ingenio,
932 4872 1020 4929 vel
1070 4871 1386 4944 diligentia
1433 4870 1766 4927 subsidium
1875 4875 2060 4930 dium.
2114 4875 2248 4938 Qua
2278 4873 2453 4927 etiam
2494 4872 2964 4944 prodigiosorum
3012 4883 3219 4925 senum
3251 4871 3307 4922 et
3334 4867 3523 4938 impu-

193 4990 297 5060 (41)
327 4989 400 5046 Ut
430 4989 598 5063 locus
646 4988 762 5063 hic,
792 4987 1012 5063 alioqui
1062 4988 1207 5063 satis
1255 4988 1561 5063 obscurus,
1594 4987 1769 5042 intel-
1876 4991 2056 5063 tinem
2087 5003 2186 5063 seu
2221 4985 2621 5063 deﬁnitionem
2651 4984 2712 5039 in
2744 4984 2863 5063 ﬁlio
2897 4983 3092 5063 Jacob.
3128 4979 3522 5063 deprehendo:

134 5051 357 5135 ligatur,
434 5051 856 5135 advertendum
902 5051 1086 5135 Alieno
1139 5058 1451 5135 _Am_brosii
1513 5051 1767 5135 mentem
1878 5061 1954 5135 rit
1983 5062 2223 5135 sanctus
2255 5056 2437 5135 lsaac,
2470 5056 2689 5128 optime
2717 5051 3408 5135 colligiturillum‘rebnus
3448 5051 3523 5107 ad

133 5121 266 5205 esse,
300 5121 589 5205 nimirum
607 5136 686 5205 _ut
716 5131 985 5188 ostendat
1013 5131 1091 5205 in
1130 5130 1308 5205 Jacob
1340 5130 1768 5205 omnem_bona
1879 5132 2094 5205 bonam
2127 5127 2268 5182 disci
2278 5121 2527 5205 plina_m'
2547 5121 3287 5205 necessariisninstruc'tum
3319 5121 3523 5205 fuisse.

135 5193 447 5275 disciplina
491 5203 810 5275 profectum
842 5202 1103 5275 reperiri,
1135 5202 1290 5273 quod
1339 5201 1421 5257 ita
1462 5202 1695 5275 conﬁcit
1754 5218 1766 5255 :
1881 5203 1998 5258 Hoc
2028 5215 2197 5272 porro
2227 5193 2401 5275 caput
2422 5198 2537 5252 fere
2568 5201 2750 5251 totum
2782 5212 2850 5250 ex
2879 5194 2979 5249 lib.
3033 5194 3097 5249 de
3141 5194 3393 5264 Pro/agis
3423 5193 3524 5250 de-

136 5270 417 5347 Quidquid
452 5270 525 5330 ad
556 5275 779 5347 bonam
803 5270 1176 5347 disciplinain
1198 5274 1605 5347 necessarium
1660 5275 1769 5338 est,
1883 5270 2185 5347 sumptum
2210 5274 2320 5347 est.
2960 5335 2975 5347 ῃ
3026 5326 3029 5341 7

134 5334 355 5421 duobus
387 5347 559 5419 quasi
591 5346 902 5421 limitibus,
935 5334 1083 5416 quas
1113 5344 1482 5421 deﬁnitiones
1514 5348 1682 5421 vocat
1717 5334 1774 5421 et
1955 5334 2083 5421 (42).
2104 5346 2186 5421 ita
2218 5340 2384 5421 Rom.
2411 5336 2556 5421 edit.
2591 5354 2666 5421 ac,
2689 5353 2843 5421 unus
2874 5335 3000 5419 cod.
3028 5335 3154 5418 vat.
3190 5334 3352 5421 Alter
3391 5350 3527 5391 vero

74 5454 79 5457 -
136 5412 285 5489 Philo
334 5407 501 5489 δρὸυς.
545 5407 1096 5489 υοῐιῐίυθῐυιιίιὶᾳυβ
1142 5413 1772 5489 inclu_ditur,_ingenio
1883 5407 2018 5489 cum
2052 5407 2285 5489 duobus
2325 5407 2552 5489 Gallic"
2582 5408 2728 5489 nihil
2764 5410 3123 5489 possessionis
3169 5408 3348 5489 carni,
3401 5423 3527 5489 qua

136 5426 285 5471 i’niio
334 5426 501 5489 ὅρους,
545 5426 873 5473 continetur
923 5426 1096 5487 atque
1142 5426 1485 5483 includitur,
1537 5430 1772 5486 ingenio
1883 5431 2018 5470 cum
2052 5426 2285 5468 uuoous
2325 5426 2552 5490 Uranie"
2582 5426 2728 5463 mnu
2748 5426 3123 5534 ίέυυδδεεςιςιοῃιδ
3169 5426 3348 5473 carm,
3401 5426 3524 5535 (ἔξω

136 5485 369 5565 scilicet
395 5488 845 5565 ac__d_iligei_itia;
884 5486 1182 5565 ingenium
1214 5487 1457 5565 quidem
1498 5485 1775 5565 Dei_;mu-
1882 5485 2052 5565 lectio
2084 5482 2324 5565 [ξξὶῃίῐηθ
2354 5479 2639 5565 displicet.
2672 5479 2742 5561 Se
2831 5476 3043 5552 reliqui
3092 5496 3236 5537 mss.
3287 5482 3343 5537 et
3384 5494 3413 5535 e
3461 5482 3524 5541 it.

137 5573 239 5614 nus
288 5562 401 5625 est,
457 5553 760 5632 dilige'ntia
801 5553 1185 5615 vero'nostro
1215 5553 1400 5632 [ebori
1442 5555 1771 5632 tribuitur:
1885 5560 2029 5626 ant.,
2060 5553 2205 5614 nihil
2229 5553 2558 5629 possessioni
2580 5553 2780 5614 carnis.

137 5642 263 5689 cum
318 5644 465 5707 ergo
526 5626 683 5691 hunc
749 5635 1066 5707 utrumque
1120 5628 1386 5708 perfecta
1453 5626 1775 5709 disciplina
