3830 6206
278 321 396 381 623

1736 325 1804 385 S.
1850 320 2224 383 AMBROSII
3554 315 3664 381 Μ

277 451 543 509 dentium
570 452 1049 527 presbyterorum
1068 455 1257 525 potuit
1288 455 1683 522 (Bgﬂammas
1711 454 1921 509 restin-
1949 457 2009 520 Α
2103 455 2194 507 56.
2228 455 2380 510 Bene
2408 454 2586 525 fugis,
2617 455 2668 509 si
2699 468 2800 508 cor
2824 460 2995 509 tuum
3018 469 3135 509 non
3166 450 3431 508 imitetur
3472 466 3665 523 pecca-

274 555 475 614 gum,
530 542 647 597 nisi
696 543 755 598 in
803 541 897 598 bis
943 542 1143 598 libinis
1190 542 1539 613 profluvium
1596 543 1918 598 redundas-

273 630 708 704 set.Aquibus
751 648 887 687 cum
934 632 1335 687 intenderetur
1380 631 1698 697 calumnia,
1728 631 1777 687 si
1825 648 1917 687 as-

272 734 487 776 sensus
514 725 827 793 negaretur
851 720 1163 786 adulterio,
1198 720 1485 792 ingemuit
1523 721 1816 783 Susanna,
1863 724 1921 774 et

272 807 421 863 dixit
450 825 466 865 :
499 830 530 859 α
558 810 857 881 Angustias
898 809 1042 864 mihi
1093 810 1312 865 adsunt
1359 810 1640 880 undique.
1671 809 1732 865 Si
1760 809 1917 865 enim

270 894 381 952 hoc
398 896 617 963 fecero,
650 902 837 954 morte
863 904 1082 953 aeterna
1112 898 1313 969 peribo
1344 914 1359 953 :
1393 898 1485 953 sin
1534 904 1753 961 autem,
1802 915 1917 951 non

269 984 545 1059 eﬂ'ugiam
573 1002 789 1042 manus
817 992 1044 1043 vestras
1091 988 1252 1053 (Dan.
1300 1004 1420 1053 xm,
1468 990 1581 1057 22).
1638 1010 1664 1032 τι
1712 986 1921 1042 Melius

268 1074 775 1146 tamenjudicavit
803 1076 1024 1131 crimen
1056 1076 1256 1147 fugere
1295 1077 1509 1148 potius,
1541 1092 1718 1147 quam
1770 1075 1918 1147 peri-

271 1161 493 1225 culum.
525 1164 683 1223 43.
714 1163 963 1219 Ploravit
1008 1164 1205 1236 itaque
1253 1180 1388 1220 cum
1420 1165 1641 1219 crimen
1684 1165 1734 1219 ei
1767 1165 1918 1233 obji-

273 1256 505 1317 ceretur
550 1267 567 1307 :
615 1251 861 1324 ploravit
913 1269 1051 1308 cum
1101 1254 1213 1307 sibi
1262 1254 1335 1308 de
1382 1254 1595 1325 pudica
1648 1260 1705 1307 et
1760 1258 1921 1307 casta

274 1339 523 1396 adulteri
558 1341 855 1411 judicium
912 1342 1300 1407 vindicarent;
1350 1359 1466 1397 non
1514 1346 1761 1397 mortem
1819 1342 1919 1395 de-

273 1426 661 1499 plomns,sed
708 1430 998 1485 castitatis
1044 1429 1426 1485 calumniam.
1472 1430 1789 1503 Religionis
1831 1430 1917 1483 in-

264 1516 483 1587 juriam
511 1518 778 1589 ploravit,
829 1522 889 1572 et
933 1518 1141 1575 effudit
1188 1536 1364 1591 super
1411 1537 1473 1575 se
1521 1537 1634 1575 non
1683 1536 1917 1590 corpus,

269 1605 371 1661 sed
399 1605 684 1671 animam.
718 1606 1033 1663 Effudisset
1063 1607 1218 1663 enim
1251 1609 1551 1680 corpus,si
1580 1607 1918 1662 carnalibus

268 1693 679 1765 acquievisset.
739 1695 999 1767 Denique
1061 1712 1194 1751 cum
1258 1702 1443 1753 morte
1514 1698 1915 1757 damnaretur,

267 1781 635 1847 exclamavit,
678 1784 849 1855 quasi
886 1785 1070 1855 judex
1119 1802 1374 1852 reorum,
1425 1786 1644 1841 arbitra
1693 1784 1918 1838 calum—

266 1860 596 1939 uiantium;
651 1876 710 1928 et
755 1872 1084 1928 innocentis
1139 1874 1505 1930 conscientiae
1568 1873 1915 1929 auctoritate

266 1958 523 2019 divinam
566 1960 684 2017 sibi
724 1959 787 2016 in
809 1961 1105 2032 judicium
1156 1962 1457 2017 accersivit
1499 1962 1915 2033 cognitionem,

268 2065 385 2111 non
415 2049 628 2107 timore
654 2051 865 2106 mortis
896 2051 1140 2122 percita,
1178 2054 1280 2105 sed
1331 2051 1630 2121 arguentis
1657 2066 1916 2105 censurae

266 2140 555 2210 potestate
577 2138 853 2210 precelsa
880 2140 1014 2209 (44).
1048 2140 1319 2194 Susanna
1365 2155 1501 2209 ergo
1548 2138 1697 2209 fugit
1736 2154 1916 2192 seacu-

268 2224 396 2282 lum
438 2231 498 2282 et
539 2242 605 2285 se
651 2231 765 2282 Deo
810 2227 1080 2292 credidit,
1108 2228 1183 2283 ad
1235 2226 1394 2281 illam
1440 2242 1633 2281 arcem
1662 2226 1917 2281 civitatis

269 2318 496 2377 atem
518 2314 923 2386 fugiensque:
952 2320 1141 2370 totum
1175 2317 1458 2370 mundum
1491 2315 1916 2387 complectitur,

272 2402 553 2475 quoniam
582 2403 739 2461 intra
773 2406 951 2460 Deum
987 2410 1127 2460 sunt
1153 2406 1351 2460 omnia
1380 2406 1512 2475 (45).

337 2493 430 2547 54.
462 2492 636 2565 Fugit
678 2498 735 2548 et
763 2493 979 2548 Paulus
1026 2499 1093 2547 ut
1138 2493 1405 2548 evaderet
1454 2509 1556 2564 per
1602 2493 1912 2548 fenestram

268 2581 331 2637 in
360 2586 563 2654 sporta
586 2582 904 2643 demissus,
948 2588 1215 2653 spartum
1258 2582 1416 2637 enim
1464 2581 1673 2652 triplex
1718 2581 1917 2651 rumpi

268 2686 385 2728 non
414 2687 587 2746 posse
614 2676 851 2727 noverat
883 2688 897 2725 :
930 2671 1033 2726 sed
1082 2671 1251 2742 fugit,
1286 2676 1349 2725 ut
1402 2669 1779 2741 Evangelium
1813 2670 1920 2724 Do-

266 2758 412 2817 mini
458 2764 581 2819 toto
625 2761 765 2815 orbe
812 2760 1183 2830 praedicaret;
1216 2764 1273 2814 et
1324 2758 1453 2813 ideo
1482 2759 1541 2812 in
1574 2758 1915 2829 paradisum

268 2851 473 2920 raptus
499 2851 612 2903 est.
645 2848 711 2901 Et
742 2863 849 2901 nos
877 2846 1172 2918 fugiamus
1202 2862 1305 2918 per
1334 2847 1647 2901 fenestram
1679 2847 1914 2902 audien-

268 2940 358 2991 tes
386 2939 674 3008 praecepta
702 2934 1017 3001 Domini,et
1037 2935 1164 2990 visu
1182 2935 1375 2990 sobrio
1407 2940 1581 3008 atque
1612 2934 1915 2990 oculorum

269 3024 535 3082 castitate
562 3027 885 3081 servantes.

339 3114 429 3170 55.
484 3110 802 3185 Fugiamus
856 3113 1008 3169 sicut
1071 3114 1188 3181 Lot,
1230 3113 1611 3169 Sodomitana
1669 3112 1919 3168 crimina

2031 548 2223 597 torum
2256 543 2501 598 consilia
2538 548 2595 597 et
2632 542 3014 610 cogitationes
3041 557 3263 598 eorum.
3297 539 3451 596 Bene
3490 536 3666 612 fugis,

2028 632 2076 685 si
2109 632 2315 687 oculus
2359 638 2499 687 tuus
2544 632 2692 702 fugit
2746 630 2956 687 calices
3004 636 3063 686 et
3112 629 3370 703 phialas;
3402 644 3476 684 ne
3519 631 3669 686 440

2032 720 2125 772 ﬁat
2162 720 2535 786 libidinosus,
2564 721 2703 773 dum
2735 720 3079 774 moraturin
3107 718 3267 774 vino.
3316 718 3466 772 Bene
3495 718 3668 791 fugis,

2028 810 2075 861 si
2108 809 2311 863 oculus
2341 814 2479 863 tuus
2516 808 2769 863 alienam
2800 808 3070 873 declinet,
3103 813 3169 862 nt
3194 806 3399 879 lingua
3434 808 3545 877 (46)
3576 811 3672 862 tua

2026 896 2329 950 veritatem
2360 896 2669 950 custodiat.
2702 896 2857 950 Bene
2884 895 3063 967 fugis,
3094 895 3146 949 si
3175 911 3286 950 non
3320 894 3670 966 respondeas

2028 983 2385 1053 imprudenti
2419 984 2491 1039 ad
2522 983 2983 1054 imprudentiam
3014 982 3193 1038 illius.
3224 983 3379 1038 Bene
3414 982 3595 1055 fugis,
3622 982 3670 1038 si

2028 1072 2259 1125 auferas
2291 1088 2561 1142 gressum
2596 1072 2810 1143 pedum
2844 1077 3083 1126 tuorum
3129 1087 3201 1126 ex
3245 1086 3342 1126 ore
3389 1069 3669 1142 insipien-

2030 1162 2195 1216 tium.
2226 1162 2350 1215 Cito
2380 1160 2537 1216 enim
2569 1160 2743 1216 malis
2773 1162 3025 1216 ducibus
3052 1165 3283 1216 erratur
3314 1178 3328 1216 :
3355 1160 3458 1215 sed
3488 1160 3539 1215 si
3586 1160 3669 1215 vis

2028 1250 2173 1305 bene
2204 1250 2424 1321 fugere,
2457 1250 2625 1322 longe
2656 1251 2745 1305 fac
2776 1250 2901 1306 vias
2927 1254 3062 1306 tuas
3090 1249 3164 1304 ab
3199 1266 3403 1305 eorum
3449 1264 3670 1305 sermo-

2028 1340 2222 1393 nibus.

2095 1474 2183 1527 57.
2220 1473 2484 1527 Mortuus
2529 1478 2615 1527 est
2663 1472 2767 1527 tibi
2819 1473 3099 1544 Princeps
3141 1470 3538 1537 sacerdotum,
3570 1469 3668 1531 tibi

2026 1563 2335 1615 crucifixus
2367 1566 2477 1624 est,
2512 1568 2573 1616 ut
2600 1562 2779 1616 clavis
2808 1562 2939 1631 ejus
2970 1561 3289 1616 adhaerens.
3319 1559 3402 1615 Te
3426 1560 3588 1616 enim
3616 1560 3668 1615 in

2026 1649 2125 1702 illa
2156 1666 2328 1703 carne
2356 1656 2411 1703 et
2442 1654 2543 1703 tua
2573 1655 2808 1722 peccata
2854 1650 3113 1722 suscepit
3156 1666 3170 1703 :
3217 1647 3392 1703 afﬁxa
3421 1653 3565 1704 sunt
3596 1646 3670 1702 illi

2027 1738 2288 1808 patibulo
2332 1744 2566 1792 tuorum
2620 1738 2961 1792 delictorum
3011 1736 3435 1810 chirographa;
3466 1741 3532 1792 ut
3550 1737 3672 1809 jam

1946 1819 1997 1884 Β
2032 1828 2248 1881 mundo
2307 1827 2451 1881 nihil
2511 1827 2749 1895 debeas,
2803 1827 2895 1881 cui
2946 1825 3126 1881 semel
3184 1825 3561 1882 renuntiasti.
3610 1826 3672 1883 Et

2031 1920 2181 1968 recte
2240 1915 2388 1969 nihil
2443 1916 2639 1978 debes,
2674 1915 2771 1969 cui
2828 1914 3087 1987 suppetit
3132 1913 3322 1970 dicere
3371 1932 3386 1969 :
3448 1938 3477 1963 ‹‹
3536 1913 3670 1970 Mihi

2025 2007 2177 2057 enim
2208 2005 2468 2057 mundus
2498 2004 2813 2059 crucifixus
2841 2008 2951 2068 est,
2981 2007 3040 2058 et
3067 2019 3173 2075 ego
3218 2003 3443 2058 mundo
3471 2002 3668 2071 (Colat.

2028 2109 2106 2155 γι,
2161 2093 2221 2146 ti
2271 2110 2347 2155 ;››
2381 2098 2444 2145 ut
2486 2093 2612 2162 jam
2664 2095 2911 2146 mortem
2962 2107 3077 2145 non
3128 2091 3359 2158 timeas,
3411 2091 3461 2146 si
3511 2107 3673 2165 geras

2026 2182 2347 2245 Christum,
2379 2180 2435 2234 in
2470 2198 2586 2251 quo
2616 2185 2779 2252 potes
2828 2181 3019 2234 dicere
3052 2196 3065 2232 :
3099 2202 3127 2229 «
3176 2179 3283 2234 [Ibi
3334 2185 3444 2247 est,
3496 2196 3670 2247 mors,

2025 2270 2269 2323 victoria
2298 2269 2441 2323 tua?
2473 2270 2577 2324 l‘bi
2630 2274 2739 2335 est,
2788 2285 2968 2335 mors,
3018 2269 3259 2324 aculeus
3307 2274 3445 2324 tuus
3477 2271 3525 2341 (1
3555 2270 3670 2326 Cor.

2026 2377 2119 2423 xv,
2152 2358 2281 2427 55,?
2312 2382 2338 2405 ››
2376 2358 2596 2413 Etenim
2631 2374 2766 2413 cum
2795 2363 2963 2413 vetus
3012 2356 3109 2413 ille
3155 2356 3332 2413 homo
3362 2363 3565 2414 noster
3595 2358 3670 2417 af-

2027 2448 2176 2502 fixus
2203 2451 2291 2501 est
2321 2448 2498 2511 cruci,
2533 2448 2898 2501 destructum
2941 2450 3031 2501 est
3068 2451 3396 2518 peccatum,
3430 2448 3671 2504 obtusus

2027 2537 2286 2599 aculeus,
2307 2542 2551 2590 vacuata
2581 2535 2781 2607 culpa;
2814 2538 2880 2589 ut
2909 2533 3156 2590 ulterius
3186 2535 3405 2591 servire
3436 2535 3669 2599 flagitiis

2026 2625 2388 2679 desinamus.
2422 2624 2573 2677 Abiit
2621 2624 2777 2678 enim
2825 2628 2993 2678 vetus
3036 2623 3231 2679 homo.
3264 2624 3431 2679 Nunc
3478 2630 3666 2681 autem

2019 2714 2146 2783 jam
2178 2730 2294 2767 non
2326 2718 2492 2766 vetus
2524 2712 2697 2767 homo
2729 2712 2788 2767 in
2821 2712 2991 2768 nobis
3025 2731 3038 2767 :
3071 2714 3174 2768 sed
3205 2730 3353 2768 nova
3399 2719 3490 2770 est
3518 2729 3668 2770 crea-

2027 2808 2180 2865 tura,
2232 2800 2453 2855 habens
2501 2801 2559 2855 in
2612 2819 2675 2855 se
2721 2800 3171 2857 similitudinem
3220 2801 3457 2867 Christi,
3506 2803 3667 2873 cujus

2027 2891 2233 2945 mortis
2263 2889 2638 2944 similitudini
2666 2889 2993 2963 consepulti
3026 2890 3343 2963 imaginem
3385 2890 3517 2946 vitai
3547 2892 3666 2962 ejus

2027 2980 2481 3050 assumpsimus,
2514 2977 2639 3034 alas
2669 2980 2866 3052 gratiae
2896 2978 3177 3051 spiritalis
3207 2979 3565 3052 accepimus.

2094 3114 2184 3167 58.
2214 3113 2310 3169 Sic
2341 3112 2522 3184 igitur
2547 3112 2758 3179 volate,
2791 3118 2856 3167 ut
2885 3112 3118 3169 dicatur
3145 3113 3217 3168 de
3240 3113 3406 3169 vobis
3439 3132 3453 3169 :
3490 3139 3518 3163 ‹‹
3566 3114 3665 3180 Qui

268 3201 543 3276 amplius,
579 3184 758 3275 quam
804 3201 1095 3275 supplicia
1138 3202 1480 3258 formidans.
1530 3202 1710 3275 Magis
1756 3201 1912 3257 enim
1943 3184 1986 3251 (ἶ
2023 3206 2164 3256 sunt
2193 3201 2287 3255 isti
2332 3202 2433 3272 qui
2483 3208 2546 3256 ut
2596 3202 2779 3256 nubes
2829 3200 3044 3267 volant,
3079 3205 3136 3256 et
3182 3201 3338 3257 sicut
3386 3201 3660 3259 columba

273 3292 407 3365 pius
434 3295 587 3367 certe
616 3290 906 3348 scelerum
937 3291 1087 3365 fugit
1112 3292 1403 3365 contagia,
1451 3292 1553 3364 qui
1602 3292 1922 3348 Sodomitis

271 3382 517 3438 domum
572 3379 783 3437 clausit
847 3398 861 3436 :
928 3397 1035 3436 nec
1090 3381 1434 3437 cohabitans
1494 3386 1732 3437 noverat
1782 3398 1919 3449 eos,

283 3485 536 3542 quorum
566 3468 789 3541 ﬂagitia
835 3469 1151 3533 nesciebat,
1191 3475 1247 3525 et
1293 3470 1607 3541 opprobria
1653 3471 1923 3525 adversa-

280 3560 457 3616 batur
485 3575 500 3612 :
531 3573 638 3614 nec
668 3557 900 3629 fugiens
945 3558 1195 3630 respexit
1241 3575 1339 3614 eos
1389 3576 1638 3630 quorum
1686 3576 1923 3616 conver-

279 3647 540 3705 sationes
593 3663 712 3703 non
767 3645 1154 3703 desiderabat.
1198 3648 1369 3719 Fugit
1410 3663 1547 3719 ergo
1594 3648 1748 3703 sicut
1796 3650 1920 3718 Lot,

280 3735 385 3808 qui
412 3735 712 3792 renuntiat
736 3734 915 3802 vitiis,
936 3734 1168 3791 abdicat
1190 3752 1254 3791 se
1282 3735 1605 3791 incolarum
1636 3737 1920 3807 moribus,

280 3824 381 3897 qui
430 3826 566 3897 post
613 3839 678 3880 se
723 3840 841 3879 non
895 3824 1154 3894 respicit,
1206 3824 1307 3896 qui
1354 3824 1713 3894 superiorem
1757 3825 1921 3882 illam

278 3912 573 3973 civitatem
600 3911 927 3985 ingreditur
945 3910 1185 3967 introitu
1206 3912 1626 3983 cogitationum
1655 3930 1919 3984 suarum,

282 4017 391 4059 nec
418 4000 639 4059 recedit
666 4016 735 4056 ex
763 4016 835 4057 ea
861 4001 1044 4056 donec
1090 4000 1375 4056 moriatur
1420 4000 1690 4075 princeps
1734 4020 1923 4061 sacer-

275 4090 504 4159 dotum,
526 4089 628 4163 qui
656 4089 791 4146 tulit
816 4093 1118 4163 peccatum
1149 4088 1647 4145 mundi.Mortuus
1680 4092 1919 4163 quidem

276 4179 460 4237 semel
487 4184 621 4236 est:
656 4179 758 4236 sed
800 4179 1053 4235 moritur
1080 4178 1398 4251 unicuique
1442 4179 1543 4250 qui
1588 4179 1923 4251 baptizatur

276 4268 335 4324 in
383 4273 572 4326 morte
619 4269 865 4348 Christi;
917 4274 982 4324 ut
1022 4268 1492 4340 consepeliamur
1538 4285 1670 4323 cum
1717 4285 1803 4337 eo,
1864 4275 1922 4326 et

275 4373 657 4430 resurgamus
701 4375 835 4415 cum
866 4375 952 4427 eo,
977 4363 1034 4414 et
1062 4357 1123 4413 iu
1154 4358 1405 4414 novitate
1433 4358 1562 4413 vitae
1592 4357 1753 4414 illius
1795 4376 1919 4414 am-

278 4443 572 4501 bulemus.

348 4585 461 4658 (43)
488 4586 763 4675 Quaedam
795 4587 933 4675 edit:
969 4591 1095 4669 tum
1143 4604 1211 4675 ex
1260 4592 1372 4675 vet.
1401 4592 1629 4675 tumnex
1677 4594 1915 4675 recent,

272 4656 385 4713 non
410 4656 603 4729 potuit.
637 4656 802 4713 Male.
839 4660 936 4713 Est
965 4659 1123 4713 enim
1154 4659 1365 4714 locutio
1394 4659 1821 4725 conditionalis,
1856 4668 1919 4716 ut

272 4727 542 4804 indicant
558 4729 869 4804 sequentia
896 4729 1016 4793 illa,
1051 4732 1169 4784 nisi
1211 4730 1275 4785 de
1322 4730 1430 4804 hic,
1460 4736 1593 4804 etc.,
1647 4732 1917 4804 idemque

272 4798 428 4871 valet
450 4798 661 4871 potuit,
680 4816 747 4854 ac
776 4799 825 4854 si
855 4799 1162 4871 legeretur,
1189 4803 1467 4871 potuisset.
1502 4803 1635 4867 Quae
1668 4798 1918 4860 formula

268 4870 535 4945 probatis
554 4871 901 4945 auctoribus
920 4870 1045 4945 non
1077 4876 1167 4926 est
1191 4870 1495 4928 inusitata.

345 4944 459 5017 (44)
491 4942 640 4997 Edit.
673 4942 938 5014 quaedam
972 4944 1175 5011 Paris.,
1207 4960 1454 5001 censura
1488 4948 1747 5017 potestate
1792 4963 1912 5017 per-

272 5015 455 5157 misi?)
482 5085 576 5140 Ita
602 5085 744 5141 edit.
787 5102 992 5141 omnes
1039 5102 1172 5141 cum
1223 5087 1424 5157 paucis
1473 5104 1615 5141 mss.
1653 5093 1722 5142 At
1751 5087 1906 5143 Colb.

268 5172 425 5212 unus
453 5158 714 5228 quoniam
739 5159 887 5212 intra
936 5159 1105 5212 Deum
1150 5174 1309 5212 omne
1361 5173 1558 5213 aetatm.
1590 5157 1748 5213 Alter
1775 5176 1911 5215 cum

268 5228 766 5301 1‘9rn.,...o_mnia
810 5231 1011 5301 fulgit;
1052 5228 1217 5301 ngalc.
1268 5234 1327 5284 et
1362 5230 1605 5297 Theod.,
1650 5232 1911 5301 fugiunt;

269 5297 524 5367 Thuan.,
592 5298 771 5369 Prat.,
811 5297 979 5373 'Big.,
1046 5299 1350 5373 Ebrulph.,
1410 5297 1912 5369 Alnet.,.'..vomne

2032 3307 2163 3345 cum
2216 3289 2393 3361 pullis
2442 3290 2566 3345 suis
2614 3292 2740 3362 (Isa.
2774 3307 2865 3357 Lx,
2898 3290 3046 3360 8)?»
3077 3290 3149 3346 Ut
3196 3290 3427 3346 nebula:
3474 3298 3664 3348 vestra

2033 3384 2231 3434 rorent
2266 3380 2586 3449 justitiam,
2616 3385 2673 3434 et
2724 3378 3007 3436 columba
3054 3380 3286 3451 pariant
3331 3380 3665 3454 simplicita-

2034 3473 2172 3523 tem.
2210 3469 2305 3523 Sic
2349 3468 2616 3540 navigato
2664 3468 2834 3540 quasi
2876 3469 3319 3526 transfretantes
3363 3471 3663 3539 mundum,

2034 3574 2149 3611 non
2182 3559 2740 3629 pererrantes,quasi
2771 3575 2948 3614 naves
2976 3558 3221 3613 Tharsis
3254 3575 3267 3613 :
3303 3564 3368 3613 ut
3399 3560 3472 3615 ad
3503 3559 3664 3615 intel-

2034 3645 2285 3717 ligibiles
2316 3651 2519 3719 portus
2549 3664 2788 3703 cursum
2823 3648 3109 3719 dirigatis,
3132 3650 3191 3700 et
3215 3647 3553 3704 convehatis
3580 3647 3659 3702 di-

2031 3735 2202 3792 vitias
2233 3738 2433 3792 maris.
2485 3738 2579 3792 Sic
2628 3736 2921 3803 festinare,
2972 3740 3039 3791 ut
3095 3735 3326 3791 dicatur
3355 3737 3430 3793 de
3456 3737 3612 3793 vobis
3645 3753 3659 3790 :

2037 3847 2061 3874 ιι
2095 3826 2265 3879 Leves
2296 3824 2429 3878 facti
2459 3828 2599 3879 sunt
2648 3838 2825 3895 super
2871 3822 3099 3894 aquilas
3128 3824 3349 3895 (Πινθη.
3385 3840 3462 3896 1v,
3506 3824 3605 3895 19).
3638 3846 3664 3870 ι·

2030 3914 2117 3967 Ab
2147 3913 2231 3967 ira
2262 3912 2418 3967 enim
2450 3917 2693 3967 ventura
2721 3911 3063 3984 fugiendum
3092 3912 3323 3977 videtis,
3357 3929 3537 3986 quam
3579 3912 3667 3968 de-

2031 4000 2246 4056 clinare
2302 4004 2595 4071 poterunt,
2627 4000 2729 4072 qui
2774 4018 2877 4074 per
2923 4001 3321 4075 paenitentiam
3366 4002 3483 4059 sibi
3510 4016 3663 4075 spem

2030 4088 2345 4143 locaverint
2359 4089 2726 4154 evadendi,et
2744 4089 3236 4146 reconciliationis
3268 4089 3481 4146 futura
3501 4091 3663 4146 ﬁdem

2030 4179 2349 4248 hauserint,
2367 4193 2471 4249 per
2499 4178 2811 4233 Dominum
2843 4181 3110 4235 nostrum
3141 4178 3346 4235 Jesum
3376 4178 3664 4236 Christum

2028 4268 2122 4322 cui
2154 4283 2399 4340 regnum
2446 4272 2536 4322 est
2581 4284 2616 4321 a
2663 4266 2914 4333 saeculis,
2944 4271 3001 4323 et
3029 4284 3207 4335 nunc,
3239 4272 3298 4324 et
3336 4285 3588 4344 semper,
3609 4270 3667 4322 et

2028 4356 2085 4410 in
2118 4356 2317 4411 omnia
2344 4355 2554 4411 saecula
2584 4355 2952 4413 saeculorum.
2984 4359 3189 4412 Amen.

2026 4586 2485 4662 confugitl‘isc.
2518 4587 2838 4660 denique...
2871 4604 3030 4645 omne
3053 4588 3210 4645 habet
3225 4605 3367 4662 cum
3393 4593 3555 4662 fugit.

2098 4659 2209 4729 (1:6)
2242 4658 2388 4711 Edit.
2424 4675 2648 4726 omnes,
2676 4658 2729 4714 ζςὶ
2774 4661 2963 4715 oculus
3010 4669 3134 4716 tuus
3181 4660 3367 4716 aliena
3393 4658 3659 4729 declinet,

2026 4734 2088 4783 ut
2134 4730 2362 4797 lingua;
2422 4730 2612 4797 Rom.,
2661 4735 2713 4785 et
2759 4732 2972 4801 lingua.
3029 4731 3168 4787 Mss.
3214 4730 3363 4787 Gali.
3427 4733 3541 4787 fere
3590 4728 3658 4784 ad

2026 4817 2285 4874 unum...
2311 4802 2574 4866 alienam,
2626 4806 2735 4856 etc.
2792 4802 3047 4874 Utraque
3096 4802 3264 4859 lectio
3312 4820 3493 4874 suum
3537 4814 3656 4857 sen-

2026 4888 2157 4953 sum
2198 4872 2411 4955 habere
2458 4877 2766 4955 pote‘st,.‘ut
2798 4872 3141 4955 moneamur
3187 4873 3366 4955 pculo
3412 4876 3655 4955 avertere

2024 4945 2147 4999 sive
2194 4945 2268 4999 ab
2313 4944 2518 4999 alienis
2566 4944 2805 5011 divitiis,
2864 4945 2983 4999 sive
3032 4945 3104 5000 ab
3152 4944 3345 5000 aliena
3401 4946 3649 5067 conjug.

2025 5017 2181 5067 Hanc
2208 5015 2499 5067 siquidem
2549 5016 2893 5067 Ambrosius
2940 5015 3095 5067 haud
3146 5033 3277 5067 raro
3327 5014 3567 5067 simnlici
3623 5028 3649 5067 ι’

2025 5017 2181 5070 Hanc
2208 5015 2499 5089 siquidem
2549 5016 2893 5089 Ambrosius
2928 5015 3096 5089 haud
3146 5033 3277 5072 raro
3327 5014 3655 5089 simpliciter

2021 5090 2265 5160 alienam
2321 5087 2479 5160 dicit,
2528 5087 2771 5160 _scilicet_
2816 5088 3128 5160 Scriptura:
3184 5087 3649 5144 consuetudinem

2022 5158 2308 5225 imitatus,
2368 5158 2467 5212 ubi
2527 5156 2692 5230 legis,
2746 5158 2907 5214 Prov.
2944 5156 3012 5225 'v,
3070 5159 3162 5226 20,
3224 5168 3311 5227 Μὴ
3368 5168 3521 5230 πολὺς
3558 5161 3650 5230 tu)!

2019 5241 2135 5303 πρὸς
2163 5229 2566 5304 ἀλλοτρξανῖιΑά
2585 5225 2796 5303 ’(Ῑιιθῐῐι
2843 5230 3036 5286 locum
3093 5225 3425 5304 frequenter
3477 5229 3541 5285 ab
3582 5225 3643 5289 ὃ.

2020 5300 2269 5376 praesule
2300 5300 2599 5358 alluditur.

1671 5584 2272 5627 —--...-—-—
