3830 6206
166 405 266 470 sas
977 403 1080 468 ea
1122 404 1363 470 meos
1409 405 1510 470 ET
1554 407 1744 472 VITA
1790 383 2068 474 BEATA.
2098 413 2669 480 —ADMONITIO.
3403 371 3524 487 at

726 655 844 745 IN
907 656 1331 747 LIBROS
1393 659 1536 747 DE
1601 659 1957 751 JACO’B
2017 665 2157 752 ET
2222 665 2491 756 VITA
2551 666 2919 758 BEATA

1598 811 2063 875 ADMONITIO.

167 535 1586 570 Μ

214 1049 284 1105 Ex
311 1047 433 1119 ipsa
461 1046 696 1118 quidem
728 1046 938 1103 horum
966 1045 1250 1103 librorum
1282 1049 1664 1121 inscriptione
1697 1066 2045 1122 cognoscere
2079 1054 2166 1106 est
2197 1053 2577 1109 Ambrosium
2620 1054 2690 1110 de
2720 1055 2967 1113 historia
3021 1047 3372 1131 patriarchas,
3412 1036 3516 1119 Ja-

157 1137 263 1205 cob,
291 1131 471 1208 deque
500 1135 675 1190 rebus
700 1135 771 1190 ad
800 1136 1029 1192 beatam
1063 1137 1241 1190 vitam
1275 1137 1703 1208 pertinentibus
1744 1156 1914 1211 agere
1947 1156 1960 1195 :
1994 1156 2195 1194 verum
2227 1157 2293 1195 ea
2327 1158 2440 1196 non
2468 1141 2592 1197 sola
2623 1148 2764 1198 sunt
2793 1145 2864 1199 de
2897 1144 3110 1216 quibus
3140 1143 3278 1218 agit,
3311 1153 3368 1203 et
3395 1140 3530 1206 haec

157 1224 263 1296 ipsa
289 1222 564 1295 singulari
599 1223 854 1295 quadam
887 1223 1111 1279 ratione
1137 1228 1366 1289 tractat,
1395 1242 1572 1295 quam
1607 1243 1719 1280 non
1754 1228 1857 1281 abs
1879 1244 1940 1283 re
1963 1228 2136 1282 fuerit
2165 1229 2261 1283 hic
2292 1229 2414 1298 (lib.
2479 1247 2537 1296 ιι,
2571 1247 2696 1303 cap.
2761 1233 2812 1299 1,
2873 1249 3036 1288 num.
3099 1235 3150 1306 1)
3211 1235 3513 1308 explicare.

154 1314 296 1370 Enim
327 1329 448 1367 vero
479 1316 794 1383 antequam
827 1313 898 1368 ad
932 1312 1076 1367 illud
1110 1313 1407 1368 accederet
1438 1319 1874 1385 argumentum,
1910 1316 2263 1372 existimavit
2295 1317 2602 1390 neophytis
2637 1321 2921 1376 tradenda
2949 1322 3233 1378 virtutum
3264 1317 3529 1399 praecepé'

153 1406 217 1467 ta,
245 1403 296 1455 et
322 1416 433 1471 qua
460 1400 552 1455 via
581 1400 864 1471 quibusve
921 1400 1284 1471 adjumentis
1313 1399 1723 1470 perfectionem
1783 1402 2100 1458 conditioni
2133 1405 2258 1459 vitae
2284 1423 2318 1460 a
2349 1423 2411 1461 se
2442 1407 2501 1461 in
2549 1409 2844 1479 baptismo
2901 1410 3097 1482 palam
3153 1404 3514 1487 nuncupatas

151 1488 558 1546 convenientem
593 1489 981 1559 acquirerent,
1013 1489 1412 1560 aperiendum.

209 1577 554 1648 Quapropter
583 1576 791 1648 primis
819 1575 964 1648 ipsis
995 1576 1207 1648 prioris
1243 1575 1374 1630 libri
1403 1575 1595 1632 verbis
1625 1578 1790 1632 docet
1819 1579 1890 1632 ad
1924 1578 2177 1634 fructum
2210 1579 2467 1651 aliquem
2500 1597 2568 1636 ex
2599 1583 2890 1639 institutis
2922 1585 3138 1656 quibus
3170 1565 3513 1645 imbueban-

150 1668 244 1731 tur,
277 1665 728 1738 percipiendum,
763 1665 1038 1720 adhibere
1069 1667 1332 1736 oportere
1363 1665 1624 1720 animum
1657 1666 1925 1733 docilem,
1959 1667 2059 1736 qui
2092 1671 2358 1722 motuum
2391 1685 2700 1740 pravorum
2727 1671 3018 1728 tumultus
3049 1679 3216 1729 recta
3273 1669 3516 1733 rationis

147 1755 460 1810 tractatione
493 1753 840 1824 corrigeret:
876 1753 1109 1808 tametsi
1143 1753 1298 1807 enim
1331 1769 1533 1808 omnes
1564 1752 1695 1808 illos
1731 1758 1925 1808 motus
1957 1771 2043 1821 ea,
2070 1760 2521 1826 quantacunque
2550 1757 2734 1813 virtus
2766 1760 2893 1829 ejus
2924 1761 3019 1830 sit,
3053 1760 3334 1819 radicitus
3365 1765 3512 1821 evel-

143 1841 238 1897 lere
255 1842 593 1913 neutiquam
623 1840 835 1908 valent,
869 1856 1039 1912 posse
1067 1845 1261 1896 tamen
1294 1839 1642 1911 cupiditates
1668 1841 1913 1896 resecari
1946 1843 2354 1914 temperantia,
2378 1859 2557 1914 quam
2590 1845 2744 1900 Deus
2789 1847 2977 1917 primo
3003 1847 3249 1920 parenti,
3285 1865 3532 1919 necnon,

145 1935 316 2003 postea
345 1930 398 1987 in
432 1929 562 2002 lege
592 1930 941 1984 servandum
973 1930 1244 2001 praecepit
1276 1946 1288 1982 :
1323 1929 1458 1984 hinc
1490 1935 1722 1984 nostros
1753 1947 1956 1985 omnes
1987 1930 2189 2002 lapsus
2218 1931 2510 1987 voluntati
2546 1931 2625 1986 illi
2690 1951 2817 2005 quae
2876 1936 3042 2007 Legis
3096 1935 3164 1993 ac'
3220 1932 3515 2012 Evangelii

138 2020 297 2091 jussis
323 2035 524 2092 parere
557 2023 801 2091 poterat,
839 2035 955 2073 non
986 2019 1144 2074 carni
1176 2019 1346 2088 cujus
1402 2018 1682 2073 membris
1739 2019 1867 2090 ipsa
1922 2035 2023 2090 pro
2082 2018 2248 2075 libito
2281 2021 2399 2076 sive
2431 2021 2503 2075 ad
2527 2023 2823 2092 justitiam
2851 2024 2969 2079 sive
3010 2025 3082 2080 ad
3141 2025 3512 2098 iniquitatem

142 2110 398 2174 utebatur,
428 2108 812 2179 imputandos
845 2123 972 2162 esse
1007 2125 1018 2162 :
1052 2107 1112 2163 Si
1140 2108 1403 2162 diabolus
1432 2109 1808 2162 voluntarium
1831 2107 1941 2161 sibi
1967 2125 2182 2162 servum
2227 2111 2577 2165 auctionatur
2625 2110 2750 2182 (lib.
2784 2128 2824 2177 ι,
2855 2128 2981 2184 cap.
3032 2115 3089 2184 3,
3142 2131 3306 2169 num.
3342 2116 3446 2187 10),
3479 2133 3514 2172 a

146 2196 343 2252 Christo
371 2213 486 2251 non
552 2195 664 2250 nisi
695 2195 1067 2250 voluntarium
1123 2195 1357 2249 militem
1386 2194 1519 2267 eligi
1552 2213 1564 2250 :
1599 2212 1889 2267 quemque
1920 2200 2113 2250 autem
2172 2197 2407 2268 propria
2437 2201 2644 2269 sponte
2683 2197 2841 2254 illius
2892 2215 3125 2255 servum
3155 2201 3278 2256 ﬁeri
3336 2217 3511 2274 quem

140 2284 232 2339 sibi
258 2284 569 2341 Dominum
601 2285 956 2355 adoptasset.
990 2284 1070 2338 Ex
1100 2283 1192 2338 his
1224 2283 1496 2355 praeclare
1525 2285 1596 2338 ob
1630 2284 1827 2340 oculos
1860 2285 2025 2355 ponit
2055 2277 2342 2356 quantum
2369 2285 2563 2358 gloriae
2595 2303 2661 2342 ac
2693 2287 2963 2343 utilitatis
2993 2289 3190 2345 redeat
3237 2305 3306 2345 ex
3334 2290 3510 2346 servi-

138 2373 200 2428 tio
227 2373 450 2441 Christi,
486 2374 661 2443 cujus
688 2371 925 2442 quidem
957 2388 1261 2443 nunquam
1294 2387 1408 2426 non
1439 2371 1637 2426 liberti
1668 2389 1902 2438 sumus,
1937 2373 2153 2444 quippe
2184 2391 2331 2444 quos
2363 2375 2650 2454 immenso
2682 2375 2887 2432 mortis
2933 2393 3052 2432 suae
3104 2377 3288 2448 pretio
3346 2379 3507 2435 rede-

137 2462 298 2530 merit,
332 2478 396 2516 ac
426 2461 793 2530 redimendo,
825 2460 1167 2514 muneribus
1198 2460 1363 2532 queis
1390 2461 1614 2531 majora
1641 2460 1756 2515 alia
1785 2477 1889 2515 nec
1914 2466 2110 2532 Optare
2143 2461 2326 2532 possit
2357 2462 2695 2533 quisquam,
2730 2464 3046 2520 donaverit.

192 2551 440 2604 Afﬁrmat
471 2565 650 2621 porro
673 2547 868 2603 divina
898 2548 1050 2602 inter
1080 2548 1358 2603 beneficia
1385 2550 1811 2603 numerandam
1870 2565 1996 2604 esse
2030 2549 2240 2620 Legem
2298 2549 2584 2616 Veterem,
2628 2552 3105 2622 quandoquidem
3138 2552 3338 2608 addita
3394 2553 3508 2625 ipsi

136 2639 294 2710 gratia
323 2639 460 2711 quid
489 2638 684 2693 eidem
710 2637 820 2709 legi
853 2636 1130 2708 possibile
1163 2653 1276 2691 non
1308 2642 1451 2703 erat,
1484 2637 1673 2692 effecit
1705 2655 1717 2704 ;
1751 2641 1816 2692 ut
1846 2655 2078 2709 semper
2108 2639 2177 2692 ad
2220 2655 2387 2708 opem
2419 2639 2866 2710 confugeremus
2923 2640 3294 2712 praepotentis
3349 2639 3509 2698 illius

137 2727 444 2793 Servatoris,
479 2727 612 2782 sine
632 2742 744 2796 quo
775 2726 846 2780 ad
878 2724 1290 2797 perfectionem
1324 2726 1653 2780 sanctitatis
1679 2726 1978 2798 pervenire
2006 2743 2122 2780 non
2149 2725 2301 2781 licet.
2335 2727 2419 2781 Ad
2451 2732 2774 2783 extremum
2807 2727 3072 2782 hortatur
3113 2744 3187 2783 ne
3242 2743 3506 2798 unquam

135 2814 398 2885 patiamur
427 2813 720 2870 memoria
752 2812 920 2868 nobis
951 2813 1211 2868 excidere
1245 2829 1545 2868 summum
1577 2813 1718 2869 illud
1777 2814 2123 2870 beneﬁcium
2185 2831 2286 2886 per
2345 2815 2499 2886 quod
2560 2815 2728 2870 nobis
2778 2815 2837 2869 in
2887 2815 3238 2886 baptismate
3276 2814 3506 2872 Christo

135 2903 486 2960 commortuis
522 2906 583 2958 et
612 2901 1027 2957 conviviﬁcatis
1057 2906 1290 2973 peccata
1319 2901 1566 2956 dimissa
1592 2907 1788 2958 essent
1820 2921 1833 2970 ;
1878 2907 1937 2958 et
1965 2903 2153 2957 eidem
2206 2903 2324 2958 vita
2371 2904 2570 2976 gratiae
2594 2905 2982 2976 jungeremur
3037 2921 3103 2960 ac
3157 2905 3505 2961 viveremus.

133 2990 269 3047 Unde
297 2991 599 3047 concludit
631 2991 701 3044 ab
733 3006 798 3044 eo
829 3006 934 3045 nos
966 3005 1153 3060 neque
1176 2990 1435 3045 adversis
1466 3005 1653 3061 neque
1685 2991 2074 3047 incommodis
2104 2989 2240 3046 ullis
2274 2992 2529 3062 separari
2561 2992 2788 3057 debere,
2835 3007 2970 3046 cum
2996 2992 3054 3046 in
3113 2991 3274 3048 hisce
3329 2991 3505 3049 rebus

136 3081 240 3135 vitae
268 3081 436 3136 istius
467 3079 722 3136 felicitas
752 3077 944 3133 omnis
976 3078 1165 3149 posita
1195 3078 1288 3133 sit.

190 3169 376 3240 Itaque
405 3173 726 3240 postquam
756 3171 992 3221 sanctus
1021 3167 1231 3220 Doctor
1255 3166 1313 3220 in
1345 3166 1635 3236 ejusmodi
1668 3166 2152 3238 przeceptionibus
2211 3167 2384 3238 primi
2413 3167 2591 3238 hujus
2623 3167 2754 3222 libri
2787 3185 2885 3223 sex
2914 3168 3105 3239 capita
3159 3167 3504 3240 insumpsit,

131 3254 178 3310 in
201 3258 456 3329 septimo,
490 3257 651 3311 sicut
681 3259 737 3309 et
765 3256 824 3309 in
857 3259 1056 3309 octavo
1089 3253 1456 3327 generalibus
1490 3255 1854 3326 argumentis
1884 3256 2246 3310 demonstrat
2277 3255 2437 3310 nulla
2464 3255 2815 3322 calamitate,
2865 3254 3027 3310 nulla
3084 3254 3321 3311 miseria
3373 3255 3502 3311 vita;

134 3341 436 3401 felicitatem
468 3343 835 3415 interpellari
870 3361 882 3410 ;
917 3344 977 3396 in
1006 3345 1093 3397 his
1124 3345 1292 3409 enim,
1325 3343 1538 3414 inquit,
1560 3344 1872 3415 probamur,
1905 3347 1966 3398 in
1996 3346 2081 3399 his
2115 3345 2270 3400 beata
2295 3347 2405 3400 vita
2435 3348 2532 3411 est,
2564 3345 2784 3400 etiamsi
2813 3344 3000 3399 multis
3024 3341 3297 3414 periculis
3333 3345 3502 3400 inun-

135 3432 272 3488 detur
297 3434 455 3505 (Ibid.
487 3451 623 3504 cap.
654 3435 708 3498 7,
741 3447 904 3486 num.
937 3433 1049 3500 27).
1083 3431 1210 3486 Haec
1238 3437 1433 3487 tamen
1465 3433 1523 3486 in
1555 3431 1666 3487 alio
1694 3432 1929 3502 reperiri
1962 3437 2132 3504 negat
2161 3433 2274 3487 nisi
2305 3433 2363 3487 in
2396 3433 2678 3504 sapiente,
2705 3433 2882 3502 justo,
2915 3436 2972 3487 et
2999 3431 3253 3504 perfecto
3308 3430 3498 3488 homi-

129 3536 204 3585 ne,
233 3525 322 3593 qui
347 3539 445 3578 nec
474 3520 785 3592 dispendiis
817 3522 1110 3588 minuitur,
1139 3536 1236 3574 nec
1264 3520 1503 3575 adversis
1522 3523 1820 3593 frangitur
1848 3520 2004 3589 (Ibid.
2032 3537 2194 3574 num.
2228 3521 2315 3582 31)
2350 3539 2362 3588 ;
2414 3537 2547 3575 cum
2609 3519 2981 3576 beatudinem
3040 3535 3209 3575 suam
3266 3518 3326 3575 in
3382 3536 3502 3576 una

129 3611 312 3666 summi
343 3611 506 3678 boni,
541 3609 653 3665 hoc
687 3612 796 3676 est,
827 3609 1138 3681 ipsiusmet
1168 3608 1266 3664 Dei
1299 3609 1570 3680 passione
1601 3609 1938 3666 constituat.
1970 3609 2256 3664 Caeterum
2290 3626 2324 3663 a
2351 3610 2602 3681 perfecto
2633 3608 2731 3664 illo
2774 3623 3148 3680 nequaquam
3206 3607 3383 3682 exigit
3439 3608 3501 3665 in

128 3697 348 3767 damnis,
372 3702 550 3771 putat
579 3697 638 3752 in
667 3697 910 3763 morbis,
933 3697 993 3752 in
1024 3701 1207 3752 morte
1239 3697 1826 3769 consanguineorum,
1849 3697 1908 3750 in
1941 3697 2294 3768 captivitate.
2329 3697 2573 3752 stoicam
2606 3695 3034 3767 apathiam,sed
3065 3695 3279 3752 mentis
3309 3712 3500 3768 isqua-

125 3783 396 3856 bilitalem,
430 3803 623 3859 quam
654 3786 724 3841 ab
757 3785 856 3840 illo
887 3785 1036 3857 ipsio
1067 3784 1212 3841 alios
1241 3785 1434 3841 doceri
1465 3785 1828 3840 testiﬁcatur.

181 3874 270 3931 His
300 3875 626 3933 universim
658 3875 716 3929 in
747 3873 935 3945 primo
965 3873 1113 3928 libro
1147 3873 1498 3941 constitutis,
1531 3875 1590 3928 in
1624 3875 1880 3930 secundo
1910 3875 2114 3929 eadem
2148 3874 2532 3931 nobilissimis
2562 3873 2852 3929 clarorum
2868 3873 3126 3929 virorum
3147 3873 3249 3945 qui
3279 3874 3390 3930 sub
3409 3889 3508 3929 an-

126 3959 263 4035 tiquo
292 3965 511 4020 fmdere
543 3963 883 4029 ﬂoruerunt,
917 3961 1196 4034 exemplis
1222 3962 1447 4033 probat.
1480 3963 1588 4016 Sed
1621 3963 1913 4033 imprimis
1947 3962 2288 4034 patriarchae
2319 3963 2500 4017 Jacob
2529 3961 2707 4017 vitam
2741 3963 3029 4033 proponit,
3082 3962 3252 4032 cujus
3305 3959 3507 4036 praeci-

128 4051 239 4120 puis
257 4053 590 4108 actionibus
620 4050 860 4123 planum
890 4050 1046 4117 facit,
1081 4054 1300 4120 quanta
1327 4049 1412 4104 vel
1446 4050 1504 4104 in
1535 4049 1808 4104 maximis
1836 4048 2268 4104 calamitatibus
2301 4048 2572 4104 felicitate
2601 4049 2679 4103 sit
2707 4049 2943 4119 potitus.
2972 4050 3116 4104 Cum
3149 4050 3346 4102 autem
3407 4061 3505 4102 su-

129 4137 278 4195 binde
304 4155 642 4198 sermonem
673 4155 848 4195 suum
880 4139 1342 4210 expositionibus
1374 4139 1444 4193 ad
1477 4154 1669 4193 mores
1703 4138 2103 4192 informandos
2136 4135 2386 4192 maxime
2419 4136 2810 4191 accomodatis
2841 4138 3130 4208 aspergat,
3155 4135 3509 4206 quandoque

129 4227 279 4302 etiam
309 4229 642 4304 digreditur
671 4231 1036 4300 argumento,
1067 4232 1132 4282 ut
1160 4227 1218 4281 in
1253 4227 1498 4298 mystico
1529 4243 1706 4282 sensu
1741 4226 2048 4298 spatietur.
2093 4225 2348 4297 Denique
2380 4242 2493 4280 non
2527 4223 2758 4279 dubitat
2786 4225 2856 4279 de
2883 4223 3400 4294 parentum-Jacob
3445 4222 3506 4278 in

131 4330 243 4372 eum
272 4319 556 4374 charitatc
587 4321 677 4371 sat
707 4316 908 4372 multis
940 4316 1244 4382 disserere,
1278 4319 1342 4370 ut
1372 4316 1507 4370 inde
1540 4319 1808 4386 parentes
1839 4331 2044 4370 omnes
2074 4313 2427 4384 intelligant,
2461 4313 2752 4384 quomodo
2785 4329 2923 4384 erga
2953 4311 3168 4368 liberos
3226 4311 3508 4383 aequalem

131 4404 371 4462 exhibere
397 4420 664 4462 amorem
694 4408 868 4475 atque
885 4404 1178 4474 justitiam
1209 4407 1532 4458 teneantur.
1565 4402 1692 4458 Alia
1721 4395 2004 4457 nonnulla
2033 4403 2294 4473 ejusdem
2356 4399 2696 4472 patriarcha:
2754 4400 2924 4466 facta,
2983 4399 3316 4469 cujusmodi
3372 4403 3510 4456 sunt

134 4506 237 4561 qua
266 4494 562 4566 contigere
595 4491 941 4563 patriarchis
971 4491 1404 4559 benedicendis,
1440 4491 1673 4562 attingit
1696 4491 1954 4562 quidem,
1989 4491 2090 4546 sed
2121 4489 2324 4562 paucis
2354 4487 2592 4544 omnino
2627 4507 2639 4556 ;
2673 4488 2831 4544 haud
2863 4487 3037 4543 dubie
3067 4502 3133 4543 eo
3165 4487 3430 4554 consilio,
3445 4491 3511 4543 ut

131 4578 215 4635 illa
241 4581 362 4654 ipsa
391 4580 634 4654 proprio
664 4583 913 4635 tractatu
944 4579 1134 4635 fusius
1165 4579 1520 4650 uberiusque
1547 4585 2014 4652 prosequeretur.
2047 4579 2186 4635 Post
2217 4579 2338 4634 haec
2366 4577 2646 4648 subjectis
2674 4577 2860 4632 obiter
2885 4575 3100 4649 Joseph
3131 4581 3311 4648 atque
3366 4575 3508 4634 alio-

133 4682 242 4723 rum
267 4669 660 4742 quorumdam
683 4668 985 4741 exemplis,
1014 4669 1086 4723 ad
1119 4669 1479 4724 sacerdotem
1512 4668 1869 4735 Eleazarum,
1895 4685 1960 4723 ac
1986 4672 2207 4740 septem
2241 4668 2447 4722 fratres
2477 4665 2860 4732 Machabazos,
2896 4681 3216 4737 eorumque
3258 4667 3507 4743 matrem

131 4755 326 4828 styium
359 4758 664 4815 convertit.
699 4757 800 4812 Hic
832 4775 973 4812 sane
1002 4757 1061 4812 in
1095 4757 1282 4812 tribus
1315 4756 1538 4812 ultimis
1569 4757 1816 4827 hujusce
1838 4755 1968 4812 libri
2011 4757 2300 4828 capitibus
2333 4759 2452 4811 toto
2483 4754 2826 4827 eloquentiae
2858 4770 2978 4810 suae
3009 4770 3185 4810 cursu
3215 4753 3416 4819 fertur,
3440 4754 3504 4806 ut

132 4841 444 4903 felicitatem
478 4863 599 4918 qua
637 4845 992 4901 nobilissimi
1025 4845 1105 4899 illi
1140 4849 1425 4916 martyres
1457 4847 1516 4899 in
1546 4846 1660 4916 lege
1692 4847 1905 4913 nutriti,
1931 4862 2032 4917 per
2051 4848 2291 4916 gratiam
2319 4846 2567 4901 coronati
2619 4843 2742 4915 (lib.
2769 4861 2830 4913 ιι,
2889 4860 3015 4915 cap.
3080 4842 3190 4913 11),
3247 4841 3307 4896 in
3364 4839 3512 4911 ipsis

133 4933 418 5004 suppliciis
449 4934 587 4989 licet
618 4933 1154 4989 immanimissimis
1184 4934 1530 5000 beabantur,
1563 4951 1859 4988 summam
1890 4932 2236 4989 exsistitisse
2268 4934 2647 4988 demonstret.

190 5020 327 5078 Cum
358 5029 557 5079 autem
590 5021 812 5078 diutius
841 5022 901 5077 in
931 5021 1132 5078 Jacobi
1163 5021 1424 5094 exemplo
1456 5022 1824 5093 immoretur,
1855 5024 1926 5078 de
1958 5039 2073 5093 quo
2104 5038 2308 5087 novem
2341 5022 2521 5076 ferme
2554 5019 2792 5076 secundi
2825 5019 2957 5074 libri
3015 5015 3282 5088 captibus
3310 5014 3512 5086 dispu-

135 5109 223 5176 tat,
253 5115 315 5164 ut
341 5111 403 5166 in
434 5111 708 5166 maximis
741 5127 975 5182 quoque
1006 5110 1261 5166 miseriis
1292 5115 1518 5166 astruat
1551 5112 1780 5166 beatam
1812 5127 1939 5166 esse
1971 5110 2146 5164 vitam
2184 5127 2195 5164 :
2229 5109 2366 5164 hinc
2397 5109 2576 5164 dubio
2608 5106 2808 5180 procul
2839 5105 2998 5177 operi
3028 5102 3238 5160 titulus
3265 5102 3516 5173 inscrip-

132 5196 213 5250 tus
241 5202 326 5252 est
355 5201 428 5254 De
458 5199 618 5254 Jacob
646 5202 698 5254 et
721 5200 833 5253 vita
865 5199 1018 5253 beata
1048 5219 1066 5266 ;
1100 5216 1204 5254 nec
1236 5198 1412 5254 aliam
1445 5199 1518 5255 ob
1550 5215 1788 5254 causam
1809 5198 1945 5254 alibi
1978 5197 2180 5253 scribit
2210 5196 2569 5268 propositam
2601 5196 2705 5250 abs
2743 5211 2804 5249 se
2835 5196 2907 5269 in.
2950 5192 3109 5249 Jacob
3174 5191 3518 5260 singularem

133 5285 292 5340 animi
320 5287 674 5358 laborumque
696 5289 1026 5358 patientiam
1055 5287 1181 5357 (lib.
1218 5289 1288 5342 De
1315 5287 1508 5358 Ioseph
1525 5290 1790 5358 patriar.,
1824 5303 1872 5340 c.
1909 5287 1958 5354 1,
1993 5301 2155 5340 num.
2193 5289 2262 5356 1).
2298 5286 2368 5338 At
2400 5282 2633 5353 quando
2667 5281 2984 5336 illustrium
3043 5279 3218 5358 etiam
3276 5275 3516 5336 Macha-

130 5369 371 5430 baorum
404 5375 930 5431 celebratissimum
963 5391 1204 5448 agonem
1237 5375 1464 5432 ultimis
1487 5376 1676 5431 tribus
1693 5374 1979 5446 capitibus
2012 5372 2360 5445 praedicavit,
2394 5371 2530 5425 hinc
2553 5387 2682 5426 esse
2710 5368 3064 5426 arbitramur
3088 5367 3242 5438 quod
3269 5367 3518 5441 Magnus

133 5457 500 5519 Cassiodorus
537 5464 945 5519 dixeritzNam
973 5474 1022 5520 et
1053 5469 1275 5520 sanctus
1305 5466 1642 5529 Ambrosius,
1693 5465 1788 5518 ubi
1834 5464 1899 5519 de
1941 5478 2173 5534 persona
2219 5459 2416 5531 Joseph
2466 5461 2581 5530 ipse
2639 5459 2900 5530 loquitur,
2959 5455 3255 5513 secundum
3307 5457 3522 5514 librum

134 5544 551 5608 Hachabaeorum
581 5553 818 5624 exempli
845 5569 1012 5608 causa
1039 5557 1327 5619 memorat,
1358 5554 1513 5624 cujus
1536 5555 1848 5608 maximam
1889 5554 2102 5624 partem
2130 5550 2197 5604 ad
2255 5547 2732 5604 demonstrandam
2789 5547 3138 5602 tolerantiam
3193 5547 3519 5618 eloquentia:

133 5649 233 5690 sua:
258 5638 574 5696 dulcissimo
606 5642 816 5712 liquore
839 5645 1094 5715 patefecit
1125 5643 1219 5712 (De
1249 5642 1424 5696 Instit.
1457 5642 1630 5696 divin.
1659 5642 1765 5695 litt.
1800 5657 1927 5711 cap.
1959 5641 2036 5701 6).
2071 5640 2185 5696 Cur
2215 5637 2309 5692 hic
2343 5640 2544 5692 auctor
2572 5636 2716 5692 istas
2758 5634 3277 5692 commentationes
3324 5631 3520 5690 nomi-

135 5737 199 5779 ne
226 5723 507 5782 librorum
537 5730 612 5784 De
639 5731 976 5786 Patriarchis
1007 5729 1413 5802 designaverit,
1441 5731 1566 5800 jam
1601 5728 1961 5784 declaratum
1995 5732 2084 5785 est
2116 5744 2127 5781 :
2165 5731 2224 5783 at
2243 5743 2378 5783 vero
2412 5726 2471 5780 in
2502 5725 2748 5781 dubium
2809 5740 3073 5781 revocare
3121 5723 3255 5796 quis
3311 5719 3518 5794 possit,

137 5826 203 5867 an
230 5829 344 5872 non
377 5814 437 5870 in
468 5815 698 5876 laudato
729 5819 1063 5878 testimonio
1094 5836 1197 5892 pro
1226 5818 1417 5890 Ioseph
1439 5816 1650 5875 melius
1674 5817 1853 5874 Jacob
1886 5818 2340 5874 substitueretur
2368 5815 2395 5871 ?
2439 5814 2600 5871 Certe
2659 5814 2896 5886 quidem
2951 5812 3010 5868 id
3043 5828 3158 5869 non
3216 5823 3518 5882 perperam
