3830 6206
1089 356 1194 422 DE
1236 355 1480 423 JACOB
1522 354 1624 424 ET
1665 357 1849 423 VITA
1889 357 2150 425 BEATA
2194 359 2342 424 LIB.
2387 356 2437 422 Ῑ.

3342 348 3464 422 830

126 491 369 557 naturalia
392 492 689 568 temperat,
723 493 826 553 aut
870 490 1143 552 utilitatis
1190 496 1445 551 assertor
1489 498 1579 550 est
1609 493 1703 565 (5).
1737 500 1788 563 Α
1890 496 1941 551 4.
1976 495 2173 552 Potest
2198 494 2379 569 igitur
2409 509 2574 552 mens
2603 490 2799 553 sobria
2825 487 3241 567 impressiones
3283 491 3461 549 refre-

123 587 342 659 Denique
392 600 501 641 non
567 582 652 640 ibi
718 582 930 640 excidit
981 582 1539 655 concupiscentiam,
1607 584 1706 639 sed

125 675 235 732 facit
253 690 316 731 ne
343 671 810 744 concupiscentia
840 672 1186 729 serviamus.
1221 671 1362 735 Quis
1392 671 1549 727 enim
1579 675 1706 727 tan-

123 770 214 833 tus,
256 768 315 819 ut
357 760 703 834 corporalem
753 765 980 817 motum
1053 761 1236 833 possit
1287 761 1534 829 auferre,
1592 760 1707 817 nisi

124 852 252 909 solus
277 851 366 908 ille
392 850 487 922 qui
516 850 705 922 potuit
733 849 805 905 de
833 849 1197 905 infructuosa
1225 847 1476 904 ﬁculnea
1495 849 1704 916 dicere,

122 941 208 997 hoc
248 944 326 997 est
368 938 583 995 malitia
626 938 962 995 Judteorum
995 938 1072 1010 (6)
1106 956 1119 993 :
1154 961 1183 989 «
1217 939 1359 994 Ecce
1407 937 1544 994 anni
1590 943 1708 994 tres

125 1034 234 1086 sunt
254 1046 317 1086 ex
343 1045 452 1102 quo
480 1027 606 1085 veni
636 1043 905 1100 quaerens
934 1028 1190 1083 fructum
1221 1028 1280 1087 in
1311 1027 1703 1095 ﬁculneabac,

122 1124 166 1175 et
187 1134 284 1175 non
311 1117 527 1174 invenio
560 1133 572 1171 :
604 1116 838 1173 succide
867 1133 1004 1190 ergo
1035 1115 1215 1171 illam.
1258 1116 1361 1172 Cui
1408 1116 1711 1188 respondit

122 1222 323 1263 servus:
354 1204 603 1261 Remitte
640 1204 802 1260 illam
852 1209 910 1261 et
957 1205 1066 1262 hoc
1115 1222 1288 1274 anno,
1335 1222 1518 1277 usque
1565 1205 1705 1260 dum

120 1293 294 1350 fodiam
322 1294 467 1351 circa
492 1293 675 1362 illam,
709 1296 766 1349 et
794 1292 1023 1350 mittam
1054 1293 1374 1365 cephinum
1413 1294 1706 1360 stercoris,

118 1387 161 1438 et
197 1382 458 1455 siquidem
504 1384 759 1440 fructum
792 1382 988 1438 fecerit
1024 1399 1036 1437 :
1072 1382 1163 1438 sin
1203 1385 1423 1446 autem,
1455 1380 1518 1436 in
1549 1380 1705 1435 futu-

116 1487 219 1526 rum
242 1470 483 1528 succides
511 1470 674 1528 illam
708 1472 860 1543 (Luc.
892 1488 1014 1538 xm,
1045 1473 1226 1542 7-9).»
1259 1471 1463 1526 Merito
1492 1470 1563 1526 ad
1596 1470 1705 1525 Do-

115 1559 299 1615 minum
327 1558 538 1626 retulit,
572 1560 713 1632 quia
737 1560 1140 1616 exscindenda;
1181 1558 1522 1631 temporalis
1576 1575 1706 1630 pro-

115 1645 350 1719 lapsionis
377 1648 802 1720 (7)potestatem
834 1648 946 1704 sibi
980 1648 1105 1721 ipse
1135 1647 1575 1703 vindicare-non
1604 1664 1704 1719 po-

114 1740 230 1791 terat
256 1754 267 1792 :
298 1736 392 1792 sed
420 1736 665 1793 Domino
696 1738 1050 1794 reservabat.

1818 600 1957 640 nare
1986 600 2052 641 ac
2083 580 2396 657 reprimere
2428 584 2698 658 quamvis
2727 584 2991 658 gravium
3022 581 3385 656 passionum,
3404 586 3462 637 et

1815 673 2099 729 fervorem
2131 690 2365 730 omnem
2397 674 2735 747 cupiditatis
2783 672 3249 744 flagrantissimae
3292 670 3459 727 refri-

1818 763 2306 834 gerare,derivare
2335 763 2447 819 alio
2478 766 2761 830 motus,et
2784 766 2950 818 rectae
2982 761 3230 817 rationis
3255 763 3462 816 tracta-

1816 850 1973 906 tione
2003 851 2287 923 despuere
2318 853 2642 924 passiones.
2668 851 2894 907 Etenim
2925 866 3060 906 cum
3093 851 3241 906 Deus
3269 847 3459 905 homi-

1817 956 1952 995 nem
1985 941 2383 1008 constitueret,
2414 945 2472 996 et
2500 939 2559 996 in
2590 957 2656 997 eo
2686 957 2878 996 mores
2925 954 3251 1011 sensusque
3298 936 3461 1010 plan-

1814 1031 1985 1098 taret,
2009 1034 2152 1084 tunc
2200 1028 2456 1086 motibus
2501 1030 2631 1101 ejus
2674 1029 2957 1100 imposuit
3005 1026 3198 1101 regale
3244 1025 3459 1082 mentis

1816 1115 2164 1190 imperium;
2218 1122 2286 1174 ut
2339 1134 2542 1174 omnes
2599 1134 2809 1174 sensus
2862 1120 3172 1188 motusque
3202 1112 3459 1170 hominis

1815 1205 1942 1276 ejus
1986 1205 2183 1279 vigore
2231 1222 2296 1262 ac
2341 1210 2627 1279 potestate
2676 1207 3031 1279 regerentur.
3063 1202 3349 1274 Adjunxit
3384 1201 3458 1257 ad

1814 1294 2060 1365 gratiam
2093 1298 2390 1365 creaturae,
2423 1298 2490 1350 ut
2520 1298 2776 1351 mentem
2806 1294 2997 1367 ipsam
3026 1291 3241 1348 divinis
3285 1290 3462 1346 infor-

1815 1387 2004 1439 maret
2048 1384 2372 1455 praeceptis,
2409 1387 2466 1439 et
2495 1384 2793 1455 sapientiae
2842 1383 3157 1438 instrueret
3197 1378 3458 1453 discipli-

1814 1471 1929 1537 nis,
1975 1471 2190 1543 quibus
2239 1476 2296 1528 et
2343 1472 2598 1528 cavenda
2644 1474 3050 1544 praenosceret,
3089 1473 3148 1525 et
3193 1468 3461 1542 eligenda

1815 1565 2187 1632 cognosceret
2221 1561 2317 1633 (8).
2352 1561 2516 1617 Mens
2562 1560 2743 1633 igitur
2786 1563 2943 1615 recta
2994 1557 3217 1614 ratione
3254 1561 3459 1614 tenens

1815 1647 2186 1721 disciplinam
2216 1648 2533 1721 sapientiae,
2558 1653 2625 1705 ut
2654 1648 2854 1705 divina
2877 1664 2943 1705 ac
2971 1647 3233 1703 humana
3253 1660 3461 1719 cogno-

1816 1740 1960 1808 scat,
1991 1737 2258 1794 eruditur
2304 1737 2365 1793 in
2415 1737 2542 1811 lege
2589 1754 2692 1811 per
2738 1754 2915 1809 quam
2964 1735 3139 1793 discit
3167 1751 3316 1808 quas
3346 1733 3459 1791 sibi

164 1824 212 1925 3ἰ
237 1825 480 1899 Denique
536 1842 713 1898 quem
770 1826 842 1882 de
898 1824 1237 1882 hominibus
1294 1823 1593 1929 meliorem
1650 1827 1709 1923 et
1739 1863 1787 1929 B
1818 1825 2107 1896 subjicere
2137 1826 2342 1883 debeat
2370 1826 2693 1899 passiones.

113 1912 358 1969 fortiorem
387 1930 783 1981 assumemus,
818 1930 996 1986 quam
1029 1917 1299 1971 sanctum
1349 1913 1552 1982 David,
1605 1912 1705 1986 qui

113 1999 199 2056 sibi
224 2002 581 2074 cupiditatem
636 2019 754 2074 qua
805 2002 1179 2075 concupierat
1229 2017 1442 2073 aquam
1475 2002 1546 2056 de
1575 2000 1706 2057 lacu

111 2090 415 2160 Bethlehem,
462 2090 663 2148 hostili
719 2091 1098 2148 interclusam
1146 2090 1423 2157 exercitu,
1481 2090 1706 2147 auferre

111 2194 199 2233 non
222 2181 412 2251 potuit,
433 2180 626 2252 potuit
655 2180 965 2252 mitigare?
994 2184 1141 2236 Nam
1173 2196 1308 2235 cum
1341 2178 1473 2237 aliis
1503 2179 1707 2250 utique

110 2266 228 2323 “5
255 2268 496 2325 defuisse
520 2285 640 2325 non
671 2269 1063 2335 inveniamus,
1094 2268 1151 2324 id
1181 2272 1288 2336 est,
1336 2271 1499 2324 tanto
1526 2256 1704 2324 exer-

109 2354 226 2412 citus
250 2373 646 2429 numero,cum
678 2358 881 2429 utique
912 2357 1099 2414 multo
1130 2356 1328 2413 minus
1354 2356 1474 2431 regi
1506 2357 1707 2412 deesse

106 2445 312 2514 potuerit
353 2461 420 2502 ex
465 2446 689 2502 caeteris
739 2446 998 2503 fontibus
1028 2462 1212 2517 aqua;
1245 2443 1705 2500 irrationabilem

107 2533 374 2601 quamdam
405 2534 939 2607 concupiscentiam
969 2532 1557 2606 passus,desideravit
1575 2547 1705 2588 eam

107 2636 207 2690 quae
231 2621 474 2680 hostium
503 2628 633 2680 erat
658 2623 1112 2680 circumfusione
1140 2621 1374 2688 vallata,
1394 2622 1550 2677 unde
1579 2620 1706 2677 sine

106 2709 311 2767 maxime
341 2712 595 2784 periculo
627 2728 743 2767 non
775 2711 941 2767 facile
990 2711 1280 2783 potuisset
1324 2710 1555 2766 deferri.
1586 2712 1704 2766 Ita-

105 2812 187 2867 que
211 2799 281 2855 ait
310 2816 322 2855 :
358 2821 386 2850 ‹‹
413 2801 555 2868 Quis
587 2800 735 2856 mihi
764 2800 928 2857 dabit
956 2804 1161 2872 potum
1193 2800 1263 2855 de
1293 2798 1421 2855 lacu
1469 2798 1569 2871 qui
1617 2801 1706 2854 est

102 2883 146 2938 in
183 2886 492 2945 Bethlebem
541 2890 617 2946 ad
669 2895 896 2961 portam
929 2889 1005 2961 (ll
1045 2889 1174 2958 Reg.
1208 2904 1368 2956 XXIII,
1414 2887 1544 2959 15)?
1574 2908 1602 2938 »
1636 2887 1707 2941 Et

102 2987 206 3030 cum
233 2981 416 3032 essent
461 2978 679 3051 reperti
726 2982 848 3035 tres
891 2977 1001 3033 viri
1050 2977 1150 3048 qui
1200 2977 1459 3033 hostium
1516 2979 1707 3032 castra

100 3063 444 3133 preciderent,
474 3071 534 3122 et
557 3066 853 3121 deferrent
882 3081 1094 3138 aquam
1126 3082 1303 3137 quam
1334 3080 1566 3120 summo
1604 3064 1703 3119 de-

101 3148 271 3207 siderio
323 3153 735 3221 desiderasset,
805 3169 1162 3226 cognoscens
1233 3155 1385 3226 quod
1446 3152 1703 3226 periculo

1816 1986 2170 2042 Passionibus
2198 1994 2313 2041 tum
2343 1914 2691 2053 animEAtIiJu'Ir‘i
2721 1914 2964 2056 ibi-poris
3003 1985 3279 2056 moderari
3323 1991 3457 2040 tem-

1886 2059 2201 2126 perantiam
2246 2076 2264 2111 :
2312 2059 2468 2128 cujus
2513 2058 2730 2128 effectus
2765 2055 3219 2128 patriarcharum
3237 2055 3456 2111 demort—

1884 2125 2135 2183 strantur
2197 2125 2479 2199 exemplis,
2539 2125 2604 2183 ac
2656 2125 2849 2182 deinde
2902 2128 3134 2199 rationis
3186 2125 3459 2199 dignitate

1883 2199 2277 2268 commendata,
2318 2197 2563 2254 eamdem
2608 2200 3028 2268 imperantium
3078 2197 3264 2253 divino
3309 2211 3456 2268 pree-

1884 2274 2032 2341 cepto
2050 2272 2263 2326 muniri
2285 2270 2512 2325 Sanctus
2531 2268 2781 2326 ostendit.

1883 2360 1938 2414 5.
1972 2358 2317 2414 Passienum
2349 2361 2543 2414 autem
2590 2356 2747 2414 velut
2783 2357 2962 2413 duces
2992 2360 3131 2413 sunt
3159 2356 3457 2413 naturales

1816 2446 2123 2502 delectatio
2163 2451 2218 2502 et
2267 2446 2448 2515 dolor,
2482 2463 2629 2519 quas
2672 2450 3002 2518 sequuntur
3049 2449 3284 2503 caeteras.
3342 2444 3455 2501 lllaa

1815 2535 1966 2590 enim
2029 2534 2497 2607 complectuntur
2542 2534 2866 2603 universas,
2917 2550 3169 2606 quarum
3208 2536 3458 2606 utraque

1814 2640 1929 2678 non
1960 2622 2154 2679 solum
2182 2624 2461 2697 corporis,
2496 2624 2597 2679 sed
2627 2622 2804 2679 etiam
2838 2622 3163 2679 secundum
3195 2621 3455 2678 animam

1815 2712 2124 2783 passiones
2154 2716 2311 2768 sunt.
2347 2714 2415 2768 Et
2444 2711 2583 2785 quia
2610 2712 2864 2767 diximus
2915 2710 3158 2767 subesse
3186 2709 3279 2769 his
3311 2710 3456 2768 alias

1814 2801 2140 2873 passiones,
2174 2805 2308 2857 ante
2337 2800 2783 2857 delectationem
2812 2798 3306 2872 concupiscentia,
3324 2804 3458 2872 post

1812 2888 2253 2945 delectationem
2284 2888 2596 2962 gratulatio
2626 2893 2716 2944 est
2746 2905 2760 2944 :
2795 2893 2928 2944 ante
2957 2887 3220 2945 dolorem
3259 2891 3456 2945 autem

1813 2983 1903 3034 est
1929 2979 2124 3047 timor,
2159 2982 2290 3050 post
2316 2978 2574 3033 dolorem
2603 2977 2857 3033 tristitia.
2906 2977 3228 3034 Commotio
3260 2981 3456 3034 autem

1814 3066 1993 3122 animi
2023 3066 2355 3123 communis
2384 3067 2599 3138 passio,
2625 3070 2681 3122 et
2708 3065 3107 3123 delectationis
3135 3070 3194 3122 et
3239 3065 3455 3123 doloris

1811 3158 1918 3212 est.
1949 3156 2370 3211 Transcurram
2419 3154 2582 3221 alias,
2614 3154 2671 3210 id
2724 3158 2830 3222 est,
2872 3154 3231 3227 superbiam,
3263 3154 3455 3210 avari-

100 3234 249 3297 alieno
278 3257 422 3314 aqua
449 3243 561 3299 sibi
595 3242 798 3298 eadem
830 3240 1210 3309 constitisset,
1245 3241 1503 3313 profudit
1537 3240 1700 3299 illam
1731 3229 1773 3297 C
1809 3244 1974 3311 tiam,
2021 3244 2422 3309 ambitionem,
2463 3243 2914 3311 contentionem,
2949 3243 3103 3298 446
3149 3242 3450 3313 invidiam,

100 3323 303 3385 Domino
329 3331 483 3402 (Ibid.
519 3332 638 3399 l6),
671 3346 743 3386 ne
773 3329 1121 3403 sanguinem
1153 3329 1389 3385 illorum
1420 3329 1521 3401 qui
1568 3345 1700 3385 eam

98 3413 377 3475 detulerant
422 3419 628 3475 bibere
670 3417 980 3476 videretur.
1027 3419 1166 3483 Quae
1213 3432 1308 3473 res
1355 3416 1568 3473 indicio
1612 3420 1702 3472 est

98 3506 218 3574 quod
244 3507 708 3580 concupiscentia
737 3506 976 3579 quidem
1030 3505 1313 3562 rationem
1368 3505 1696 3578 praeveniat,

97 3592 174 3647 sed
196 3594 329 3651 ratio
358 3595 668 3668 cupiditati
702 3594 958 3652 resistat.
989 3594 1327 3650 Humanum
1350 3594 1547 3666 itaque
1572 3611 1702 3668 pas-

97 3694 175 3735 sus
211 3687 289 3739 est
330 3684 527 3753 David,
585 3688 652 3738 ut
697 3682 1178 3740 irrationabiliter
1206 3682 1642 3755 concupisceret
1681 3701 1695 3739 :

96 3767 171 3823 sed
197 3768 327 3829 illud
355 3770 672 3839 laudabile,
707 3772 862 3844 quod
915 3769 1378 3827 irrationabilem
1417 3772 1699 3844 concupi-

96 3858 333 3916 scentiam
385 3859 816 3917 rationabiliter
865 3863 1067 3933 parato
1100 3858 1390 3917 fraudavit
1420 3861 1697 3916 remedio.

99 3943 215 4002 Dum
238 3945 399 4005 laudo
427 3949 586 4006 viros
640 3948 742 4020 qui
791 3948 1157 4005 erubuerunt
1205 3946 1563 4004 desiderium
1607 3947 1697 4004 sui

95 4032 233 4104 regis,
260 4040 313 4092 et
340 4036 678 4108 maluerunt
706 4037 884 4094 finem
914 4038 1043 4109 ejus
1075 4035 1433 4092 verecundiae
1479 4034 1569 4092 vel
1601 4053 1699 4109 pe-

93 4115 239 4176 riculo
264 4125 500 4198 propriae
534 4124 748 4182 salutis
781 4125 1025 4183 aﬁ'erre:
1053 4122 1191 4197 plus
1224 4122 1399 4180 laudo
1431 4141 1567 4180 eum
1601 4125 1703 4196 qui

93 4209 284 4267 erubuit
325 4212 384 4269 in
433 4231 543 4271 suo
597 4213 889 4269 desiderio
940 4212 1197 4270 alienum
1248 4212 1601 4285 periculum,
1646 4219 1705 4269 et

93 4308 267 4365 aquam
319 4301 506 4358 dubiae
539 4302 745 4359 sortis
799 4301 988 4374 pretio
1042 4300 1372 4374 quaesitam,
1427 4301 1703 4374 sanguini

91 4389 637 4456 comparavitzsimul
669 4389 840 4462 quasi
874 4405 1139 4461 repressa
1170 4389 1358 4445 victor
1387 4390 1706 4462 cupiditate

94 4471 310 4537 profudit
353 4493 569 4550 aquam
618 4476 889 4546 Domino,
922 4482 986 4533 ut
1017 4478 1349 4533 ostenderet
1377 4479 1538 4550 quod
1570 4495 1704 4534 con-

1772 3324 1788 3341 ⁸
1809 3350 1936 3405 qum
1964 3336 2103 3388 sunt
2128 3332 2448 3388 secundum
2482 3330 2740 3386 animam
2772 3329 3076 3402 passiones
3110 3346 3122 3385 :
3153 3334 3451 3386 transcur-

1807 3437 1939 3476 ram
1971 3420 2148 3475 etiam
2203 3418 2610 3491 inexplebilem
2657 3419 2898 3475 vorandi
2949 3418 3276 3489 libidinem,
3307 3418 3450 3475 effu-

1810 3507 2154 3579 sionemque
2217 3507 2458 3563 luxuriae
2529 3511 2703 3579 atque
2772 3506 3042 3575 lasciviae,
3120 3525 3246 3581 quae
3311 3507 3451 3566 vitia

1809 3610 1957 3650 nexa
1986 3598 2127 3650 sunt
2155 3595 2402 3666 corpori,
2436 3598 2494 3650 et
2540 3594 2864 3650 secundum
2914 3594 3063 3652 illud
3110 3602 3448 3669 operantur.

1809 3682 2131 3753 Meritoque
2161 3682 2547 3754 temperantia
2578 3698 2755 3753 quam
2777 3682 3029 3740 maxime
3059 3684 3308 3742 istarum
3325 3702 3455 3758 pas-

1808 3770 2041 3831 sionum
2070 3770 2379 3844 restinguit
2407 3771 2828 3845 ardorem,quae
2855 3772 3113 3845 primum
3142 3764 3479 3831 sobrietate'

1809 3864 1987 3932 atque
2055 3858 2454 3916 moderamine
2509 3859 2774 3915 animum
2829 3864 3138 3932 temperat,
3196 3866 3452 3918 mentem

1808 3948 2105 4015 informat,
2139 3947 2347 4003 deinde
2375 3946 2551 4002 etiam
2582 3946 2923 4003 deliciarum
2972 3948 3327 4005 abstinentia
3365 3967 3454 4006 re-

1809 4036 2045 4108 stringit
2094 4035 2353 4091 habenas
2406 4036 2726 4108 corporalis
2780 4036 3113 4094 ferocitatis.
3174 4039 3308 4095 Ideo
3364 4037 3456 4096 lex

1811 4124 2014 4181 recidit
2062 4123 2323 4179 ciborum
2370 4123 2667 4179 licentiam
2695 4125 2981 4194 (Levit.x1,
3014 4126 3066 4195 4,
3097 4127 3211 4199 23),
3254 4125 3455 4200 epula-

1811 4228 1945 4269 rum
1996 4211 2214 4284 copias,
2268 4227 2385 4267 non
2444 4210 2635 4266 solum
2682 4216 2747 4266 ut
2794 4217 3082 4270 resecaret
3138 4213 3452 4286 luxuriam,

1813 4317 2016 4357 verum
2049 4300 2224 4356 etiam
2243 4300 2641 4356 utinbibentis
2671 4300 3159 4373 contemplatione
3183 4304 3456 4377 praecepti

1812 4389 1966 4446 viam
1998 4389 2331 4445 tractationi
2363 4388 2605 4445 rationis
2635 4390 2904 4462 aperiret,
2935 4407 3063 4464 quae
3093 4391 3458 4451 irritamenta

1814 4478 1962 4551 gula
2005 4484 2358 4551 caeterasque
2405 4478 2684 4535 recideret
2731 4478 3100 4551 cupiditates,
3152 4497 3460 4556 corporeas

94 4561 471 4632 cupiscentiam
490 4582 663 4623 suam
691 4565 849 4621 verbi
868 4564 1267 4622 consolatione
1295 4566 1704 4640 restingueret.
1736 4601 1786 4663 Β
1819 4567 2124 4641 passiones
2181 4568 2257 4640 (9)
2315 4571 2628 4638 motusque
2690 4566 3001 4625 cohiberet.
3053 4570 3463 4643 Temperantia

108 4684 220 4763 "(5)
246 4687 387 4744 Edit.
438 4690 634 4758 Rom.,
684 4691 879 4763 Omnis
927 4705 1053 4761 ergo
1104 4692 1464 4763 temperantia
1519 4694 1597 4745 est
1650 4691 1717 4747 de

100 4760 292 4833 iisquae
309 4765 608 4833 negantur,
641 4761 868 4833 ideoque
913 4760 1188 4832 sequenda
1212 4760 1311 4833 est.
1344 4762 1482 4816 Nam
1506 4766 1602 4817 aut
1647 4763 1713 4818 de

100 4830 415 4904 naturalibus
454 4830 785 4904 suscipitur,
829 4835 925 4887 aut
958 4830 1038 4904 de
1082 4832 1403 4904 moralibus,
1437 4835 1531 4888 aut
1570 4836 1718 4889 enim

100 4901 347 4978 naturatia
375 4901 644 4975 temperat
671 4911 767 4978 aut
791 4902 1188 4978 moraliaﬁcd
1219 4902 1340 4978 baec
1368 4904 1543 4978 verba
1572 4909 1715 4978 sunt

100 4973 498 5047 coniectorum;
539 4990 655 5029 non
690 4974 1023 5047 _Ambrosii.
1053 4973 1378 5047 Maluimus
1415 4974 1619 5047 igitur,
1643 4976 1714 5030 ab

101 5041 368 5117 ant._edit._
390 5060 515 5117 non
542 5045 831 5115 recedere,
876 5045 1110 5117 quando
1153 5044 1270 5117 illis
1316 5041 1469 5117 mss:
1508 5046 1714 5101 suffra—

100 5113 301 5189 gantur.
348 5113 410 5169 In
458 5115 555 5170 his
600 5113 940 5172 tamen'est
987 5115 1184 5189 aliqua
1230 5116 1554 5189 diversitas.
1600 5116 1714 5171 Alii

101 5186 233 5236 enim
276 5198 469 5259 vocem
524 5188 884 5259 temperantia
930 5186 1230 5259 omittunt,
1260 5186 1353 5242 alii
1400 5192 1629 5259 mutant
1660 5188 1716 5242 in

103 5262 272 5330 vocem
306 5256 713 5330 iratunusg'in
751 5259 943 5330 (culpa.
984 5257 1292 5330 Sicuetiam
1325 5258 1565 5328 quidam
1606 5258 1713 5313 ba-

106 5317 222 5401 bent
249 5317 504 5401 secundo,
534 5327 634 5401 ubi
665 5328 761 5384 alii
796 5317 1051 5401 secunda.
1076 5328 1199 5401 Non
1231 5317 1447 5384 temere
1479 5330 1719 5384 forsitan

104 5397 652 5471 quissuspicabitur
703 5404 835 5471 post
881 5399 1231 5471 adjectivum
1279 5402 1476 5464 omnis,
1504 5416 1716 5456 nomen

104 5462 512 5545 eubstanti'vum
564 5469 619 5545 i_n
670 5462 1292 5545 antiquioribusmss.
1327 5462 1529 5545 scriba:
1571 5471 1717 5545 osci-

103 5536 266 5615 tantis
294 5540 775 5615 praetermissum,
809 5536 1166 5615 quodvarie
1216 5546 1418 5615 postea
1466 5543 1536 5598 ab
1587 5542 1719 5599 aliis

106 5609 418 5686 restitutum
447 5610 547 5666 sit.
590 5609 845 5670 Felicius'
874 5609 1235 5686 divinarunt:
1262 5613 1361 5684 qui
1415 5629 1721 5686 reposuere

104 5688 280 5735 vocem
328 5684 710 5756 temperantia,
755 5700 930 5758 quam
980 5683 1319 5758 postulabat
1364 5683 1719 5742 continuatio

1822 4691 2118 4766 seriesque
2143 4690 2453 4766 sermonis,
2486 4695 2551 4746 ut
2578 4690 2762 4766 liquet
2789 4707 2858 4747 ex
2886 4708 3013 4765 cap.
3043 4709 3167 4766 seq.

1894 4708 2118 4818 rlesaue
2143 4708 2453 4756 sermonis,
2486 4708 2551 4746 ut
2578 4708 2762 4763 uquet
2789 4708 2858 4747 ex
2886 4708 3013 4765 cap.
3043 4709 3167 4766 seq.

1894 4763 1970 4834 (6)
2051 4778 2167 4818 om.
2201 4763 2338 4818 edit.
2381 4768 2675 4818 secaverat
2717 4763 2814 4819 hoc
2858 4768 2939 4819 est
2981 4766 3203 4821 malitia
3247 4765 3462 4824 Iudaeo-

1822 4850 1967 4889 rum.

1893 4906 1971 4976 (7)
1998 4904 2139 4977 Mss.
2173 4903 2415 4975 aliquot,
2445 4904 2743 4977 conrogatis
2764 4906 3151 4977 prolapsionis.

1897 4978 1971 5046 (8)
2004 4975 2089 5030 lta
2132 4992 2276 5030 mss.
2326 4991 2551 5030 omnes.
2605 4975 2776 5032 Edit;
2807 4975 2964 5046 vero,
2993 4980 3048 5030 et
3073 4976 3379 5046 cauenda...
3410 4982 3466 5033 et

1826 5045 2071 5119 legenda,
2106 5051 2240 5113 etc.,
2276 5050 2482 5115 praeter
2511 5045 2798 5119 quasdam
2832 5045 3039 5115 Paris.,
3072 5045 3172 5100 ubi
3204 5062 3323 5119 pro
3371 5063 3464 5102 ca-

1824 5115 1997 5172 venda
2028 5117 2202 5190 legere
2229 5121 2326 5190 est
2345 5116 2612 5190 canenda,
2640 5115 2966 5190 scilicetut
3007 5115 3256 5190 canenda
3283 5134 3462 5190 oppo-

1825 5184 2106 5244 nerentur
2136 5186 2396 5246 legendis.
2431 5184 2695 5241 Ridicule
2726 5203 2739 5242 :
2773 5186 2885 5241 nisi
2910 5186 3004 5241 hic
3041 5185 3245 5246 lapsus
3291 5184 3469 5246 fuerit

1828 5203 2106 5244 uerentur
2136 5203 2185 5240 te
2220 5203 2396 5241 enazs.
2431 5203 2695 5241 maicuie
2726 5203 2739 5242 :
2773 5203 2885 5241 nisi
2910 5203 3004 5241 nic
3041 5203 3099 5241 ia
3143 5203 3245 5243 sus
3291 5203 3468 5246 ruerit

1828 5274 2154 5331 cperarum.
2185 5203 2329 5311 item
2357 5261 2487 5331 post
2511 5256 2754 5331 alteram
2783 5256 3020 5325 lineam,
3051 5203 3152 5314 trgi
3183 5258 3468 5331 edit.tenet

1826 5326 2245 5400 disciplinam...
2299 5326 2543 5400 eruditus
2589 5328 2649 5381 in
2697 5328 2830 5399 lege,
2864 5333 2997 5395 etc.,
3028 5330 3396 5387 restituimus
3436 5347 3470 5387 e

1828 5398 1974 5456 mss;
2003 5405 2187 5472 tenens
2213 5398 2631 5472 disciplinain...
2662 5398 2913 5472 eruditur
2939 5402 2999 5472 in
3032 5402 3163 5472 lege.

1901 5472 1977 5553 (9)
2010 5471 2250 5525 Codices
2288 5468 2672 5553 yatanictq
2704 5469 2888 5539 Colb.,
2936 5468 3100 5553 Vach
3146 5477 3204 5553 et
3247 5473 3464 5553 Ibeod.

1827 5539 2246 5615 primaimanu,
2280 5539 2607 5615 Cupiditates
2633 5557 2905 5615 corporeae
2922 5544 3215 5614 pessimis.
3247 5544 3467 5602 Theod.

1828 5612 2316 5741 secundatmanu,
2350 5616 2406 5669 et
2436 5612 2683 5687 Remig,
2708 5612 3040 5686 Cupiditates
3070 5618 3311 5690 corporis
3334 5632 3467 5690 pas-

1828 5701 2027 5741 siones.
2060 5701 2090 5741 e
2120 5700 2167 5740 c.

1827 5701 2027 5753 stones,
2060 5700 2167 5741 etc.
