3830 6206
1231 354 1334 418 DE
1374 353 1612 420 JACOB
1657 353 1774 418 ΕΤ
1799 347 1998 420 ἯἿἏι
2027 350 2292 420 BEATA
2331 353 2479 420 LIB.
2523 351 2574 419 Ῑ.

3487 344 3605 420 634

211 489 558 549 transtulisti
608 487 887 546 terminos
926 503 1072 560 quos
1121 492 1444 561 posuerunt
1492 493 1683 560 patres
1730 488 1838 556 tui,
1872 491 1929 557 Α
1956 488 2217 560 aqualis,
2251 480 2676 546 ad't‘uitionem"
2702 485 3076 562 prisstantibr
3104 490 3216 557 est,
3250 487 3321 546 ad
3352 492 3601 563 gratiam

210 580 480 638 membra
519 583 637 635 tua
669 594 834 635 arma
879 577 1210 650 iniquitatis
1240 579 1396 632 sunt.
1433 577 1688 632 Atrectus
1735 577 1841 649 igi-

207 674 316 737 tur,
350 684 484 725 non
519 684 658 724 caro
702 673 906 723 auctor
950 671 1039 722 est
1095 666 1298 738 culpas,
1332 681 1465 721 caro
1523 670 1716 722 autem
1746 681 1842 721 vo-

1955 594 2078 650 par,
2112 579 2388 634 adversus
2419 579 2654 652 lapsum
2684 579 2931 646 cautior,
2956 579 3235 636 adversus
3267 579 3603 651 superbiam

1950 667 2174 722 tectior.
2204 668 2286 722 Ita
2316 667 2645 724 libertatem
2677 669 2976 741 accepisti,
3010 673 3074 724 ut
3107 667 3447 724 meminisse
3479 684 3602 724 ma-

208 757 445 814 luntatis
493 757 783 812 ministra.
816 757 940 812 Non
973 772 1110 828 ergo
1160 755 1373 811 vendat
1420 771 1526 810 nos
1575 754 1845 810 voluntas
1955 755 2305 812 numissoris
2335 758 2419 812 tui
2451 757 2682 826 debeas,
2710 763 2773 812 ut
2804 762 3047 829 patrono
3078 762 3177 812 tuo
3204 757 3430 812 noveris
3459 755 3600 830 legi-

213 853 620 990 noisifaClamat
665 931 976 1005 Apostolus
1011 949 1079 988 :«
1122 931 1370 988 Nescitis
1423 933 1702 1004 quoniam
1753 930 1844 987 cui

206 1023 550 1081 exhibuistis
577 1039 680 1079 vos
718 1038 914 1079 servos
959 1023 1031 1078 ad
1075 1021 1487 1091 oded‘iendum,
1520 1021 1670 1076 servi
1702 1020 1845 1076 estis

208 1113 334 1184 ejus
388 1111 483 1167 cui
532 1111 832 1179 obedistis,
874 1111 993 1167 sive
1043 1111 1262 1182 peccati
1309 1111 1368 1164 in
1419 1115 1690 1176 mortem,
1725 1109 1844 1164 sive

207 1200 553 1257 obediticnis
609 1201 669 1255 in
719 1199 1010 1271 justitiam
1059 1201 1234 1270 (Rom.
1269 1216 1345 1264 v1,
1382 1199 1508 1270 16)?
1536 1221 1563 1249 »
1596 1200 1744 1270 Ergo
1795 1197 1844 1252 si

207 1293 309 1344 aut
349 1293 581 1360 peccato
631 1288 937 1355 servimus,
971 1292 1071 1344 aut
1103 1288 1369 1358 justitiaa,
1403 1288 1843 1343 consideremus

205 1377 267 1433 in
299 1382 602 1449 qua‘parte
631 1376 878 1432 servitus
909 1375 1286 1442 tolerabilior,
1313 1375 1538 1431 fructus
1586 1376 1841 1431 uberior.

207 1465 447 1537 Ssdvqui
475 1469 666 1537 potest
683 1481 811 1521 esse
840 1464 1066 1520 fructus
1095 1465 1152 1519 in
1185 1464 1413 1521 morte?
1446 1464 1666 1520 Peccati
1688 1464 1845 1520 enim

207 1554 565 1626 stipendium
597 1570 776 1621 mors,
809 1559 865 1609 et
893 1553 1024 1608 ideo
1059 1552 1259 1609 nullus
1291 1553 1350 1608 in
1384 1569 1449 1609 eo
1482 1553 1706 1609 fructus
1737 1558 1844 1623 est,

205 1643 307 1700 sed
356 1641 596 1714 pudoris
645 1643 1042 1715 dispendium,
1075 1657 1212 1698 cum
1251 1658 1320 1697 ea
1350 1658 1477 1713 quas
1527 1643 1844 1715 gessimus,

206 1730 629 1788 erubescimus.
659 1730 884 1786 Servire
913 1735 1108 1786 autem
1151 1730 1397 1802 justitiaa
1445 1731 1686 1787 libertas
1735 1737 1842 1787 est.

1953 844 2166 899 timum
2198 845 2545 916 obsequium
2577 847 2954 901 deferendum
2987 847 3118 918 (13),
3155 863 3224 900 ne
3261 847 3332 900 ab
3374 847 3603 917 ingrato

1960 937 2262 988 revocetur
2290 933 2552 989 libertas.
2582 935 2729 999 Quid
2752 939 2807 990 te
2837 935 3084 1002 beatius,
3107 934 3206 1006 qui
3227 935 3335 990 sub
3359 934 3605 990 Domino

1957 1036 2187 1092 regnas,
2222 1023 2279 1076 et
2310 1022 2419 1076 sub
2451 1027 2694 1092 patrono
2729 1021 2944 1078 milites
2965 1023 2992 1076 ?

2495 1112 2648 1166 449
2688 1110 2922 1165 CAPUT
2963 1111 3053 1164 IV.

1957 1181 2231 1248 Quantum
2261 1181 2397 1235 Deus
2426 1181 2636 1252 homini
2665 1183 3009 1246 concesserit,
3031 1198 3155 1236 cum
3183 1183 3235 1236 ei
3265 1183 3436 1252 legem
3463 1183 3609 1238 dedit

2027 1255 2075 1305 et
2104 1253 2345 1322 gratiam
2388 1251 2663 1322 adjunxit.
2710 1253 2808 1308 Ubi
2845 1254 3135 1307 solvuntur
3179 1251 3327 1308 duae,
3353 1255 3605 1323 quaestio-

2026 1338 2118 1377 nes
2147 1340 2165 1375 .'
2199 1323 2468 1395 Quomodo
2502 1324 2638 1377 bona
2667 1325 2737 1377 sit
2777 1324 2886 1389 lar,
2920 1340 3038 1394 qua
3068 1328 3303 1378 mortem
3332 1329 3602 1395 operetur,

2027 1397 2077 1476 et
2107 1393 2369 1502 qvuomodo
2399 1410 2518 1464 quae
2561 1397 2789 1449 mortem
2831 1393 3102 1465 operetur,
3136 1410 3281 1448 mors
3314 1393 3468 1450 nobis
3496 1412 3606 1450 non

2026 1472 2097 1519 sit
2120 1507 2129 1517 .

2030 1553 2115 1607 13.
2139 1551 2284 1618 Quid
2319 1556 2516 1608 autem
2548 1556 2637 1607 est
2667 1554 2823 1624 quod
2853 1553 2959 1608 tibi
2991 1570 3105 1608 non
3139 1554 3389 1608 contulit
3411 1554 3604 1610 Domi-

1957 1641 2108 1695 nus?
2129 1642 2340 1713 Legem
2366 1641 2543 1706 dedit,
2571 1647 2872 1712 peceatum
2907 1641 3164 1713 prodidit
3187 1641 3319 1713 (14).
3342 1643 3610 1713 adjunxit

1957 1730 2227 1800 gratiam.
2267 1730 2381 1784 Lex
2421 1729 2577 1784 enim
2628 1736 2931 1801 peccatum
2979 1729 3342 1786 denuntiavit
3374 1748 3386 1786 :
3419 1732 3514 1787 sed
3549 1733 3608 1786 in

207 1841 234 1871 α
269 1819 376 1886 Qui
405 1819 563 1874 enim
591 1823 831 1874 vocatus
859 1823 949 1874 est
990 1819 1322 1874 in‘Demino
1356 1835 1576 1886 servus,
1604 1821 1846 1875 libertus
1879 1846 1930 1890 π
1957 1818 2286 1874 conditione
2332 1817 2558 1873 lubrica
2615 1818 2846 1890 penitus
2893 1819 3162 1874 cohibere
3221 1836 3337 1874 non
3397 1820 3606 1890 potuit.

206 1913 298 1964 est
325 1907 579 1963 Domini.
613 1905 898 1962 Similiter
926 1908 1024 1978 qui
1070 1906 1216 1962 liber
1243 1912 1482 1964 vocatus
1515 1913 1623 1973 est,
1648 1922 1849 1964 servus
1878 1905 1926 1918 ⁴’
1957 1905 2208 1977 Cognovi
2239 1907 2394 1961 enim
2438 1912 2738 1978 peceatum
2774 1909 2926 1979 quod
2980 1908 3334 1964 nesciebam.
3359 1908 3608 1981 Cognovi

207 2000 301 2052 est
325 1995 539 2052 Christi
565 1997 613 2066 (Ι
641 1995 761 2051 Cor.
794 2013 894 2062 vn,
923 1999 1036 2062 22).
1063 2017 1090 2045 ››
1119 1995 1374 2067 Utraque
1410 1997 1665 2052 conditio
1696 1998 1849 2069 opti-
1959 1995 2492 2065 concupiscentiam
2525 2011 2654 2050 esse
2705 2000 3031 2067 peccatum,
3063 2000 3120 2050 et
3152 1996 3260 2051 hac
3309 1997 3611 2052 occasione

207 2101 326 2148 ma,
357 2100 487 2141 esse
517 2086 628 2140 sub
657 2083 904 2145 Christo.
937 2084 1048 2140 sub
1077 2100 1193 2156 quo
1223 2089 1282 2140 et
1312 2085 1568 2156 pretiosa
1597 2086 1851 2141 servitus
1959 2082 2305 2154 cognitionis
2350 2083 2572 2154 peccati
2603 2101 2720 2140 aera
2759 2084 3061 2140 cumulata
3106 2089 3265 2151 sunt,
3293 2085 3431 2156 quia
3477 2101 3608 2156 pec-

206 2179 262 2231 st
291 2173 547 2247 gloriosa
587 2173 849 2229 libertas.
883 2173 1143 2229 Pretiosa
1191 2172 1438 2229 servitus
1486 2175 1654 2245 quasi
1701 2175 1848 2230 tanti
1959 2176 2156 2226 catum
2185 2172 2339 2241 quod
2371 2177 2503 2227 ante
2532 2188 2635 2243 per
2663 2172 3054 2244 ignorantiam
3086 2189 3277 2228 meam
3309 2177 3605 2230 mortuum

206 2261 516 2334 sanguinis
547 2261 731 2334 pretio
763 2267 1098 2333 comparata
1129 2278 1141 2314 :
1175 2261 1428 2332 gloriosa
1456 2267 1651 2318 autem
1680 2262 1853 2317 liber—
1958 2260 2284 2325 videbatur,
2317 2259 2376 2315 in
2410 2276 2501 2315 me
2546 2261 2787 2316 revixit:
2813 2277 2917 2333 ego
2949 2265 3144 2316 autem
3179 2265 3445 2316 mortuus
3475 2277 3609 2316 sum

203 2356 298 2407 tas
327 2365 526 2422 quam.
556 2349 722 2404 nulla
764 2349 1012 2404 servitus
1040 2349 1248 2421 culpae,
1280 2349 1442 2405 nulla
1481 2355 1851 2423 peccatorum
1961 2351 2178 2420 peccati
2237 2347 2494 2414 vulnere,
2530 2349 2669 2420 quia
2728 2349 2980 2421 cognitio
3039 2349 3229 2422 culpas
3281 2367 3407 2422 qua:
3465 2350 3610 2406 mihi

204 2438 440 2496 vincula
462 2437 1078 2509 censtringun‘tmutlla-
1096 2439 1452 2509 ﬂagitiorum
1477 2457 1671 2508 onera,
1691 2439 1854 2495 nulla
1961 2436 2266 2508 profutura
2312 2436 2635 2505 videbatur,
2671 2437 2790 2492 haec
2839 2438 3058 2503 nocuit,
3095 2442 3159 2493 ut
3207 2439 3420 2495 scirem
3455 2439 3611 2511 quod

208 2527 525 2583 criminum
572 2526 923 2582 commercia
969 2527 1275 2600 degeneris
1320 2527 1492 2584 nexui
1556 2529 1854 2584 servitutis
1960 2523 2144 2578 vitare
2171 2539 2286 2579 non
2309 2529 2591 2596 poteram.
2618 2525 2927 2580 Peccatum
2949 2525 3105 2580 enim
3131 2527 3405 2598 prodidit,
3429 2531 3486 2582 et
3511 2543 3614 2598 per

209 2615 512 2671 addieunt.
1963 2614 2183 2667 bonum
2208 2611 2666 2668 denuntiationis
2697 2630 2814 2668 suae
2847 2615 3071 2685 peccati
3105 2614 3290 2685 ipsius
3322 2615 3614 2671 acerbavit

282 2706 370 2759 i2.
403 2701 574 2759 Disce
627 2699 1041 2773 humilitatem,
1073 2720 1107 2758 o
1147 2703 1352 2770 homo,
1385 2705 1688 2776 apostolici
1739 2706 1854 2761 vim
1962 2701 2480 2773 invidiam.ltaque
2499 2718 2678 2773 supra
2699 2703 2937 2756 modum
2958 2702 3175 2757 factum
3197 2707 3287 2758 est
3307 2708 3610 2775 peccatum

208 2807 496 2865 cognosce
538 2792 881 2864 magisterii.
915 2793 972 2847 Si
1007 2807 1240 2848 servum
1292 2796 1349 2848 te
1396 2793 1578 2860 dicas,
1612 2793 1864 2869 libertus
1965 2789 2130 2859 mihi,
2156 2789 2293 2860 quia
2323 2789 2690 2845 cumulatum
2723 2795 2812 2845 est
2841 2790 3282 2846 denuntiatione
3327 2793 3607 2848 mandati.

206 2896 316 2936 es:
353 2879 404 2936 si
448 2879 702 2936 liberum
750 2883 806 2935 te
844 2880 1054 2950 jactes,
1092 2896 1294 2936 servus
1341 2897 1423 2936 es.
1461 2881 1606 2936 Nam
1654 2886 1711 2937 et
1758 2881 1858 2938 ille
1965 2877 2187 2933 Crescit
2242 2879 2399 2934 enim
2459 2878 2650 2950 culpa,
2685 2894 2819 2934 cum
2875 2879 3163 2951 proditur,
3196 2897 3300 2935 nec
3357 2886 3608 2936 cavetur.

211 2968 313 3041 qui
344 2967 517 3040 quasi
547 2983 748 3024 servus
779 2968 1117 3039 redemptus
1158 2973 1268 3036 est,
1302 2968 1629 3024 libertatem
1660 2969 1856 3035 habet,
1967 2967 2267 3030 Quomodo
2288 2981 2424 3038 ergo
2451 2966 2670 3022 bonum
2712 2969 3245 3040 mandatum,quod
3279 2969 3422 3024 mihi
3455 2985 3612 3024 mors

209 3062 269 3113 et
295 3057 542 3128 iste-qni
571 3057 742 3128 quasi
789 3056 936 3112 liber
961 3060 1200 3112 vocatus
1231 3062 1338 3126 est,
1370 3058 1590 3113 bonum
1638 3063 1728 3114 est
1773 3058 1856 3113 illi
1967 3054 2098 3109 est?
2129 3057 2242 3109 Aut
2277 3055 2572 3126 quomodo
2602 3071 2718 3111 non
2767 3061 2856 3111 est
2904 3057 3047 3111 mihi
3099 3073 3277 3123 mors,
3311 3057 3465 3128 quod
3514 3074 3616 3129 per

207 3150 276 3201 ut
307 3159 546 3201 servum
578 3144 788 3201 Christi
837 3161 898 3200 se
943 3150 1432 3218 essecognosoat,
1450 3147 1564 3202 sub
1595 3163 1707 3218 quo
1737 3162 1857 3204 ser-

1966 3143 2186 3198 bonum
2211 3143 2793 3215 signiﬁcationissuaa
2811 3145 3268 3200 demonstrando
3287 3149 3612 3216 peccamm,

204 3235 368 3290 vitus
397 3237 528 3290 tuta
569 3238 677 3299 est,
712 3237 768 3288 et
796 3233 1036 3290 libertas
1086 3217 1310 3291 secura.
1347 3235 1486 3300 Quis
1518 3217 1684 3307 quasi
1716 3236 1861 3291 idio-
1887 3217 1929 3283 C
1967 3236 2268 3302 operatum
2291 3236 2379 3287 est
2409 3232 2467 3286 in
2490 3249 2583 3287 me
2606 3233 2894 3288 mortem?
2915 3233 3061 3287 Nam
3091 3237 3314 3288 certum
3349 3236 3435 3287 est
3458 3233 3611 3303 quod

203 3327 334 3379 tam
367 3321 616 3378 Paulum
646 3322 734 3377 vel
764 3322 823 3376 in
864 3322 993 3394 ipso
1035 3325 1171 3394 jure
1202 3323 1452 3379 asserit?
1496 3324 1677 3379 Scivit‘
1699 3325 1856 3379 enim

199 3411 543 3467 discernere
570 3409 725 3465 inter
771 3409 1046 3465 libertum
1077 3415 1135 3466 et
1161 3409 1434 3477 liberum,
1466 3415 1524 3467 et
1565 3412 1693 3468 ideo
1742 3429 1856 3468 non

196 3497 626 3571 perfunctorie,
659 3499 761 3554 sed
803 3499 1037 3570 proprie
1071 3499 1218 3555 dixit
1249 3517 1262 3554 :
1288 3521 1317 3549 ‹‹
1351 3500 1456 3565 Qui
1491 3500 1646 3555 enim
1686 3518 1854 3557 voca-

192 3591 303 3644 tus
331 3591 424 3643 est
451 3587 512 3642 in
539 3587 784 3643 Domino
815 3603 1038 3655 servus,
1069 3588 1432 3645 libertus‘est
1462 3589 1691 3645 Domini
1727 3608 1739 3645 :
1775 3591 1854 3646 si-

193 3675 430 3732 militer
459 3674 562 3747 qui
609 3675 756 3730 liber
796 3679 1036 3732 vocatus
1065 3681 1174 3742 est,
1207 3693 1410 3733 servus
1442 3683 1531 3734 est
1560 3678 1794 3734 Christi.
1825 3701 1853 3728 ››

191 3765 430 3821 Revera
453 3763 616 3820 enim
664 3780 870 3821 omnes
915 3765 1128 3820 Christi
1177 3765 1369 3821 liberti
1417 3783 1648 3834 sumus,
1681 3783 1853 3824 nemo

189 3851 376 3908 liber.
402 3851 806 3907 Omnesienim
835 3851 898 3907 in
928 3853 1204 3908 servitute
1246 3852 1525 3925 generati.
1550 3853 1696 3916 Quid
1733 3869 1852 3909 ser-

189 3941 301 3997 vili
315 3939 642 3996 conditioni
660 3941 1058 4013 arrogantiam
1084 3941 1371 3997 libertatis
1389 3942 1644 3998 assumis
1655 3942 1683 3996 ⁸1
1703 3943 1852 4008 Quid

190 4029 411 4086 titulos
446 4028 765 4085 nobilitatis
799 4045 1070 4102 usurpas,
1101 4029 1328 4086 servilis
1359 4030 1666 4086 haereditas
1687 4031 1714 4086 ‘?
1744 4032 1855 4087 Ne-

193 4117 348 4174 seiis
373 4117 534 4188 quod
572 4122 630 4172 te
657 4117 793 4172 Adae
841 4123 1016 4189 atque
1045 4119 1173 4173 Evas
1218 4118 1392 4190 culpa
1439 4119 1856 4190 mancipaverit

192 4205 518 4263 servituti?
565 4204 767 4262 Nescis
798 4207 952 4278 quod
985 4207 1296 4264 redemeri-t
1323 4211 1382 4262 te
1417 4207 1704 4275 Christus,
1735 4225 1850 4265 non

192 4292 456 4350 emerit?
475 4315 512 4343 ιι
537 4293 661 4348 Non
693 4307 856 4362 auro,
880 4311 996 4351 non
1025 4299 1268 4368 argento
1296 4295 1580 4367 redempti
1611 4296 1751 4353 estis
1781 4299 1853 4353 de

190 4399 361 4439 vana.
381 4383 1041 4439 vestraconversatione
1073 4387 1326 4455 paterna
1374 4383 1726 4453 traditionis,
1750 4387 1850 4441 sed

192 4471 468 4544 pretioso
517 4470 804 4542 sanguine
860 4471 1011 4544 Agni
1059 4472 1109 4543 (Ι
1134 4474 1282 4527 Petr.
1326 4490 1363 4538 ι,
1401 4473 1486 4538 18,
1523 4474 1630 4545 19),
1657 4496 1686 4523 ››
1733 4473 1853 4529 cla-

1969 3336 2126 3376 mors
2157 3320 2300 3375 mihi
2342 3321 2605 3386 accessit,
2631 3321 2772 3374 dum
2806 3321 2958 3390 quod
3009 3321 3155 3376 facio
3204 3336 3450 3391 agnosco
3481 3337 3611 3392 pec-

1965 3413 2182 3474 catum,
2218 3409 2372 3464 sicut
2400 3410 2524 3481 ipse
2545 3409 2829 3464 Dominus
2861 3409 2941 3464 ait
2973 3427 2984 3464 :
3011 3432 3038 3458 ‹‹
3062 3409 3120 3463 Si
3151 3423 3265 3464 non
3297 3409 3611 3474 venissem,

1963 3501 2021 3552 et
2048 3496 2276 3552 locutus
2305 3496 2548 3553 fuissem
2574 3497 2668 3553 his
2687 3499 2823 3567 (15),
2850 3501 3152 3568 peccatum
3181 3514 3296 3553 non
3327 3497 3612 3554 haberent

1964 3587 2139 3656 (Joan.
2173 3601 2263 3650 xv,
2295 3588 2407 3658 22).
2446 3609 2475 3635 »

2037 3676 2121 3728 14.
2154 3675 2300 3738 Quid
2332 3675 2568 3731 miraris
2617 3675 2800 3748 igitur
2829 3675 2877 3731 si
2908 3674 2998 3731 lex
3028 3676 3383 3748 quidusdam
3434 3675 3608 3731 morti

1963 3762 2057 3830 sit,
2081 3779 2212 3818 cum
2247 3764 2420 3819 morti
2445 3765 2516 3819 sit
2539 3768 2596 3820 et
2618 3764 2848 3819 Domini
2872 3762 3150 3820 salutaris
3180 3767 3483 3829 adventus,
3508 3780 3612 3836 per

1962 3867 2137 3923 quem
2164 3853 2448 3924 redempti
2471 3853 2722 3908 sumus?
2756 3853 3012 3909 Infidelis
3041 3854 3197 3910 enim
3231 3859 3475 3908 mortem
3500 3851 3610 3906 sibi

1962 3941 2170 4010 quaerit
2198 3957 2267 3996 ex
2293 3941 2481 4013 gratia
2509 3959 2522 3996 :
2548 3946 2748 3998 manet
2768 3947 2965 3997 autem
2997 3942 3256 3997 mandati
3289 3941 3493 4012 gratia.
3521 3942 3610 3995 Et-

1961 4028 2114 4084 enim
2147 4028 2299 4084 sicut
2325 4030 2580 4102 cognitio
2627 4035 3044 4086 venenatorum
3095 4029 3439 4101 poculnrum
3471 4045 3610 4084 con-

1963 4123 2293 4172 summatur
2323 4119 2395 4173 ad
2427 4119 2799 4191 disciplinam
2849 4118 3152 4173 medicina
3184 4135 3197 4172 :
3233 4117 3316 4172 sic
3346 4117 3609 4172 divinum

1963 4207 2307 4262 mandatum
2338 4208 2409 4262 ad
2439 4207 2616 4262 vitam
2661 4213 2964 4263 aternam.
2991 4208 3152 4262 Sicut
3199 4211 3394 4261 autem
3425 4207 3476 4262 ei
3509 4206 3610 4278 qui

1961 4295 2112 4351 male
2143 4295 2328 4350 utitur
2375 4295 2560 4351 noxiis
2611 4295 2970 4366 potionibus,
3004 4295 3258 4368 cognitio
3298 4311 3499 4351 earum
3547 4295 3606 4349 in

1961 4383 2182 4439 malum
2202 4385 2452 4440 vertitur
2477 4383 2921 4456 et'periculum;
2953 4389 3010 4440 et
3030 4401 3145 4456 quo
3176 4385 3366 4455 magis
3385 4400 3610 4439 venena

1959 4473 2312 4545 cognoverit,
2353 4473 2462 4528 hoc
2510 4490 2572 4529 se
2620 4473 2895 4546 intelligit
2942 4474 3195 4546 amplius
3246 4472 3604 4545 periclitari:

195 4561 349 4650 ωειιὲ
374 4557 677 4629 apostolus
725 4559 948 4650 Petrus.
979 4561 1128 4633 Ergo
1175 4560 1514 4632 redemptus
1543 4577 1585 4650 ar
1611 4561 1850 4619 Domino
1869 4563 2042 4650 'Igsic
2062 4562 2521 4618 forma‘mandati
2540 4562 2611 4617 iis
2632 4562 2730 4635 qui
2749 4562 2937 4636 legem
2957 4562 3106 4618 male
3127 4564 3603 4635 interpretantur,

190 4660 281 4701 es.
313 4645 532 4700 Servus
561 4662 624 4700 es
655 4646 754 4718 qui
787 4651 1016 4702 creatus
1048 4665 1131 4712 es,
1165 4663 1367 4703 servus
1397 4665 1458 4704 es
1490 4649 1590 4721 qui
1623 4651 1848 4706 redem-

193 4738 344 4814 ptus
365 4748 454 4799 es,
471 4737 528 4788 et
547 4735 716 4805 quasi
744 4735 990 4792 Domino
1024 4735 1359 4792 servitutem
1381 4737 1578 4805 debes,
1598 4742 1653 4793 et
1682 4739 1849 4810 quasi

194 4821 598 4892 Redemptori.
650 4822 764 4880 Nec
812 4823 1168 4880 inferiorem'
1195 4829 1364 4897 putes
1412 4825 1848 4883 libertinitatem

193 4911 324 4966 sub.
350 4903 604 4978 Christo,
632 4927 800 4983 quam
843 4911 1169 4970 libertatem
1204 4931 1350 4969 esse.
1385 4913 1471 4968 Ad
1503 4914 1849 4988 dignitatem

265 5085 386 5168 (ιβ)
413 5085 524 5167 Qui
546 5085 822 5168 libertate
852 5089 1103 5145 donatus
1133 5090 1349 5168 fuerat,
1380 5107 1498 5146 non
1536 5092 1630 5168 ita
1676 5092 1853 5168 fiebat

193 5161 289 5214 sui
313 5161 494 5228 juris,
518 5161 582 5213 ut
613 5161 1268 5242 patronoreverentiam
1299 5166 1481 5243 atque
1501 5162 1850 5245 obsequium

194 5245 314 5305 non
349 5228 606 5305 deberet.
633 5229 790 5294 Quod
827 5249 875 5286 sx
909 5233 1142 5304 quando
1173 5238 1533 5304 contingeret
1565 5238 1628 5288 ut
1657 5252 1848 5305 ingra-

195 5304 296 5355 tus
325 5300 613 5386 adversus
643 5297 954 5386 patro‘num
989 5306 1358 5386 reperiretur,
1375 5297 1492 5386 ‘aut
1523 5305 1590 5386 in.
1613 5297 1848 5361 inferio-

193 5384 320 5447 rem
355 5370 661 5447 liberta-tis'
677 5373 925 5447 gradum
959 5370 1351 5447 redigebatur,
1384 5376 1693 5447 autetiam
1725 5393 1850 5431 om-

189 5441 335 5497 nino
369 5441 752 5530 revocabatur
782 5445 842 5530 in
874 5441 1394 5530 servitutemithqua
1410 5445 1653 5530 quidem
1673 5465 1852 5530 ἕλωρα

189 5529 329 5570 cum
366 5513 438 5569 ob
470 5513 606 5580 alia,
635 5520 760 5570 tum
792 5517 865 5570 ob
899 5533 1109 5573 nomen
1141 5513 1362 5572 militiae
1393 5513 1596 5572 datum
1630 5513 1848 5575 afﬁcie-

185 5585 387 5657 batur.
425 5586 584 5657 Vide
610 5590 754 5642 tom.
791 5587 813 5642 Ι
843 5589 978 5644 God.
1014 5589 1232 5645 Theod.
1267 5587 1368 5642 lib.
1405 5605 1466 5653 ιι,
1502 5589 1592 5643 tit.
1646 5593 1735 5657 22,
1779 5591 1850 5646 de

185 5656 414 5714 Haered.
467 5655 636 5713 Petit.
673 5662 730 5713 et
775 5662 1095 5716 Comment.
1149 5658 1410 5716 Gothofr.
1448 5660 1596 5716 Item
1635 5655 1734 5716 lib.
1771 5679 1845 5730 ιν,

1958 4650 2044 4706 vel
2069 4652 2470 4708 demonstrata
2490 4657 2664 4724 atque
2695 4653 3007 4708 interdicta
3034 4657 3270 4724 peccata
3290 4653 3470 4708 vitare
3490 4667 3606 4706 non

1958 4746 2227 4812 possunt,
2257 4742 2460 4796 mortis
2496 4747 2696 4796 auctor
2725 4746 2831 4797 est.
2860 4743 3022 4798 Sicut
3067 4759 3202 4814 ergo
3253 4743 3469 4796 bonum
3519 4743 3609 4795 est

1959 4831 2312 4896 antidotum,
2353 4830 2582 4886 etiamsi
2629 4830 2986 4902 imprudenti
3037 4835 3137 4885 aut
3187 4827 3606 4900 intemperanti

1960 4935 2075 4973 non
2095 4919 2311 4974 bonum
2329 4937 2341 4973 :
2357 4918 2440 4974 sic
2457 4919 2676 4974 bonum
2699 4917 3306 4987 mandatum,etiamsi
3327 4917 3608 4987 intempe-

1959 5096 2049 5151 tit.
2088 5097 2174 5161 11,
2207 5096 2279 5150 de
2335 5095 2584 5150 Libertis
2629 5101 2685 5151 et
2731 5111 2933 5150 eorum
2995 5095 3214 5153 liberis.
3245 5098 3303 5149 et
3349 5094 3420 5148 ad
3469 5110 3604 5148 eum

1960 5167 2225 5236 ejusdem
2257 5166 2521 5221 Gothofr.
2557 5169 2882 5222 Comment.
2919 5167 3017 5221 ubi
3057 5164 3482 5220 Ambrosianus
3513 5165 3605 5219 hic

1961 5238 2120 5292 locus
2153 5238 2418 5292 refertur.
2895 5237 2903 5240 ’

2033 5307 2143 5379 (14)
2179 5308 2453 5362 Restituit
2500 5308 2668 5362 Rom.
2703 5307 2839 5379 edit.
2887 5324 2916 5361 e
2963 5306 3093 5362 Vat.
3130 5308 3280 5369 cod.,
3327 5311 3608 5378 peccatum

1957 5378 2403 5451 prodiditquod
2446 5379 2504 5431 in
2552 5381 2661 5432 vet.
2695 5378 2832 5433 edit.
2869 5395 2980 5451 non
3015 5394 3298 5451 secusne
3346 5379 3405 5432 in
3459 5395 3603 5433 mss.

1963 5448 2091 5505 aliis
2122 5448 2510 5513 desideratur,
2543 5450 2714 5516 cujus
2742 5455 2932 5521 tamen
2965 5448 3089 5505 loco
3119 5448 3302 5516 Valc.,
3338 5451 3517 5521 Long.
3552 5454 3608 5504 et

1960 5521 2177 5647 'flztepd.
2229 5521 2464 5585 habent,
2513 5529 2792 5591 peccatum
2835 5520 3052 5576 delevit.
3087 5521 3287 5592 Torn.,
3325 5520 3607 5594 peccaturi

1960 5610 2022 5647 te
2062 5610 2080 5647 ι
2110 5635 2122 5647 .

1957 5595 2122 5648 dedit.

2033 5663 2146 5735 (15)
2179 5663 2344 5720 Rom.
2378 5663 2542 5730 edit,
2575 5671 2624 5718 et
2653 5664 2861 5718 locutus
2890 5669 3004 5720 non‘
3027 5666 3266 5736 fuissem.
