3830 6206
215 358 333 424 635

1670 348 1739 413 8.
1781 341 2163 412 meost!

222 493 371 548 renti
396 509 509 549 non
538 491 761 549 bonum
781 494 891 549 est.
910 488 1061 563 Ergo
1079 486 1303 545 bonum
1324 482 1861 555 mandatum,un
1887 482 1945 548 Α
1971 483 2103 553 ejus
2134 476 2519 553 repugnabat.
2542 472 2669 532 Non
2701 472 2867 563 enim

219 583 387 637 alicui
414 599 571 637 mors
592 590 701 637 est.
729 582 1092 653 Responsum
1124 580 1303 651 igitur
1320 576 1473 632 habe
1494 575 1697 646 prima:
1728 588 1867 644 pro-

220 672 499 743 positioni
528 690 541 725 :
566 673 705 743 quia
733 678 919 741 potest
936 686 1065 724 esse
1087 669 1307 722 bonum
1339 661 1865 732 mandatum,quod

219 761 365 816 mihi
398 778 555 816 mors
584 768 703 824 est;
735 768 955 813 bonum
988 774 1089 829 per
1120 764 1391 811 naturam
1424 751 1698 807 salutaris
1720 767 1863 820 prae-

222 850 405 920 cepti,
436 866 595 903 mors
628 865 723 918 per
757 846 1270 916 intemperantiam
1300 843 1513 897 carnis.

294 940 378 991 15.
406 938 471 991 Et
500 938 639 1007 quia
660 936 917 990 diximus
937 952 1067 989 esse
1092 936 1309 987 bonum
1342 930 1687 985 mandatum
1709 926 1865 997 quod

226 1026 367 1079 mihi
404 1042 563 1079 mors
590 1032 701 1092 est,
726 1041 881 1078 nunc
909 1024 1297 1078 discutiamus
1327 1018 1619 1091 quomodo
1650 1033 1763 1071 non
1794 1015 1871 1069 sit

222 1114 365 1168 mihi
423 1130 603 1182 mors,
632 1113 789 1184 quod
849 1130 950 1183 per
1005 1113 1224 1165 bonum
1282 1110 1437 1175 licet,
1468 1112 1664 1160 tamen
1722 1104 1867 1159 mihi

217 1209 521 1273 operatum
576 1206 664 1255 est
722 1208 965 1254 mortem
1004 1202 1133 1253 ’16.
1186 1198 1280 1252 Sic
1350 1197 1510 1251 enim
1572 1192 1871 1266 proposuit

222 1290 537 1360 Apostolus
563 1308 610 1344 :u
638 1290 799 1355 Quod
830 1305 968 1360 ergo
998 1290 1219 1343 donum
1252 1290 1361 1347 est.
1393 1285 1539 1338 mihi
1572 1299 1729 1337 mors
1759 1286 1867 1335 est.

222 1380 407 1433 Absit.
457 1379 563 1433 Sed
617 1384 939 1449 peccatum,
976 1382 1037 1430 ut
1083 1380 1361 1447 appareat
1407 1378 1737 1444 peccatum,
1772 1385 1875 1440 per

223 1468 440 1521 bonum
474 1467 616 1520 mihi
648 1473 951 1537 operatum
983 1470 1071 1520 est
1102 1470 1349 1518 mortem
1381 1464 1557 1531 (Rom.
1591 1478 1689 1524 vn,
1728 1460 1873 1527 13,.»

226 1555 423 1626 Itaque
452 1562 785 1627 spectemus
828 1556 1082 1625 singula.
1110 1553 1453 1608 Mandatum
1498 1551 1701 1619 utique
1729 1546 1876 1618 legis

220 1650 309 1699 est
337 1662 351 1698 :
377 1643 469 1699 lex
496 1650 691 1698 autem
738 1644 1022 1714 spiritalis
1052 1648 1163 1707 est,
1198 1642 1371 1711 cujus
1402 1640 1654 1711 gratiam
1684 1637 1876 1713 video,

215 1734 711 1805 pulchritudinem
734 1732 929 1797 laudo,
947 1732 1195 1787 formam
1220 1731 1489 1801 praedico,
1511 1731 1867 1799 praceptum

222 1822 519 1875 admiror:
544 1822 644 1875 md
676 1823 815 1892 quia
855 1820 1107 1875 carnalis
1139 1837 1273 1874 sum
1322 1836 1450 1889 ego,
1482 1816 1873 1871 venumdatus
1899 1846 1951 1913 Β

227 1911 337 1964 sub
358 1915 612 1981 peccato,
638 1910 839 1965 trahor
857 1910 1013 1965 ιω
1032 1909 1253 1963 invitus
1273 1908 1345 1962 ad
1368 1906 1627 1977 culpam.
1643 1902 1875 1958 Etenim

231 1999 397 2069 quasi
429 2014 593 2052 servo
615 1998 788 2070 culpa
815 1998 1173 2052 dominatur.
1198 1997 1401 2067 Itaque
1432 1994 1526 2049 odi
1556 1993 1802 2056 crimen,
1824 1994 1883 2045 et

228 2086 397 2141 facio.
432 2085 599 2141 Mens
639 2087 781 2153 odit,
813 2103 947 2141 caro
993 2084 1358 2155 concupiscit
1390 2100 1405 2136 :
1436 2099 1544 2151 ego
1590 2090 1788 2136 tamen
1820 2080 1881 2132 in

226 2180 495 2245 utraque,
528 2174 629 2245 qui
677 2173 789 2247 legi
840 2179 1033 2231 mente
1061 2173 1391 2241 consentio,
1420 2177 1477 2226 et
1518 2186 1694 2225 carne
1724 2166 1879 2240 quod

226 2263 383 2329 nolo,
415 2262 525 2317 hoc
556 2279 683 2334 ago.
716 2263 942 2318 Bonum
972 2278 1112 2333 ergo
1140 2261 1487 2316 mandatum
1517 2259 1613 2314 cui
1642 2272 1883 2313 consen-

224 2352 331 2417 tio,
362 2356 421 2406 et
458 2366 627 2405 mens
673 2352 829 2405 bona
873 2368 1003 2421 quae
1051 2350 1209 2421 quod
1262 2349 1487 2403 bonum
1537 2352 1649 2415 est,
1680 2345 1875 2419 elegit.

228 2439 387 2494 Bona
434 2439 507 2495 ad
550 2439 963 2510 judicandum,
998 2440 1098 2493 sed
1148 2438 1385 2492 inﬁma
1431 2435 1880 2508 plerumquead

230 2528 646 2595 resistendum,
668 2529 809 2599 quia
836 2532 1121 2600 repugnat
1150 2528 1202 2582 ei
1233 2527 1493 2598 corporis
1524 2524 1875 2597 appetentis,

227 2621 285 2672 et
312 2617 606 2689 captivam
635 2633 762 2671 eam
797 2616 977 2671 trahit
1004 2616 1074 2671 ad
1106 2615 1321 2671 erroris
1354 2615 1677 2669 illecebras.

302 2706 387 2759 16.
424 2705 486 2760 ln
509 2721 622 2774 quo
654 2704 911 2777 periculo
932 2720 1117 2759 unum
1142 2709 1233 2759 est
1259 2703 1683 2767 remedium,ut
1702 2716 1877 2771 quem

233 2789 323 2846 lex
352 2792 598 2847 liberare
629 2808 744 2846 non
775 2791 985 2863 potuit,
1008 2791 1217 2846 liberet
1237 2790 1340 2845 Dei
1370 2790 1578 2861 gratia.
1596 2788 1691 2844 Sic
1718 2788 1876 2844 enim
1982 2790 1998 2844 i

236 2880 521 2951 scriptum
552 2884 643 2935 est
664 2896 713 2933 ευ
748 2880 949 2934 Infelix
976 2894 1082 2950 ego
1111 2876 1457 2949 homo,quis
1485 2893 1579 2933 me
1607 2876 1879 2932 liberabit

231 2968 303 3023 de
341 2983 582 3038 corpore
629 2967 838 3022 mortis
884 2965 1108 3036 hujus?
1136 2965 1337 3021 Gratia
1382 2965 1479 3021 Dei
1526 2982 1630 3037 per
1671 2965 1878 3021 Jesum

229 3054 527 3112 Christum
559 3054 871 3110 Dominum
903 3059 1171 3110 nostrum
1194 3054 1352 3125 (Ibid.
1374 3055 1465 3125 2A,
1485 3054 1597 3121 25).
1628 3076 1649 3102 ι
1675 3054 1877 3125 Itaque

236 3144 303 3198 ﬁt
352 3149 415 3199 ut
446 3142 583 3199 licet
610 3148 911 3215 peccatum
939 3143 1097 3215 quod
1123 3142 1361 3212 latebat,
1382 3143 1441 3198 id
1471 3148 1581 3213 est,
1604 3143 1876 3215 concupi-

236 3231 461 3288 scentia
492 3248 621 3287 mea
657 3248 835 3304 quam
884 3248 1000 3288 non
1048 3232 1327 3303 putabam
1372 3248 1502 3288 esse
1548 3235 1872 3303 peccatum,

236 3326 483 3376 mortem
514 3320 661 3375 mihi
704 3326 944 3393 operata
971 3319 1068 3388 sit,
1109 3320 1251 3375 dum
1303 3320 1585 3392 proditur,
1614 3324 1673 3376 et
1698 3336 1880 3391 supra

237 3410 478 3465 modum
510 3410 663 3465 facta
682 3408 759 3464 sit
787 3410 983 3481 ipsum
1006 3413 1310 3481 peccatum
1333 3410 1476 3479 (erat
1494 3408 1650 3465 enim
1680 3424 1879 3481 pecca.

234 3502 385 3563 tum,
408 3497 517 3553 etsi
564 3496 952 3562 nesciebatur,
976 3496 1077 3553 sed
1117 3496 1449 3569 cognitione
1476 3500 1878 3553 coacervatum

234 3591 343 3655 est,
366 3590 424 3639 et
443 3585 609 3656 quasi
644 3585 1071 3641 incrementum
1100 3585 1315 3640 erroris
1339 3585 1680 3658 assumpsit,
1703 3590 1879 3657 atque

234 3674 296 3729 in
330 3678 600 3729 naturam
629 3673 823 3729 delicti
852 3675 1031 3730 cessit
1060 3675 1250 3730 forma
1280 3675 1582 3746 mandati),
1614 3673 1759 3730 mihi
1788 3678 1876 3730 ta-

234 3778 367 3818 men
401 3778 560 3817 mors
588 3779 703 3818 non
735 3763 835 3829 sit,
857 3762 951 3818 cui
982 3768 1317 3835 promptum
1359 3767 1451 3819 est
1475 3763 1549 3819 ad
1578 3762 1878 3819 Christum

234 3851 566 3925 confugere,
600 3868 704 3923 per
750 3868 925 3923 quem
958 3850 1242 3907 solvimur
1268 3852 1428 3907 omni
1475 3851 1682 3907 mortis
1726 3852 1877 3924 peri-

233 3940 384 3996 culo.
407 3939 693 3996 Absoluta
722 3939 902 4013 igitur
925 3939 1101 3995 etiam
1131 3940 1390 3995 secunda
1416 3945 1507 3995 est
1534 3940 1877 4012 propositio,

231 4029 371 4101 quia
399 4028 746 4084 mandatum
777 4028 923 4083 mihi
954 4027 1100 4100 legis
1131 4044 1294 4083 mors
1322 4044 1435 4084 non
1460 4032 1568 4099 est,
1590 4027 1700 4085 etsi
1730 4044 1881 4083 mor.

228 4123 348 4173 tem
380 4122 671 4190 operetur.
698 4116 860 4183 Quod
891 4116 1049 4173 enim
1072 4117 1515 4185 conturbamur,
1548 4115 1880 4190 fragilitatis

230 4210 319 4262 est
352 4223 365 4261 :
399 4206 557 4279 quod
587 4206 915 4274 evadimus,
947 4204 1183 4261 Christi.

888 4311 1117 4368 CAPUT
1157 4311 1226 4365 V.

231 4405 357 4472 Qua
402 4402 622 4457 ratione
652 4402 744 4456 lea:
770 4416 883 4455 non
908 4402 1201 4472 suffecerit,
1232 4398 1331 4472 sed
1365 4401 1673 4456 necessaria
1711 4402 1883 4472 fuerit

302 4475 484 4541 gratia
521 4488 623 4543 per
666 4475 898 4527 mortem
950 4472 1164 4527 Christi
1209 4471 1432 4543 donata,
1460 4487 1588 4526 cum
1631 4487 1737 4543 quo
1781 4487 1880 4527 nos

302 4544 471 4597 etiam
500 4541 662 4610 mori,
696 4558 975 4613 resurgere
1002 4551 1055 4598 et
1086 4543 1295 4597 versari
1323 4541 1630 4597 debeamus.

310 4647 393 4702 17.
430 4647 579 4719 Ergo
612 4650 675 4701 ut
705 4646 777 4701 ad
811 4646 1046 4703 exordia
1091 4646 1381 4702 sermonis
1408 4646 1588 4718 hujus
1631 4652 1879 4705 reverta-

234 4752 388 4803 mur,
415 4750 582 4791 mens
613 4734 766 4790 bona
793 4739 884 4789 est
911 4750 1041 4806 quis
1069 4734 1245 4790 habet
1274 4735 1680 4792 tractationem
1710 4736 1883 4793 ratio-

238 4824 351 4890 nis,
385 4829 443 4880 et
483 4822 737 4879 intendit
784 4821 1087 4894 sapientiae
1132 4821 1461 4895 disciplinis
1495 4839 1507 4878 :
1541 4824 1643 4879 sed
1691 4826 1883 4897 gravis

231 4912 389 4970 lucta
428 4916 519 4970 est
546 4912 597 4969 ei
630 4928 763 4968 cum
814 4911 1020 4967 mortis
1050 4927 1309 4984 corpore,
1332 4915 1389 4967 et
1416 4916 1761 4985 plerumque
1792 4931 1881 4969 ra-

231 5002 454 5059 tionem
486 5001 703 5058 mentis
748 4999 928 5055 vincit
956 4999 1150 5056 carnis
1198 4999 1486 5056 illecebra.
1520 5001 1590 5056 Et
1617 5002 1747 5058 ideo
1776 5002 1884 5058 Do-

234 5090 431 5147 minus
464 5091 654 5164 primo
698 5089 885 5162 legem
932 5088 1113 5156 dedit,
1147 5088 1241 5143 cui
1271 5104 1440 5144 mens
1469 5088 1726 5147 hominis
1755 5106 1884 5148 sese

237 5180 307 5234 ad
358 5179 885 5252 obtemperandum
930 5177 1117 5245 dedit,
1148 5181 1206 5233 et
1234 5176 1286 5232 ei
1337 5177 1552 5233 servire
1597 5178 1786 5250 coepit,
1820 5184 1885 5235 ut

234 5270 389 5322 esset
435 5268 671 5324 subdita
704 5284 717 5323 :
750 5267 853 5323 sed
902 5282 1035 5321 caro
1080 5263 1353 5337 subjecta
1401 5283 1516 5321 non
1563 5271 1709 5335 erat,
1743 5267 1885 5339 quia

238 5354 523 5427 sapientia
551 5355 744 5412 carnis
776 5373 891 5412 non
922 5359 1011 5410 est
1054 5354 1168 5426 legi
1200 5353 1460 5422 subdita,
1493 5359 1550 5411 et
1578 5357 1883 5430 praeceptis

307 5496 421 5620 $16)
450 5496 599 5552 Edit.
637 5498 826 5566 Rom.,
856 5498 920 5552 Et
948 5496 1209 5567 quomodo
1236 5511 1335 5568 per
1367 5497 1569 5579 bonum
1596 5499 1739 5555 mihi
1764 5517 1884 5574 ope-

332 5583 425 5620 um
453 5577 527 5620 est
559 5572 803 5620 mortem.
836 5574 1042 5620 contra
1069 5573 1306 5620 caeteras
1336 5568 1475 5620 edit.
1508 5585 1575 5620 ac
1604 5586 1749 5620 mss.

242 5568 425 5620 ratum
453 5577 527 5621 est
559 5572 803 5633 mortem,
836 5574 1042 5623 contra
1069 5573 1306 5623 caeteras
1336 5568 1475 5625 edit.
1508 5585 1575 5624 ac
1604 5586 1749 5628 mss.

314 5636 425 5709 (t7)
455 5637 547 5693 Sic
590 5638 727 5693 edit.
774 5644 896 5694 ant.
932 5654 997 5692 ac
1046 5653 1191 5697 mss.
1244 5654 1493 5696 omnes:
1526 5641 1702 5698 editio
1748 5660 1880 5702 vero

1974 571 2402 643 cupiditatibus
2448 566 2669 633 dedita,
2696 569 2757 621 et
2798 560 3103 619 lenociniis
3129 555 3465 616 carnalibus
3507 555 3632 612 im-

1972 661 2207 733 plicata.
2240 660 2373 714 ldeo
2430 654 2821 712 laborandum
2874 656 2987 717 est,
3033 655 3099 705 ut
3155 653 3469 704 teneamus
3520 643 3631 700 Dei

1973 751 2243 821 gratiam.
2291 747 2459 801 Mens
2506 746 2703 816 itaque
2755 742 2932 805 bona,
2958 740 3009 794 si
3062 737 3273 793 rationi
3321 733 3629 821 intendat:

1975 820 2073 893 sed
2108 852 2316 908 parum
2346 834 2621 906 perfecta,
2656 831 2769 886 nisi
2799 829 3013 884 habeat
3042 821 3443 899 gubernacula
3461 820 3630 877 Chri-

1975 926 2071 982 sti.
2095 925 2264 980 \'enit
2291 925 2450 979 enim
2480 921 2769 978 Dominus
2784 919 2981 983 Iesus,
3011 915 3115 988 qui
3147 919 3381 969 nostras
3408 909 3633 983 passio-

1977 1031 2081 1069 nes
2132 1013 2291 1069 cruci
2320 1029 2440 1067 sue
2470 1011 2755 1082 aﬂigeret,
2786 1010 3023 1080 peccata
3050 1004 3329 1059 donaret:
3362 1000 3425 1054 in
3455 998 3628 1069 cujus

1978 1108 2167 1159 marte
2217 1099 2529 1173 justiﬁcati
2585 1113 2818 1159 sumus,
2849 1099 2915 1150 ut
2968 1098 3129 1148 totus
3185 1090 3445 1145 mundus
3497 1087 3628 1154 ejus

1979 1193 2361 1247 mandaretur
2413 1188 2720 1260 sanguine.
2769 1183 3033 1255 Denique
3079 1181 3140 1235 in
3192 1181 3380 1235 morte
3439 1174 3628 1248 ipsius

1980 1280 2259 1353 baptizati
2296 1295 2527 1334 sumus.

2054 1350 2139 1423 t8.
2172 1369 2231 1423 Si
2262 1369 2444 1440 igitur
2489 1366 2550 1421 in
2598 1364 2761 1419 illius
2797 1365 2987 1417 morte
3032 1357 3412 1414 dimittuntur
3456 1350 3629 1408 nobis

1981 1464 2239 1530 peccata,
2260 1458 2437 1511 etiam
2468 1458 2841 1527 peccatorum
2860 1449 3033 1505 nobis
3053 1446 3357 1519 passiones
3381 1442 3447 1497 in
3468 1440 3629 1496 illius

1984 1553 2170 1602 morte
2199 1542 2725 1610 moriantur,illius
2751 1540 2945 1596 crucis
2969 1535 3149 1593 clavis
3174 1533 3359 1589 afﬁxa
3386 1535 3629 1586 tenean-

1986 1642 2099 1691 tur.
2126 1635 2186 1689 Si
2216 1635 2275 1689 in
2306 1633 2467 1689 illius
2494 1636 2687 1687 morte
2733 1627 2952 1684 mortui
2993 1640 3222 1690 sumus,
3242 1619 3384 1699 quid
3413 1619 3629 1675 iterum

1984 1730 2261 1794 tanquam
2290 1722 2548 1777 viventes
2574 1718 2650 1775 ad
2688 1734 2761 1774 ea
2785 1732 2915 1788 qua
2942 1718 3084 1770 sunt
3130 1708 3435 1766 mundana
3461 1721 3630 1794 revof

1984 1792 2229 1868 camur?
2258 1811 2408 1875 Quid
2438 1809 2608 1865 nobis
2653 1822 2790 1862 cum
2816 1800 3120 1860 elementis
3147 1799 3329 1869 hujus
3375 1792 3631 1852 mundi?

1987 1902 2136 1967 Quid
2164 1917 2301 1956 cum
2330 1893 2799 1970 cupiditatilius?
2839 1890 2990 1957 Quid
3017 1905 3155 1945 cum
3188 1886 3426 1942 luxuria
3452 1887 3633 1954 atque

1986 1990 2227 2046 lascivia
2252 1987 2471 2060 quibus
2514 2002 2652 2041 cum
2679 1982 2909 2040 Christo
2940 1977 3155 2035 mortui
3182 1972 3438 2033 sumus?
3464 1970 3629 2060 Quod

1986 2078 2040 2136 si
2084 2058 2286 2134 simus
2311 2078 2373 2131 in
2400 2074 2630 2133 Christo
2676 2069 2916 2140 mortui,
2946 2069 3009 2124 in
3036 2066 3264 2123 Christo

1988 2184 2157 2235 mus;
2188 2182 2325 2223 cum
2355 2164 2585 2220 Christo
2612 2160 2795 2233 igitur
2836 2171 3140 2213 versemur
3168 2169 3185 2209 :
3214 2168 3351 2208 cum
3397 2147 3634 2206 Christo

1986 2256 2292 2329 superiora
2317 2270 2450 2326 qua:
2476 2254 2638 2316 sunt,
2659 2265 2777 2304 non
2804 2262 2935 2319 qua
2963 2243 3110 2301 ass
3147 2236 3637 2331 corruptibiliaet

1986 2328 2221 2401 terrena
2248 2355 2604 2415 quaeramus.
2623 2336 2896 2393 Christus
2935 2344 3248 2402 resurgens
3293 2343 3332 2383 a
3378 2328 3635 2381 mortuis

1982 3053 2277 3117 bulemus,
2299 3049 2403 3122 qui
2431 3046 2711 3120 spiritum
2728 3039 2944 3099 Christi
2963 3037 3315 3111 accepimus.
3339 3034 3402 3092 Si
3427 3036 3629 3090 autem

1984 3142 2227 3215 spiritus
2255 3136 2471 3195 Christi
2500 3136 2559 3191 in
2590 3131 2783 3199 nobis,
2812 3145 2950 3203 ergo
2978 3128 3057 3185 sit
3101 3125 3272 3215 nobis
3299 3140 3436 3181 caro
3464 3138 3630 3179 mor—

1985 3213 2092 3288 tua
2128 3233 2368 3302 propter
2408 3228 2734 3298 peccatum,
2762 3219 3007 3293 spiritus
3033 3232 3167 3273 vero
3210 3213 3366 3271 vivat
3390 3216 3632 3285 propter

1976 3318 2485 3393 justiﬁcatiouem.

2056 3410 2143 3465 19.
2177 3407 2273 3464 Sic
2302 3404 2460 3478 quod
2488 3404 2616 3459 erat
2654 3394 3020 3470 impossibile
3064 3391 3201 3465 legi,
3223 3389 3487 3478 solutum
3516 3392 3628 3454 est,

1984 3499 2036 3555 si
2065 3498 2127 3553 in
2155 3477 2365 3569 spiritu
2396 3488 2793 3553 ambulemus,
2818 3486 2871 3542 si
2898 3482 3200 3557 passiones
3227 3477 3627 3569 sepelivimus,

1986 3588 2036 3645 si
2065 3565 2299 3643 crucem
2323 3582 2504 3653 hujus
2523 3576 2786 3650 corporis
2813 3590 2931 3631 non
2959 3569 3343 3635 resolvamus,
3364 3567 3414 3623 si
3444 3565 3632 3653 chiro-

1985 3674 2276 3750 graphum
2324 3652 2545 3743 peccati
2573 3665 2732 3739 quod
2772 3661 3032 3750 deletum
3057 3663 3151 3750 est
3178 3657 3237 3750 in
3264 3652 3630 3750 cruce-Chri-

1986 3742 2234 3831 stt-non
2280 3742 2695 3820 rescribamus,
2727 3750 2778 3809 si
2804 3747 3015 3807 veteris
3056 3745 3313 3803 hominis
3343 3742 3627 3831 amictum

1986 3829 2163 3928 quem
2192 3848 2487 3912 exuimus,
2516 3860 2633 3900 nou
2661 3840 3001 3897 induamus.
3025 3835 3321 3907 Scriptum
3468 3829 3626 3928 enim

1986 3917 2045 3998 in
2076 3937 2330 3997 Canticis
2361 3953 2413 3991 :«
2444 3933 2589 3990 Exui
2635 3928 2899 3986 tunicam
2944 3940 3160 3988 meam,
3189 3920 3485 3994 quomodo
3532 3917 3627 3973 in-

1987 4032 2166 4086 duam
2194 4024 2368 4083 eam?
2396 4021 2531 4079 Lavi
2559 4020 2739 4093 pedes
2776 4032 2959 4084 meos,
2981 4011 3274 4086 quomodo
3302 4007 3623 4081 inquinabo

1985 4135 2088 4176 eos
2115 4118 2298 4188 (Cant.
2327 4130 2384 4168 v.
2416 4110 2512 4183 3)?
2539 4106 2824 4166 Mortiﬁca
2849 4104 3029 4177 igitur
3055 4099 3224 4157 nobis
3254 4102 3627 4188 suntcorpo-

1987 4206 2070 4264 ris
2114 4182 2398 4267 membra,
2446 4214 2552 4254 cur
2597 4197 2727 4268 ejus
2769 4190 3067 4266 pullulant
3109 4185 3293 4244 vitia?
3349 4186 3485 4242 Ideo
3539 4182 3626 4239 lex

1986 4314 2101 4354 non
2131 4289 2454 4368 prevaluit,
2476 4286 2617 4361 quia
2644 4301 2762 4341 non
2789 4298 3027 4340 carnem
3057 4275 3428 4368 mortiﬁcavit
3454 4294 3469 4331 :

1986 4361 2157 4458 quasi
2204 4379 2420 4437 umbra
2463 4372 2762 4449 praeteriit,
2792 4371 2935 4444 quia
2984 4385 3100 4458 non
3128 4363 3424 4458 coloravit
3456 4380 3471 4419 :
3503 4361 3625 4418 ideo

1987 4452 2167 4531 etiam
2195 4464 2569 4527 obumbravit
2596 4479 2702 4519 nos
2729 4478 2766 4517 a
2794 4458 2915 4516 sole
2948 4455 3211 4528 justitiaa.
3234 4452 3376 4527 quia
3402 4466 3626 4508 coacer-

1915 4572 1973 4645 ι)
1994 4562 2149 4619 vavit
2176 4556 2423 4616 crimina
2452 4553 2587 4626 (17).
2616 4551 2857 4645 Erg-oet
2881 4545 3089 4645 obfuit.

1990 4718 2366 4789 Promulgata:
2394 4713 2530 4782 legis
2572 4712 2787 4782 fruetus
2831 4722 2948 4762 esse
2972 4703 3177 4787 peccati
3219 4701 3627 4784 confessionem,

2063 4807 2128 4846 ac
2155 4788 2545 4850 humilitatem,
2568 4783 2759 4855 imae:
2781 4778 3032 4855 gratiam
3048 4790 3245 4855 ipsum,
3271 4779 3335 4855 e_t_
3350 4771 3629 4855 (:an

2062 4840 2544 4939 siquibus,
2578 4840 2931 4933 subiungitur
2958 4846 3032 4904 ad
3064 4840 3426 4927 bratitudinis
3453 4840 3629 4911 ofﬁcia

2061 4934 2368 4990 exhortatio
2405 4942 2530 4982 cum
2576 4923 2960 4993 beneficiorum
3007 4917 3221 4973 honuni
3265 4925 3631 4971 concesseram

2061 5000 2494 5061 enumeratione.

2058 5094 2151 5148 20.
2184 5089 2333 5156 Quid
2364 5086 2545 5160 igitur
2572 5099 2722 5156 opus
2751 5080 2865 5137 fuit
2884 5079 2999 5151 (18)
3021 5080 3087 5133 ut
3115 5073 3207 5131 lex
3234 5070 3624 5160 promulgare-

1992 5188 2109 5251 tur,
2141 5181 2191 5238 si
2221 5158 2528 5252 profutura
2556 5188 2674 5228 non
2703 5168 2868 5226 erat?
2897 5165 3270 5252 Habebamus
3291 5161 3422 5234 jam
3445 5158 3622 5252 legem

1992 5247 2244 5336 naturae;
2276 5268 2401 5321 erat
2424 5261 2583 5318 enim
2628 5254 3038 5328 unusquisque
3076 5250 3189 5309 sibi
3218 5249 3329 5315 lex,
3357 5247 3459 5320 qui
3490 5260 3623 5319 opus

1991 5359 2136 5433 legis
2185 5355 2472 5427 scriptum
2518 5347 2773 5406 habebat
2809 5344 2872 5401 in
2919 5341 3091 5400 corde
3136 5355 3264 5398 suo.
3298 5336 3468 5395 Illam
3522 5348 3624 5390 non

1993 5504 2188 5567 Rom.,
2220 5499 2353 5567 quia
2378 5491 2714 5567 coacervavit
2737 5488 2984 5567 crimina
2994 5500 3114 5567 non
3140 5482 3356 5539 delevit.

2061 5558 2187 5646 (isi
2205 5558 2387 5640 Edit.,
2421 5563 2565 5635 Quid
2592 5563 2767 5635 igitur
2789 5558 3020 5632 profuit.
