3830 6206
136 380 241 445 637

1124 376 1227 440 DE
1268 376 1505 441 JAGOB
1551 373 1651 438 ΕΤ
1694 374 1880 438 VITA
1918 373 2182 437 BEATA
2229 374 2378 438 LIB.
2422 374 2471 438 Ῑ.

3381 376 3503 441 638

137 513 410 572 tenuimus
434 527 446 567 :
470 527 571 567 cur
599 511 919 569 addebatur
946 514 1003 567 et
1033 509 1227 579 altera,
1262 511 1321 565 in
1355 512 1522 582 cujus
1553 508 1742 581 operi—
1775 511 1829 575 Α
1860 507 1952 564 nis
1972 525 2039 563 ac
2068 508 2222 564 ﬁdei.
2260 510 2413 566 Num
2436 525 2648 568 census
2687 508 2899 579 tenior,
2928 506 3117 567 victus
3155 510 3501 584 augustior?

137 603 231 659 bus
254 618 378 657 caro
399 617 514 657 non
545 604 737 673 posset
751 600 1062 673 justificari
1084 599 1111 654 ‘2
1140 600 1401 657 Accessit
1423 598 1743 663 vinculum,

138 707 235 746 non
268 688 472 745 solutio
505 706 518 755 ;
553 689 751 744 addita
778 692 866 745 est
910 693 1279 761 peccatorum
1327 686 1568 760 agnitio,
1629 703 1744 740 non

137 777 396 834 remissio.
428 778 799 835 Peccavimus
830 794 1034 833 omnes
1059 778 1155 849 qui
1188 782 1525 850 poteramus
1573 792 1743 830 excu-

135 866 391 924 sationem
423 866 773 938 praetendere
798 883 901 938 per
929 866 1320 939 ignorantiam
1347 883 1359 921 :
1417 882 1482 921 os
1513 865 1743 920 obstru-

135 959 269 1011 ctum
297 958 383 1010 est
428 953 719 1010 omnibus.

189 1042 269 1098 21.
296 1042 519 1097 Profuit
545 1046 738 1098 tamen
769 1041 934 1110 mihi,
969 1043 1111 1115 ccepi
1141 1043 1401 1098 conﬁteri
1442 1043 1595 1114 quod
1646 1058 1763 1096 ne-.

133 1132 362 1201 gabam:
425 1128 569 1202 cmpi
627 1130 903 1185 delictum
974 1147 1166 1186 meum
1256 1146 1622 1203 cognoscere,
1692 1134 1749 1186 et

134 1217 456 1289 injustitiam
505 1234 694 1273 meam
742 1235 857 1274 non
889 1221 1111 1291 operire
1142 1236 1154 1274 :
1190 1220 1336 1291 ccepi
1368 1218 1747 1291 pronuntiare

134 1308 381 1363 adversus
426 1322 520 1362 me
574 1306 927 1377 injustitiam
984 1324 1174 1363 meam
1226 1308 1494 1376 Domino,
1554 1312 1609 1363 et
1684 1313 1745 1363 tu

134 1395 381 1451 remisisti
415 1394 745 1468 impietates
776 1396 967 1451 cordis
1000 1397 1134 1452 mei.
1169 1398 1277 1453 Sed
1312 1401 1368 1452 et
1416 1396 1560 1452 illud
1600 1396 1747 1452 mihi

133 1484 360 1555 prodest,
392 1483 543 1555 quod
578 1500 694 1539 non
721 1484 1121 1555 jnstilicamur
1151 1502 1219 1540 ex
1259 1484 1533 1558 operibus
1578 1485 1743 1558 legis.

131 1572 239 1627 Non
266 1571 444 1627 habeo
490 1570 671 1642 igitur
717 1572 870 1628 unde
908 1572 1140 1645 gloriari
1176 1573 1235 1627 in
1287 1573 1561 1646 operibus
1601 1573 1748 1629 meis

132 1660 347 1732 possim,
378 1676 494 1715 non
557 1659 739 1716 habeo
772 1661 926 1717 unde
956 1678 1047 1717 me
1071 1662 1309 1732 jactem,
1343 1667 1399 1718 et
1472 1662 1602 1718 ideo
1630 1662 1749 1734 glo-

131 1749 300 1804 riabor
326 1748 383 1803 in
414 1748 667 1805 Christo.
699 1750 823 1805 Non
856 1750 1150 1823 gloriabor
1180 1752 1317 1823 quia
1338 1753 1541 1822 justus
1590 1768 1743 1819 sum,

130 1834 214 1892 sed
239 1837 530 1909 gloriabor
557 1839 696 1910 quia
724 1839 1058 1911 redemptus
1092 1857 1244 1896 sum.
1279 1840 1600 1908 Gloriabor,
1632 1857 1744 1895 non

131 1925 246 1996 quia
268 1942 483 1982 vacuus
517 1927 767 1998 peccatis
794 1944 949 1993 sum,
980 1928 1083 1983 sed
1134 1929 1274 2000 quia
1310 1929 1456 1983 mihi
1504 1929 1752 1985 remissa

131 2016 248 2066 sunt
287 2016 544 2084 peccata.
594 2013 720 2068 Non
769 2013 1063 2086 gloriabor
1108 2016 1246 2088 quia
1294 2016 1505 2088 profui,
1564 2032 1751 2088 neque

130 2099 248 2171 quia
295 2100 516 2173 profuit
559 2100 704 2156 mihi
751 2103 1089 2174 quisquam,
1140 2104 1241 2158 sed
1309 2105 1447 2175 quia
1506 2121 1608 2176 pro
1658 2121 1752 2160 me

130 2188 415 2245 advocatus
444 2190 605 2261 apud
636 2190 865 2246 Patrem
889 2191 1156 2248 Christus
1185 2195 1273 2248 est
1297 2211 1309 2248 :
1345 2194 1444 2249 sed
1468 2193 1607 2265 quia
1627 2211 1753 2266 pro-

130 2292 207 2333 me
241 2276 446 2334 Christi
497 2280 742 2351 sanguis
790 2280 1012 2335 effusus
1079 2283 1186 2338 est.
1234 2282 1404 2337 Facta
1451 2287 1538 2338 est
1605 2283 1749 2337 mihi

129 2364 277 2437 culpa
304 2383 431 2423 mea
460 2383 691 2424 merces
740 2368 1180 2441 redemptionis,
1230 2387 1332 2441 per
1379 2388 1556 2442 quam
1606 2372 1749 2426 mihi

129 2453 368 2511 Christus
433 2456 690 2512 advenit.
740 2457 981 2529 Propter
1044 2475 1137 2515 me
1184 2458 1449 2514 Christus
1506 2464 1751 2515 mortem

135 2543 266 2601 ιιι
285 2545 565 2617 gustavit.
596 2545 970 2601 Fructuosior
990 2546 1178 2619 culpa,
1203 2564 1379 2619 quam
1401 2547 1751 2604 innocentia.

131 2631 440 2690 Innocentis
461 2639 834 2706 arrogantem
858 2652 950 2691 me
973 2635 1205 2703 fecerat,
1230 2635 1403 2709 culpa
1423 2637 1753 2707 subjectum

131 2721 370 2777 reddidit.

185 2811 265 2864 22.
296 2810 484 2867 Habes
516 2809 697 2883 igitur
725 2810 942 2883 quibus
970 2812 1110 2869 latio
1160 2813 1377 2885 profuit
1422 2814 1528 2870 tibi
1584 2814 1747 2886 legis.

128 2897 220 2953 Sed
241 2898 380 2955 dicis
401 2899 547 2972 quia
566 2916 667 2972 per
696 2900 883 2973 legem
908 2902 1421 2974 superabundavit,
1447 2908 1751 2975 peccatum

129 2984 222 3041 Sed
252 2988 343 3043 ubi
375 2989 877 3061 superabundavit
896 2995 1225 3071 peccatum,
1258 2991 1752 3064 superabundavit

129 3076 176 3129 et
214 3075 412 3148 gratia.
464 3078 736 3133 Mortuus
785 3094 845 3134 es
884 3084 1139 3151 peccato,
1188 3079 1402 3136 homo:
1468 3098 1603 3155 ergo
1660 3081 1752 3136 lex

122 3161 231 3231 jam
259 3181 370 3221 non
414 3167 606 3222 obest.
659 3166 936 3240 Resurgis
982 3183 1084 3239 per
1130 3169 1425 3240 gratiam:
1477 3184 1612 3242 ergo
1660 3169 1750 3226 lex

128 3251 342 3324 profuit,
372 3254 517 3326 quia
548 3238 869 3326 acquisivit
902 3238 1169 3327 gratiam.
1221 3258 1513 3329 Accepisti
1543 3238 1746 3314 vetiam
1778 3238 1821 3304 (ἶ

129 3339 317 3411 pignus
377 3342 601 3398 Christi
666 3342 988 3412 charitatis,
1035 3345 1315 3417 quoniam
1362 3346 1463 3419 qui
1530 3364 1635 3419 pro
1697 3352 1753 3404 te

129 3432 370 3487 mortuus
399 3434 513 3497 est,
551 3431 864 3487 advocatus
901 3435 993 3488 est
1038 3433 1164 3503 tibi,
1212 3438 1269 3489 et
1310 3434 1617 3508 sanguinis
1662 3435 1753 3492 sui

127 3519 424 3575 mercedem
455 3522 717 3575 reservat
746 3520 880 3591 (19),
912 3525 969 3577 et
994 3521 1094 3593 qui
1138 3527 1501 3594 peccatorem
1552 3541 1755 3580 recon-

128 3603 318 3662 ciliavit
336 3607 518 3676 Patri,
545 3607 726 3664 multo
752 3610 941 3683 magis
964 3611 1338 3667 commendat
1361 3612 1749 3683 innocentem,

126 3696 172 3746 et
190 3697 367 3751 tuetur
396 3696 730 3764 subditum,
764 3698 864 3768 qui
896 3698 1140 3754 adscivit
1168 3699 1430 3756 noxium.

185 3782 263 3836 23.
293 3785 461 3840 Tanti
495 3784 680 3856 igitur
714 3786 983 3842 beneficii
1032 3787 1260 3843 debitor
1305 3806 1422 3844 non
1470 3793 1753 3863 rependes

128 3867 447 3942 obsequium
467 3873 497 3927 ‘2
534 3872 828 3929 Haeredem
860 3878 915 3929 te
946 3875 1101 3941 fecit,
1130 3875 1485 3933 cohzeredem
1518 3883 1573 3935 te
1595 3880 1748 3948 fecit,

128 3956 455 4017 coheredem
489 3961 618 4029 Dei,
651 3961 1009 4018 cohzcredem
1041 3963 1291 4020 Christi:
1328 3965 1601 4037 spiritum
1644 3968 1750 4024 tibi

130 4044 431 4123 adoptionis
461 4049 705 4105 infudit.
740 4051 995 4107 Numera
1040 4051 1181 4121 haec,
1223 4057 1280 4108 et
1325 4055 1580 4128 adjunge
1633 4075 1748 4113 non

126 4133 227 4189 tam
254 4137 321 4191 ad
351 4137 539 4194 debiti
598 4156 832 4204 nexum,
866 4156 1040 4212 quam
1092 4141 1165 4196 ad
1214 4143 1476 4198 muneris
1530 4147 1749 4218 accepti

127 4226 626 4283 conservationem.
653 4227 919 4284 Cohaeres
942 4228 1156 4286 Christi
1189 4246 1273 4297 es,
1297 4230 1345 4286 si
1374 4232 1744 4305 compatiare,

127 4307 166 4361 si
199 4316 597 4384 commoriare,
630 4316 681 4371 si
709 4317 1103 4389 consepeliare
1133 4335 1266 4374 cum
1306 4318 1554 4376 Christo.
1605 4323 1745 4385 Sus-

125 4396 238 4469 cipe
256 4403 562 4472 passiones
583 4405 732 4475 ejus,
762 4410 826 4460 ut
855 4423 1036 4477 supra
1059 4408 1364 4478 passiones
1386 4426 1520 4465 cum
1541 4413 1743 4469 eodem

124 4498 234 4541 esse
260 4491 558 4546 merearis.
583 4491 727 4546 Vide
749 4494 1041 4564 quomodo
1063 4494 1166 4549 tibi
1189 4500 1423 4567 peccata
1444 4498 1747 4571 superiora

1853 596 1965 651 Sed
1998 600 2170 652 erunt
2198 598 2305 654 tibi
2347 598 2562 654 divitiae
2612 599 3101 655 remunerationis
3138 604 3387 667 mternae,
3438 599 3497 654 in

1854 684 2069 756 quibus
2100 687 2183 741 rei
2225 686 2406 743 ullius
2439 705 2606 762 egere
2637 706 2752 744 non
2780 690 2992 760 possis.
3052 690 3202 744 Num
3259 689 3499 745 amissio

1854 772 2159 829 filiorum?
2222 776 2485 848 Recipies
2541 782 2873 850 perpetuos,
2935 795 3083 850 quos
3159 794 3499 850 susceperas

1854 862 2224 934 temporales,
2251 868 2306 918 et
2337 865 2560 920 dicetur
2581 867 2651 921 de
2681 870 2736 921 te
2760 884 2773 922 :
2809 890 2836 916 «
2858 867 3067 922 Beatus
3089 865 3190 930 qui
3216 866 3390 921 habet
3411 881 3501 920 se-

1854 966 1989 1005 men
2019 951 2078 1004 in
2106 952 2267 1019 Sion,
2298 958 2353 1008 et
2379 953 2730 1011 domesticos
2762 955 2820 1009 in
2851 954 3176 1010 Jerusalem
3197 957 3324 1027 (Isa.
3345 971 3497 1021 xxxx,

1853 1039 1931 1109 9).
1968 1062 1994 1088 »
2026 1040 2301 1113 Indignae,
2334 1040 2548 1113 inquit,
2601 1043 2904 1114 passiones
2933 1048 3073 1099 sunt
3128 1044 3308 1113 hujus
3354 1047 3501 1098 tem-

1856 1128 2015 1199 poris
2046 1129 2117 1183 ad
2163 1129 2414 1185 futuram
2449 1130 2694 1202 gloriam
2728 1132 2906 1203 (Rom.
2954 1149 3077 1197 vm,
3137 1133 3244 1203 18).
3271 1153 3299 1182 »
3351 1131 3502 1187 Scri-

1855 1220 2027 1288 ptura
2060 1217 2162 1271 tibi
2199 1218 2357 1273 dicit.

1926 1307 2014 1360 24.
2040 1307 2198 1362 Adde
2221 1307 2360 1379 quia
2387 1308 2506 1363 vita
2536 1309 2705 1365 beata
2737 1309 2829 1366 his
2858 1309 3115 1366 adversis
3134 1309 3504 1394 saecularium

1856 1392 2256 1449 molestiarum
2287 1399 2389 1450 aut
2421 1396 2765 1467 passionum
2800 1398 3189 1469 corporalium
3223 1415 3341 1453 non
3393 1392 3504 1452 mi-

1856 1482 2077 1548 nuitur,
2113 1483 2213 1538 sed
2246 1483 2434 1556 magis
2466 1485 2767 1556 probatur.
2808 1487 2970 1541 Adde
3003 1489 3156 1557 quod
3189 1486 3272 1541 vel
3321 1486 3504 1558 patri-

1857 1570 2039 1625 monii
2061 1572 2278 1626 damna
2307 1590 2421 1628 non
2454 1573 2651 1637 sentit,
2686 1573 2777 1630 vel
2825 1577 3325 1631 necessitudinum
3372 1575 3503 1630 forti

1857 1663 2049 1713 mente
2070 1661 2375 1716 abscondit
2397 1661 2725 1734 dispendia,
2748 1664 3018 1719 absorbet
3038 1663 3320 1720 dolorem.
3343 1664 3505 1719 Adde

1856 1747 1994 1818 quia
2023 1749 2207 1804 nescit
2236 1750 2558 1823 naufragia,
2593 1752 2693 1823 qui
2713 1769 2943 1823 semper
2961 1751 3020 1806 in
3038 1756 3204 1823 portu
3220 1752 3502 1824 tranquil-

1858 1835 2037 1892 litatis
2067 1842 2173 1892 est.
2217 1839 2365 1901 Quid
2421 1838 2586 1906 illud,
2620 1841 2775 1911 quod
2826 1839 2991 1895 labor
3018 1840 3125 1895 tibi
3176 1840 3506 1896 communis

1859 1928 1948 1980 est
1976 1942 2109 1981 cum
2143 1927 2301 1981 omni
2352 1932 2637 1996 creatura,
2693 1928 2831 1999 quia
2878 1933 3114 2001 propter
3150 1933 3205 1985 te
3249 1930 3508 1985 mundus

1857 2011 1983 2085 ipse
2045 2013 2382 2069 servitutem
2429 2015 2639 2072 tolerat
2686 2017 3096 2088 corruptionis,
3162 2018 3300 2089 quia
3372 2035 3506 2073 cum

1860 2101 2075 2157 sanctis
2126 2102 2231 2158 tibi
2280 2102 2498 2160 laboris
2547 2104 2728 2176 hujus
2776 2109 2832 2161 et
2860 2106 3309 2178 exspectationis
3348 2123 3508 2163 com-

1861 2206 2039 2245 mune
2062 2192 2420 2247 consortium
2448 2193 2584 2250 est?
2625 2193 2724 2249 Sol
2774 2210 3048 2251 occasum
3109 2212 3285 2251 suum
3349 2211 3506 2252 reco-

1859 2280 2108 2351 gnoscit,
2143 2279 2282 2334 luna
2312 2281 2626 2345 defectum,
2659 2299 2914 2338 errorem
2974 2282 3277 2340 stellarum
3332 2282 3505 2339 lumi-

1861 2384 1956 2431 na,
1990 2368 2129 2422 dum
2162 2368 2343 2425 totius
2374 2370 2631 2442 corporis
2666 2372 2846 2426 nostri
2881 2376 3214 2444 expectatur
3244 2372 3507 2445 redemp-

1862 2455 1965 2511 tio.

1931 2545 2018 2599 25.
2053 2545 2165 2601 Sed
2186 2547 2403 2602 vereris
2435 2546 2645 2603 dubios
2674 2548 2804 2603 vitae
2856 2550 3154 2606 anfractus
3199 2554 3256 2605 et
3303 2550 3505 2606 adver—

1862 2633 1999 2688 sarii
2032 2634 2299 2702 insidias,
2332 2651 2466 2690 cum
2506 2634 2727 2692 habeas
2784 2638 3067 2693 auxilium
3118 2639 3239 2709 Dei,
3289 2639 3509 2696 habeas

1860 2724 2083 2776 tantam
2115 2724 2241 2794 ejus
2272 2722 2697 2795 dignationem,
2730 2730 2796 2779 ut
2827 2724 2971 2780 Filio
3021 2726 3253 2799 proprio
3303 2744 3406 2799 pro
3452 2732 3509 2784 te

1862 2825 1974 2864 non
2008 2811 2327 2881 pepercerit
2348 2812 2521 2881 (Rom.
2568 2829 2688 2884 vni,
2719 2814 2830 2884 32).
2884 2812 3131 2870 Pulchro
3179 2816 3351 2871 verbo
3404 2832 3510 2871 usa

1860 2900 1949 2952 est
1980 2898 2300 2970 Scriptura,
2334 2905 2397 2954 ut
2427 2900 2528 2955 Dei
2559 2901 2746 2956 Patris
2776 2917 2915 2973 erga
2951 2905 3007 2957 te
3038 2902 3200 2973 pium
3244 2904 3507 2975 proposi-

1858 2988 1986 3042 tum
2019 2986 2359 3055 declararet,
2394 2989 2494 3060 qui
2526 2989 2736 3045 Filium
2769 2989 2941 3045 morti
2966 2990 3195 3046 obtulit.
3231 2992 3297 3047 Et
3327 2992 3508 3048 Filius

1860 3074 2065 3131 mortis
2095 3076 2472 3132 acerbitatem
2514 3077 2729 3134 sentire
2776 3095 2891 3134 non
2924 3081 3116 3151 potuit
3160 3081 3293 3152 (20).
3344 3082 3508 3145 Quod

1858 3163 1917 3218 in
1946 3164 2113 3220 Patre
2136 3165 2265 3230 fuit,
2300 3165 2446 3220 nihil
2478 3165 2590 3221 sibi
2622 3166 2747 3238 ipse
2788 3167 3064 3238 reliquit:
3116 3172 3305 3224 totum
3354 3171 3506 3228 453

1860 3269 1962 3325 pro
1991 3257 2047 3308 te
2078 3253 2290 3310 obtulit
2313 3271 2325 3309 :
2345 3255 2500 3326 quod
2530 3255 2590 3310 in
2624 3255 2983 3327 plenitudine
3004 3256 3506 3323 divinitatis,nihil

1862 3342 1988 3413 ipse
2020 3341 2238 3408 amisit,
2273 3346 2330 3398 et
2360 3347 2414 3398 te
2447 3343 2711 3399 redemit.
2746 3343 3063 3399 Considera
3093 3345 3369 3401 affectum
3402 3363 3507 3418 pa-

1864 3431 2062 3487 trium.
2097 3433 2259 3497 Quod
2290 3432 2523 3504 pietatis
2552 3437 2642 3488 est
2670 3432 2839 3504 quasi
2891 3433 3159 3488 morituri
3204 3433 3332 3489 Filii
3380 3452 3508 3491 sus-

1862 3519 2015 3589 cepit
2061 3518 2406 3590 periculum,
2459 3520 2627 3592 quasi
2677 3520 2944 3575 orbitatis
2981 3520 3181 3577 hausit
3221 3522 3501 3589 dolorem,

1864 3624 1935 3662 ne
1964 3606 2067 3662 tibi
2096 3608 2308 3680 periret
2337 3608 2559 3663 fructus
2608 3609 3045 3680 redemptionis.
3097 3612 3349 3667 Tantum
3400 3614 3507 3668 fuit

1861 3695 2105 3752 Domino
2138 3696 2401 3752 studium
2434 3701 2545 3752 tua:
2587 3697 2819 3765 salutis,
2852 3703 2919 3753 ut
2966 3701 3390 3771 propemodum
3438 3704 3507 3758 dc

1862 3801 1969 3839 suo
2000 3785 2444 3856 periclitaretur,
2477 3787 2618 3841 dum
2651 3790 2707 3842 te
2748 3786 3091 3843 lucraretur.
3127 3788 3228 3844 Ille
3276 3796 3508 3862 propter

1860 3876 1916 3928 te
1948 3873 2255 3945 dispendia
2285 3878 2487 3929 nostra
2516 3876 2794 3946 suscepit,
2829 3880 2892 3930 ut
2920 3880 2978 3930 te
3025 3876 3237 3932 divinis
3287 3878 3505 3934 insere-

1862 3964 1966 4027 ret,
2001 3961 2334 4018 cmlestibus
2382 3968 2765 4019 consecraret.
2819 3964 2960 4020 Mire
3017 3964 3190 4020 etiam
3242 3966 3501 4023 addidit:

1861 4071 1889 4099 «
1923 4050 2029 4104 Pro
2060 4049 2228 4106 nobis
2272 4052 2547 4106 omnibus
2594 4052 2838 4107 tradidit
2886 4051 3050 4107 illum
3108 4053 3293 4123 (Ibid.)
3329 4095 3342 4122 ,
3378 4076 3406 4102 ››
3442 4060 3505 4111 ut

1858 4138 2185 4193 ostenderet
2215 4140 2369 4210 quod
2390 4140 2471 4194 ita
2492 4156 2696 4195 omnes
2716 4139 2943 4211 diligat,
2968 4145 3032 4194 ut
3053 4140 3501 4197 dilectissimum

1857 4227 1967 4283 sibi
1999 4227 2208 4283 Filium
2239 4245 2342 4300 pro
2368 4227 2618 4299 singulis
2648 4228 2920 4283 traderet.
2954 4228 3061 4283 Pro
3092 4228 3307 4300 quibus
3326 4229 3503 4302 igitur

1856 4316 2010 4387 quod
2043 4332 2220 4388 super
2249 4316 2448 4371 omnia
2479 4320 2567 4371 est
2594 4315 2772 4384 dedit,
2804 4321 2995 4387 potest
3027 4317 3148 4373 fieri
3198 4322 3261 4372 ut
3292 4335 3406 4373 non
3440 4318 3499 4374 in

1853 4404 1953 4460 illo
1993 4405 2264 4461 universa
2306 4404 2649 4459 donaverit?
2698 4403 2851 4459 Nihil
2901 4405 3057 4460 enim
3107 4409 3350 4478 excepit,
3399 4408 3500 4481 qui

1852 4494 2114 4549 omnium
2147 4494 2435 4549 concessit
2453 4496 2769 4549 auctorem.

124 4568 350 4658 donavit,
382 4584 448 4633 ut
485 4577 636 4634 nihil
686 4579 899 4636 faceret
955 4581 1184 4650 obesse,
1250 4585 1403 4656 quod
1470 4568 1742 4657 peccasti.
1775 4594 1823 4658 Ι)
1924 4585 2012 4639 ἳϋ.
2046 4583 2201 4638 Nihil
2224 4587 2313 4638 est
2336 4582 2517 4655 igitur
2546 4583 2701 4654 quod
2733 4584 2927 4655 negari
2970 4600 3139 4655 posse
3190 4586 3357 4641 nobis
3404 4604 3498 4643 ve~

122 4657 247 4718 Vide
276 4668 568 4737 quomodo
598 4671 653 4724 te
685 4667 974 4735 hortatur,
1016 4687 1086 4726 ne
1116 4671 1352 4728 amittas
1397 4675 1553 4745 quod
1584 4693 1745 4733 acce-

124 4746 259 4817 pisti.
291 4754 486 4812 Brevis
507 4756 687 4828 hujus
717 4756 932 4814 laboris
962 4763 1050 4814 est
1077 4764 1251 4831 meta,
1283 4765 1340 4817 et
1371 4779 1584 4820 corona
1623 4765 1746 4820 fru-

122 4840 232 4930 etus
252 4845 512 4916 perpetui
541 4845 899 4902 :tolerabilis
935 4849 1150 4919 passio,
1184 4865 1407 4906 merces
1428 4851 1743 4930 inaestima-

123 4921 255 5012 bilis.
286 4931 433 4995 Quid
455 4933 613 4989 enim
637 4938 693 4989 te
714 4935 921 5007 angit?
949 4941 1038 4990 An
1059 4921 1745 5012 ignobilitatis-abiectio?

121 5011 215 5071 Sed
244 5019 347 5076 erit
373 5021 478 5077 tibi
514 5023 572 5077 in
606 5023 868 5079 futurum
898 5023 1152 5097 gloriosa
1182 5026 1456 5083 nobilitas
1488 5011 1740 5087 devotio-

180 5156 437 5241 (l9_)_Vet.
471 5166 893 5241 edit.,_gnercem
920 5173 1189 5224 reservat:
1226 5170 1418 5236 Rom.,
1453 5178 1501 5227 te
1538 5181 1740 5229 seruat.

120 5227 483 5312 Scriptivero
551 5227 798 5294 codices.
848 5256 1061 5312 magno
1128 5227 1742 5306 numero,'mereedeni

121 5311 369 5381 reservat:
404 5309 607 5380 Long,
648 5310 893 5366 mercede
937 5309 1190 5366 servavit.
1234 5316 1487 5367 Rursum
1536 5316 1738 5369 eodem

120 5364 235 5450 loci,
262 5364 398 5454 edit.
432 5364 637 5454 omines
667 5364 801 5454 cum
834 5364 1254 5454 msslaliquOtﬁ
1291 5386 1421 5454 quia
1451 5387 1551 5440 scit
1580 5387 1739 5442 inno-

121 5399 235 5450 uuyn,
262 5399 398 5431 eun.
432 5399 637 5435 omnes
667 5399 801 5435 cum
834 5399 977 5437 mss.
1011 5399 1086 5437 an
1136 5399 1235 5438 net
1291 5400 1421 5454 quia
1451 5399 1551 5440 seu
1580 5403 1739 5442 mno-

116 5454 274 5531 ᾗιξεηι.
307 5449 643 5531 atmmelius
678 5399 1182 5531 ‘Torn.,__Theo(d_.,
1235 5454 1482 5531 Remig,
1509 5456 1739 5531 Long,

117 5505 519 5604 VelfAetlBig”
545 5523 643 5594 qui
670 5505 972 5604 (nouit—dli,—
1168 5505 1360 5604 incipit
1378 5505 1628 5604 nooéiuln.

142 5586 279 5667 ,(?0l
308 5588 415 5667 _I_ta
443 5586 833 5667 're'p'osuimus
896 5586 967 5651 ex
997 5586 1170 5652 .mss.
1232 5597 1485 5663 Thuan.,
1536 5601 1736 5666 Torn.,

117 5647 280 5725 v.1..;
306 5659 459 5733 mg,
493 5647 755 5739 uesta:
774 5647 966 5739 ῑοηέῑ
993 5647 1737 5727 crassissimis;

1854 4689 2124 4729 reamur:
2157 4671 2302 4727 nihil
2333 4676 2421 4727 est
2447 4671 2504 4726 in
2554 4666 2668 4743 quo
2714 4673 2783 4727 de
2833 4673 3241 4730 munificentiae
3293 4675 3497 4731 divinae

1853 4762 2114 4817 difﬁdere
2146 4760 2572 4833 perseverantia
2624 4762 2961 4829 debeamus,
3023 4765 3193 4835 cujus
3237 4764 3348 4819 fuit
3376 4772 3496 4821 tam

1854 4851 2132 4906 diuturna
2151 4855 2208 4905 et
2228 4850 2391 4923 jugis
2420 4850 2681 4916 ubertas,
2716 4857 2780 4905 ut
2810 4852 3000 4923 primo
3032 4852 3494 4923 prmdestinaret,

1851 4940 2061 4996 deinde
2090 4944 2319 4995 vocaret
2340 4957 2357 4993 :
2391 4943 2448 4993 et
2478 4955 2626 5011 quos
2647 4948 2893 5007 vocaret,
2920 4941 3025 4995 hos
3048 4941 3493 5011 etjustificaret;

1850 5032 1907 5084 et
1936 5045 2082 5100 quos
2104 5027 2476 5099 justificarct,
2511 5027 2617 5082 hos
2648 5032 2704 5082 et
2733 5027 3119 5104 clariﬁcaret,
3156 5028 3371 5084 Poterit
3395 5029 3493 5085 de—

1851 5188 1963 5227 nu:
1998 5186 2133 5251 nam
2164 5167 2360 5254 prima
2383 5168 2635 5254 habebat
2665 5185 2797 5254 cum
2850 5169 3020 5254 Vict,
3064 5168 3221 5254 'Col'b.
3253 5174 3331 5254 'et
3360 5171 3490 5254 Vat.

1851 5260 1987 5307 uno,
2025 5242 2119 5312 qui
2147 5238 2312 5294 inerti
2342 5242 2512 5293 totum
2537 5238 2733 5294 obtulit
2762 5240 2902 5310 quod
2932 5242 2991 5294 in
3012 5242 3361 5365 fleuitudine
3408 5243 3492 5299 di-

1850 5314 2115 5385 vinitatis,
2164 5311 2319 5385 nihil
2338 5312 2453 5380 ipse
2495 5311 2700 5385 diuisit,
2742 5318 2801 5385 et
2858 5313 2907 5365 te
2939 5327 3009 5365 re:
3033 5315 3183 5367 emit.
3240 5314 3492 5385 Denique

1849 5385 2024 5447 Valt.,
2060 5382 2155 5456 alt.
2192 5398 2262 5456 ac_
2290 5381 2455 5456 Itoni.
2488 5380 2650 5456 edit.,
2678 5383 2886 5456 quise
2914 5385 3276 5456 morlirlutum
3316 5380 3414 5456 pro
3444 5392 3495 5441 te

1847 5457 2060 5513 obtulit.
2113 5452 2262 5528 Quod
2295 5453 2573 5528 _z'1z_l?atre
2599 5452 2882 5528 fuz'tnihil
2925 5454 3048 5528 sibi
3068 5455 3193 5528 ipse
3230 5452 3487 5528 reliquit:

1849 5533 2020 5584 totum
2046 5542 2144 5596 pro
2172 5527 2224 5579 te
2253 5523 2466 5592 obtulit,
2510 5522 2648 5596 quod
2694 5524 2755 5576 in
2788 5522 3143 5595 plenitudine
3182 5522 3493 5583 divinitatis

1846 5617 1953 5656 non
1976 5594 2182 5666 amisit,
2222 5603 2272 5651 et
2291 5596 2403 5666 ipse
2432 5602 2481 5649 te
2510 5594 2757 5649 redemit.
