3830 6206
334 367 457 442 639

1794 371 1862 435 S.
1907 370 1966 434 Α]

2123 367 2284 436 .OSII
3591 368 3690 440 6ἇο

337 527 524 568 serere
555 525 703 584 quos
733 509 913 569 tantis
941 505 1246 568 beneﬁciis
1271 505 1395 566 suis
1415 520 1603 580 usque
1634 505 1706 564 ad
1738 506 1985 580 praemia
2007 524 2062 591 Α
2091 506 2238 562 ratio
2267 505 2488 563 arbitra
2515 504 2829 580 passionis,
2861 521 3038 578 quam
3067 506 3260 580 passio
3302 524 3313 565 :
3339 498 3690 581 praestantius-

335 605 678 675 prosecutus
709 605 841 658 est?
872 603 1028 657 Inter
1056 604 1140 656 tot
1173 598 1452 656 beneficia
1511 597 1612 652 Dei
1662 613 1803 651 num
1855 610 1974 651 me-

333 695 564 748 tuendae
594 694 732 748 sunt
760 690 966 762 aliquae
999 687 1353 744 accusatoris
1385 685 1656 742 insidiae?
1699 686 1808 740 Sed
1843 685 1976 756 quis

334 781 546 836 audeat
575 795 847 836 accusare
877 795 1023 850 quos
1053 777 1264 833 electos
1293 777 1493 832 divino
1526 775 1707 830 cernit
1719 772 1976 844 judicio?

331 871 484 925 Num
516 855 668 924 Deus
697 869 865 923 Pater
892 868 1018 939 ipse
1049 867 1148 938 qui
1180 865 1446 933 contulit,
1471 867 1660 936 potest
1689 864 1841 918 dona
1870 877 1978 916 sua

331 958 681 1021 rescindere,
713 961 768 1012 et
798 972 943 1028 quos
975 956 1288 1027 adoptione
1326 953 1601 1024 suscepit,
1635 968 1735 1008 eos
1793 967 1827 1006 a
1876 966 1975 1021 pa-

326 1046 474 1102 terni
504 1046 745 1102 atl'ectus
775 1045 961 1117 gratia
983 1043 1286 1114 relegare?
1339 1043 1449 1098 Sed
1506 1045 1698 1096 metus
1759 1044 1846 1095 est
1905 1052 1976 1092 ne

321 1136 502 1206 judex
523 1135 774 1190 severior
803 1134 899 1188 sit.
923 1135 1239 1189 Considera
1264 1130 1710 1202 quemjudicem
1735 1128 1971 1183 habeas.

325 1223 544 1293 Nempe
564 1222 792 1276 Christo
821 1221 982 1275 dedit
1012 1225 1180 1275 Pater
1204 1237 1374 1273 omne
1400 1218 1713 1288 judicium.
1767 1215 1978 1272 Poterit

327 1316 384 1365 te
413 1327 548 1383 ergo
578 1310 676 1365 ille
705 1311 1004 1377 damnare,
1048 1325 1223 1380 quem
1268 1307 1512 1362 redemit
1544 1325 1576 1361 a
1615 1310 1821 1372 morte,
1871 1321 1974 1372 pro

329 1416 443 1471 quo
471 1415 532 1454 se
553 1398 787 1466 obtulit,
818 1398 987 1467 cujus
1020 1397 1194 1452 vitam
1225 1413 1343 1451 suae
1390 1395 1594 1451 mortis
1649 1394 1971 1449 mercedem

328 1505 455 1543 esse
498 1486 843 1559 cognoscit?
895 1486 1094 1541 Nonne
1153 1486 1335 1541 dicet:
1382 1507 1408 1533 ‹‹
1443 1484 1575 1547 Qua:
1632 1481 1854 1538 utilitas
1914 1483 1973 1536 in

325 1575 612 1649 sanguine
634 1592 762 1632 meo
784 1576 951 1645 (Psal.
980 1592 1132 1640 xxxx,
1169 1577 1271 1642 10),
1301 1595 1326 1622 ››
1354 1573 1630 1629 sidamno
1654 1587 1828 1642 quem
1851 1570 1975 1641 ipse

326 1663 538 1721 s'alvavi
560 1665 588 1718 ?
610 1664 826 1719 Deinde
848 1663 1183 1718 consideras
1197 1663 1481 1732 judicem,
1503 1677 1616 1715 non
1639 1658 1974 1714 consideras

325 1753 694 1809 advocatum.
726 1753 920 1807 Potest
953 1753 1062 1807 iste
1098 1753 1394 1807 saeviorem
1422 1752 1569 1806 ferre
1601 1748 1972 1824 sententiam,

326 1842 425 1913 qui
457 1840 826 1913 interpellare
859 1858 971 1896 non
994 1841 1231 1908 desinit,
1269 1845 1332 1895 ut
1363 1847 1614 1912 paternae
1639 1836 1973 1892 reconcilia-

324 1930 502 1986 tionis
533 1931 591 1984 in
626 1946 732 1986 nos
761 1931 1092 1986 conferatur
1129 1930 1316 2001 gratia
1342 1928 1370 1982 ‘?

954 2019 1186 2075 CAPUT
1219 2019 1335 2074 Vll.

324 2111 459 2164 Eam
488 2111 550 2163 in
578 2110 734 2163 nobis
761 2107 953 2162 debere
983 2123 1100 2162 esse
1153 2109 1495 2167 charitatem,
1554 2109 1613 2159 ut
1665 2105 1838 2158 nullis
1880 2103 1972 2156 ad-

393 2182 560 2236 versis
590 2197 621 2234 a
663 2179 874 2234 Christo
907 2195 1242 2250 separemur,
1274 2193 1400 2232 cum
1438 2178 1553 2231 illis
1593 2192 1703 2229 non
1744 2177 1969 2250 mutua-

389 2256 483 2306 tur
513 2252 667 2306 beata
722 2253 864 2305 vita:
923 2246 1137 2305 beatam
1193 2251 1345 2304 enim
1383 2250 1552 2303 vitam
1617 2248 1856 2317 reperiri
1912 2246 1970 2300 in

393 2321 725 2384 hominibus,
748 2323 807 2375 in
826 2323 1022 2392 quibus
1051 2323 1218 2390 fuerit
1249 2323 1362 2375 vita
1377 2324 1615 2392 per/ecta
1635 2337 1657 2380 ;
1692 2320 1743 2371 et
1778 2319 1832 2371 in
1865 2332 1969 2386 quo

390 2394 505 2447 hazc
549 2395 831 2448 consistat.
900 2395 1150 2462 Denique
1207 2393 1392 2446 virum
1447 2392 1746 2460 perlectum
1803 2403 1969 2459 supra

393 2480 550 2518 casus
581 2480 764 2518 omnes
794 2480 858 2518 ac
887 2478 1169 2520 aerumnas
1189 2480 1304 2518 esse
1330 2466 1587 2533 positum.

389 2554 478 2606 27.
510 2551 618 2607 Sed
651 2551 758 2606 etsi
779 2567 896 2622 qua
934 2550 1309 2606 imminerent
1339 2549 1556 2622 gravia,
1592 2562 1966 2620 nequaquam

321 2657 425 2696 nos
456 2657 490 2695 a
517 2640 744 2696 Christo
772 2656 1043 2711 separare
1072 2640 1369 2695 deberent.
1404 2639 1518 2693 Cur
1561 2653 1668 2691 nos
1718 2651 1820 2707 pro
1869 2634 1965 2690 illo

319 2736 434 2785 non
454 2729 631 2785 etiam
663 2730 812 2784 dura
840 2733 896 2784 et
923 2730 1132 2784 acerba
1160 2728 1499 2792 toleremus,
1533 2725 1632 2797 qui
1663 2741 1766 2796 pro
1796 2723 1966 2779 nobis

316 2823 436 2873 tam
468 2819 712 2890 indigna
740 2817 1036 2890 suscepit?
1067 2818 1319 2888 Ideoque
1350 2816 1520 2871 debet
1549 2814 1607 2869 in
1641 2813 1808 2868 nobis
1839 2827 1966 2868 esse

321 2906 600 2972 charitas,
635 2912 698 2960 ut
723 2905 901 2960 nullis
927 2905 1203 2977 periculis
1240 2919 1594 2967 revocemur,
1636 2919 1670 2958 a
1713 2901 1964 2957 Christo.

323 2994 623 3066 Scriptum
647 2999 738 3049 est
767 2994 958 3048 enim:
996 3017 1023 3043 «
1076 3001 1242 3064 Aqua
1284 2992 1471 3049 multa
1499 2991 1804 3048 excludere
1848 3005 1963 3044 non

321 3082 533 3155 poterit
551 3081 980 3146 charitatem,et
1005 3081 1250 3136 ﬂumina
1272 3098 1383 3136 non
1407 3079 1757 3136 concludent
1783 3094 1910 3133 eam
1937 3099 1964 3126 ››

317 3171 505 3244 (Cant.
537 3188 656 3237 vm,
685 3170 741 3240 7)
769 3189 780 3238 ;
815 3170 952 3242 quia
997 3175 1312 3226 torrentem
1337 3170 1549 3226 transit
1581 3168 1778 3223 anima
1832 3165 1964 3220 dili-

2089 611 2202 666 que
2233 596 2655 668 quodjudicat,
2699 613 2878 669 quam
2938 597 3095 670 quod
3135 597 3354 669 judicio
3401 601 3687 672 subjeCtum

2087 687 2194 739 est.
2231 685 2428 757 Neque
2459 685 2616 741 enim
2657 685 2783 741 ﬁeri
2817 689 3025 757 potest,
3069 689 3135 742 ut
3155 687 3372 744 ratione
3400 689 3472 744 sit
3490 691 3687 747 melius.

2089 773 2245 843 quod
2279 779 2367 829 est
2407 773 2825 830 irrationabile.
2859 775 3045 830 Habet
3096 791 3230 848 ergo
3278 777 3334 831 in
3364 793 3424 832 se
3460 794 3689 834 remune-

2085 862 2370 919 rationem
2403 879 2571 918 suam
2605 863 2707 935 qui
2741 863 3008 935 sequitur
3033 864 3065 920 J
3073 880 3262 934 esum,
3286 868 3340 920 et
3365 865 3421 921 in
3451 882 3547 922 suo
3572 869 3689 923 affe-

2086 954 2184 1005 ctu
2225 952 2533 1021 premium
2555 956 2612 1006 et
2640 953 2890 1023 gratiam
2917 970 2930 1006 :
2964 952 3192 1008 etiamsi
3223 953 3367 1009 dura
3423 957 3686 1022 sustineat,

2081 1037 2288 1094 beatus
2316 1044 2512 1095 tamen
2552 1044 2640 1096 est
2668 1041 2792 1096 suis
2815 1040 3095 1108 moribus,
3138 1042 3339 1098 beatus
3368 1041 3504 1115 ipsis
3551 1045 3676 1115 peri-

2085 1128 2253 1196 culis,
2285 1130 2438 1185 sicut
2466 1130 2750 1186 Dominus
2789 1130 3070 1196 definivit,
3105 1131 3342 1186 dicens:
3381 1153 3400 1181 ι
3435 1131 3574 1187 Beati
3601 1132 3683 1204 qui

2082 1219 2546 1289 persecutionem
2571 1219 2876 1291 patiuntur
2904 1223 3138 1291 propter
3169 1219 3456 1290 justitiam
3500 1220 3678 1289 (Matth.

2082 1323 2138 1372 v,
2174 1306 2282 1376 10).
2314 1328 2341 1356 ))

2153 1441 2243 1495 28.
2276 1441 2376 1495 Est
2404 1457 2540 1514 ergo
2581 1441 2750 1496 beata
2774 1440 2893 1496 vita
2925 1441 2983 1496 in
3015 1441 3374 1507 hominibus,
3413 1442 3506 1496 sed
3538 1442 3592 1496 in
3610 1441 3685 1497 his

2085 1527 2306 1584 scilicet
2362 1529 2422 1584 in
2475 1529 2692 1601 quibus
2765 1529 2938 1585 fuerit
2989 1529 3243 1602 perfecta
3279 1529 3412 1585 vita.
3470 1530 3686 1586 Perfecta

2084 1622 2278 1673 autem
2313 1618 2430 1673 vita
2461 1635 2576 1673 non
2607 1617 2903 1674 sensibilis
2935 1618 3068 1686 ista,
3111 1619 3216 1674 sed
3243 1618 3342 1674 illa
3366 1618 3684 1675 rationabilis

2084 1707 2407 1763 secundum
2437 1709 2842 1763 tractationem
2875 1707 3118 1763 rationis
3148 1712 3206 1763 et
3251 1707 3457 1764 mentis
3507 1707 3681 1762 vivaci-

2082 1799 2260 1850 tatem
2287 1814 2298 1851 :
2333 1796 2392 1851 in
2425 1813 2538 1868 quo
2570 1813 2686 1852 non
2709 1801 2798 1853 est
2829 1795 3014 1870 portio
3031 1796 3309 1864 hominis,
3328 1797 3423 1852 sed
3455 1796 3683 1868 perfectio

2005 1891 2051 1954 Β
2084 1901 2212 1956 quae
2243 1902 2356 1940 non
2388 1889 2508 1940 tam
2553 1890 2642 1940 est
2672 1885 2730 1940 in
2762 1885 3091 1942 conditione
3121 1885 3402 1950 hominis,
3427 1901 3586 1958 quam
3633 1883 3680 1939 in

2080 1974 2435 2045 operatione.
2471 1973 2548 2028 Ea
2576 1973 2731 2028 enim
2765 1974 3000 2030 beatum
3034 1974 3192 2030 facit.
3219 1973 3361 2029 Huic
3404 1973 3571 2045 igitur
3587 1972 3682 2027 viro

2080 2062 2218 2134 quid
2249 2066 2338 2118 est
2376 2063 2614 2130 bonum,
2650 2062 2762 2117 nisi
2788 2063 2910 2134 ipse
2941 2061 3050 2118 sibi
3078 2062 3234 2134 quod
3259 2062 3449 2129 habet,
3479 2053 3682 2116 et‘adest

2078 2152 2129 2206 ei
2163 2151 2270 2206 hoc
2299 2152 2541 2214 bonum,
2566 2155 2623 2206 et
2649 2168 2828 2207 causa
2848 2150 2899 2207 ei
2920 2153 3031 2206 erit
3049 2151 3378 2206 futurorum
3397 2149 3672 2205 bonorum?

2079 2241 2159 2296 De
2192 2241 2301 2296 hoc
2342 2241 2494 2297 bono
2525 2241 2706 2296 dixit:
2740 2240 3014 2297 Salomon
3041 2257 3054 2295 :
3086 2239 3266 2296 «Bibe
3287 2255 3490 2312 aquam
3511 2237 3680 2293 detuis

2082 2330 2260 2397 vasis,
2284 2335 2340 2385 et
2361 2331 2430 2384 de
2461 2335 2770 2403 puteorum
2801 2335 3038 2385 tuorum
3070 2327 3682 2399 fontibus.Superﬁuant

2077 2419 2184 2473 tibi
2221 2435 2382 2491 aquae
2415 2419 2486 2474 de
2527 2423 2626 2474 tuo
2651 2419 2844 2474 fonte:
2880 2418 2939 2472 in
2971 2422 3108 2473 tuas
3135 2422 3332 2473 autem
3353 2415 3559 2490 plateas
3584 2413 3678 2468 diss

2077 2512 2333 2562 currant.
2377 2508 2507 2563 Sint
2545 2507 2651 2562 tibi
2683 2506 2790 2562 soli
2825 2507 3178 2573 constitutae,
3207 2511 3264 2562 et
3298 2523 3459 2573 nemo
3494 2503 3679 2560 alienus

2076 2596 2365 2670 particeps
2405 2596 2482 2652 sit
2500 2596 2631 2653 tibi.
2673 2597 2826 2652 Fons
2857 2613 3022 2668 aqua:
3062 2600 3176 2650 tua:
3209 2596 3287 2652 sit
3323 2594 3422 2650 tibi
3451 2592 3680 2667 proprius

2075 2686 2260 2757 (Prov.
2293 2703 2348 2753 v,
2383 2685 2599 2757 15-18).
2635 2707 2664 2736 »
2697 2685 2866 2742 Utere
2897 2684 3079 2758 igitur
3104 2685 3334 2742 interno
3362 2685 3506 2740 bono
3548 2686 3648 2737 tuo.

2143 2818 2232 2872 30.
2277 2811 2704 2873 Testimonium
2747 2820 2943 2873 autem
2975 2817 3114 2874 boni
3156 2816 3336 2889 hujus
3375 2813 3675 2880 maximum,

2073 2906 2351 2978 quoniam
2384 2907 2482 2978 qui
2515 2906 2709 2975 habet,
2752 2903 2868 2962 alia
2906 2924 3022 2961 non
3062 2908 3328 2979 requirit.
3362 2906 3499 2973 Quid
3549 2903 3676 2959 enim

2073 2994 2350 3066 requirat,
2420 2995 2521 3066 qui
2574 2993 2850 3050 inferiora
2892 2993 3190 3068 despicit?
3238 2991 3676 3051 Praestantissimo

2072 3087 2270 3139 autem
2301 3082 2598 3150 inhaereat,
2623 3083 2777 3138 sicut
2805 3082 3092 3156 scriptum
3123 3087 3252 3140 est:
3287 3108 3314 3133 ‹‹
3336 3075 3534 3140 Cervus
3559 3079 3674 3135 ami-

2074 3171 2218 3227 citiae
2250 3175 2308 3227 et
2359 3171 2555 3243 pullus
2595 3172 2918 3244 gratiarum
2961 3171 3371 3228 confabuletur
3412 3169 3512 3226 tibi
3547 3163 3673 3240 (Ibid.

317 3261 526 3334 gentis.
561 3259 733 3315 Nulla
750 3265 1096 3331 tempestas,
1125 3259 1352 3314 nullum
1365 3258 1722 3331 profundum
1746 3255 1966 3327 pericu-

2123 3259 2189 3331 9).
2232 3283 2252 3309 ι
2289 3260 2774 3316 Αωὶοἰὶὶααυιοω
2797 3261 3085 3334 praecedat
3115 3265 3192 3328 te,
3227 3261 3408 3317 etuna
3425 3257 3499 3316 sit
3517 3263 3690 3343 tecum,

317 3349 462 3419 lum,
495 3347 696 3403 nullus
727 3351 912 3403 terror
941 3347 1146 3403 mortis
1178 3352 1279 3403 aut
1308 3364 1488 3420 ptume
1519 3347 1635 3402 vim
1665 3343 1967 3400 charitatis

319 3437 640 3493 imminuit.
675 3438 738 3492 In
798 3437 891 3492 his
943 3437 1100 3492 enim
1154 3436 1487 3508 probamur,
1547 3436 1604 3490 in
1663 3433 1824 3490 464
1873 3432 1966 3487 his

321 3526 490 3580 beata
516 3525 632 3580 vita
662 3530 768 3594 est,
801 3526 1028 3581 etiamsi
1061 3526 1265 3581 multis
1297 3523 1570 3597 periculis
1598 3523 1936 3578 inundetur.

387 3613 477 3667 28.
509 3613 633 3668 Non
667 3613 822 3668 enim
854 3613 1140 3685 frangitur
1167 3614 1402 3685 sapiens
1431 3611 1732 3668 doloribus
1761 3626 1963 3681 corpo-

320 3700 402 3756 ris
435 3701 568 3770 (21),
603 3717 709 3756 nec
744 3707 986 3756 vexatur
1022 3703 1450 3758 incommodis:
1505 3701 1605 3757 sed
1665 3701 1845 3755 etiam
1903 3698 1962 3752 in

319 3789 600 3844 aerumnis
623 3790 828 3845 beatus
853 3795 1067 3846 manet.
1090 3790 1290 3861 Neque
1315 3791 1468 3845 enim
1494 3790 1733 3844 adversa
1753 3802 1960 3859 corpo-

320 3875 400 3932 ris
431 3877 557 3931 vitae
589 3877 768 3933 beatae
798 3894 1016 3934 munus
1047 3877 1430 3943 imminuent,
1486 3893 1671 3947 neque
1720 3878 1790 3932 de
1832 3876 1960 3946 ejus

317 3967 603 4021 suavitate
625 3965 848 4036 aliquid
879 3965 1159 4033 delibant,
1196 3965 1335 4038 quia
1365 3983 1477 4021 non
1502 3966 1560 4020 in
1583 3965 1963 4021 delectatione

318 4055 578 4126 corporis
609 4055 738 4109 vitae
772 4055 1070 4110 beatitudo
1103 4058 1210 4120 est,
1240 4055 1339 4110 sed
1359 4055 1416 4108 in
1451 4054 1804 4110 conscientia
1818 4071 1963 4126 pura

316 4143 390 4198 ab
420 4143 578 4198 omni
612 4143 740 4199 labe
773 4144 1010 4215 peccati,
1042 4149 1098 4198 et
1127 4144 1185 4198 in
1218 4143 1346 4214 ejus
1373 4148 1583 4207 mente,
1619 4143 1718 4215 qui
1750 4160 1961 4215 cogno-

317 4231 427 4286 scit
458 4231 594 4302 quia
633 4233 782 4303 quod
837 4231 1055 4286 bonum
1101 4235 1209 4297 est,
1263 4231 1371 4287 hoc
1412 4231 1681 4297 delectat,
1731 4231 1960 4287 etiamsi

315 4335 586 4391 asperum
618 4321 714 4389 sit,
747 4321 900 4391 quod
934 4324 1128 4375 autem
1161 4321 1519 4388 indecorum,
1552 4321 1783 4376 etiamsi
1825 4337 1963 4375 sua-

316 4423 404 4472 ve,
441 4424 554 4462 non
579 4408 814 4464 mulcet.
855 4409 1002 4481 Ergo
1033 4425 1211 4464 causa
1240 4410 1386 4464 bene
1413 4407 1640 4464 vivendi
1689 4424 1803 4462 non
1862 4409 1960 4463 de-

315 4495 545 4550 lectatio
576 4495 913 4567 corporalis,
947 4497 1047 4552 sed
1082 4497 1295 4552 mentis
1326 4497 1634 4568 prudentia
1663 4501 1752 4552 est
1785 4515 1795 4552 :
1844 4513 1959 4552 non

317 4599 451 4638 caro
481 4600 606 4682 quae
637 4585 1017 4688 subjectacst
1046 4585 1436 4688 pa‘ssioni,sed
1469 4602 1634 4641 mens
1658 4603 1784 4688 quae
1798 4585 1958 4657 judi-
1991 4623 2036 4688 Β

315 4676 407 4726 cat
431 4671 570 4742 quia
599 4671 742 4726 nihil
781 4673 992 4728 melius
1043 4671 1310 4739 delectat,
1362 4691 1540 4745 quam
1580 4674 1958 4730 consiliorum

314 4761 592 4816 honestas
624 4765 680 4815 et
710 4777 953 4833 operum
1012 4761 1407 4833 pulchritudo.
1461 4764 1540 4818 Ea
1569 4762 1748 4836 igitur
1775 4764 1959 4820 beata).

314 4850 604 4922 interpres
635 4854 724 4905 est
753 4850 904 4906 vitea.
941 4850 1144 4906 Melior
1172 4855 1261 4907 est
1290 4853 1442 4907 enim
1504 4853 1817 4924 prudentia
1871 4853 1960 4909 vel

384 4985 662 5110 (212_Quze
697 4983 924 5069 ultimis
952 4985 1044 5068 his
1076 4986 1308 5042 duobus
1339 4986 1631 5058 capitibus
1647 4989 1962 5070 traduntur

417 5057 467 5110 fe
496 5061 689 5110 tentate
741 5061 1041 5110 sementis.
1092 5073 1158 5110 ea
1205 5075 1320 5110 non
1371 5057 1561 5110 solum
1620 5059 1959 5110 ChPlStlanEB

312 5056 383 5128 de
417 5056 689 5112 felicitate
741 5057 1041 5128 sapientis,
1092 5073 1158 5113 ea
1205 5075 1320 5113 non
1371 5056 1561 5114 solum
1620 5059 1959 5115 Christianae

312 5127 607 5202 religionis
638 5127 928 5202 dogmatis
959 5130 1246 5202 nituntur,
1279 5146 1477 5186 verum
1510 5130 1686 5186 etiam
1709 5131 1960 5187 maxime

309 5200 457 5274 cum»
478 5200 957 5274 philosophorum
989 5201 1221 5274 placitis
1261 5203 1628 5274 conveniunt.
1656 5203 1960 5274 Hiquippe

309 5269 730 5346 beatitudinem
750 5273 820 5346 _in
853 5269 1112 5346 corporis
1134 5273 1458 5330 externisve
1488 5274 1678 5342 bonis,
1716 5269 1866 5346 quis
1889 5269 1960 5346 ne

309 5340 590 5414 bonorum
626 5344 886 5414 quidem,
919 5340 1020 5400 sed
1051 5349 1280 5399 tantum
1303 5340 1750 5400 commodorum
1770 5345 1958 5400 nomi-

312 5427 397 5489 ne
414 5413 732 5489 (lignantur
761 5415 958 5482 Stoici,
1002 5416 1458 5489 haudquaquam
1491 5417 1808 5489 consistere
1844 5417 1958 5472 mi-

312 5483 469 5560 rifice
514 5484 960 5561 demonstrant;
1007 5503 1072 5541 ac
1105 5483 1363 5561 proinde
1404 5488 1521 5561 sive
1553 5489 1685 5561 ipsa
1740 5488 1955 5556 adsint,

311 5553 673 5631 sitientis-int,
710 5557 943 5631 perinde
973 5553 1189 5631 esse-ad
1217 5553 1658 5624 beatitudinem,
1682 5576 1808 5631 quae
1841 5553 1961 5616 una

315 5624 370 5673 in
404 5624 614 5694 virtute
649 5624 835 5694 posita
864 5628 956 5682 sit.
993 5628 1239 5683 Pulchre
1271 5646 1430 5694 sane,
1463 5631 1576 5686 nisi
1629 5624 1957 5686 doctrinam

314 5708 480 5747 suam
511 5693 622 5766 ipsi
655 5695 918 5752 doctores
950 5699 1127 5752 animi
1165 5702 1393 5755 tumore
1415 5693 1596 5771 atque
1623 5703 1960 5774 arrogantia

2074 3350 2132 3404 in
2165 3349 2324 3404 omni
2361 3353 2633 3420 tempore.
2677 3350 2838 3405 Bona
2865 3350 3022 3406 enim
3045 3349 3328 3406 virtutum
3356 3347 3606 3411 amicitia,
3632 3348 3674 3397 et

2073 3437 2293 3493 summi
2319 3438 2454 3494 boni
2485 3436 2758 3493 charita's.
2781 3436 2936 3493 Nihil
2966 3438 3166 3511 itaque
3196 3439 3352 3494 aliud
3380 3434 3565 3509 quaerit
3580 3448 3676 3506 per-

2072 3528 2258 3582 fectus
2279 3525 2400 3596 ille,
2433 3525 2545 3582 nisi
2575 3525 2764 3583 solum
2797 3526 2859 3582 et
2886 3526 3227 3601 praeclarum
3262 3528 3472 3583 bonum
3504 3565 3514 3577 .
3548 3520 3676 3591 Unde

2071 3617 2128 3670 et
2165 3615 2307 3671 dicit
2339 3632 2352 3670 :
2386 3638 2413 3664 «
2449 3615 2637 3672 Unam
2670 3612 2810 3688 petii
2841 3632 2875 3670 a
2904 3613 3168 3681 Domino,
3204 3615 3354 3670 hanc
3387 3611 3674 3685 requiram;

2072 3708 2136 3757 ut
2163 3703 2483 3760 inhabitem
2513 3705 2573 3760 in
2602 3705 2780 3760 domo
2795 3701 3023 3760 Domini
3040 3717 3246 3760 omnes
3263 3703 3385 3773 dies
3407 3702 3527 3757 vita:
3542 3713 3674 3762 mea,

2071 3795 2129 3846 et
2156 3792 2383 3848 videam
2416 3791 2860 3848 delectationem
2899 3790 3131 3848 Domini
3190 3793 3357 3863 (Psal.
3392 3807 3532 3855 xxvr,
3562 3787 3623 3854 4).
3653 3805 3674 3833 »

2070 3879 2268 3952 Neque
2285 3896 2418 3936 vero
2435 3885 2716 3953 tanquam
2734 3887 3052 3954 augustum
3067 3881 3416 3954 inopemque
3428 3874 3673 3939 fastidias,

2071 3969 2208 4040 quia
2251 3969 2426 4025 unius
2456 3968 2592 4025 boni
2623 3970 2779 4025 velut
2802 3969 3066 4025 solitaria
3095 3969 3365 4026 societate
3410 3969 3676 4024 contentus

2071 4058 2167 4112 sit.
2203 4058 2393 4129 Hujus
2445 4058 2603 4114 enim
2661 4056 2920 4114 amicitia
2961 4057 3382 4124 circumdatus,
3427 4054 3676 4128 plurimus

2069 4144 2201 4202 erit.
2250 4147 2524 4202 Abundat
2575 4147 2734 4204 enim
2765 4146 3110 4218 hujusmodi
3152 4146 3276 4202 viro
3306 4147 3378 4202 ad
3407 4137 3680 4200 beatitudi-

2069 4250 2203 4290 nem
2230 4239 2286 4291 et
2314 4236 2385 4291 ad
2414 4234 2846 4308 possessionem
2887 4233 3022 4290 boni
3058 4252 3071 4301 ;
3104 4238 3160 4290 et
3197 4234 3328 4290 ideo
3377 4230 3512 4288 nihil
3551 4223 3680 4283 aliud

2068 4323 2384 4380 desiderat.
2425 4311 2577 4380 4‘55
2596 4323 2762 4380 ‘Nihil
2787 4324 2940 4379 enim
2966 4323 3137 4395 quasi
3160 4339 3374 4379 novum
3405 4319 3678 4390 exspectat,

2067 4413 2167 4484 qui
2195 4412 2613 4468 omnia‘hahet.
2639 4412 2792 4468 Nihil
2821 4417 2910 4469 est
2938 4414 3094 4468 enim
3126 4412 3261 4468 boni
3294 4410 3444 4484 quod
3467 4423 3570 4464 non
3591 4404 3675 4457 ha-

2067 4502 2234 4556 beat:
2276 4519 2380 4557 nec
2427 4500 2740 4574 superﬂuis
2788 4501 3126 4568 delectatur,
3185 4502 3285 4557 sed
3338 4489 3672 4555 necessariis,

2067 4593 2125 4646 et
2161 4605 2226 4646 eo
2259 4590 2384 4662 ipso
2417 4591 2745 4647 necessario
2777 4591 2932 4662 quod
2973 4607 3089 4645 non
3121 4590 3255 4656 sibi,
3296 4589 3395 4645 sed
3427 4584 3573 4642 carni
3599 4578 3678 4635 ad-

2069 4678 2309 4734 haerenti
2345 4680 2456 4736 sibi
2490 4680 2895 4736 necessarium
2923 4679 3031 4735 sit:
3066 4679 3240 4750 idque
3277 4674 3530 4745 indulget
3555 4665 3680 4742 quod

2068 4767 2140 4823 ab
2172 4767 2470 4824 interioris
2500 4768 2757 4824 hominis
2777 4766 3074 4840 proposito
3091 4784 3206 4822 non
3233 4765 3531 4840 discrepet,
3553 4752 3677 4831 quod

2070 4855 2246 4912 faciat
2275 4861 2594 4929 utrumque
2626 4873 2839 4928 unum,
2883 4860 2940 4912 et
3007 4845 3336 4911 reconciliet
3391 4848 3682 4907 interiorem

2070 4989 2487 5062 corrupissent,
2505 4994 2568 5045 et
2599 4993 2784 5062 semet
2810 4990 2933 5062 vita
2949 4988 3191 5062 dissona
3207 4985 3387 5062 etiam
3413 4977 3682 5062 enimp“?

2068 5058 2478 5130 Aristophani,
2514 5061 2770 5118 Luciano
2796 5065 2854 5117 et
2883 5059 3038 5130 aliis,
3083 5058 3357 5130 ridendas
3415 5058 3681 5127 propinas-

2069 5137 2217 5188 sent.
2251 5129 2311 5189 Si
2364 5135 2456 5187 cui
2484 5139 2679 5203 autem
2710 5132 2943 5203 libuerit
2973 5129 3123 5203 hanc
3156 5129 3425 5185 doctrina:
3474 5131 3679 5203 censen:

2069 5204 2315 5280 sienem,
2348 5205 2421 5259 de
2450 5221 2568 5278 qua
2595 5200 2915 5280 loquimur,
2939 5202 3168 5280 plenius
3186 5189 3683 5280 cognoscere,‘Ie§;_81t

2069 5254 3564 5343 esseesse?{eiiitn“o;s;i."’rs.1moerens,
3600 5254 3681 5343 ἔςςξ

2066 5329 2187 5419 prie
2215 5329 2784 5419 caeteristquintamf,
2801 5329 2870 5419 in
2890 5329 3022 5419 qua
3042 5342 3437 5419 pereleganter
3463 5329 3682 5419 ρειειξᾴξί

2068 5408 2326 5473 ἱιίνιιιίευι
2354 5417 2422 5473 ab
2453 5408 2584 5474 bene
2614 5408 3076 5487 vivendumsatis
3109 5408 3284 5487 passi.
3335 5408 3490 5487 Ωιιφά
3538 5415 3680 5487 ΨΕΨΣ

2068 5431 2326 5473 virtutem
2354 5431 2422 5473 ao
2453 5431 2584 5474 bene
2614 5431 2912 5474 vwenaum
2940 5431 3076 5472 satis
3181 5431 3278 5469 sse.
3335 5431 3490 5476 uuou
3538 5431 3679 5472 ιιι-διν

2068 5495 2330 5562 mentum
2380 5490 2568 5562 magis
2617 5485 3028 5562 compendiose
3079 5431 3387 5542 ageodem
3426 5476 3683 5562 (tractatus

2066 5559 2124 5614 in
2155 5577 2222 5616 eo
2253 5557 2543 5633 paradoio
2584 5557 3003 5632 cujus‘lemma
3042 5563 3172 5616 est:
3220 5568 3330 5611 Ὅτι
3384 5557 3612 5619 αὐτάρκης
3654 5557 3680 5602 η

2064 5637 2218 5704 ἀρετὴ
2247 5641 2365 5704 πρὸς
2399 5640 2709 5703 εὺδαιμσνίαν
2721 5678 2733 5690 .
