3830 6206
165 341 268 401 641

1187 341 1290 401 DE
1331 341 1573 403 JACOB
1616 341 1718 402 ET
1763 341 1945 402 VITA
1992 342 2250 404 BEATA
2292 343 2441 404 LIB.
2487 345 2536 405 Ι.

3439 355 3558 414 642

161 473 325 543 juxta
343 470 650 528 hominem
680 475 857 545 atque
903 471 1242 530 exteriorem
1301 473 1438 536 Deo.
1472 477 1537 528 ut
1594 473 1694 529 ﬁat
1745 474 1803 529 in
1836 476 1888 540 Α
1920 491 2033 535 mo,
2069 490 2256 545 neque
2299 476 2600 550 frangatur
2629 478 2828 534 dolore
2883 480 3160 560 corporis,
3194 483 3292 554 qui
3334 500 3395 540 se
3455 501 3555 558 po-

169 567 408 632 utroque
438 577 594 617 unus
627 561 893 633 spiritus.

233 651 321 705 3t.
358 649 549 720 Hujus
579 649 761 724 igitur
791 649 1074 722 propositi
1105 651 1193 704 vir
1222 666 1326 706 nec
1347 649 1670 723 dispendiis
1693 651 1803 705 mi-

169 739 386 803 nuitur,
411 755 518 795 nec
550 739 811 796 adversis
843 739 1155 812 frangitur,
1183 755 1291 796 nec
1324 739 1620 812 repagulis
1649 739 1803 794 inbi-

167 829 354 892 betur,
383 844 490 884 nec
519 845 764 884 suorum
796 828 1216 885 amissionibus
1247 829 1666 884 mmstiticatur.
1717 829 1802 884 Ad

165 918 335 988 cujus
368 917 838 973 informationem
869 917 1011 973 dicit
1036 916 1349 990 Apostolus
1381 933 1396 973 :
1459 940 1485 969 «
1518 917 1803 976 Nolumus

165 1010 358 1060 autem
400 1006 666 1078 ignorare
697 1023 818 1072 vos,
875 1007 1108 1076 fratres,
1131 1006 1202 1062 de
1259 1006 1706 1073 dormientibus,
1731 1009 1805 1062 ut

164 1111 276 1150 non
308 1094 510 1150 tristes
539 1094 689 1163 sitis,
723 1094 875 1150 sicut
902 1098 959 1151 et
986 1095 1178 1151 caeteri
1209 1092 1312 1168 qui
1341 1111 1505 1168 spem
1541 1112 1657 1152 non
1699 1096 1801 1152 ha-

161 1183 301 1238 bent
333 1182 382 1253 (1
408 1182 577 1238 Thess.
611 1198 688 1251 IV,
722 1183 832 1256 42).
865 1205 893 1234 ››
953 1182 1188 1240 Solatus
1235 1183 1390 1240 enim
1415 1201 1482 1240 se
1540 1201 1801 1242 resurre-

161 1271 377 1327 ctionis
407 1271 519 1327 ﬁde
547 1275 604 1327 et
633 1272 839 1328 futurae
885 1272 1374 1328 remunerationis
1427 1273 1636 1346 gratia,
1693 1287 1801 1330 nec

161 1361 369 1432 recipit
396 1377 464 1416 ea
493 1365 689 1416 mente
720 1360 1081 1428 maestitiam,
1114 1378 1230 1433 qua
1261 1361 1519 1418 adhaeret
1575 1361 1712 1430 Deo,
1747 1366 1805 1419 et

158 1449 372 1504 divinae
403 1448 746 1522 praestantiae
779 1450 892 1522 (22)
921 1449 1215 1522 voluptate
1243 1450 1490 1507 laetatur.
1546 1451 1653 1516 Qui
1701 1469 1802 1506 au-

159 1543 279 1594 tem
311 1537 692 1594 contristatur
718 1538 834 1608 bis,
867 1555 982 1594 non
1013 1540 1338 1596 secundum
1369 1539 1551 1596 Deum
1585 1540 1802 1596 contri-

155 1632 369 1684 statur.
403 1627 563 1692 Quod
593 1621 788 1683 autem
819 1645 933 1684 non
966 1629 1289 1684 secundum
1324 1628 1529 1697 Deum,
1562 1628 1670 1685 hoc
1691 1629 1806 1703 ple-

158 1733 304 1772 num
337 1716 619 1772 stultitim.
657 1723 692 1772 A
729 1718 980 1788 perfecto
1013 1716 1192 1788 igitur
1221 1718 1385 1773 abest
1413 1718 1593 1789 hujus
1632 1734 1803 1773 mun-

155 1805 214 1859 di
248 1804 642 1877 tristitia.quae
679 1821 790 1860 non
824 1805 1150 1861 secundum
1184 1810 1446 1872 Deum,et
1476 1806 1668 1862 omnis
1689 1806 1803 1861 sol-
1834 1841 1882 1905 Β

153 1892 404 1948 licitudo
435 1894 753 1965 corporalis
785 1910 1077 1949 aerumnae.
1120 1893 1469 1966 Hujusmodi
1502 1895 1657 1950 enim
1715 1894 1801 1949 in-

153 1981 418 2037 ductioni
455 1983 668 2038 mentis
697 1987 869 2055 atque
902 1983 1243 2039 substantias
1279 1999 1395 2038 non
1456 1983 1804 2040 adnumera-

151 2077 250 2127 tur
283 2070 568 2126 babitudo
599 2072 877 2144 corporis,
910 2076 967 2126 et
1004 2071 1251 2144 quidam
1284 2072 1592 2128 exterioris
1662 2090 1807 2130 usus

153 2166 403 2232 naturae,
435 2177 569 2216 cum
601 2160 778 2216 simul
808 2161 1091 2218 adversus
1122 2160 1361 2216 delicias
1391 2162 1669 2233 corporis,
1702 2163 1810 2219 fra-

151 2249 566 2322 gilitatemque
595 2249 784 2322 ipsam
817 2254 1059 2317 naturas,
1121 2250 1422 2316 orbitates,
1479 2251 1806 2324 dispendia,

150 2337 570 2405 contumelias,
624 2337 873 2394 invictus
903 2338 1137 2394 animus
1191 2338 1542 2395 uniformem
1602 2339 1810 2397 debeat

150 2444 391 2484 servare
435 2426 826 2484 constantiam
863 2445 876 2495 ;
911 2431 977 2482 ut
1032 2443 1244 2498 corpus
1301 2427 1498 2499 ipsum
1555 2428 1804 2496 scindat,

150 2533 491 2587 sensusque
521 2520 696 2571 exuat
724 2517 939 2585 carnis,
972 2514 1074 2588 qui
1097 2516 1432 2572 beatudinis
1451 2515 1706 2588 palmam
1724 2521 1805 2572 te-

153 2621 292 2660 nere
324 2605 639 2672 desiderat,
672 2605 842 2673 cujus
874 2605 1100 2660 fruetus
1130 2621 1243 2658 non
1289 2603 1348 2658 in
1381 2603 1558 2660 unius
1589 2605 1805 2676 portio-

153 2711 225 2748 ne
257 2694 360 2757 sit,
396 2693 492 2748 sed
524 2692 581 2747 in
627 2692 1041 2764 plurimarum,
1103 2697 1159 2747 et
1189 2691 1240 2748 si
1292 2692 1416 2748 ﬁeri
1479 2697 1689 2764 potest,
1746 2695 1805 2750 in

152 2783 426 2838 omnium
458 2781 535 2836 sit
559 2781 844 2836 virtutum
877 2781 1188 2838 consortio.

223 2869 523 2925 32.Nescit
552 2869 734 2942 igitur
764 2869 1448 2940 perfectusincommoda
1476 2869 1657 2942 hujus
1680 2888 1804 2926 cor-

153 2960 340 3032 poris,
375 2962 479 3013 aut
509 2959 751 3014 adversa
783 2957 1010 3023 mundi,
1042 2975 1234 3030 neque
1280 2960 1474 3028 sentit,
1509 2961 1611 3031 qui
1669 2960 1806 3017 alie-

151 3065 300 3104 num
332 3049 408 3104 ab
439 3047 778 3118 hujusmodi
811 3051 968 3104 metu
1001 3063 1071 3102 ne
1101 3047 1387 3113 occidant,
1420 3040 1683 3103 animum
1715 3065 1808 3121 ge-

149 3139 248 3194 rit.
283 3138 413 3194 Non
445 3136 604 3192 enim
632 3136 750 3192 vita
779 3136 1105 3208 perfectior,
1140 3135 1188 3191 si
1221 3136 1315 3192 his
1351 3140 1561 3203 careat,
1597 3138 1804 3194 defini-

1913 567 2027 617 test
2061 563 2339 618 virtutum
2373 566 2724 636 perfectione
2753 566 2949 624 solari.

1981 654 2070 711 3!].
2105 653 2306 717 Quaero
2336 653 2510 708 etiam
2547 659 2742 710 utrum
2775 656 3093 712 delectetur
3122 658 3323 715 liberis
3351 660 3379 715 ?
3415 663 3558 728 Quis

1912 739 2068 795 istud
2104 741 2321 796 abnuat
2349 742 2377 796 ?
2409 741 2608 814 Neque
2637 746 2792 799 enim
2825 745 3009 801 durus
3041 752 3097 801 et
3149 749 3391 816 ferreus,
3453 752 3554 806 sed

1909 829 2200 899 perfectus
2222 829 2519 900 quaeritur.
2554 833 2773 887 Tamen
2806 833 2913 887 etsi
2947 835 3176 889 amittat
3200 835 3557 904 liberos,non

1909 915 2038 971 ideo
2068 917 2264 973 minus
2297 918 2525 984 beatus,
2559 920 2658 992 qui
2692 939 2806 976 non
2840 923 2969 977 ideo
3004 923 3200 978 minus
3242 926 3552 996 perfectus.

1911 1006 2070 1070 Quod
2105 1006 2257 1061 enim
2290 1008 2630 1078 perfectum,
2664 1011 2921 1067 beatum.
2958 1013 3105 1076 Quin
3145 1014 3320 1069 etiam
3355 1015 3401 1070 si
3455 1017 3557 1070 ad-

1909 1110 2075 1149 versa
2098 1094 2320 1160 toleret,
2355 1113 2532 1168 quam
2567 1097 2615 1152 si
2667 1100 2940 1154 secundis
2972 1100 3194 1166 affluat,
3228 1102 3416 1175 magis
3469 1090 3558 1158 se-

1911 1181 1993 1238 let
2020 1183 2363 1255 hujusmodi
2395 1185 2576 1240 videri
2611 1188 2904 1257 perfectus
2939 1205 2951 1240 :
2987 1192 3256 1259 quamvis
3296 1208 3486 1263 neque
3507 1191 3558 1246 si

1911 1271 2122 1338 desint,
2158 1287 2346 1343 neque
2377 1273 2425 1328 si
2458 1274 2652 1329 adsint
2683 1280 2920 1331 externa
2951 1279 3279 1345 commoda,
3322 1285 3425 1334 aut
3464 1279 3557 1334 las-

1909 1363 1970 1415 ta
2000 1361 2273 1432 corporis,
2308 1362 2584 1418 decedere
2615 1363 2936 1435 quidquam
2970 1366 3168 1421 virtuti
3210 1367 3412 1435 soleat,
3471 1369 3560 1423 vel

1912 1449 2200 1505 accedere.
2238 1450 2347 1504 Sed
2397 1450 2692 1523 plerisque
2736 1457 2854 1507 tam
2905 1454 3061 1508 laudi
3115 1455 3224 1510 fuit
3279 1455 3560 1512 tolerasse

1913 1536 2158 1593 adversa
2189 1537 2432 1606 fortiter,
2469 1555 2646 1611 quam
2680 1557 2794 1594 non
2835 1541 3108 1597 incidisse
3190 1543 3404 1599 Verum
3439 1543 3559 1599 baac

1913 1626 2105 1696 specie
2136 1625 2518 1693 aestimantur,
2547 1645 2660 1683 non
2682 1630 2952 1700 pondere.

1983 1715 2071 1771 35.
2108 1713 2254 1769 Illud
2288 1716 2663 1787 profundum,
2697 1717 2884 1771 virum
2914 1720 3147 1788 justum
3193 1719 3339 1775 nihil
3389 1721 3558 1790 velle,

1912 1803 2024 1858 nisi
2057 1801 2199 1857 illud
2233 1803 2421 1858 solum
2450 1809 2507 1860 et
2540 1806 2878 1876 praiclarum
2913 1809 3151 1875 bonum,
3179 1808 3311 1863 huic
3341 1809 3449 1866 soli
3471 1810 3558 1864 in-

1911 1891 2168 1957 tendere,
2204 1891 2310 1948 boc
2342 1909 2523 1948 unum
2557 1894 2612 1947 in
2673 1894 2840 1950 bonis
2901 1896 3155 1952 ducere:
3217 1914 3332 1953 non
3394 1899 3555 1969 aliud

1914 1996 2046 2035 cum
2079 1978 2198 2049 illo,
2227 1983 2326 2037 sed
2356 1980 2546 2036 solum
2579 1981 2774 2055 ipsum
2807 2000 3038 2056 semper
3069 1986 3422 2057 desiderare,
3446 1988 3559 2043 hoc

1915 2068 2184 2124 delectari
2219 2086 2237 2130 .·
2269 2071 2359 2125 cui
2392 2070 2441 2125 si
2473 2070 2627 2125 aliud
2691 2072 3052 2144 adiungatur
3101 2075 3258 2145 quod
3318 2074 3562 2132 delectet

1915 2173 2071 2223 eum,
2107 2162 2170 2212 ut
2201 2163 2289 2213 est
2319 2158 2571 2214 ﬁliorum
2606 2161 2884 2220 suavitas.
2921 2179 3032 2216 non
3073 2162 3215 2218 illud
3248 2164 3558 2236 amittitur,

1916 2245 2014 2300 sed
2048 2246 2204 2300 istud
2239 2248 2601 2320 adjungitur.
2635 2249 2760 2304 Non
2793 2250 2947 2305 enim
2976 2251 3251 2307 minuunt
3281 2253 3557 2309 acceden-

1915 2334 1996 2388 tia
2027 2334 2604 2407 beatitudinem,quai
2627 2353 2838 2408 augere
2871 2357 2983 2394 non
3005 2340 3417 2412 possunt,quia
3439 2341 3558 2412 ple-

1916 2439 2058 2477 num
2091 2421 2234 2477 illud
2267 2428 2324 2478 et
2352 2422 2684 2480 inviolabile
2715 2432 2932 2491 manet,
2965 2428 3022 2481 in
3057 2429 3211 2498 quod
3236 2430 3434 2485 anima
3463 2446 3556 2486 se-

1916 2527 1978 2565 se
2011 2511 2218 2577 induit,
2243 2517 2300 2567 et
2330 2513 2419 2566 cui
2452 2529 2512 2568 se
2545 2513 2791 2568 inseruit
2821 2520 2876 2570 et
2907 2516 3140 2571 infudit.
3178 2518 3369 2573 Manet
3399 2535 3556 2574 sem-

1917 2618 2019 2672 per
2048 2601 2198 2655 inter
2227 2602 2470 2656 adversa
2499 2606 2557 2657 et
2602 2602 2964 2659 delectabilia
3022 2606 3275 2676 perfecta
3324 2607 3507 2663 virtus
3541 2626 3554 2675 ;

1916 2707 2104 2760 neque
2134 2689 2375 2745 adversa
2404 2691 2475 2746 de
2504 2691 2858 2762 perfectione
2887 2694 3015 2763 ejus
3065 2695 3390 2766 quidquam
3448 2695 3558 2751 mi-

1915 2783 2124 2844 nuunt,
2177 2795 2364 2850 neque
2416 2779 2782 2835 delectabilia
2826 2783 3158 2854 adjungunt
3209 2785 3556 2856 perfectioni

1915 2866 2060 2932 Quid
2094 2867 2251 2921 enim
2284 2872 2372 2922 est
2401 2869 2555 2938 quod
2589 2868 2638 2923 is
2670 2870 2768 2940 qui
2802 2871 2871 2924 ad
2908 2886 3210 2926 summum
3269 2873 3559 2939 ascendit,

1916 2961 2016 3010 aut
2045 2955 2245 3010 damni
2278 2956 2347 3011 de
2379 2956 2615 3012 caducis
2662 2958 2895 3023 sentiat,
2926 2963 3026 3014 aut
3073 2961 3505 3016 commoditatis
3534 2962 3563 3015 ?

1985 3044 2072 3097 36.
2109 3044 2304 3116 Neque
2330 3061 2483 3112 vero,
2519 3046 2671 3114 quod
2706 3047 3119 3118 gravissimum
3155 3051 3302 3120 apud
3347 3049 3561 3121 pleros-

1915 3149 2028 3204 que
2056 3132 2320 3200 habetur,
2355 3149 2416 3188 se
2447 3133 2725 3189 miserum
2773 3137 3020 3207 putabit,
3056 3137 3102 3191 si
3157 3139 3214 3192 in
3267 3139 3562 3210 captivita-

151 3232 270 3293 tur,
300 3227 404 3283 sed
438 3225 488 3282 si
520 3226 634 3281 ista
662 3230 1011 3281 contemnat.
1049 3229 1195 3280 Nam
1228 3226 1276 3280 si
1310 3226 1392 3280 ita
1441 3226 1802 3296 definiretur,
1837 3209 1878 3275 C
1916 3227 2033 3278 tem
2056 3221 2144 3277 vel
2172 3222 2294 3292 ipse
2314 3223 2529 3288 veniat,
2555 3222 2643 3277 vel
2667 3224 2794 3294 ejus
2823 3223 2945 3278 filii.
2972 3225 3096 3280 Non
3116 3227 3268 3280 enim
3289 3225 3560 3281 intolera-

149 3321 320 3372 utea
344 3318 502 3371 esset
533 3315 702 3370 beata
755 3314 894 3382 vita,
955 3331 1084 3386 quaa
1116 3314 1186 3369 ab
1238 3314 1581 3385 hujusmodi
1629 3317 1807 3372 cassi-

148 3405 267 3461 bus
297 3419 506 3476 expers
537 3419 835 3474 vacuaque
879 3401 1121 3475 reperiri
1179 3407 1394 3474 posset,
1458 3403 1663 3474 utique
1717 3404 1809 3459 his

147 3493 570 3550 accedentibus
602 3509 716 3548 non
749 3495 944 3564 posset
978 3490 1184 3551 beatus
1213 3490 1426 3562 aliquis
1448 3491 1697 3547 deﬁniri.
1729 3494 1810 3549 Ea

149 3583 342 3655 igitur
369 3584 736 3654 sequestrata
777 3585 934 3646 sunt,
970 3585 1027 3635 et
1059 3579 1169 3634 hoc
1215 3579 1407 3635 solum
1440 3580 1499 3634 in
1555 3581 1807 3636 aestima-

148 3672 322 3727 tione
352 3671 534 3726 beatzs
566 3669 694 3724 vita:
737 3675 824 3725 est
864 3669 1236 3740 requisitum,
1273 3673 1337 3724 ut
1389 3685 1504 3724 non
1562 3670 1619 3723 in
1677 3669 1808 3727 aliis

148 3761 256 3816 sed
286 3761 347 3814 in
373 3757 746 3830 possessione
768 3758 888 3813 veri
916 3762 972 3812 et
988 3757 1120 3812 boni
1145 3756 1414 3827 (23),ejus
1444 3757 1703 3814 definitio
1724 3764 1807 3814 te-

149 3852 399 3905 neretur
433 3845 758 3918 ;,quoniam
790 3845 888 3917 qui
939 3843 998 3899 id
1049 3844 1244 3913 habet,
1302 3845 1534 3915 despuit
1585 3850 1806 3916 caetera,

149 3954 261 3992 nec
299 3935 562 4008 requirit.
1059 3925 1062 3929 λ

758 4038 988 4095 CAPUT
1027 4039 1175 4093 VIII.

148 4131 507 4203 Sapientiam
538 4130 617 4203 ita
646 4127 911 4203 delectari
943 4129 1183 4203 sanitate
1237 4129 1498 4203 corporis
1531 4131 1628 4183 aut
1672 4128 1804 4182 libe-

221 4199 330 4266 ris,
361 4205 422 4256 ut
450 4203 499 4256 si
528 4200 625 4255 illo
645 4202 879 4267 amittat,
910 4214 1040 4254 nom
1072 4199 1192 4254 ideo
1247 4201 1430 4255 minus
1480 4199 1703 4254 beatum
1753 4215 1808 4254 se

217 4278 377 4344 putet
404 4290 426 4334 ;
447 4288 574 4328 cum
602 4279 804 4342 praeter
831 4287 1109 4326 summum
1137 4273 1359 4344 bonum,
1393 4271 1540 4326 nihil
1595 4272 1803 4344 cupiat.

222 4343 498 4402 Eumdem
523 4358 649 4413 ergo
678 4359 842 4398 suam
864 4359 928 4397 ac
962 4357 1189 4397 suorum
1216 4343 1607 4413 captivitatem,
1639 4343 1806 4411 inﬁr-

225 4419 455 4471 mitates
485 4415 768 4485 corporeus
797 4430 860 4468 ac
883 4421 1085 4485 calere
1113 4413 1340 4468 adversa
1370 4428 1478 4468 non
1537 4413 1809 4485 formida-

224 4505 310 4556 re,
368 4485 510 4557 quod
575 4483 674 4540 hec
731 4485 846 4539 illis
877 4483 1160 4539 beatudini
1188 4485 1483 4555 quidquam
1507 4483 1806 4553 adimatur,

221 4575 328 4614 nec
358 4557 657 4629 adjiciatur
681 4557 978 4628 prosperis.

220 4649 316 4702 33.
349 4647 555 4711 Quero
582 4661 739 4700 nunc
769 4649 964 4700 utrum
996 4644 1231 4716 sapiens
1276 4642 1594 4700 delectetur
1651 4643 1804 4699 sani-

146 4742 270 4792 tate
304 4733 566 4805 corporis
597 4732 625 4787 ?
652 4732 873 4805 Negare
907 4749 1022 4787 non
1055 4748 1372 4804 possumus
1399 4732 1554 4804 quod
1615 4731 1802 4788 delec-

144 4831 316 4882 tetur
344 4823 672 4880 secundum
697 4825 988 4888 naturam,
1013 4825 1068 4876 et
1089 4820 1367 4877 libentius
1414 4821 1663 4892 accipiat
1688 4837 1804 4876 non

147 4913 373 4980 dolere,
399 4910 645 4983 aliquid,
670 4926 850 4982 quam
872 4909 1066 4965 dolere
1091 4927 1103 4978 ;
1129 4909 1243 4964 nisi
1265 4909 1410 4964 forte
1433 4926 1536 4980 pro
1575 4909 1804 4965 Christo

148 5019 259 5074 pro
296 5000 493 5073 quo,si
547 5016 725 5054 causa
773 5001 992 5070 poscat,
1040 5002 1096 5052 et
1143 4997 1501 5054 debilitatem
1546 4999 1804 5070 corporis

147 5094 430 5164 prompte
448 5088 718 5161 accipiat,
740 5092 797 5143 et
816 5087 970 5143 456
987 5089 1176 5142 totum
1199 5103 1412 5159 corpus
1434 5103 1609 5142 suum
1629 5087 1804 5142 morti

149 5179 378 5236 offerat.
416 5178 578 5232 Idem
619 5181 815 5232 tamen
878 5175 1053 5231 etiam
1114 5179 1324 5248 praeter
1377 5191 1616 5231 causam
1668 5175 1804 5230 ﬁdei

149 5273 329 5341 atque
355 5265 624 5343 justitizs,
657 5264 706 5321 si
739 5264 890 5321 desit
918 5264 1163 5333 sanitas,
1194 5281 1310 5320 non
1358 5263 1647 5322 afficiatur
1685 5263 1806 5320 ani-

221 5456 338 5529 (22)
367 5454 762 5529 Edit._qmnes
792 5469 859 5508 ac
886 5451 1058 5529 pauci
1107 5468 1278 5522 mss.,
1309 5454 1360 5529 et
1406 5450 1614 5529 divinae
1658 5468 1807 5529 prae-

141 5522 360 5593 sentiae,
393 5528 507 5582 etc.
540 5525 683 5581 Mss.
717 5540 852 5579 vero
884 5522 1084 5598 plures
1114 5539 1181 5581 ac
1228 5523 1612 5598 probatiores,
1642 5522 1694 5579 et
1720 5523 1804 5578 di-

143 5600 204 5656 vi
206 5613 300 5671 na:
327 5598 687 5671 prsestantiae.
720 5599 828 5671 et_c_.

219 5665 358 5746 (23).
393 5669 538 5730 Mss.
571 5667 841 5728 nonnulli
869 5669 928 5726 et
957 5665 1094 5729 edit.
1125 5680 1351 5737 omnes,
1383 5666 1448 5724 in
1469 5667 1806 5741 possessione

1918 3308 2113 3366 biliter
2143 3310 2285 3365 feret
2314 3311 2467 3382 quod
2503 3311 2677 3366 habet
2708 3317 2935 3378 natura,
2969 3312 3055 3367 vel
3116 3314 3270 3384 quod
3330 3313 3562 3369 videtur

1921 3398 2183 3454 Domino.
2219 3399 2702 3469 Deniquejustus
2733 3400 2876 3454 dixit
2911 3417 2923 3456 :
2962 3423 2989 3450 «
3036 3402 3261 3456 Bonum
3319 3403 3556 3457 verbum

1917 3489 2071 3559 quod
2105 3487 2336 3542 locutus
2358 3493 2445 3542 est
2490 3489 2772 3544 Dominus
2803 3489 2894 3559 (IV
2944 3493 3071 3559 Reg.
3104 3508 3198 3554 xx,
3256 3491 3365 3561 49).
3404 3514 3430 3540 ››
3492 3492 3561 3546 Et

1917 3576 2064 3631 dixit
2097 3593 2108 3631 :
2146 3599 2173 3625 «
2210 3576 2333 3631 Fiat
2364 3593 2474 3647 pax
2507 3581 2564 3631 et
2594 3577 2739 3632 fides
2770 3577 2828 3632 in
2861 3579 3069 3635 diebus
3099 3580 3244 3634 meis
3285 3579 3488 3652 (Ibid.).
3522 3567 3554 3629 i»

1918 3666 2042 3721 Non
2063 3665 2261 3737 utique
2285 3666 2485 3736 justus
2517 3666 2624 3720 iste
2655 3667 2928 3723 Ezechias
2958 3668 3015 3723 in
3049 3668 3199 3724 ﬁlios
3257 3669 3560 3725 deﬂexisse

1917 3769 2246 3808 aerumnam
2279 3753 2639 3824 captivitatis
2669 3753 3111 3825 gratulabatur:
3145 3757 3246 3811 sed
3278 3755 3558 3811 voluntati

1923 3843 2147 3898 Domini
2171 3843 2402 3897 obviare
2433 3859 2547 3897 non
2581 3847 2826 3914 poterat,
2862 3849 2920 3899 et
2945 3845 3073 3899 ideo
3107 3845 3386 3900 mandata
3432 3847 3560 3916 ejus

1917 3931 2324 4002 mquanimiter
2353 3929 2710 4000 suscipiebat
2733 3936 2794 3985 ut
2825 3931 3360 3987 servulus.Acee«lit
3393 3933 3556 4001 illud,

1916 4020 2069 4092 quod
2103 4018 2390 4074 aestimare
2421 4023 2643 4089 poterat
2673 4035 2842 4090 posse
2872 4025 2929 4074 et
2958 4020 3015 4074 in
3061 4021 3389 4092 captivitate
3447 4038 3561 4076 me-

1915 4109 2094 4162 ritum
2124 4107 2378 4163 eminere
2408 4107 2661 4162 virtutis.
2698 4107 2896 4177 Neque
2925 4107 3079 4162 enim
3112 4110 3309 4163 minus
3354 4111 3559 4166 beatus

1917 4197 2203 4252 Jeremias
2235 4196 2293 4250 in
2313 4195 2871 4266 ‘captivitate,minus
2902 4197 3078 4251 etiam
3112 4197 3335 4267 Daniel,
3363 4198 3560 4254 minus

1914 4287 2148 4353 Esdras,
2192 4284 2389 4340 minus
2441 4284 2594 4339 beati
2625 4284 2902 4345 Ananias,
2937 4285 3170 4340 Azarias
3218 4291 3276 4340 et
3333 4286 3557 4354 Misael,

1916 4391 2094 4447 quam
2126 4373 2173 4429 si
2203 4374 2262 4428 in
2295 4372 2688 4445 captivitatem
2723 4389 2837 4428 non
2871 4373 3231 4439 incidissent,
3269 4391 3401 4431 cum
3432 4376 3562 4432 ideo

1916 4465 1974 4519 in
1999 4451 2393 4536 captivitatem
2416 4461 2574 4516 ducti
2607 4462 2744 4530 sint,
2775 4466 2840 4517 ut
2900 4462 3114 4535 populo
3145 4468 3201 4519 et
3254 4465 3564 4536 prasentia

1916 4554 1976 4609 in
2002 4551 2334 4625 captivitate
2366 4549 2572 4605 solatia
2604 4554 2660 4606 et
2691 4567 2852 4622 spem
2872 4553 3177 4607 evadendas
3211 4553 3562 4625 captivitatis

1915 4642 2185 4698 afferrent
2207 4639 2468 4694 .Portecti
2501 4638 2654 4693 enim
2687 4645 2772 4693 est
2803 4639 2906 4694 viri
2941 4641 3420 4697 communitatem
3454 4659 3562 4698 na-

1917 4736 2059 4786 tura;
2092 4733 2421 4784 sustentare
2452 4727 2633 4782 animi
2659 4728 2873 4782 virtute
2905 4729 3038 4801 (24),
3095 4735 3151 4785 et
3208 4731 3278 4784 ad
3323 4731 3564 4786 meliora

1917 4820 2225 4884 adducere,
2260 4835 2365 4872 nec
2397 4817 2778 4872 succumbere
2805 4817 2878 4872 iis
2908 4835 3035 4889 quae
3069 4817 3364 4890 plerisque
3396 4821 3561 4874 terri-

1917 4907 2058 4963 bilia
2086 4912 2144 4962 et
2167 4904 2544 4961 formidolosa
2588 4905 2861 4960 videntur
2923 4907 3070 4972 ;sed
3123 4907 3292 4976 quasi
3353 4908 3562 4961 fortem

1917 4997 2162 5051 militem
2195 4993 2676 5066 gravissimorum
2708 5010 2950 5048 casuum
3015 4994 3305 5048 sustinere
3360 4993 3560 5048 incur-

1916 5102 2037 5148 sus,
2073 5082 2376 5138 conﬂictus
2410 5082 2625 5146 subire,
2659 5085 2716 5135 et
2745 5082 2914 5151 quasi
2975 5081 3287 5152 providum
3344 5083 3557 5153 guber-

1917 5178 2176 5229 natorem
2200 5186 2402 5226 navem
2425 5169 2483 5224 in
2511 5172 2856 5240 tempestate
2885 5185 3100 5242 regere,
3147 5174 3321 5242 atque
3361 5186 3560 5226 occur-

1913 5261 2092 5318 rendo
2121 5256 2564 5330 insurgentibus
2593 5256 2889 5323 ﬂuctibus,
2909 5257 3096 5329 magis
3128 5259 3308 5313 vitare
3331 5257 3561 5314 naufra-

1917 5449 2032 5504 veri
2061 5446 2208 5512 boni,
2233 5444 2344 5500 Alii
2375 5460 2612 5499 mss.....
2642 5444 2761 5498 veri
2792 5446 2938 5512 boni,
2973 5449 3080 5500 etc.

1987 5519 2098 5592 (24)
2125 5517 2242 5573 Hoc
2274 5519 2383 5586 est,
2405 5515 2704 5592 perfectus
2735 5515 2821 5592 vir
2841 5515 3108 5592 homines
3129 5518 3391 5592 ejusdem
3425 5535 3555 5592 par-

1915 5586 2119 5652 ticipes
2149 5591 2370 5644 natura:
2402 5586 2462 5642 in
2493 5586 2905 5643 communibus
2936 5586 3370 5648 calamitatibus
3402 5586 3557 5652 sola-

1919 5663 1968 5722 ri
1999 5659 2170 5724 debet
2198 5664 2372 5740 atque
2401 5659 2475 5721 ad
2503 5659 2894 5721 constantiam
2924 5661 3193 5722 excitare.
