3830 6206
279 318 399 379 6ὁ3

1731 312 1795 371 S.
1844 310 2220 373 AMBROSII

3552 311 3682 371 644

279 452 442 523 gium
473 448 756 505 sulcando
787 448 995 511 undas,
1027 461 1203 517 quam
1236 443 1602 500 declinando.
1639 442 1760 496 Non
1812 442 1917 495 iste
1946 443 2002 507 Α
2033 445 2265 515 primat.
2288 462 2432 514 quas
2454 445 2707 500 habeant
2739 446 2809 501 de
2834 445 3680 518 periculorumsollicitudine,

280 539 342 595 in
364 538 774 612 persecutione
806 536 1070 607 pavidus,
1104 551 1216 589 non
1242 534 1297 587 in
1330 532 1638 587 tormentis
1671 530 1920 595 mollior,

282 644 356 684 ne
383 630 753 698 torquentem
783 625 931 682 457
961 627 1259 695 exasperet
1288 624 1422 691 (25,-,
1453 621 1553 676 sed
1584 618 1753 691 quasi
1789 618 1923 674 alb-

278 716 395 773 leta
412 714 701 786 fortis,qui
718 714 1065 786 repercutiet
1091 712 1489 767 verberantem
1514 710 1561 764 si
1583 727 1697 765 non
1726 709 1920 773 caedis,

283 810 436 861 certe
467 802 753 859 sermonis
785 802 1012 873 ﬂagello
1047 820 1060 868 ;
1094 801 1195 873 qui
1225 800 1539 855 metuenda
1578 798 1781 853 multis
1805 804 1922 851 tor-

281 898 477 949 menta
506 891 1012 963 despiciat.dicens
1041 907 1054 945 :
1089 914 1115 937 ‹‹
1149 890 1385 960 Sagittae
1416 888 1729 942 infantium
1763 886 1922 941 facta:

279 986 420 1038 sunt
449 981 631 1053 plagas
663 997 863 1035 eorum
896 980 1067 1049 (Psal.
1102 996 1255 1041 Lxm,
1288 980 1344 1047 8)
1380 995 1394 1042 ;
1432 1001 1451 1023 ι
1487 977 1744 1047 quicum
1786 992 1923 1045 gra-

276 1071 517 1127 vissimo
549 1070 683 1124 licet
710 1068 909 1123 dolore
942 1068 1219 1136 luctetur,
1253 1084 1357 1120 nec
1407 1083 1470 1120 se
1527 1064 1921 1119 miserabilem

280 1160 531 1231 praebeat
564 1177 578 1224 ;
613 1159 713 1212 sed
748 1157 1015 1211 ostendat
1046 1162 1325 1227 tanquam
1357 1157 1415 1208 in
1450 1154 1675 1209 laterna
1699 1153 1919 1217 lumen,

279 1248 456 1303 etiam
488 1248 640 1302 inter
668 1262 903 1316 asperas
935 1244 1219 1315 procellas
1244 1249 1297 1298 et
1327 1243 1701 1313 gravissimos
1750 1242 1923 1297 ﬂatus

284 1353 453 1391 suam
484 1335 695 1397 lucere,
730 1351 832 1389 nec
860 1333 1151 1405 exstingui
1181 1349 1351 1403 posse
1383 1332 1585 1391 animi,
1619 1332 1916 1385 virtutem.

281 1426 403 1481 Non
428 1426 535 1479 istc
564 1426 619 1478 in
655 1440 896 1478 suorum
932 1423 1162 1493 injuriis
1194 1421 1408 1483 mollis,
1460 1437 1561 1473 nec
1592 1420 1664 1474 de
1722 1420 1920 1491 sepul-

278 1514 418 1569 chro
450 1513 735 1568 sollicitus
763 1512 853 1566 sui
886 1511 1165 1582 corporis,
1198 1511 1287 1565 cui
1324 1510 1471 1565 sciat
1500 1510 1709 1563 coelum
1750 1509 1921 1563 debe-

278 1604 322 1657 ri
348 1622 360 1659 :
395 1620 508 1658 non
530 1604 587 1655 in
610 1602 943 1673 captivitate
977 1600 1166 1654 civicae
1190 1598 1376 1671 plebis
1401 1599 1698 1666 abjectior,
1726 1598 1822 1652 sed
1850 1598 1924 1653 si-

269 1693 451 1765 judex
499 1707 758 1756 severus,
820 1688 1150 1745 infidelium
1214 1688 1519 1760 perfidiam
1580 1704 1924 1758 erroresque

2032 534 2237 588 mortis
2267 535 2497 599 timore,
2531 535 2789 607 corporis
2819 536 3157 591 infirmitate
3187 553 3203 603 ;
3235 535 3390 591 458
3448 538 3516 589 ut
3572 534 3686 589 do-

2032 626 2159 677 ceat
2187 622 2425 677 dissolvi
2456 640 2716 695 corpore,
2747 631 2805 679 et
2834 639 2963 680 esse
3012 641 3146 680 cum
3204 624 3431 681 Christo
3489 621 3685 679 multo

2033 711 2246 768 melius
2279 730 2294 778 ;
2326 716 2391 766 ut
2418 713 2686 768 ostendat
2716 713 2856 784 quia
2885 713 3255 785 operationes
3309 729 3424 768 non
3482 711 3686 783 impe-

2033 802 2278 856 diuntur
2305 800 2704 858 debilitatibus
2733 803 3016 875 corporis,
3042 803 3145 859 sed
3177 805 3467 876 augentur
3496 819 3510 868 ;
3573 816 3683 855 ne-

2032 908 2144 963 que
2176 890 2483 961 splendore
2513 891 2741 963 generis
2770 897 2873 947 aut
2901 892 3361 964 propinquorum
3411 890 3684 946 subsidi-

2032 980 2103 1042 is,
2139 985 2241 1033 aut
2295 979 2525 1049 opibus,
2581 980 2682 1034 sed
2740 980 2891 1035 bono
2947 981 3393 1036 commendatur
3442 979 3681 1035 aﬂ'ectn.

2031 1068 2230 1138 Neque
2260 1068 2414 1122 enim
2448 1068 2646 1121 minus
2680 1068 2886 1123 beatus
2942 1069 3134 1124 Helias
3187 1086 3365 1140 quam
3422 1069 3681 1139 Moyses,

2033 1174 2167 1211 cum
2199 1156 2344 1210 alter
2372 1156 2484 1210 cibi
2516 1155 2818 1227 indignus,
2851 1156 3122 1212 melotide
3152 1156 3272 1222 vili,
3328 1158 3455 1213 sine
3510 1157 3677 1224 filiis,

2034 1248 2160 1300 sine
2191 1251 2452 1315 sumptu,
2487 1244 2613 1299 sine
2644 1246 2874 1311 comite,
2908 1245 3055 1299 alter
3082 1246 3283 1317 pepuli
3310 1246 3537 1309 ductor,
3583 1244 3683 1300 le-

2030 1340 2126 1389 tus
2159 1334 2376 1399 sobole,
2408 1334 2743 1388 succinctus
2774 1334 3284 1405 potentia,diverso
3313 1349 3521 1406 genere
3547 1350 3680 1389 me-

2035 1425 2213 1478 ritum
2246 1422 2465 1493 aequale
2499 1422 2889 1493 fundaverint,
2920 1427 3071 1478 stcut
3121 1424 3179 1477 in
3231 1422 3538 1495 Evangelio
3570 1423 3681 1478 de-

2033 1513 2317 1567 claratum
2350 1517 2457 1577 est,
2492 1512 2727 1581 quando
2757 1529 2891 1566 cum
2924 1511 3169 1567 Domino
3198 1511 3340 1567 Jesu
3368 1512 3427 1567 in
3477 1528 3681 1567 resur-

2035 1600 2307 1655 rectionis
2336 1599 2521 1671 gloria
2553 1601 2903 1655 refulserunt
2934 1600 3141 1669 (Matth.
3198 1618 3333 1667 xvn,
3382 1602 3455 1671 3).
3497 1599 3682 1656 Vide-

2032 1695 2129 1742 tur
2159 1690 2544 1771 enimparem
2576 1688 2667 1742 bis
2699 1689 2865 1759 quasi
2898 1688 3136 1759 paribus
3166 1687 3361 1761 gloriae
3395 1704 3513 1743 suae
3558 1692 3685 1744 tes-

278 1782 785 1846 condemnans,ut
813 1778 1012 1833 Daniel
1046 1778 1145 1849 qui
1180 1777 1551 1831 sacerdotum
1586 1777 1739 1829 furta
1788 1793 1923 1847 pro-
1956 1807 2002 1871 Β
2032 1779 2192 1832 tibus
2223 1777 2455 1831 dedisse
2490 1773 2987 1832 mercedemfNec
3043 1777 3242 1832 minus
3291 1777 3496 1832 beatus
3552 1775 3689 1830 Eli-

278 1869 541 1933 debat,et
571 1866 1016 1938 superstitiones
1047 1881 1245 1921 eorum
1284 1865 1696 1935 redarguebat,
1722 1870 1920 1919 osten-

276 1957 421 2011 dens
452 1955 613 2010 nulla
644 1956 880 2010 veritate
910 1954 1213 2020 subnixas,
1240 1954 1339 2009 sed
1374 1954 1677 2008 fraudibus
1708 1955 1921 2008 adum-

274 2046 492 2100 bratas.
521 2043 681 2099 Talis
710 2043 796 2097 vir
827 2048 1120 2115 postremo
1153 2048 1241 2097 est
1300 2044 1613 2114 perfectus,
1648 2042 1747 2114 qui
1804 2059 1923 2097 om-

275 2150 379 2189 nes
412 2133 551 2189 velit
581 2134 728 2188 bene
767 2131 1229 2203 agerc,nihilque
1261 2130 1490 2202 culpam
1514 2132 1776 2185 accidere
1799 2148 1920 2186 ma-

273 2222 314 2277 li
348 2241 363 2289 ;
393 2227 452 2278 et
470 2223 521 2278 si
545 2226 750 2293 praeter
778 2220 1137 2274 voluntatem
1161 2220 1289 2290 ejus
1325 2219 1618 2273 acciderit.
1676 2220 1797 2290 ipse
1830 2224 1920 2275 ta-

275 2327 406 2365 men
439 2311 511 2363 de
540 2310 777 2381 propria
805 2308 1162 2363 beatitudine
1195 2306 1335 2361 nihil
1381 2307 1631 2361 amittat.

343 2398 433 2454 37.
466 2399 572 2453 Sed
608 2399 752 2453 forte
783 2397 997 2466 aliquis
1056 2402 1219 2467 putet
1270 2396 1677 2467 egritudinem
1738 2402 1914 2466 atque

283 2486 746 2543 imbecillitatem
779 2485 1038 2557 corporis
1071 2485 1486 2556 impedimento
1511 2502 1639 2541 esse
1677 2486 1750 2541 ad
1791 2503 1921 2557 per-

276 2577 544 2632 fectionis
577 2592 792 2630 munus
820 2575 1208 2645 implendum,
1240 2591 1305 2629 eo
1334 2575 1487 2646 quod
1522 2591 1635 2629 non
1696 2575 1924 2645 possint

282 2666 351 2720 ad
385 2682 559 2736 opera
587 2680 872 2719 manuum
904 2663 1026 2717 ulla
1054 2663 1323 2734 factaque
1354 2663 1684 2733 procedere.
1710 2663 1919 2717 Verum

272 2771 339 2809 ea
375 2754 706 2823 sibijustus
730 2752 1151 2823 impedimento
1178 2768 1307 2805 esse
1340 2767 1454 2804 non
1488 2751 1699 2804 sentiet
1733 2767 1746 2806 :
1804 2752 1921 2806 imo

277 2842 452 2896 etiam
481 2857 616 2895 eum
642 2839 742 2911 qui
772 2856 841 2894 ea
898 2838 1314 2893 miserabiliter
1342 2838 1570 2901 deﬂeat,
1627 2840 1918 2911 corripiet,

273 2935 330 2985 et
360 2928 531 3001 quasi
566 2929 840 3000 ignavum
874 2932 1100 2998 arguet,
1133 2927 1287 2998 quod
1347 2926 1481 2998 plus
1542 2927 1599 2981 in
1661 2928 1921 2999 corporis

277 3034 389 3072 usu
419 3032 595 3089 quam
630 3016 686 3070 in
722 3014 901 3069 animi
964 3014 1171 3069 virtute
1229 3015 1588 3081 constituat;
1646 3017 1801 3088 quod
1855 3034 1921 3071 ea

275 3106 492 3178 quibus
522 3104 753 3171 serviat,
788 3104 1101 3167 desideret,
1148 3121 1281 3159 cum
1314 3104 1525 3159 habeat
1579 3107 1733 3176 quod
1791 3106 1921 3160 aliis

2034 1883 2185 1920 saeus
2216 1881 2392 1936 quam
2426 1865 2628 1930 David,
2661 1880 2794 1919 cum
2824 1864 2973 1919 alter
3003 1864 3260 1936 regibus,
3291 1864 3439 1920 alter
3493 1863 3685 1936 regali

2029 1960 2311 2027 potestate
2344 1953 2997 2025 praeditus,propheticze
3015 1953 3498 2010 sanctiﬁcationis
3514 1953 3682 2009 haud

2031 2044 2327 2113 disparem
2361 2042 2482 2097 sint
2510 2042 2702 2112 adepti
2736 2042 3008 2114 gratiam.

2100 2134 2187 2184 39.
2224 2132 2369 2196 Quid
2404 2130 2558 2186 enim
2591 2131 2753 2185 deest
2783 2130 2832 2185 ei
2864 2131 2964 2201 qui
2997 2130 3141 2186 illud
3201 2132 3421 2187 bonum
3481 2132 3683 2203 possi-

2030 2222 2145 2284 det,
2174 2225 2231 2275 et
2261 2220 2437 2275 habet
2467 2219 2578 2275 sibi
2612 2235 2845 2290 semper
2873 2221 3145 2275 comitem
3175 2219 3516 2292 sociamque
3560 2220 3683 2275 vir-

2030 2314 2211 2365 tutem
2243 2309 2270 2362 ‘?
2302 2309 2361 2363 In
2395 2325 2509 2379 quo
2542 2311 2699 2363 statu
2733 2324 2849 2362 non
2881 2308 3329 2379 potentissimus
3352 2307 3381 2362 ?
3431 2309 3495 2364 In
3557 2325 3684 2379 qua

2030 2401 2307 2469 pauperte
2339 2413 2453 2452 non
2486 2396 2648 2452 dives
2671 2396 2700 2450 ?
2747 2395 2809 2450 In
2845 2412 2963 2467 qua
3017 2396 3249 2466 generis
3313 2396 3690 2467 ignobilitate

2030 2503 2145 2541 non
2176 2485 2369 2540 clarus
2400 2485 2427 2539 ?
2458 2485 2518 2540 In
2553 2501 2668 2555 quo
2699 2485 2817 2539 otio
2841 2502 2954 2540 non
3002 2484 3330 2540 laboriosus
3357 2484 3386 2538 ?
3445 2485 3508 2540 In
3566 2501 3691 2555 qua

2032 2574 2328 2630 debilitate
2343 2590 2456 2628 non
2488 2578 2727 2645 vegetus
2752 2573 2779 2627 ‘2
2812 2573 2874 2629 ln
2905 2590 3024 2645 qua
3048 2573 3390 2629 inﬁrmitate
3422 2590 3542 2629 non
3566 2574 3686 2629 foro

2035 2664 2111 2718 tis
2140 2663 2170 2717 ?
2198 2664 2261 2719 In
2294 2680 2411 2735 qua
2432 2662 2623 2718 somni
2656 2661 2850 2733 quiete
2874 2662 3319 2733 feriatus,quem
3352 2662 3534 2717 etiam
3555 2663 3691 2735 qni-

2036 2755 2325 2806 escentem
2348 2750 2535 2806 virtus
2565 2750 2799 2823 propria
2829 2767 2945 2805 non
2978 2750 3254 2821 relinquit
3277 2750 3306 2804 ?
3337 2750 3401 2805 In
3432 2764 3551 2822 qua
3578 2766 3675 2805 so-

2033 2839 2281 2895 litudine
2312 2856 2424 2894 non
2461 2840 2735 2911 stipatus,
2767 2855 2942 2912 quem
2971 2840 3089 2894 vita
3117 2840 3285 2894 beata
3322 2839 3684 2905 circumdat,

2030 2945 2205 2999 quem
2238 2928 2410 2983 vestit
2438 2929 2641 2999 gratia,
2674 2945 2849 3000 quem
2879 2927 3075 3001 gloria:
3113 2928 3363 2984 amictus
3391 2926 3685 2983 illustrat?

2032 3017 2157 3072 Non
2191 3017 2389 3072 minus
2419 3017 2593 3073 etiam
2643 3018 2884 3084 otiosus,
2949 3034 3128 3089 quam
3184 3032 3318 3072 cum
3376 3020 3681 3088 operatur,

2033 3106 2239 3161 beatus
2272 3124 2285 3173 ;
2323 3122 2423 3161 nec
2454 3106 2651 3161 minus
2680 3106 2999 3172 dormiens,
3034 3123 3211 3178 quam
3243 3104 3519 3178 vigilans,
3563 3104 3685 3177 glo-

276 3194 690 3268 possitjubere
725 3212 737 3249 ί
773 3193 928 3265 quod
964 3192 1021 3246 in
1057 3197 1399 3264 paupertate
1430 3193 1796 3263 ingemiscat,
1820 3194 1919 3265 qui
1954 3174 1997 3239 Ο
2036 3195 2249 3261 riosus,
2285 3196 2423 3267 quia
2449 3213 2563 3251 non
2596 3196 2794 3251 minus
2824 3195 3143 3260 dormiens,
3183 3210 3360 3265 quam
3413 3210 3551 3250 eum
3600 3193 3682 3248 vi-

278 3283 465 3355 magis
498 3283 680 3354 possit
734 3297 915 3353 supra
946 3281 1150 3336 mundi
1184 3297 1322 3353 opes
1354 3297 1481 3336 esse
1515 3299 1527 3345 ;
1564 3281 1715 3336 fideli
1765 3283 1922 3338 enim

274 3378 431 3428 totus
461 3371 718 3426 mundus
742 3370 1078 3426 divitiarum
1111 3374 1199 3424 est
1232 3388 1244 3424 :
1290 3369 1446 3441 quod
1497 3369 1921 3441 ignobilitatem

274 3462 482 3517 deﬂeat
512 3460 609 3531 qui
640 3460 850 3515 debeat
880 3459 1176 3529 despicere
1208 3459 1396 3529 regias
1438 3464 1775 3530 potestates,
1831 3461 1925 3514 di-

271 3548 487 3605 vitibus
517 3552 572 3602 et
605 3548 945 3619 potentibus
975 3547 1284 3618 imperare.
1326 3547 1450 3602 Hzec
1480 3548 1636 3612 enim
1668 3547 1922 3619 vitajus-

274 3638 338 3702 ti,
371 3636 469 3707 qui
498 3636 673 3690 etiam
709 3652 857 3706 quas
920 3635 1135 3690 habeat
1193 3635 1518 3705 facultates,
1580 3654 1922 3695 communes

274 3724 563 3781 aestimare
594 3724 841 3779 debeat:
872 3723 988 3779 imo
1019 3724 1194 3779 etiam
1220 3724 1492 3796 inopibus
1520 3726 1921 3794 dividere,dis-

275 3829 523 3886 pensare
553 3811 929 3884 pauperibus,
980 3812 1231 3867 recidere
1282 3811 1606 3884 voluptates
1639 3816 1770 3885 (26),
1831 3820 1920 3872 te-

275 3918 458 3958 nuare
499 3905 828 3972 sumptum,
889 3898 1165 3955 adbibere
1224 3901 1645 3972 parcimoniam
1700 3908 1921 3976 tempe-

276 3990 496 4057 rantiae,
529 3989 904 4045 sobrietatem
965 3992 1161 4043 tenere
1218 3989 1277 4043 in
1338 3990 1650 4062 prosperis,
1696 3994 1918 4064 patien-

276 4079 417 4134 tiam
452 4078 509 4132 in
540 4077 822 4147 adversis,
856 4077 913 4132 in
947 4076 1142 4131 dolore
1162 4076 1551 4145 tolerantiam,
1616 4082 1919 4151 magnani-

277 4168 539 4224 mitatem
570 4166 629 4222 in
662 4165 957 4237 periculis,
993 4165 1263 4222 sanitatis
1296 4171 1582 4239 perpetua:
1613 4178 1742 4225 vota
1789 4187 1918 4227 nes-

276 4257 413 4325 cire,
448 4255 654 4311 mortis
682 4254 1047 4310 imminentis
1080 4259 1298 4311 terrore
1340 4272 1454 4310 non
1510 4259 1763 4325 concuti,
1826 4277 1921 4316 ne-

277 4362 388 4418 que
419 4360 551 4400 eum
585 4344 1051 4415 prazstantiorem
1085 4348 1312 4414 putare,
1340 4345 1432 4398 cui
1465 4346 1790 4401 secundum
1824 4366 1920 4404 na—

276 4439 471 4488 turam
499 4430 686 4495 liberi,
721 4432 1056 4503 prepinqui,
1101 4430 1437 4498 salubritas,
1470 4431 1689 4501 laetitia,
1749 4437 1918 4493 afﬂu-

2038 3284 2204 3355 gilat,
2231 3283 2545 3340 incolumis
2573 3288 2630 3339 et
2659 3301 2843 3340 sanus
2875 3289 2982 3339 est.
3043 3283 3285 3348 Quando
3343 3286 3543 3338 autem
3598 3282 3688 3338 fe-

2034 3372 2219 3427 riatus
2250 3373 2427 3427 videri
2462 3377 2674 3444 potest,
2706 3375 2877 3444 cujus
2909 3389 3074 3427 mens
3101 3387 3331 3443 semper
3359 3370 3686 3443 operatur?

2032 3462 2275 3526 Quando
2306 3466 2501 3517 autem
2536 3461 2720 3527 solus,
2756 3461 2856 3533 qui
2900 3477 3033 3516 cum
3090 3459 3189 3516 illa
3245 3475 3479 3531 semper
3532 3458 3687 3515 bono

2030 3554 2117 3603 est
2145 3551 2278 3617 (28).
2311 3550 2382 3603 de
2415 3566 2531 3620 quo
2556 3549 2637 3604 ait
2661 3548 2951 3620 Propheta
2978 3566 2997 3601 :
3040 3549 3391 3620 Replebimur
3422 3550 3480 3602 in
3531 3547 3688 3603 bona“:

2030 3638 2218 3691 domus
2245 3641 2359 3693 tua:
2390 3638 2563 3708 (Psal.
2600 3653 2750 3704 Lx1v,
2782 3638 2838 3705 5)
2870 3636 2898 3690 ‘I
2926 3637 3168 3702 Quando
3199 3636 3486 3707 abiectus,
3509 3636 3686 3707 cujus

2030 3727 2389 3782 conservatio
2419 3731 2507 3782 est
2538 3727 2594 3781 in
2628 3726 2770 3782 ccelo
2800 3726 2827 3780 ?
2856 3727 3097 3792 Quando
3127 3743 3240 3781 non
3274 3724 3545 3791 decorus,
3579 3725 3684 3797 qui

2031 3815 2099 3870 ad
2133 3814 2293 3869 illius
2323 3815 2551 3870 decoris
2585 3819 2642 3870 et
2669 3813 2854 3870 solius
2884 3813 3019 3869 boni
3052 3830 3114 3869 se
3145 3814 3457 3869 confirmat
3507 3814 3681 3869 simi-

2030 3901 2337 3958 litudinem
2376 3921 2388 3970 ;
2424 3903 2533 3974 qui
2558 3902 2790 3958 etiamsi
2838 3903 3121 3957 membris
3180 3902 3409 3957 solutus
3466 3901 3565 3967 sit,
3596 3906 3681 3957 ta-

2030 4008 2162 4046 men
2201 3996 2401 4046 mente
2434 4009 2496 4047 se
2530 3992 2714 4063 erigat
2742 3991 2770 4046 ‘I
2801 3991 2870 4045 Et
2900 3995 3181 4062 tanquam
3209 3989 3308 4045 ille
3335 3988 3683 4061 quicithara

2030 4097 2237 4136 canere
2268 4080 2497 4147 solitus,
2529 4080 2578 4135 si
2605 4097 2733 4136 eam
2767 4079 3132 4150 dissipatam,
3161 4078 3434 4135 resolutis
3465 4080 3681 4150 nervis,

2028 4174 2085 4225 et
2113 4169 2470 4225 confractum
2501 4169 2731 4235 viderit,
2755 4173 2814 4224 et
2844 4185 3016 4224 usum
3077 4169 3205 4239 ejus
3258 4169 3677 4240 interruptum,

2030 4258 2268 4330 abjiciat
2297 4273 2424 4313 eam
2458 4262 2635 4329 atque
2659 4258 2787 4328 ejus
2819 4271 3095 4311 numeros
3126 4272 3243 4310 non
3271 4255 3558 4327 requirat,
3582 4254 3674 4311 sed

2027 4363 2164 4402 voce
2193 4346 2317 4418 ipse
2345 4363 2406 4402 se
2424 4345 2676 4401 mulceat
2708 4361 2721 4399 :
2756 4345 2839 4400 ita
2858 4349 2949 4400 est
2978 4345 3087 4400 iste
3117 4343 3400 4400 citharam
3424 4343 3683 4416 corporis

2030 4435 2119 4490 sui
2153 4436 2400 4491 otiosam
2424 4435 2622 4505 jacere
2651 4433 2924 4505 patietur,
2957 4434 3130 4489 corde
3151 4448 3215 4489 se
3244 4431 3684 4498 oblectabit,bo-

279 4522 437 4578 entia
467 4520 938 4586 redundaverint,
963 4537 1137 4591 quam
1172 4520 1265 4574 cui
1299 4519 1398 4574 illa
1420 4522 1925 4598 defuerint,ncque
1959 4537 2000 4601 [)
2033 4541 2118 4579 nae.
2151 4522 2516 4579 conscientia:
2547 4522 2944 4577 recordatione
2971 4520 3271 4586 mulcebit,
3303 4521 3521 4576 divinis
3555 4536 3680 4577 ora-

280 4608 535 4666 externis
604 4607 824 4675 saeculi,
877 4608 976 4663 sed
1030 4608 1264 4661 virtutis
1323 4608 1661 4667 domesticis
1719 4616 1927 4671 merita

279 4713 522 4771 pensare
551 4698 683 4766 (27).

351 4788 440 4842 38.
472 4785 636 4841 Illam
668 4801 901 4856 quoque
942 4785 1187 4841 formam
1236 4787 1387 4857 justi
1447 4804 1575 4845 esse
1628 4791 1762 4862 quis
1819 4794 1925 4848 ab—

281 4880 425 4934 nuat
457 4893 470 4943 ;
505 4879 569 4930 ut
598 4872 744 4928 nihil
776 4878 1016 4939 metuat,
1052 4874 1196 4929 nihil
1256 4876 1613 4945 reformidet,
1659 4880 1770 4937 nisi
1820 4883 1927 4937 vir-

277 4966 423 5022 tutis
452 4963 778 5037 dispendia,
812 4962 1173 5033 aliorumque
1204 4981 1382 5020 vanas
1407 4966 1747 5025 formidines
1774 4987 1926 5027 com-

354 5188 461 5259 (25)
496 5188 579 5259 Ita
604 5186 741 5253 edit,
774 5201 979 5240 omnes
1011 5202 1076 5241 ac
1110 5203 1250 5241 mss.
1289 5187 1543 5258 potiores
1579 5206 1591 5243 :
1636 5191 1762 5249 Vat.
1826 5200 1927 5251 aut

281 5258 625 5314 Vict.'Colb.
656 5274 726 5313 ne
781 5266 1113 5328 torquentem
1167 5263 1469 5328 exsuperet.
1504 5260 1710 5317 Melius
1744 5265 1921 5328 Long.

292 5284 431 5314 VIUL.
465 5284 625 5314 υυιυ.
656 5284 725 5313 1w
781 5284 1113 5328 torquentem
1167 5284 1469 5328 δίδυμαι-δι.
1505 5284 1710 5317 mt’ltUS
1744 5284 1859 5320 non
1910 5309 1921 5322 .

282 5346 347 5384 ac
380 5330 625 5393 Theod.,
653 5346 720 5383 ne
765 5332 1065 5399 torpentem
1118 5334 1466 5400 exsuperent.
1528 5333 1639 5388 Sed
1701 5284 1922 5395 Theog.

285 5399 475 5470 prima
504 5417 680 5453 manu
719 5418 730 5453 :
768 5416 902 5454 nam
934 5400 1192 5454 secunda
1218 5399 1391 5455 habet
1418 5406 1481 5456 ut
1512 5403 1571 5457 in
1623 5406 1814 5462 editis.

355 5468 514 5549 (262m
549 5475 683 5549 Ant.
768 5470 958 5549 edit,
992 5469 1234 5549 recidere
1306 5473 1605 5549 volunt-ales
1648 5482 1921 5549 proprias.

287 5537 427 5623 Mss.
452 5538 583 5607 Th.,
618 5540 763 5614 Big.,
799 5539 1046 5614 Itemig.,
1083 5542 1325 5599 recedere
1349 5560 1381 5599 a
1412 5537 1779 5620 voluptatibus
1804 5568 1928 5625 pro-

281 5625 445 5686 prus.

2034 4611 2187 4669 culis
2216 4616 2273 4667 et
2302 4611 2536 4683 scriptis
2558 4610 2911 4683 propheticis
2940 4609 3255 4675 alleviabit,
3314 4626 3490 4666 suave
3539 4608 3681 4665 illud

2034 4705 2091 4757 et
2112 4700 2445 4771 jucundum
2477 4699 2675 4755 animo
2706 4704 2933 4765 tenens,
2954 4703 3148 4753 mente
3178 4698 3572 4770 complectens
3587 4697 3681 4752 cui

2034 4787 2180 4843 nihil
2193 4788 2357 4842 triste
2371 4786 3002 4859 possit,accidere,cum
3021 4802 3252 4858 semper
3261 4787 3313 4842 ei
3329 4786 3531 4841 divinae
3544 4801 3684 4857 pra:-

2036 4877 2234 4933 sentize
2252 4876 2471 4947 aspiret
2499 4875 2769 4948 gratia,et
2800 4877 2924 4947 ipse
2945 4875 3057 4930 sibi
3090 4872 3682 4931 adsitsummaanimi

2032 4964 2458 5037 tranquillitate
2488 4964 2781 5036 perfusus.

2105 5199 2217 5269 (27)
2252 5196 2401 5251 Edit.
2435 5211 2661 5261 omnes,
2693 5197 2912 5250 virtutis
2958 5195 3263 5269 domesticae
3309 5196 3515 5269 [nerito
3540 5206 3681 5264 pen-

2034 5285 2173 5324 sare.
2204 5266 2279 5323 'At
2310 5271 2512 5323 contra
2552 5283 2697 5322 mss.
2724 5283 2928 5322 omnes
2960 5266 3269 5322 nobiscum
3304 5266 3523 5321 faciunt
3557 5276 3680 5316 ma-

2035 5358 2148 5413 gno
2179 5355 2505 5413 consensu._
2526 5337 2629 5413 Hic
2660 5343 2857 5393 autem
2887 5338 3141 5393 externis
3179 5336 3373 5393 saeculi
3400 5333 3559 5392 bonis
3579 5331 3682 5388 do-

2037 5409 2277 5469 mestica
2307 5409 2543 5483 virtutis
2576 5411 2728 5465 bona
2757 5414 3153 5483 opponuntur.
3607 5471 3652 5483 η

2106 5483 2216 5552 (28)
2251 5482 2379 5537 Edit
2410 5487 2521 5536 vet.
2546 5486 2613 5553 et
2642 5471 2912 5553 quaedam
2956 5482 3141 5535 Paris.
3198 5496 3351 5553 cum
3403 5494 3540 5553 mss.
3576 5471 3679 5553 111i-

2037 5543 2209 5636 quot,
2233 5555 2481 5636 euincunt
2512 5552 2610 5608 illo
2638 5543 2849 5636 semper
2870 5552 3036 5636 Iberia:
3066 5559 3160 5608 est.
3196 5549 3408 5607 Melius
3437 5548 3555 5607 aliis
3582 5543 3683 5601 Pa-

2036 5623 2139 5684 ris.
2173 5640 2238 5683 ao
2268 5623 2477 5701 reliqui
2502 5639 2644 5683 mss.
2678 5627 2745 5685 ut
2774 5624 2832 5684 in
2865 5627 3046 5685 textu.
