3830 6206
207 331 320 390 645

1228 333 1331 398 DE
1372 329 1612 396 JACOB
1658 335 1757 396 ΕΤ
1799 326 1984 397 νΙΤΑ
2029 335 2284 397 BEATA
2328 337 2475 398 LIB.
2523 333 2601 398 II.

3503 341 3621 400 646

214 512 3614 540 Wm-

1389 654 1738 745 LIBER
1811 652 2444 747 SECUNDUS.

657 958 810 1015 459
850 957 1087 1015 CAPUT
1127 957 1434 1015 PRIMUM.

222 1118 384 1188 Facta
413 1117 746 1171 transitione
771 1133 807 1172 a
834 1118 1110 1188 superiori
1141 1115 1210 1171 ad
1237 1117 1384 1188 hanc
1414 1115 1640 1188 librum,
1690 1123 1872 1170 osten-

288 1186 368 1242 dit
392 1194 645 1258 sanctum
678 1187 837 1244 Iacob
868 1185 1036 1243 etiam
1066 1190 1127 1242 in.
1155 1185 1359 1243 exsilio
1395 1187 1566 1258 fuisse
1608 1185 1822 1241 beatum
1852 1202 1869 1238 :

289 1274 354 1313 ac
385 1257 739 1330 beatitudinis
765 1258 1144 1329 deﬁnitionem
1171 1258 1346 1315 eidem
1386 1257 1633 1330 apprime
1676 1272 1873 1312 conve-

291 1331 415 1384 nire
444 1329 798 1386 demonstrat.

297 1490 346 1544 1.
378 1489 688 1560 Superiore
713 1486 860 1544 libro
890 1489 962 1543 de
991 1487 1272 1544 virtutum
1314 1487 1617 1560 praeceptis
1665 1486 1872 1556 dispu-

222 1579 480 1634 tavimus
500 1594 512 1632 :
533 1575 799 1649 sequenti
831 1575 1122 1631 clarorum
1152 1575 1408 1631 virorum
1434 1578 1669 1630 utamur
1689 1590 1876 1629 exem-

223 1666 361 1740 plis,
388 1665 489 1738 qui
521 1664 580 1719 in
611 1665 864 1720 summis
914 1663 1188 1736 periculis
1235 1663 1408 1736 positi
1451 1662 1873 1719 beatitudinem

222 1755 351 1809 vita
386 1770 500 1809 non
548 1753 892 1818 amiserunt,
929 1753 1030 1808 sed
1085 1752 1280 1824 potius
1323 1750 1742 1822 acquisisrunt.
1787 1752 1872 1804 An

224 1859 340 1898 non
372 1843 579 1897 beatus
607 1840 786 1896 Jacob
818 1840 992 1896 etiam
1041 1857 1176 1896 cum
1223 1839 1472 1912 patriam
1521 1839 1876 1910 relinqueret

224 1931 376 2003 (Gen.
411 1945 608 1995 xxvm,
641 1929 736 1999 5)?
769 1928 889 1984 Imo
920 1927 1090 2000 plane
1121 1928 1348 1996 beatus,
1382 1927 1480 2000 qui
1531 1928 1678 1983 dura
1725 1925 1874 1982 exsi-

224 2019 290 2075 lii
322 2017 598 2090 suscepit,
629 2021 694 2072 ut
742 2016 937 2072 fratris
981 2017 1276 2088 mitigaret
1310 2015 1696 2071 iracundiam.
1727 2015 1872 2071 Nam

224 2109 278 2164 si
309 2108 517 2163 beatus
548 2110 638 2162 est
668 2105 767 2178 qui
793 2108 1094 2176 peccatum
1128 2103 1401 2169 declinat,
1435 2105 1639 2176 utique
1677 2103 1874 2176 negari

226 2198 436 2252 beatus
459 2211 589 2252 esse
619 2210 735 2249 non
768 2197 975 2266 potest,
1010 2193 1111 2264 qui
1143 2192 1383 2249 alterius
1421 2191 1653 2264 culpam
1700 2192 1874 2258 levat,

227 2284 452 2340 crimen
485 2281 706 2339 avertit.
740 2281 1015 2338 Paratum
1047 2281 1244 2352 itaque
1275 2279 1652 2353 parricidium
1702 2280 1874 2336 decli-

228 2373 390 2428 navit
419 2370 622 2428 exsilio
651 2369 998 2437 voluntario,
1038 2385 1218 2440 eoque
1264 2368 1413 2424 facto
1463 2368 1573 2423 sibi
1627 2367 1876 2424 salutem

225 2459 500 2533 quaesivit
559 2459 721 2515 fratri
755 2457 1148 2514 innocentiam
1181 2456 1652 2512 donavit.Merito
1683 2456 1879 2528 itaque

225 2567 362 2606 eum
395 2548 592 2604 divina
624 2546 842 2618 ubique
871 2546 1146 2602 comitata
1175 2549 1264 2602 est
1293 2545 1500 2617 gratia,
1534 2549 1599 2600 ut
1642 2553 1696 2600 et
1743 2562 1878 2600 cum

227 2637 532 2700 dormiret,
571 2636 752 2690 beata;
797 2635 924 2690 vitae
975 2651 1194 2690 munus
1240 2634 1585 2705 acquireret.
1633 2632 1880 2690 Videbat

228 2725 386 2782 enim
419 2725 750 2779 futurorum
785 2723 1084 2795 mysteria,
1117 2728 1174 2777 et
1203 2722 1398 2778 divina
1427 2721 1700 2778 audiebat
1744 2739 1876 2778 ora-

229 2815 361 2870 cula
419 2811 576 2884 (Ibid.
642 2812 850 2881 12-45).
911 2812 1107 2866 Bonus
1165 2810 1227 2866 in
1293 2827 1499 2868 somno
1555 2812 1879 2883 operarius,

230 2907 286 2959 et
315 2904 376 2958 in
408 2903 749 2974 paupertate
781 2900 964 2968 dives,
995 2900 1094 2972 qui
1149 2900 1521 2956 mercenaria;
1568 2899 1697 2955 vitae
1749 2917 1880 2956 mu-

232 3008 369 3048 nere
428 2994 486 3046 et
541 2988 963 3061 patrimonium
1018 2995 1073 3044 et
1132 2988 1472 3061 conjugium
1532 2989 1734 3044 eodem
1774 3006 1880 3061 pa-

230 3081 377 3138 ravit
406 3079 596 3136 ofﬁcio
625 3078 792 3150 (Gen.
836 3095 985 3144 xxix,
1018 3081 1108 3146 22,
1139 3078 1252 3147 29).
1289 3078 1446 3134 Idem
1477 3079 1714 3134 fraterni
1744 3079 1879 3135 affe-

230 3176 359 3227 ctus
389 3165 798 3225 reconciliator
838 3167 1107 3240 egregius
1158 3168 1397 3223 certavit
1443 3168 1787 3224 muneribus
1826 3172 1882 3224 et

229 3257 624 3330 obsequiis,ut
642 3255 1099 3328 indignationem
1126 3272 1361 3310 omnem
1395 3255 1745 3324 excluderet,
1778 3257 1879 3313 do-

229 3345 412 3402 lorem
443 3344 782 3401 offensionis
808 3347 1107 3411 averteret,
1144 3344 1460 3400 ostendens
1493 3360 1554 3399 se
1593 3345 1880 3401 minorem

230 3433 431 3490 exsilio
461 3450 578 3488 non
609 3431 808 3498 fuisse,
843 3432 941 3503 qui
975 3436 1172 3503 posset
1201 3431 1399 3504 largiri
1441 3450 1568 3504 qua:
1619 3449 1731 3488 non
1787 3450 1878 3489 ac-

229 3526 462 3595 ceperat
492 3521 642 3593 (Gen.
675 3539 853 3585 xxx",
889 3521 1102 3591 13-2l).

296 3615 350 3666 2.
385 3610 499 3665 Sed
557 3608 736 3664 nimis
795 3609 866 3664 ad
925 3608 1200 3664 inferiora
1251 3625 1522 3680 propero,
1553 3613 1610 3665 et
1649 3609 1880 3666 utiliora

1892 957 1945 1022 Α
1978 957 2131 1027 quod
2161 957 2346 1013 Deum
2380 959 2591 1014 mentis
2621 960 2859 1015 interna:
2890 961 3073 1016 oculis
3123 962 3463 1029 intueretur,
3498 979 3627 1033 pec-

1983 1044 2094 1099 cati
2127 1045 2451 1112 abstinens,
2484 1063 2518 1101 a
2548 1046 2786 1102 luxuriae
2819 1050 3009 1104 omnis
3054 1050 3331 1106 ebrietate
3374 1051 3629 1117 sobrius,

1983 1137 2048 1186 ut
2077 1133 2226 1188 dura
2257 1133 2522 1190 laborum
2554 1136 2939 1203 absorbuerit,
2975 1138 3074 1191 otii
3107 1155 3310 1193 secura
3362 1139 3630 1211 neglexe-

1983 1221 2098 1275 rit?
2129 1222 2330 1278 Nonne
2373 1221 2611 1294 pulchre
2668 1229 2725 1278 et
2782 1241 2910 1280 vere
2959 1225 3029 1279 de
3078 1226 3184 1280 hoc
3241 1226 3460 1280 dictum
3523 1233 3629 1295 est,

1983 1310 2138 1381 quod
2200 1315 2256 1364 et
2312 1310 2405 1365 hic
2471 1311 2725 1366 fructum
2798 1313 2958 1367 dabit
3035 1314 3088 1366 in
3167 1319 3428 1386 tempore
3503 1332 3630 1380 suo,

1982 1397 2052 1451 de
2101 1414 2214 1468 quo
2265 1399 2550 1471 scriptum
2600 1404 2688 1455 est
2722 1418 2734 1454 :
2765 1424 2790 1448 ‹‹
2845 1401 2986 1456 Ecce
3018 1402 3160 1456 odor
3208 1402 3310 1457 lilii
3361 1404 3471 1459 mei
3505 1408 3631 1458 tan-

1983 1502 2159 1558 quam
2217 1486 2360 1541 odor
2415 1487 2536 1560 agri
2598 1487 2749 1560 pleni
2805 1487 2954 1556 (Gen.
3010 1507 3184 1557 xxvn,
3246 1493 3354 1560 27).
3419 1514 3445 1539 »
3503 1492 3636 1547 Erat

1982 1573 2138 1629 enim
2188 1577 2478 1645 perlectus
2527 1575 2585 1629 in
2637 1577 2795 1630 omni
2847 1577 2983 1632 flore
3043 1579 3343 1647 virtutum,
3377 1585 3433 1635 et
3459 1597 3634 1637 sacrze

1984 1662 2408 1718 benedictionis
2439 1668 2614 1736 atque
2647 1664 2896 1721 cwlestis
2927 1666 3308 1723 beatitudinis
3341 1668 3636 1724 redolebat

1983 1749 2252 1821 gratiam.
2288 1751 2416 1823 Ipse
2446 1757 2534 1808 est
2563 1753 2716 1807 enim
2751 1770 2887 1824 ager
2914 1770 3087 1824 quem
3120 1755 3413 1811 benedixit
3443 1757 3636 1812 Domi-

1985 1854 2094 1892 nus
2129 1854 2141 1892 :
2176 1855 2289 1894 non
2323 1839 2432 1895 iste
2459 1845 2746 1908 terrenus,
2782 1846 2881 1896 aut
2928 1844 3083 1898 460
3131 1842 3409 1900 horridus
3451 1845 3632 1914 silvis,

1983 1930 2087 1982 aut
2116 1925 2384 1999 fragosus
2417 1930 2791 1996 torrentibus,
2826 1934 2928 1984 aut
2967 1931 3246 2000 palustris
3281 1932 3636 2004 pigrioribus

1983 2015 2174 2085 aquis,
2207 2021 2310 2070 aut
2332 2017 2575 2087 jejunus
2610 2017 2941 2084 frumentis,
2975 2024 3076 2074 aut
3123 2020 3350 2078 inutilis
3393 2023 3635 2092 vitibus,

1986 2107 2086 2158 aut
2135 2102 2449 2158 infecunda
2496 2104 2692 2177 glarea
2741 2123 2983 2162 saxosus
3015 2109 3150 2179 (30),
3181 2114 3282 2164 aut
3313 2109 3546 2166 hiulcus
3581 2116 3638 2166 et

1985 2190 2183 2247 aridus
2239 2193 2518 2260 siccitate,
2550 2199 2651 2248 aut
2694 2197 2979 2266 sanguine
3031 2198 3260 2264 madus,
3315 2203 3417 2254 aut
3465 2201 3639 2255 senti-

1988 2279 2097 2334 bus
2131 2280 2386 2337 incultus
2419 2286 2474 2337 et
2503 2282 2692 2354 spinis
2727 2301 2740 2338 :
2773 2284 2874 2338 sed
2902 2283 3001 2340 ille
3032 2302 3192 2358 ager,
3223 2287 3293 2342 de
3342 2305 3456 2359 quo
3497 2288 3638 2344 dicit

1990 2367 2243 2424 Ecclesia
2275 2369 2333 2424 in
2364 2369 2616 2425 Canticis
2651 2371 2968 2441 :«Adjurali
3000 2373 3257 2440 vos,filiaa
3286 2375 3634 2443 Jerusalem,

1987 2456 2046 2511 in
2077 2456 2393 2512 virtutibus
2427 2463 2481 2513 et
2509 2458 2950 2515 fortitudinibus
2981 2462 3103 2530 agri
3134 2465 3321 2533 (Cant.
3358 2482 3418 2532 II,
3451 2465 3637 2533 7).Hic

1990 2562 2244 2616 namque
2274 2550 2362 2601 est
2392 2563 2548 2618 ager,
2583 2548 2654 2601 de
2686 2565 2800 2619 quo
2832 2555 2887 2603 et
2917 2549 3203 2606 Dominus
3229 2553 3312 2606 ait
3345 2554 3477 2608 :«Et
3508 2570 3636 2626 spe-

1988 2634 2104 2689 cies
2135 2635 2256 2703 agri
2291 2651 2517 2689 mecum
2551 2639 2639 2690 est
2669 2638 2836 2705 (Psal.
2873 2654 3022 2705 xLix,
3058 2639 3164 2710 il).
3202 2662 3228 2688 »
3264 2641 3325 2695 In
3359 2641 3467 2696 hoc
3501 2659 3637 2713 agro

1993 2739 2104 2778 uva
2135 2722 2235 2777 illa
2265 2723 2570 2795 reperitur,
2606 2741 2730 2794 qua:
2761 2742 3036 2796 expressa
3083 2728 3431 2799 sanguinem
3469 2731 3636 2798 fudit,

1989 2815 2045 2866 et
2077 2811 2364 2865 mundum
2395 2809 2584 2865 diluit.
2621 2811 2681 2864 In
2738 2811 2845 2866 hoc
2895 2829 3033 2884 agro
3084 2818 3173 2868 est
3203 2814 3347 2868 licus
3399 2814 3498 2870 illa
3529 2818 3638 2871 sub

1989 2916 2105 2970 qua
2137 2899 2322 2955 sancti
2357 2900 2739 2971 requiescent,
2792 2901 3075 2972 spiritalis
3127 2903 3322 2973 gratiae
3355 2904 3641 2960 suavitate

1990 2987 2251 3042 recreati.
2285 2987 2349 3042 In
2382 2987 2490 3042 hoc
2523 3005 2660 3060 agro
2711 2992 2800 3043 est
2829 2989 2977 3044 oliva
3029 2989 3128 3045 illa
3175 2991 3490 3062 fructifera,
3537 2994 3642 3049 Do-

1989 3075 2215 3131 mimicas
2249 3076 2434 3131 ﬂuens
2467 3077 2622 3148 pacis
2657 3081 3043 3148 unguentum.
3079 3079 3139 3133 In
3194 3079 3302 3136 hoc
3351 3098 3488 3153 agro
3539 3082 3638 3136 ﬂo-

1990 3168 2118 3218 rent
2148 3162 2569 3235 malogranata,
2603 3181 2731 3236 quae
2763 3164 3048 3237 plurimos
3101 3168 3327 3223 fructus
3363 3187 3474 3224 uno
3509 3170 3639 3225 fidei

1990 3253 2318 3308 munimine
2340 3256 2560 3324 tegunt,
2593 3257 2648 3308 et
2678 3255 2932 3324 quodam
2965 3255 3156 3310 fovent
3187 3256 3490 3312 charitatis
3522 3276 3641 3312 am-

1993 3341 2184 3414 plexn.

2059 3431 2110 3484 ἁ.
2148 3429 2262 3484 Ilos
2294 3429 2473 3502 igitur
2505 3431 2730 3485 fructus
2762 3430 3058 3487 redolebat
3085 3433 3284 3500 Jacob,
3321 3434 3419 3506 qui
3454 3435 3635 3490 Deum

1988 3534 2092 3590 per
2122 3518 2380 3589 pericula
2411 3519 2785 3590 sequebatur,
2819 3526 2876 3575 et
2906 3525 3099 3575 tutum
3153 3539 3214 3577 se
3271 3524 3400 3593 ejus
3428 3526 3646 3594 ubique

1987 3605 2334 3660 deductione
2383 3606 2676 3662 credebat.
2722 3611 2867 3662 Nam
2919 3607 3054 3664 licet
3103 3609 3292 3664 dulcis
3346 3616 3401 3665 et
3451 3613 3646 3667 suavis

228 3703 589 3764 transcurro,
645 3714 778 3753 cum
839 3697 1002 3769 prius
1061 3696 1455 3752 deﬁniendum
1509 3699 1586 3753 sit
1633 3699 1770 3770 quid
1805 3681 1952 3755 sitC
1991 3696 2134 3752 odor
2180 3694 2255 3748 sit
2298 3693 2443 3766 agri,
2495 3696 2633 3766 quia
2685 3703 2774 3750 est
2827 3697 2971 3752 odor
3022 3704 3242 3753 natura:
3291 3706 3530 3755 :tamen
3588 3702 3644 3755 in

231 3788 460 3844 beatus.
493 3787 785 3857 Scriptum
829 3789 920 3841 est
948 3785 1104 3841 enim
1135 3803 1148 3840 :
1184 3808 1210 3834 (ι
1246 3785 1456 3841 Beatus
1486 3786 1576 3841 vir
1611 3786 1712 3858 qui
1763 3805 1879 3843 non

232 3875 374 3930 abiit
401 3875 462 3930 in
493 3873 737 3930 consilio
768 3872 1245 3945 impiorum,etin
1263 3873 1355 3928 via
1372 3871 1741 3945 peccatorum
1767 3893 1882 3931 non

234 3964 417 4030 stetit,
451 3962 595 4018 etin
648 3961 925 4017 cathedra
975 3960 1316 4032 pestilentiae
1368 3978 1484 4018 non
1528 3963 1681 4018 sedit
1711 3964 1881 4034 (Psat.

233 4068 274 4119 ι,
311 4051 546 4123 l).»Hoc
579 4051 880 4122 Scriptura
909 4049 1436 4122 signiﬁcante,eum
1469 4051 1704 4107 beatum
1735 4069 1884 4120 esse,

233 4141 336 4213 qui
381 4155 444 4196 se
496 4157 530 4196 a
582 4139 938 4211 perfidorum
971 4139 1265 4196 consortio
1296 4141 1640 4211 temperavit
1671 4142 1759 4212 (ea
1798 4146 1887 4197 est

232 4229 388 4284 enim
423 4227 694 4300 impietas
724 4233 1020 4283 auctorem
1050 4228 1179 4284 vita:
1224 4231 1280 4283 et
1328 4232 1627 4300 parentem
1676 4245 1886 4301 quem-

232 4317 369 4374 dam
419 4316 630 4373 salutis
676 4333 788 4372 non
841 4332 1272 4388 recognoscere,
1307 4317 1356 4372 si
1403 4316 1490 4372 vel
1537 4317 1596 4372 in
1648 4323 1882 4390 peccato

231 4405 540 4474 manserit,
572 4404 660 4460 vel
691 4404 749 4459 in
781 4403 1014 4459 luxuria
1044 4409 1217 4476 atque
1267 4404 1498 4461 lascivis
1548 4422 1885 4479 persevera-

228 4495 380 4550 verit
428 4493 562 4565 (29),
602 4493 794 4565 ipsum
841 4510 1073 4566 quoque
1123 4494 1183 4548 in
1231 4493 1357 4566 lege
1399 4495 1629 4550 Domini
1679 4496 1769 4552 die
1819 4513 1886 4552 ac

228 4587 401 4638 nocte
463 4582 839 4638 meditantem
897 4581 1017 4637 fere
1072 4585 1354 4654 tanquam
1426 4582 1656 4656 lignum
1727 4587 1882 4656 quod

227 4670 396 4726 dabit
426 4671 682 4726 fructum
712 4670 773 4725 in
800 4674 1061 4742 tempore
1091 4687 1198 4726 suo
1230 4671 1386 4742 (Ibid.
1421 4675 1452 4727 2
1502 4677 1560 4729 et
1598 4673 1655 4744 3)
1703 4674 1884 4746 Supe-

229 4758 391 4815 riora
420 4758 633 4816 merita
663 4763 802 4814 sunt
829 4757 1344 4831 prtsmiorum,hoc
1373 4761 1716 4817 meritorum
1750 4779 1890 4834 pra-

228 4849 445 4904 mium.

301 4938 359 4992 3.
392 4936 541 5002 Quid
573 4937 783 4992 horum
815 4954 944 5010 quae
999 4937 1071 4993 ad
1120 4937 1465 4993 meritorum
1505 4937 1888 4996 beatitudinis

1993 3788 2195 3840 sancto
2227 3783 2561 3838 Patriarcha
2592 3784 2873 3840 virtutum
2909 3787 3171 3858 spirabat
3214 3790 3420 3860 gratia.
3461 3791 3644 3855 Quam

1993 3871 2297 3927 continens
2329 3875 2452 3926 erat
2483 3873 2970 3944 parcimonia,qui
2996 3875 3188 3930 cibum
3227 3878 3334 3930 sibi
3373 3883 3641 3947 paratum

1994 3978 2109 4015 non
2142 3960 2433 4032 expetivit,
2467 3961 2566 4014 sed
2601 3963 2814 4031 petenti
2859 3963 3018 4016 fratri
3050 3965 3173 4018 sine
3205 3967 3480 4019 dilatione
3512 3982 3644 4021 con-

1993 4048 2192 4116 cessit,
2225 4065 2255 4103 a
2287 4065 2401 4119 quo
2437 4047 2725 4119 primatus
2759 4051 3178 4106 benedictionis
3222 4055 3444 4124 accepit
3493 4055 3644 4126 (Gen.

1993 4155 2119 4204 xxv,
2152 4137 2241 4205 30,
2285 4136 2405 4206 32)!
2458 4136 2642 4198 Quam
2695 4138 2826 4208 pius
2874 4155 3011 4210 erga
3058 4145 3348 4210 parentes,
3385 4147 3448 4195 ut
3499 4159 3647 4213 prae-

1994 4227 2128 4283 ferri
2160 4242 2440 4298 germano
2471 4224 2683 4280 seniori
2736 4231 3000 4281 materno
3049 4229 3259 4282 affectu
3302 4236 3643 4300 mereretur,

1992 4319 2049 4371 et
2078 4319 2328 4387 paternae
2365 4314 2784 4370 benedictionis
2834 4332 3075 4370 munere
3134 4322 3459 4373 sacraretur
3491 4319 3642 4387 (Gen.

1994 4421 2164 4468 xxvn,
2195 4405 2229 4457 8
2259 4409 2314 4458 et
2343 4402 2466 4474 29)!
2502 4403 2686 4467 Quam
2720 4403 3049 4475 religiosus,
3084 4410 3148 4459 ut
3199 4409 3433 4461 fratrem
3485 4424 3645 4465 recu-

1993 4496 2147 4547 saret
2176 4491 2410 4546 laedere!
2452 4491 2634 4554 Quam
2667 4492 3049 4557 verecundus,
3086 4498 3148 4547 ut
3198 4497 3426 4566 patrem
3477 4497 3646 4552 time-

1993 4585 2080 4637 ret
2113 4580 2335 4636 fallere!
2373 4581 2556 4644 Quam
2591 4579 2968 4646 honoriﬁcus,
3004 4587 3066 4636 ut
3099 4584 3267 4637 malri
3307 4601 3418 4639 non
3451 4591 3648 4658 posset

1994 4671 2146 4741 quod
2173 4670 2510 4740 jubebatur,
2545 4671 2782 4740 negare!

1993 4832 2231 4885 Επαιδαί
2282 4833 2539 4904 parentes
2591 4758 2990 4904 begt‘ipggolg.
3029 4835 3076 4886 et
3142 4849 3329 4887 eorum
3397 4834 3646 4904 exemplo

2066 4901 2518 4972 quemadmodum
2582 4901 2696 4972 alii
2758 4910 3009 4972 parentes
3075 4919 3186 4957 sese
3249 4920 3379 4972 erga
3445 4901 3646 4960 liberos

2065 4970 2249 5041 gerere
2276 4971 2525 5036 debeant,
2558 4970 2726 5025 docet.
2759 4970 2890 5026 Tum
2921 4988 3020 5026 cur
3059 4973 3198 5028 idem
3227 4970 3385 5028 Jac—ob
3428 4978 3642 5042 vicerit,

226 5029 522 5117 3999mm,
555 5025 741 5081 demit
771 5030 972 5117 sanet?
1010 5025 1213 5094 δδθοδν
1265 5025 1364 5098 qni
1407 5029 1646 5117 Rufum
1700 5027 1887 5117 αδξιιίι
1915 5049 1962 5113 D
2063 5025 2249 5117 gtiaez'e
2300 5025 2566 5112 mysteria
2615 5043 2767 5097 illius
2819 5025 3643 5117 benedictio.contineat,"ape:

227 5115 303 5171 ab
337 5113 657 5186 impiorum
689 5114 1022 5182 consortiis,
1054 5117 1120 5170 ut
1167 5131 1236 5170 ex
1281 5130 1348 5170 eo
1395 5112 1585 5170 fidelis
1628 5115 1884 5187 populus

226 5219 448 5261 nomen
475 5203 782 5276 acciperet,
817 5201 993 5259 Israel
1039 5201 1230 5259 dictus
1256 5201 1412 5274 (Gen.
1453 5216 1630 5269 xxxn,
1677 5203 1787 5276 28),
1816 5219 1882 5260 eo

306 5345 420 5427 (29)
446 5345 533 5427 I_ta
562 5359 966 5427 mssnomnes,
1001 5342 1116 5427 nisi
1147 5343 1300 5415 quod
1330 5341 1616 5427 voculasi
1645 5343 1809 5427 abest
1850 5360 1884 5399 a

229 5412 610 5488 quibusdam.
645 5415 798 5471 Edit.
830 5431 964 5470 vero
993 5412 1192 5470 clausa
1229 5412 1560 5488 parenthesi
1608 5418 1737 5485 post
1784 5431 1882 5488 vo-_

229 5486 356 5544 cem
421 5502 819 5558 recognoscere,
879 5491 1318 5558 prosequuntur
1378 5486 1486 5540 hoc
1552 5489 1740 5556 pacto,
1798 5486 1883 5542 vel

229 5561 305 5692 in:
333 5565 557 5636 peccato
605 5574 721 5618 non
763 5561 1050 5631 manserit,
1100 5558 1299 5619 νειμ...
1351 5571 1462 5618 non
1505 5571 1880 5636 perseverave-

2067 5115 2160 5167 rit.

2065 5203 2117 5256 5.
2152 5200 2264 5255 Sed
2297 5216 2400 5254 nec
2430 5206 2701 5270 parentes
2729 5200 2897 5256 nobis
2930 5201 3252 5259 inexcusati
3279 5203 3644 5275 relinquendi

2067 5342 2178 5415 (30)
2211 5340 2351 5415 Mss.
2384 5339 2625 5415 aliquot,
2667 5345 2760 5395 aut
2809 5343 3138 5413 infecundus
3189 5347 3377 5415 glarea
3425 5363 3641 5414 saxosa,

1996 5410 2092 5468 aut
2121 5410 2378 5487 incultus,
2410 5415 2517 5465 etc.
2555 5410 2714 5487 Unus
2744 5417 2839 5465 aut
2870 5410 3206 5482 in/ecundus’
3225 5419 3446 5487 glareis,
3476 5410 3643 5473 saon

1997 5501 2108 5562 sas,
2140 5481 2718 5562 etc.0mne_s,.autem
2748 5489 2879 5553 post
2909 5481 3102 5562 vocem
3134 5481 3641 5562 inicaltus,addunt,

2001 5560 2053 5617 et
2079 5555 2275 5625 spinis,
2310 5553 2464 5630 quod
2497 5551 2558 5612 in
2587 5551 2725 5610 edit.
2750 5551 2876 5610 non
2909 5553 3232 5630 legebatur.
