3830 6206
143 338 246 402 ω

1094 330 1198 390 DE
1238 329 1476 391 JACOB
1521 327 1626 390 ET
1668 328 1858 390 VITA'
1895 329 2156 392 BEATA
2203 331 2351 393 LIB.
2398 331 2475 394 II.

3371 321 3492 393 650

143 464 516 538 quiaadiehus
571 461 814 517 Joannis
855 477 1100 533 regnum
1146 461 1421 516 cmlorum
1480 462 1725 533 cogitur,
1756 463 1809 526 Α
1841 462 2075 517 rabunt.
2102 464 2248 528 Quid
2304 462 2686 519 fenerabunt?
2730 463 2854 517 Non
2901 463 3101 535 utique
3149 463 3484 535 pecuniam,

139 560 184 610 et
228 555 468 625 cogentes
514 550 799 622 diripiunt
854 549 1021 606 illud.
1097 550 1458 605 Festinantes
1533 554 1728 605 autem

139 645 295 715 patres
321 639 524 712 pascha
575 638 966 704 celebrabant,
1020 637 1119 709 qui
1169 638 1512 694 festinantes
1563 654 1727 693 man-

135 729 381 788 ducaban-t
423 743 657 798 agnum,
721 743 837 782 non
889 727 1296 782 demorantes:
1360 730 1418 781 et
1489 725 1726 782 fratrem

136 816 381 888 Beniamin
423 818 659 871 sanctus
713 815 930 886 Joseph
988 814 1095 886 pia:
1153 819 1486 870 commento
1564 815 1726 870 trau-

131 906 199 961 dis
245 904 522 962 accersivit
573 907 631 960 et
683 904 875 960 tenuit
953 902 1105 973 (Gen.
1183 920 1317 969 xui,
1388 905 1492 969 20;
1579 921 1724 971 xuv,

132 993 215 1063 ιτ).

183 1082 251 1136 11.
305 1081 368 1143 Et
412 1079 532 1150 ipse
588 1083 783 1140 tamen
839 1084 904 1135 ut
974 1081 1413 1136 benediceretur
1469 1080 1726 1152 cogendo

126 1168 281 1224 elicuit
315 1171 364 1223 et
393 1167 726 1239 impetravit
756 1169 907 1239 (Gen.
941 1186 1114 1235 xxvu,
1149 1169 1237 1235 38,
1271 1170 1361 1239 39)
1390 1186 1401 1223 :
1451 1169 1552 1224 sed
1596 1184 1726 1223 eam

125 1255 556 1323 benedictionem,
591 1273 718 1328 qua:
759 1274 892 1314 cum
928 1258 1226 1329 superiore
1280 1261 1625 1329 congrueret
1672 1260 1728 1311 et

127 1345 424 1411 conveniret,
483 1351 546 1400 ut
601 1347 848 1404 serviret
901 1346 1068 1401 fratri
1129 1364 1255 1402 suo.
1316 1345 1544 1400 Etenim
1627 1345 1725 1416 qui

126 1434 364 1510 imperare
394 1450 506 1487 non
562 1436 794 1504 poterat
832 1437 892 1488 et
938 1434 1186 1488 alterum
1249 1449 1464 1505 regere,
1512 1433 1725 1488 servire

123 1520 344 1589 debebat,
376 1525 499 1575 uta
533 1521 906 1592 prudentiore
954 1527 1270 1599 regeretur.
1323 1521 1521 1593 Neque
1567 1519 1723 1575 enim

121 1607 205 1662 fuit
249 1608 576 1672 Patriarcha:
637 1610 843 1678 sancti,
872 1613 936 1664 ut
986 1609 1173 1664 filium
1231 1627 1405 1665 suum
1453 1609 1723 1681 degeneri

119 1697 389 1753 conditioni
423 1699 724 1758 servitutis
753 1699 1076 1756 addiceret:
1112 1699 1213 1754 sed
1264 1702 1330 1754 ut
1381 1698 1571 1753 bonus
1619 1714 1722 1769 pa-

1842 551 1943 605 sed
1976 551 2345 623 sapientiam,
2378 551 2532 606 sicut
2562 555 2619 606 et
2648 549 2737 606 lex
2761 551 2932 606 dicit:
2969 572 2997 600 «
3031 551 3339 607 Fenerabis
3356 567 3492 624 gen-

1838 639 1998 695 tibus
2071 639 2308 696 multis:
2361 644 2424 693 tu
2483 643 2676 695 autem
2711 642 2983 694 mutuum
3040 655 3156 694 non
3237 638 3489 710 accipies

1839 729 2021 797 (Deut.
2055 745 2148 794 xv,
2175 730 2248 795 6).
2291 751 2319 778 ››
2351 728 2652 784 Feneravit
2697 727 2854 783 enim
2902 726 3140 783 Judaaus
3199 726 3488 799 proselyto

1839 814 2044 870 divinae
2079 815 2222 888 legis
2243 816 2499 871 oracula.
2532 817 2640 871 Sed
2677 815 2813 887 quia
2841 815 2965 886 ipse
3021 815 3166 888 legis
3208 815 3488 888 mysteria

1836 904 2030 958 videre
2064 921 2178 959 non
2225 905 2434 976 potuit,
2483 910 2539 959 et
2595 921 2721 974 quas
2772 904 3026 960 habebat
3072 904 3314 961 nescivit
3358 921 3487 961 ora-

1838 991 1990 1058 cula,
2024 992 2122 1063 qui
2156 991 2408 1048 litteram
2436 992 2737 1048 fenerabat
2761 992 3055 1064 gentibus,
3090 1009 3242 1049 nunc
3288 993 3360 1048 ab
3392 992 3486 1048 his

1839 1080 2207 1151 spiritalibus
2246 1081 2522 1136 doctrinae
2552 1079 2799 1152 gratiam
2855 1084 3191 1136 mutuatur:
3245 1080 3485 1136 merito-

1837 1185 1950 1238 que
1972 1169 2273 1239 subjectus
2303 1174 2393 1226 est.
2421 1169 2718 1225 servituti:
2772 1170 3050 1239 quoniam
3099 1169 3200 1240 qui
3253 1173 3487 1225 mutua-

1835 1262 1931 1310 tur
1956 1273 2158 1312 sorvus
2187 1263 2277 1313 est
2303 1261 2484 1325 (Prov.
2528 1275 2662 1325 xxu,
2721 1258 2795 1327 7),
2847 1258 3014 1329 quasi
3075 1258 3344 1314 addictus
3401 1258 3482 1314 fe-

1838 1345 1962 1398 nori
2015 1345 2351 1399 creditoris:
2414 1347 2512 1416 qui
2569 1349 2763 1400 autem
2813 1346 2918 1416 piai
2973 1346 3247 1400 doctrinae
3319 1347 3486 1408 fenus
3588 1349 3591 1352 ’

1834 1432 2114 1504 impartit,
2153 1433 2201 1488 is
2233 1437 2320 1488 est
2348 1433 2636 1504 princeps,
2688 1433 2838 1488 sicut
2889 1432 2980 1488 lex
3029 1434 3198 1488 dicit:
3235 1457 3262 1483 «
3320 1434 3483 1490 Prin-

1835 1537 1970 1591 ceps
1997 1521 2109 1576 eris
2139 1520 2403 1592 gentium
2434 1521 2787 1576 multarum:
2823 1521 2928 1575 tibi
2965 1525 3158 1576 autem
3190 1522 3484 1593 principes

1834 1609 2064 1680 exipsis
2097 1626 2211 1664 non
2243 1613 2413 1665 erunt
2443 1610 2630 1680 (Deut.
2663 1627 2754 1677 xv,
2805 1611 2880 1677 6).
2911 1633 2937 1657 ››
2997 1609 3272 1681 Princeps
3324 1610 3482 1666 enim

1833 1701 1921 1751 est
1951 1696 2049 1768 qui
2081 1699 2245 1769 regit,
2273 1698 2372 1769 qui
2405 1704 2462 1752 et
2511 1697 2687 1753 habet
2733 1698 3030 1770 patientia:
3065 1698 3480 1770 principatum,

118 1789 199 1850 ter,
224 1801 345 1852 cum
375 1786 523 1841 duos
573 1786 814 1844 haberet
862 1786 1038 1850 filios,
1090 1803 1272 1841 unum
1327 1786 1720 1856 intemperan-
1750 1823 1796 1886 Β
1833 1802 2007 1857 quem
2055 1785 2261 1840 habuit
2317 1786 2571 1858 populus
2626 1787 2984 1842 Judzeorum.
3040 1786 3149 1842 Sed
3201 1787 3480 1858 quoniam

115 1877 222 1940 tem,
253 1875 588 1944 prudentem
617 1879 674 1929 et
703 1875 964 1931 sobrium
999 1874 1270 1939 alterum,
1330 1891 1444 1945 quo
1484 1874 1716 1944 utrique

111 1961 409 2026 consuleret,
439 1963 856 2034 intemperanti
898 1963 1152 2034 prafecit
1191 1963 1479 2028 sobrium,
1523 1966 1580 2017 et
1626 1962 1714 2017 in-

111 2046 374 2119 sipientem
405 2051 680 2122 prudenti
706 2051 910 2106 statuit
940 2051 1208 2108 obedire:
1241 2050 1381 2122 quia
1432 2050 1714 2121 insipiens

108 2151 199 2190 non
220 2142 395 2210 potest
413 2137 787 2194 voluntarius
820 2139 1051 2194 virtutis
1079 2155 1207 2194 esse
1238 2137 1586 2209 discipulus,
1611 2153 1715 2193 nec

107 2239 428 2294 perseverare
457 2227 523 2281 in
553 2226 768 2291 studio,
801 2225 939 2297 quia
969 2226 1187 2282 stultus
1219 2226 1371 2281 sicut
1401 2226 1541 2281 luna
1584 2243 1711 2280 mu-

109 2315 247 2376 tatur,
296 2316 623 2387 meritoque
682 2316 732 2371 ei
800 2315 1129 2371 libertatem
1206 2315 1421 2386 proprii
1484 2315 1714 2387 negavit

105 2400 307 2468 arbitrii,
339 2421 407 2458 ne
436 2403 598 2460 velut
631 2403 794 2459 navis
825 2404 881 2457 in
925 2403 1200 2464 ﬂuctibus
1249 2404 1375 2460 sine
1422 2403 1710 2474 guberna-

105 2489 197 2546 tore
225 2489 495 2548 fluitaret:
533 2492 634 2548 sed
669 2492 934 2548 subdidit
965 2508 1099 2547 eum
1151 2491 1336 2558 fratri,
1387 2491 1708 2546 secundum

103 2577 223 2645 quod
275 2580 560 2652 scriptum
619 2586 736 2636 est:
779 2600 800 2627 «
877 2579 1066 2636 Servit
1141 2580 1296 2635 enim
1370 2580 1710 2650 imprudens

102 2666 332 2732 prudenti
361 2673 552 2739 (Prov.
585 2685 662 2734 x1,
695 2669 865 2737 29).»
928 2669 1097 2723 Recte
1146 2684 1282 2739 ergo
1330 2683 1464 2722 eum
1514 2667 1711 2722 subdi-

99 2751 182 2816 dit,
207 2758 264 2810 ut
291 2757 546 2828 regentis
579 2757 826 2828 imperio
859 2773 1034 2816 suum
1067 2756 1396 2812 melioraret
1436 2756 1707 2811 affectum

97 2840 202 2896 Ideo
229 2843 335 2900 ait:
377 2869 395 2895 α
425 2846 621 2916 Super
649 2844 907 2917 gladium
941 2850 1108 2902 tuum
1157 2846 1332 2908 vives,
1393 2849 1450 2900 et
1493 2844 1710 2900 servies

97 2925 226 2984 fratri
251 2936 346 2987 tuo
367 2933 505 3000 (Gen
536 2949 712 3000 xxvu,
745 2934 856 3003 40).
893 2955 921 2980 ››
956 2934 1199 2988 Domina
1229 2933 1381 2988 enim
1415 2937 1505 2987 est
1527 2931 1710 3004 pietas

93 3017 436 3090 crudelitatis,
489 3027 550 3078 et
608 3022 998 3078 mansuetudo
1059 3019 1221 3076 duris
1266 3021 1524 3079 motibus
1572 3036 1710 3090 prte-

95 3109 186 3159 stat
209 3108 332 3179 (34).

147 3193 220 3249 l2.
272 3199 451 3255 Servit
515 3198 710 3255 omnis
767 3199 866 3270 qui
920 3199 1322 3254 auctoritatem
1377 3214 1534 3269 pura)
1585 3213 1700 3252 non
1732 3180 1774 3247 C

98 3282 221 3383 46.3
255 3285 463 3383 ,δδδῗῖ
519 3285 914 3383 conﬁci???
946 3287 1151 3383 __se"it_
1207 3285 1549 3383 qliiéunque.
1615 3283 1704 3342 vel
1813 3315 1994 3369 Fratri
2045 3330 2226 3369 necem
2272 3315 2565 3367 minitatur
2609 3315 2773 3379 Esau,
2819 3329 2928 3383 qua
2982 3314 3260 3366 occasione

96 3375 222 3427 metu
250 3373 560 3448 frangitur,
589 3375 677 3434 vel
717 3374 1095 3436 delectatione
1137 3375 1417 3438 irretitur,
1466 3373 1553 3430 vel
1603 3390 1703 3429 cu-

95 3457 401 3528 dipitatibus
433 3463 696 3532 ducitur,
727 3463 813 3518 vel
871 3463 1276 3534 indignatione
1305 3467 1702 3534 exasperatur,

91 3545 156 3601 vel
182 3564 413 3608 maerore
447 3551 746 3624 dejicitur.
782 3550 1019 3607 Servilis
1051 3551 1206 3608 enim
1239 3554 1328 3608 est
1356 3551 1548 3608 omnis
1570 3567 1706 3622 pas-

90 3633 184 3689 sio:
245 3641 525 3710 quoniam
585 3641 681 3713 qui
741 3640 880 3695 facit
958 3644 1278 3711 peccatum,
1350 3656 1551 3696 servus
1620 3643 1709 3695 est

91 3726 299 3793 peccati,
328 3733 384 3784 et
415 3730 578 3802 quod
611 3731 778 3801 pejus
799 3734 918 3796 est,
961 3728 1282 3783 multorum
1337 3745 1539 3783 servus
1588 3734 1704 3784 est:

90 3813 166 3879 Qui
194 3816 486 3887 subjectus
520 3822 612 3874 est
640 3818 817 3886 vitiis,
854 3816 1055 3873 multis
1079 3832 1141 3872 se
1173 3816 1426 3872 dominis
1465 3815 1706 3881 addixit,

93 3903 141 3950 ut
180 3906 399 3962 servitio
458 3907 514 3963 ei
575 3905 729 3962 exire
786 3906 877 3964 vix
925 3905 1112 3960 liceat.
1144 3907 1217 3960 At
1275 3920 1406 3966 vero
1457 3904 1553 3960 ille
1610 3905 1709 3975 qui

89 3985 370 4050 Voluptatis
411 4011 538 4061 suae
586 3993 801 4048 arbiter
849 3997 959 4059 est,
1003 3993 1179 4061 iudex
1236 3990 1484 4058 consilii,
1532 3990 1708 4048 inter-

91 4089 198 4142 pres
243 4081 488 4149 arbitrii,
556 4082 656 4155 qui
702 4086 928 4138 coercet
981 4097 1266 4152 corporem
1318 4079 1712 4151 appetentiam

94 4167 373 4237 passionis,
402 4174 506 4245 qui
544 4188 612 4226 ea
640 4188 767 4243 quae
798 4171 939 4242 agit,
974 4171 1118 4228 bene
1151 4169 1290 4241 agit,
1324 4169 1469 4224 bene
1517 4172 1712 4223 autem

91 4268 238 4324 agens
267 4266 418 4316 recte
453 4260 597 4332 agit,
635 4263 692 4315 et
745 4260 844 4330 qui
896 4262 1049 4314 recte
1105 4257 1245 4329 agit,
1307 4255 1606 4327 inculpate
1663 4259 1719 4310 et

91 4339 659 4417 irreprehensibiliter
704 4347 844 4420 agit,
897 4346 1120 4401 habens
1163 4362 1405 4401 suorum
1481 4349 1716 4400 actuum

94 4436 406 4497 potestatem
435 4456 447 4493 :
493 4439 549 4492 is
582 4436 837 4511 profecto
868 4435 1014 4490 liber
1042 4439 1147 4490 est.
1181 4435 1323 4489 Nam
1366 4433 1465 4504 qui
1525 4432 1723 4488 omnia

1829 1875 1981 1945 quod
2012 1875 2272 1941 docebat,
2327 1891 2556 1930 servare
2606 1892 2719 1929 non
2771 1875 2978 1947 potuit,
3030 1875 3203 1930 debet
3251 1875 3474 1932 discere

1827 1963 1982 2034 quod
2016 1963 2220 2017 docere
2242 1963 2503 2018 nescivit.

1900 2052 1985 2105 13.
2018 2051 2135 2105 Hoc
2165 2055 2254 2106 est
2309 2052 2488 2123 igitur
2545 2053 2698 2122 quod
2754 2053 2835 2108 ait
2891 2052 3223 2124 patriarcha
3281 2053 3476 2108 Isaac:

1826 2162 1851 2186 ‹‹
1887 2138 2112 2193 Servies
2144 2139 2307 2193 fratri
2376 2144 2494 2194 tuo.
2547 2139 2667 2193 Erit
2709 2145 2903 2195 autem
2953 2157 3086 2195 cum
3141 2139 3480 2213 deposueris

1824 2233 1880 2281 et
1922 2226 2162 2282 solveris
2203 2227 2414 2298 jugum
2469 2227 2628 2283 illius
2661 2245 2694 2282 a
2744 2227 2890 2282 collo
2951 2233 3049 2283 tuo
3099 2228 3252 2297 (Gen.
3304 2245 3476 2294 xxv",

1788 2383 1792 2387 Α
1822 2316 1932 2385 li0),
1971 2337 1996 2361 »
2025 2313 2365 2386 signiﬁcans
2396 2316 2543 2370 duos
2575 2316 2802 2370 futuros
2830 2314 3097 2388 populos,
3133 2332 3319 2370 unum
3367 2333 3474 2371 an-

1823 2402 1966 2456 cillae
1999 2403 2206 2468 filium,
2255 2403 2505 2458 alterum
2565 2404 2759 2459 liberie
2818 2404 3020 2474 (servit
3059 2403 3217 2458 enim
3261 2402 3472 2472 littera,

1822 2489 2007 2546 libera
2032 2497 2121 2546 est
2152 2491 2381 2562 gratia),
2417 2508 2668 2563 eumque
2700 2492 2979 2563 populum
3013 2491 3110 2562 qui
3143 2491 3346 2546 litterae
3383 2492 3473 2560 in-

1824 2581 2025 2644 tendit,
2075 2580 2280 2634 tandiu
2341 2596 2570 2634 servum
2629 2582 2768 2645 fore,
2847 2579 3111 2651 quandiu
3193 2579 3475 2651 spiritalis

1820 2668 2096 2723 doctrinae
2130 2673 2412 2739 sequatur
2440 2668 2839 2740 interpretem.
2875 2669 3038 2722 Tunc
3069 2683 3301 2738 quoque
3321 2666 3470 2722 illud

1821 2759 2082 2811 futurum
2135 2762 2244 2827 est,
2299 2759 2448 2829 quod
2512 2756 2827 2828 Apostolus
2861 2756 2976 2824 ait;
3013 2778 3039 2805 ‹‹
3091 2757 3164 2811 Ut
3211 2755 3472 2827 reliquiae

1820 2845 1988 2900 salvae
2023 2846 2165 2900 fiant
2196 2846 2518 2901 secundum
2551 2845 2896 2901 electionem
2955 2845 3151 2918 gratia:
3181 2847 3352 2914 (Rom.
3390 2860 3469 2914 Ix,

1817 2936 1928 3004 27).
1966 2956 1994 2983 ››
2025 2934 2252 2989 Servies
2280 2949 2418 3005 ergo
2453 2934 2617 2989 fratri
2647 2939 2746 2989 tuo
2767 2951 2788 2988 ε’
2816 2934 2916 2989 sed
2947 2938 3086 2989 tunc
3100 2933 3318 2990 senties
3351 2947 3469 2990 ser-

1815 3022 2020 3077 vitutis
2052 3023 2400 3094 profectum,
2434 3039 2565 3077 cum
2615 3022 2980 3078 voluntarius
3029 3022 3224 3094 potius
3279 3037 3464 3093 quam

1818 3114 2052 3165 coactus
2082 3110 2318 3165 obedire
2349 3109 2589 3182 cceperis
2619 3110 2782 3164 tratri
2813 3111 2946 3181 (35).

2451 3225 2685 3280 CAPUT
2727 3225 2817 3280 IV.

3325 3313 3449 3382 pla-

1883 3385 2076 3440 candae
2131 3384 2361 3441 invidia:
2412 3388 2690 3455 praecepta
2743 3381 3148 3454 proponuntur.
3232 3381 3336 3436 Adi
3359 3383 3462 3437 La-

1887 3457 2086 3511 banum
2111 3458 2384 3526 profectus
2438 3456 2600 3510 Jacob
2630 3457 2687 3508 in
2737 3457 2830 3510 via
2874 3455 3197 3522 angelorum
3249 3469 3463 3509 recrea-

1887 3531 1972 3582 tus
2003 3529 2367 3598 apparitione,
2400 3543 2464 3581 ac
2490 3528 2675 3598 postea
2708 3527 2858 3581 bonis
2890 3526 3282 3596 ampliﬁcatur.

1896 3643 1974 3696 14.
2010 3641 2292 3696 Hincorta
2317 3639 2662 3706 estinvidia,
2693 3645 2751 3696 et
2765 3641 3100 3696 minabatur
3129 3641 3279 3694 Esau
3304 3640 3461 3712 quod

1819 3735 1951 3802 post
1979 3731 2203 3785 obitum
2262 3730 2444 3800 patris
2505 3729 2743 3784 fratrem
2789 3729 3099 3785 occideret.
3155 3729 3266 3784 Sed
3298 3728 3348 3784 si
3405 3727 3465 3782 id

1818 3819 2094 3874 acciderit
2128 3819 2262 3886 (36),
2296 3817 2592 3872 discamus
2632 3835 2664 3872 a
2697 3818 2953 3873 Rebecca
2981 3819 3137 3872 .164
3185 3817 3470 3888 quemad-

1821 3906 2061 3962 modum
2093 3907 2516 3978 providendum
2562 3907 2655 3972 sit,
2718 3923 2790 3961 ne
2838 3906 3057 3960 invidia
3104 3904 3470 3959 iracundiam

1822 3995 2048 4058 excitet,
2100 3992 2403 4049 iracundia
2447 3994 2504 4048 in
2559 3994 2934 4065 parricidium
2971 3997 3235 4063 proruat.
3266 3992 3476 4047 Veniat

1825 4083 2100 4148 Rebecca,
2135 4082 2243 4136 hoc
2276 4086 2382 4146 est,
2433 4083 2745 4136 inducatur
2801 4081 3097 4152 patientia,
3158 4081 3312 4136 bona
3367 4097 3473 4136 cu-

1825 4176 1946 4228 stos
2002 4170 2364 4237 innocentize,
2400 4170 2641 4225 suadeat
2694 4174 2758 4224 ut
2807 4169 2902 4224 ira:
2967 4169 3159 4224 locum
3233 4170 3468 4224 demus.

1826 4260 2227 4314 Concedamus
2260 4257 2455 4328 aliquo
2487 4257 2740 4329 longius,
2775 4258 2957 4313 donec
3011 4262 3272 4328 tempore
3321 4257 3477 4312 indi-

1828 4347 2027 4420 gnatio
2059 4346 2373 4410 molliatur,
2408 4346 2746 4401 offensionis
2803 4346 3044 4418 obrepat
3090 4345 3320 4402 oblivio.
3365 4345 3478 4399 Ita-

1831 4453 1945 4508 que
1977 4434 2232 4507 patentia
2264 4451 2368 4490 nec
2398 4434 2664 4489 exsilium
2698 4435 3058 4502 reformidat,
3093 4436 3194 4490 sed
3232 4434 3483 4508 impigre

95 4522 382 4610 prudenter
414 4527 561 4600 agit,
617 4530 675 4580 et
718 4524 800 4579 ita
834 4523 974 4578 vivit
1016 4527 1078 4577 ut
1123 4523 1265 4590 vult,
1316 4523 1364 4577 is
1413 4522 1576 4578 solus
1633 4526 1722 4578 est
1756 4546 1801 4610 Β
1832 4523 2113 4595 suscipit:
2151 4539 2264 4577 non
2297 4529 2415 4578 tam
2450 4528 2513 4578 ut
2542 4523 2864 4595 periculum
2902 4523 3130 4593 salutis,
3189 4540 3369 4596 quam
3423 4525 3487 4578 ut

93 4603 234 4664 liber.
288 4614 413 4670 Non
478 4614 738 4670 conditio
792 4612 1035 4670 fortuita
1100 4627 1332 4666 servum
1389 4610 1544 4678 facit,
1623 4611 1720 4668 sed

93 4697 350 4764 probrosa
405 4701 775 4774 insipientia.
832 4701 1096 4771 Denique
1154 4699 1411 4754 famulus
1470 4700 1730 4771 prudens

94 4786 220 4855 regit
244 4789 521 4847 dominos
553 4789 787 4858 stultos,
823 4794 879 4845 et
908 4788 1076 4861 periti
1109 4788 1255 4842 servi
1289 4787 1543 4843 dominis
1569 4788 1730 4842 fene-

95 4909 244 4987 mpdo
302 4919 503 4970 autem
566 4931 670 4987 pro
710 4912 899 4987 ~omni
959 4911 1184 4968 fallacia
1232 4915 1288 4967 et
1363 4911 1733 4987 simulatione

93 4979 152 5056 a_d
209 4979 619 5057 decipiendum
708 4985 1036 5057 instructa:
1088 4988 1144 5038 et
1211 4987 1348 5057 tunc
1421 4984 1552 5057 fere
1615 4999 1732 5039 non

95 5052 426 5123 simpliciter
507 5059 666 5112 dolus
747 5056 848 5111 sed
921 5055 1076 5110 dolus
1148 5055 1325 5109 malus
1411 5055 1730 5112 dicebatur.

96 5119 241 5180 Hunc
295 5130 447 5198 teste
509 5129 801 5192 Cicerone,
865 5125 966 5180 lib.
1028 5142 1093 5198 tu
1149 5124 1249 5198 de,
1310 5125 1494 5198 0,770.,
1567 5126 1733 5180 item-

97 5207 309 5268 queui
368 5197 435 5254 de
492 5200 618 5255 Nat.
678 5197 828 5255 deor.
887 5195 1736 5268 Aquiliushdeﬁniebat,picum

93 5263 231 5320 aliud
259 5270 331 5322 sit
357 5271 717 5338 simulatum,
750 5269 906 5324 aliud
928 5263 1132 5334 actum.
1164 5266 1212 5339 Υ
1219 5267 1311 5322 ide
1343 5267 1518 5322 etiam
1547 5267 1736 5339 Ulpia-
1785 5267 1794 5278 “

95 5339 493 5412 nu‘m‘DeiDolo
520 5333 838 5412 malo,lege
869 5339 1060 5412 prima
1088 5337 1197 5412 sub
1229 5339 1483 5393 initium.

157 5358 222 5391 im
250 5358 324 5394 ue
354 5358 493 5395 uoto
520 5358 684 5408 maio,
713 5358 764 5396 ie
807 5358 838 5396 e
869 5358 1060 5412 prima
1088 5358 1197 5394 suo
1229 5358 1483 5393 initium.

157 5407 260 5480 (ξλι)
319 5411 496 5466 Rom.
546 5413 710 5480 edit.,
763 5358 924 5466 ἔπνεις
977 5410 1222 5464 moribus
1270 5418 1510 5480 praestat.
1575 5409 1737 5464 Haud

96 5475 268 5535 male:
305 5483 409 5548 sed
445 5499 562 5538 non
596 5475 724 5539 ideo
759 5481 830 5539 ab
863 5481 1133 5549 aliarum,
1168 5487 1223 5536 et
1270 5475 1418 5536 hiss.
1474 5481 1737 5536 omnium

97 5551 481 5624 recedendum
513 5553 780 5620 lectione,
816 5569 947 5610 cum
982 5559 1040 5609 et
1071 5552 1197 5624 ipsa
1245 5551 1397 5624 bona
1447 5551 1540 5607 sit.
1593 5553 1742 5614 Sunt

99 5620 242 5678 enim
267 5623 400 5681 duri
428 5629 607 5682 motus
639 5626 816 5696 idem,
852 5640 915 5682 ac
946 5620 1110 5680 durai
1162 5623 1486 5700 passiones,
1534 5627 1597 5683 ut
1644 5639 1740 5682 vo-

412 5750 676 5821 Ριιιιοι..
723 5751 883 5822 XIV.

1836 4612 2192 4669 incentivum
2226 4612 2460 4668 sceleris
2493 4612 2831 4668 declinatur.
2879 4612 3062 4668 Mater
3105 4629 3340 4684 quoque
3391 4611 3489 4683 pia

1840 4703 2042 4757 abesse
2067 4701 2177 4756 sibi
2229 4701 2678 4756 dilectissimum
2728 4702 2914 4756 filium
2965 4701 3188 4769 tolerat,
3241 4701 3375 4774 plus
3435 4699 3487 4754 ei

1843 4789 2122 4845 collatura
2152 4805 2326 4860 quem
2356 4788 2532 4844 laesit:
2568 4791 2800 4862 utrique
2831 4795 3022 4845 tamen
3055 4790 3387 4855 consulens,
3424 4791 3490 4843 ut

1843 4916 1977 4970 cant
2005 4912 2358 4984 philosophi.

1918 4983 2032 5054 (35)
2064 4983 2200 5038 Post
2236 4983 2433 5037 vocem
2493 4986 2663 5054 fratri
2704 4985 2867 5038 addit
2922 4985 3088 5038 Rom.
3146 4983 3308 5048 edit.,
3363 4983 3494 5038 Ecce

1846 5053 1990 5110 Esau
2051 5058 2228 5124 frater
2281 5057 2407 5108 tuus
2456 5056 2746 5109 minitatur
2796 5055 2894 5108 tibi
2955 5053 3191 5109 occidere
3235 5055 3306 5116 te,
3350 5069 3500 5124 nunc

1848 5141 1992 5195 ergo,
2029 5123 2138 5178 etc.
2172 5124 2388 5178 Deinde
2419 5130 2594 5194 caput
2621 5125 2857 5178 tertium
2888 5126 3189 5179 continuat
3219 5140 3404 5194 usque
3423 5123 3498 5179 ad

1849 5197 1969 5252 haec
2001 5197 2199 5259 verba,
2231 5197 2418 5249 omnia
2448 5197 2568 5266 sine
2597 5195 2803 5266 defectu
2830 5197 3131 5266 ministrat.

1924 5267 2034 5338 (36)
2065 5267 2151 5320 Ita
2181 5283 2324 5338 mss.
2361 5265 2742 5338 quiinque.‘ac
2772 5265 2909 5338 edit.
2960 5268 3090 5320 Arn.
3112 5268 3315 5338 ﬁatque
3363 5265 3496 5338 Era.

1851 5336 1986 5392 Mss.
2020 5336 2220 5391 autem
2282 5337 2506 5407 Remig.
2541 5341 2597 5391 et
2641 5336 2856 5407 Theod.
2918 5353 3048 5391 cum
3111 5337 3276 5391 Rom.
3335 5336 3498 5403 edit.,

1849 5409 1956 5466 .Sed
1986 5425 2055 5463 ne
2105 5408 2160 5463 id
2217 5406 2511 5474 accideret;
2562 5407 2699 5461 edit.
2756 5406 2912 5471 Gill.,
2946 5407 3220 5463 acciderit.
3282 5409 3498 5463 Iterum

1854 5481 1963 5536 hoc
1995 5481 2121 5550 ipso
2150 5477 2431 5550 locoLubi
2482 5477 2621 5532 edit.
2654 5485 2786 5532 Am.
2825 5496 2888 5532 ac
2936 5480 3090 5547 Era.,
3139 5480 3405 5550 dicamus
3430 5479 3501 5537 ad

1858 5548 2183 5629 Rebeccam;
2216 5548 2347 5604 Gill.
2382 5565 2448 5629 a_c
2477 5549 2635 5629 ltom.
2691 5566 2825 5607 cum
2873 5566 3016 5608 mss.
3071 5551 3348 5610 omnibus
3395 5549 3500 5629 ha:

1857 5623 2016 5694 bent,
2049 5623 2319 5683 discamus
2343 5637 2378 5681 a
2395 5621 2646 5682 Rebecca.

3100 5748 3183 5838 ει
