3830 6206
54 352 137 421 653

54 492 239 557 Magnus
263 484 352 550 vir,
381 486 434 538 et
460 497 589 539 vere
612 482 836 550 beatus,
872 481 971 555 qui
1002 481 1147 539 nihil
1191 482 1378 555 potuit.
1420 498 1592 537 suum
1625 482 1679 548 Α

55 579 270 641 amittere,
299 570 429 627 nihil
459 570 715 627 alienum
746 571 980 637 habere,
1020 571 1129 627 hoc
1160 576 1266 637 est,
1311 569 1453 625 nihil
1486 569 1599 624 mi-

50 682 131 723 nus
160 663 353 727 habere,
384 659 526 715 nihil
556 659 1153 732 superﬂuum.ltaque
1183 659 1278 716 ille
1307 658 1599 732 perfectus

49 759 126 818 est,
150 750 220 807 cui
248 747 376 805 nihil
408 748 612 804 deest:
673 749 898 819 justus,
957 749 1051 804 cui
1104 747 1250 803 nihil
1310 750 1597 819 superest.

50 842 132 898 Hoc
153 838 278 895 enim
296 841 375 893 est
399 835 640 907 justitia:
700 838 895 893 tenere
946 852 1306 893 mensuram.
1374 835 1603 899 Quanta

48 930 181 984 virtus
204 927 353 997 cujus
379 925 621 982 societas
650 924 883 981 lucrum
913 924 1108 993 dabat,
1142 941 1259 980 non
1308 922 1604 996 irrogabat

51 1014 340 1089 dispendium
368 1012 395 1067 ?
422 1013 537 1069 Hoc
576 1016 666 1069 est
694 1013 1017 1084 perfectum
1047 1029 1197 1079 esse,
1256 1010 1602 1068 adhmrenti-

46 1106 124 1160 bus
145 1102 234 1159 sibi
258 1101 531 1158 commodi
560 1100 882 1175 plurimum
913 1101 1073 1170 dare,
1107 1099 1249 1156 nihil
1282 1100 1484 1156 afferre
1514 1099 1602 1155 in-

48 1191 288 1248 commodi.

90 1282 155 1335 22.
180 1279 411 1351 Denique
442 1278 490 1334 is
522 1278 621 1351 qui
654 1295 861 1334 nocere
882 1276 1175 1350 cupiebat,
1202 1276 1437 1333 inanem
1469 1293 1603 1333 eum

45 1386 124 1424 non
150 1367 308 1440 potuit
334 1366 641 1423 dimittere.
673 1367 920 1439 Sapiens
951 1366 1107 1422 enim
1136 1382 1438 1438 nunquam
1485 1365 1607 1421 ina-

44 1458 106 1513 nis
129 1462 198 1513 est
222 1456 308 1528 (De
331 1458 521 1528 patuit.
555 1456 692 1512 dist.
755 1458 811 1527 2,
865 1472 992 1528 cap.
1046 1455 1317 1527 Sapiens),
1378 1471 1609 1527 semper

44 1547 152 1601 inse
175 1545 370 1601 habens
391 1545 669 1600 amictum
709 1543 1056 1616 prudentiae,
1100 1543 1201 1616 qui
1267 1546 1458 1615 potest
1514 1543 1606 1598 di-

43 1650 225 1690 cere:«
252 1632 537 1690 Justitiam
570 1633 906 1700 induebam,
957 1638 1015 1688 et
1072 1631 1393 1688 vestiebam
1444 1631 1606 1702 judi-

42 1723 151 1776 cium
176 1723 294 1793 (Job.
324 1739 471 1786 xxxx,
506 1723 615 1794 14),
661 1744 689 1772 ››
747 1722 901 1776 sicut
958 1720 1103 1775 dixit
1156 1721 1284 1776 Job.
1344 1720 1608 1792 Namque

42 1810 124 1865 hac
143 1809 324 1866 mentis
354 1815 492 1866 sunt
523 1811 751 1866 interna
780 1809 1233 1881 velamina,quae
1265 1826 1436 1865 nemo
1458 1807 1608 1864 alius
1638 1844 1684 1908 B

40 1898 170 1968 possit
193 1899 418 1965 auferre,
445 1899 557 1955 nisi
591 1915 725 1954 cum
756 1896 1012 1970 aliquem
1039 1915 1148 1954 sua
1179 1897 1352 1970 culpa
1397 1898 1605 1970 despo-

42 1984 124 2040 liat.
149 1987 372 2059 Denique
401 1989 486 2043 sic
516 1987 878 2059 despoliatus
906 1987 1112 2053 Adam,
1160 1986 1356 2042 nudus
1404 1986 1605 2041 inven-

37 2078 103 2128 tus
123 2079 228 2130 est:
258 2080 312 2132 at
337 2092 469 2132 vero
499 2074 715 2146 Joseph
748 2075 924 2131 etiam
954 2075 1304 2130 vestimento
1334 2075 1489 2130 460
1519 2089 1609 2129 ex-

39 2162 189 2217 teriore
214 2163 433 2234 rejecto,
463 2164 660 2219 nudus
692 2180 805 2219 non
838 2167 982 2232 erat,
1017 2162 1116 2234 qui
1149 2161 1309 2219 salva
1356 2161 1610 2217 habebat

39 2248 311 2306 indumenta
334 2251 589 2307 virtutis.
622 2251 935 2323 Nunquam
969 2267 1103 2322 ergo
1135 2250 1327 2305 inanis
1348 2249 1606 2321 sapiens.

39 2336 138 2392 Nam
165 2340 433 2411 quomodo
465 2339 683 2403 inanis,
716 2340 815 2411 qui
849 2340 921 2395 de
975 2339 1337 2412 plenitudine
1395 2338 1610 2394 Christi

39 2425 206 2497 accipit,
232 2432 282 2483 et
311 2433 503 2485 servat
533 2433 836 2500 acceptum
867 2429 894 2482 ?
923 2428 1222 2491 Quomodo
1252 2426 1466 2494 inanis,
1509 2443 1609 2482 cu-

34 2513 98 2581 jus
117 2514 306 2586 repleta
336 2521 422 2573 est
463 2516 683 2584 anima,
716 2533 842 2588 quae
885 2520 1131 2588 acceptae
1181 2516 1379 2587 gratiae
1435 2515 1607 2571 vesti-

38 2607 176 2671 menta
201 2604 500 2661 custodit?
532 2603 680 2659 Illud
711 2605 1091 2660 metuendum
1122 2609 1230 2669 est,
1264 2621 1335 2659 ne
1366 2603 1497 2675 quis
1526 2603 1611 2657 in-

36 2692 245 2747 nocentia
272 2693 536 2750 velamen
567 2691 819 2761 amittat,
854 2709 925 2748 ne
956 2692 1122 2765 impii
1153 2692 1449 2765 sacrilegae
1481 2709 1608 2764 per-

35 2780 281 2837 secutionis
307 2781 695 2855 impressione
708 2782 993 2838 terminos
1007 2781 1251 2853 justitiae
1278 2797 1612 2854 supergres-

34 2866 79 2934 si,
101 2868 481 2926 vestimentum
520 2869 726 2925 animae
757 2886 824 2925 ac
853 2869 1070 2926 mentis
1118 2870 1386 2941 eripiant.
1447 2870 1611 2934 Quod

35 2968 109 3009 non
134 2957 282 3014 facile
309 2959 544 3029 accidit,
578 2957 691 3014 nisi
720 2957 883 3030 prius
913 2957 1167 3031 aliquem
1198 2975 1305 3014 vox
1337 2975 1455 3013 suae
1496 2957 1611 3012 ini-

34 3044 219 3111 quitatis
246 3048 491 3103 exuerit.
525 3046 687 3103 Unde
716 3046 965 3102 etDavial
999 3046 1144 3101 dicit
1184 3063 1197 3100 :
1233 3070 1259 3096 ‹‹
1295 3045 1353 3101 Si
1383 3050 1473 3101 est
1499 3045 1609 3101 ini-

34 3130 173 3199 quitas
197 3133 251 3190 in
272 3137 560 3192 manibus
590 3134 805 3191 meis...
840 3135 1102 3191 decidam
1135 3134 1342 3190 merito
1372 3135 1447 3190 ab
1499 3134 1610 3189 ini-

34 3218 151 3277 micis
182 3224 318 3280 meis
348 3224 584 3281 inanis:
621 3228 1006 3298 persequatur
1034 3224 1309 3279 inimicus
1354 3223 1610 3279 animam
1643 3204 1685 3271 (ἶ

34 3321 191 3380 meam,
218 3315 675 3386 comprehendat
697 3315 869 3386 (Psal.
900 3329 1001 3379 vn,
1036 3314 1066 3366 4
1098 3316 1154 3368 et
1180 3312 1255 3385 5).
1303 3335 1324 3361 ιο

77 3397 147 3454 23.
179 3400 349 3458 Nemo
372 3420 515 3477 ergo
548 3418 617 3458 ex
647 3402 903 3458 inimicis
935 3404 1125 3474 potest
1152 3405 1314 3456 tuam
1355 3401 1613 3456 animam

28 3488 479 3560 comprehendere,
540 3491 653 3547 nisi
711 3492 877 3564 prius
923 3489 1116 3545 inanis
1156 3489 1332 3544 fuerit
1389 3489 1611 3545 effecta.

26 3567 112 3627 Noli
130 3573 292 3649 igitur
319 3585 589 3636 metuere
621 3596 719 3636 eos
749 3579 850 3651 qui
907 3582 1156 3650 possunt
1201 3578 1326 3632 auri
1355 3578 1614 3649 argenti-

26 3674 105 3729 que
147 3667 444 3739 compilare
491 3667 825 3723 thesauros.
870 3665 969 3722 Isti
999 3665 1105 3721 tibi
1137 3664 1282 3720 nihil
1322 3666 1613 3722 auferunt.

26 3744 108 3804 Hoc
127 3753 261 3810 enim
293 3757 575 3814 auferunt
604 3756 757 3828 quod
799 3772 913 3811 non
944 3754 1203 3810 habebas
1246 3772 1258 3809 :
1300 3754 1410 3809 hoc
1459 3755 1617 3810 aufe-

26 3844 125 3893 runt
147 3845 288 3913 quod
334 3846 644 3918 possidere
674 3862 789 3901 non
842 3848 1120 3917 poteras:
1181 3844 1291 3899 hoc
1348 3844 1622 3899 auferunt

26 3929 138 3994 quod
156 3934 385 3990 ornabat
405 3936 674 3990 animam
696 3938 882 4002 tuam,
908 3932 1007 3988 sed
1036 3933 1315 3988 onerabat
1335 3950 1347 3988 :
1382 3931 1490 3988 hoc
1512 3949 1620 3989 an-

26 4012 173 4074 ferunt
197 4023 345 4093 quod
377 4041 499 4079 non
535 4021 930 4094 locupletabat
958 4038 1058 4077 cor
1086 4027 1275 4089 tuum,
1299 4020 1398 4076 sed
1430 4021 1625 4092 potius

27 4099 349 4174 deprimebat.
388 4134 417 4162 «
449 4111 566 4169 Ubi
593 4111 750 4167 enim
790 4111 966 4167 fuerit
994 4109 1308 4165 thesaurus
1352 4114 1512 4176 tuus,
1546 4109 1626 4163 ibi

26 4191 105 4246 erit
125 4201 173 4251 et
198 4215 289 4255 cor
316 4205 493 4257 tuum
519 4200 728 4273 (Matth.
760 4216 838 4267 v1,
863 4199 978 4270 21),
1014 4220 1040 4247 ››
1073 4199 1227 4254 sicut
1248 4197 1363 4270 legi
1412 4197 1627 4253 audisti

26 4276 176 4338 hodie.
202 4286 364 4345 Multi
394 4289 552 4346 seris
582 4293 884 4361 portarum
914 4303 1159 4342 suarum
1190 4285 1499 4341 includunt
1527 4303 1626 4342 au-

28 4383 126 4425 rum
159 4391 345 4445 suum,
376 4379 483 4437 sed
517 4377 561 4433 ii
596 4392 701 4433 nec
716 4376 980 4433 vectibus
1011 4379 1068 4431 et
1082 4375 1354 4431 claustris
1368 4375 1492 4430 suis
1506 4391 1632 4430 ore-

28 4454 141 4514 dunt
169 4478 182 4517 :
212 4466 376 4522 multi
404 4464 622 4540 vigiles
652 4464 1064 4531 adhibent,sed
1096 4463 1208 4535 ipsi
1238 4479 1471 4535 quoque
1497 4463 1632 4536 plus

29 4542 153 4634 ipsos
180 4551 364 4610 solent
394 4554 613 4612 timere
642 4552 912 4611 custodes
946 4569 959 4608 :
995 4550 1165 4607 multi
1207 4551 1438 4608 defosso
1498 4568 1639 4608 auro
1671 4570 1716 4634 D

961 349 1066 412 DE
1105 346 1351 413 JACOB
1394 348 1495 410 ET
1536 346 1717 411 VlTA
1758 347 2016 412 BEATA
2062 350 2212 413 LIB.
2256 351 2337 413 II.

3232 304 3354 413 65d

1709 486 1867 537 tuam
1902 498 1965 537 eo
1992 483 2209 555 cespite
2247 483 2461 550 obruit,
2514 500 2628 556 quo
2685 500 2896 539 aurum
2946 481 3180 550 texeris,
3249 483 3349 554 qui

1709 576 1964 626 mentem
1995 575 2154 626 tuam
2188 570 2638 628 eentesimarum
2670 571 2803 643 (45),
2837 572 3101 626 incurvat
3128 570 3348 639 usuris,

1709 661 1765 713 et
1800 658 1958 730 gravi
1993 658 2187 715 condit
2215 659 2545 731 sepulchro,
2578 660 2648 715 de
2687 676 2801 731 quo
2826 658 3032 715 nullus
3073 659 3349 733 resurgit.

1707 749 1957 818 Sequere
1987 751 2255 803 sanctum
2294 748 2494 816 Jacob,
2529 748 2629 820 qui
2655 765 2844 821 neque
2872 749 2943 804 de
2972 747 3177 804 alienis
3227 747 3354 803 viti-

1707 833 1759 891 is
1798 834 2125 907 quidquam
2154 835 2425 904 habebat,
2457 852 2645 908 neque
2666 853 2909 892 suarum
2925 836 3209 892 virtutum
3230 839 3354 892 erat

1709 923 1903 978 inanis
1933 928 1991 978 et
2021 940 2261 994 vacuus,
2285 924 2386 995 qui
2407 928 2531 980 erat
2550 925 2795 995 justitia:
2828 927 3022 981 fructu
3071 923 3348 998 repletus.

1709 1012 1817 1067 Sed
1858 1011 1980 1067 haec
2007 1012 2272 1069 moralia.

1780 1101 1870 1156 24.
1906 1098 2055 1157 Illud
2087 1100 2422 1173 mysticum,
2456 1103 2611 1173 quod
2648 1101 2805 1157 venit
2834 1103 2906 1157 ad
2964 1119 3099 1158 eum
3157 1103 3354 1159 Laban

1712 1189 1845 1261 (46),
1881 1188 1992 1244 hoc
2030 1193 2139 1257 est,
2174 1189 2500 1261 dealbatus,
2533 1190 2670 1262 quia
2703 1194 2760 1245 et
2817 1191 3064 1247 Satanas
3115 1192 3355 1247 transﬁ-

1712 1282 1885 1351 gurat
1916 1294 1978 1333 se
2010 1277 2069 1333 in
2097 1278 2373 1350 angelum
2412 1277 2582 1345 lucis,
2609 1283 2666 1335 et
2694 1280 2869 1352 coepit
2897 1281 2969 1335 ab
3001 1297 3067 1336 eo
3107 1297 3216 1337 sua
3266 1297 3355 1337 re-

1711 1366 1960 1438 quirere.
1994 1365 2316 1438 Respondit
2344 1366 2395 1422 ei
2425 1367 2605 1423 Jacob
2640 1385 2652 1423 :
2708 1390 2735 1417 «
2770 1368 3064 1442 Cognosce
3110 1369 3160 1424 si
3212 1369 3354 1441 quid

1713 1459 1802 1511 est
1839 1460 2007 1510 tuum
2037 1455 2190 1527 apud
2225 1472 2318 1510 me
2348 1455 2504 1526 (Gen.
2533 1472 2683 1524 xxxx,
2710 1456 2821 1527 32),
2858 1478 2886 1505 ››
2917 1457 3027 1512 hoc
3058 1461 3166 1526 est,
3208 1456 3357 1512 nihil

1716 1550 1949 1599 tuorum
1981 1543 2185 1599 habeo.
2234 1545 2431 1609 Quazre
2482 1544 2530 1599 si
2562 1544 2701 1616 quid
2756 1545 3025 1617 agnoscis
3081 1546 3357 1601 vitiorum

1714 1638 1953 1688 tuorum
1987 1637 2042 1687 et
2071 1631 2406 1687 criminum.
2438 1632 2594 1687 Nihil
2642 1649 2871 1688 mecum
2939 1634 3154 1690 abstuli
3209 1635 3360 1690 frau-

1716 1721 1857 1776 dum
1893 1724 2149 1788 tuarum,
2182 1719 2417 1792 dolique
2473 1721 2766 1777 consortia
2823 1720 2942 1777 ulla
3000 1740 3114 1778 non
3172 1723 3358 1780 habeo

1715 1810 1850 1879 (47),
1885 1808 2083 1863 omnia
2130 1813 2233 1863 tua
2289 1813 2567 1881 tanquam
2637 1810 2972 1883 contagium
3032 1810 3239 1885 refugi.
3289 1813 3360 1868 Et

1716 1895 1982 1969 quaesivit
2012 1897 2225 1963 Lahan,
2258 1900 2315 1952 et
2344 1896 2491 1952 nihil
2524 1914 2700 1953 suum
2731 1901 2963 1971 reperit.
2998 1900 3182 1966 Quam
3231 1902 3361 1957 bea-

1713 1990 1810 2041 tus
1846 1986 1935 2041 vir
1964 1986 2024 2040 in
2057 2002 2170 2057 quo
2212 1986 2487 2042 inimicus
2519 1986 2665 2041 nihil
2708 1988 2930 2043 invenit
2981 1990 3137 2060 quod
3181 2007 3357 2046 suum

1718 2079 1915 2147 posset
1940 2074 2129 2129 dicere
2163 2092 2175 2129 :
2206 2073 2267 2128 in
2298 2091 2413 2146 quo
2445 2074 2713 2131 diabolus
2743 2075 2889 2131 nihil
2920 2078 3180 2144 offendit,
3204 2080 3360 2150 quod

1716 2180 1890 2218 suum
1921 2167 2262 2235 agnosceret
2293 2161 2305 2216 Ι
2352 2163 2716 2235 Impossibile
2747 2164 3054 2221 videbatur
3092 2164 3251 2223 istud
3300 2168 3361 2225 in

1716 2252 1972 2317 homine,
2007 2252 2109 2306 sed
2139 2255 2341 2323 typum
2372 2252 2520 2307 467
2556 2253 2792 2324 gerebat
2819 2254 2946 2323 ejus
2977 2255 3077 2326 qui
3133 2256 3272 2311 dicit
3301 2257 3362 2312 in

1716 2339 2027 2413 Evangelio
2062 2358 2074 2395 :
2111 2360 2137 2389 ι(
2168 2339 2343 2395 Venit
2370 2340 2549 2411 hujus
2580 2342 2786 2396 mundi
2841 2343 3133 2416 princeps,
3190 2349 3248 2400 et
3301 2346 3361 2402 in

1718 2446 1811 2484 me
1841 2427 2097 2483 inveniet
2128 2427 2274 2481 nihil
2307 2427 2481 2499 (Joan.
2514 2445 2627 2495 11v,
2660 2429 2770 2500 30).
2808 2453 2835 2479 »
2876 2430 3031 2486 Nihil
3062 2435 3151 2488 est
3204 2434 3361 2490 enim

1719 2515 2003 2589 quidquid
2035 2519 2125 2571 est
2154 2515 2391 2585 diaboli,
2417 2518 2573 2587 quod
2630 2517 2853 2574 nullam
2903 2522 3095 2591 potest
3148 2521 3361 2578 habere

1719 2603 2165 2676 perpetuitatem
2198 2607 2373 2675 atque
2403 2605 2816 2666 substantiam.

1788 2695 1876 2747 25.
1913 2694 2041 2764 Ipse
2072 2697 2266 2748 autem
2298 2697 2385 2748 est
2413 2692 2514 2763 qui
2558 2694 3040 2765 praeﬁgurabatur
3069 2697 3128 2752 in
3182 2699 3363 2756 Jacob

1718 2781 2005 2837 Dominus
2032 2781 2228 2851 Jesus,
2261 2781 2511 2836 duorum
2541 2782 2630 2835 vir
2658 2782 3088 2855 conjugiorum,
3120 2786 3229 2843 hoc
3251 2792 3362 2857 est,

1720 2886 1960 2926 consors
1990 2868 2231 2940 quidam
2264 2868 2408 2941 legis
2441 2874 2497 2923 et
2527 2870 2747 2943 gratiae,
2780 2871 2880 2942 qui
2909 2872 3195 2946 virginem
3252 2875 3364 2933 Ra-

1720 2957 1846 3014 chel
1869 2962 2002 3014 ante
2033 2956 2255 3021 dilexit,
2287 2963 2345 3013 et
2376 2958 2848 3029 praadestinatam
2881 2959 2993 3016 sibi
3049 2964 3110 3018 in
3170 2966 3369 3037 conju-

1721 3047 1883 3121 gium
1914 3046 2009 3119 pio
2039 3047 2273 3102 amabat
2301 3046 2533 3102 ati'ectu.
2585 3048 2697 3103 Sed
2755 3051 3033 3121 quoniam
3073 3052 3175 3110 Lia
3236 3058 3366 3111 tan-

1722 3151 1899 3208 quam
1937 3135 2028 3189 lex
2057 3134 2428 3199 subintravit,
2459 3139 2515 3190 et
2545 3135 2728 3191 oculis
2773 3137 3060 3195 infirmior
3107 3142 3370 3213 obrepsit

1721 3228 2002 3294 tanquam
2036 3223 2751 3295 Synogoga,qu:e'mentis
2782 3227 3036 3283 caecitate
3067 3228 3368 3286 Christum

1721 3313 1914 3369 videre
1946 3318 2069 3366 non'
2092 3311 2300 3383 potuit,
2359 3313 2856 3383 superabundavit
2911 3315 3098 3387 gratia
3153 3322 3367 3375 sanctas

1724 3399 1937 3457 Rachel
1969 3398 2120 3469 (Gen.
2154 3416 2309 3453 xxxx.
2344 3400 2432 3467 17,
2464 3400 2576 3471 30),
2609 3416 2737 3471 quae
2768 3418 2949 3474 supra
2978 3404 3237 3476 primum
3294 3408 3366 3463 il-

1723 3489 1824 3545 lud
1855 3491 1944 3544 est
1971 3488 2222 3560 expetita
2252 3489 2613 3559 conjugium,
2656 3506 2781 3561 quas
2822 3492 3087 3550 Ecclesiae
3144 3496 3358 3568 princi-

1724 3583 1927 3652 patum
1958 3577 2221 3632 futurum
2243 3577 2369 3647 jam
2402 3580 2542 3632 tunc
2574 3578 2831 3635 nominis
2870 3581 3040 3637 suiin
3080 3584 3364 3659 interpre-

1723 3666 1943 3723 tatione
1973 3664 2263 3738 signabat.
2297 3664 2473 3720 Beata
2504 3665 2738 3733 Rachel,
2784 3685 2911 3740 quae
2965 3671 3211 3729 abstulit
3269 3693 3367 3749 op-

1729 3754 2029 3828 probrium
2061 3770 2167 3809 suo
2198 3758 2369 3825 partu
2403 3771 2415 3807 :
2452 3754 2615 3810 beata
2665 3756 2900 3828 Rachel,
2932 3775 3060 3831 quae
3115 3763 3370 3822 abscon-

1729 3845 1814 3900 dit
1839 3842 2403 3913 cultus,erroresque
2433 3844 2897 3935 gentiliurq,quae
2928 3848 3244 3908 simulacra
3276 3870 3372 3910 eo-

1731 3949 1862 3988 rum
1893 3931 2066 4004 plena
2094 3947 2224 3987 esse
2256 3931 2644 3988 immunditiae
2674 3931 3009 3991 declaravit.
3042 3938 3222 3996 Nemo
3253 3958 3376 3996 cre-

1733 4022 1833 4076 dat
1854 4024 2106 4092 paternae
2138 4018 2370 4090 pietatis
2402 4018 2599 4076 laesam
2630 4038 2757 4078 esse
2783 4026 3187 4095 reverentiam,
3219 4030 3378 4099 quod

1736 4113 1926 4166 stante
1957 4112 2120 4180 patre
2150 4108 2337 4174 sedit;
2391 4108 2667 4179 quoniam
2701 4110 2983 4183 scriptum
3016 4118 3105 4170 est
3136 4131 3149 4169 :
3210 4139 3239 4166 «
3273 4117 3381 4183 Qui

1737 4196 1869 4271 plus
1902 4196 2104 4251 fecerit
2134 4201 2360 4268 patrem
2384 4201 2484 4252 aut
2516 4202 2791 4266 matrem,
2853 4217 3030 4273 quam
3090 4219 3205 4271 me,
3265 4222 3384 4261 non

1738 4289 1828 4342 est
1857 4302 1948 4341 me
1978 4285 2192 4356 dignus
2219 4284 2424 4355 (Matth.
2457 4303 2513 4353 ι,
2535 4285 2645 4356 37).
2682 4307 2709 4335 ››
2741 4287 2850 4343 Ubi
2881 4305 3059 4346 causa
3105 4293 3389 4365 agebatur

1741 4372 2060 4446 religionis,
2105 4372 2249 4428 ﬁdes
2278 4372 2479 4427 debuit
2519 4375 2719 4430 sedem
2777 4375 2992 4434 habere
3040 4380 3273 4451 judicii,
3333 4385 3392 4440 et

1744 4461 1911 4534 quasi
1946 4477 2042 4516 rea
2068 4468 2221 4517 stare
2253 4461 2516 4533 perﬁdia.

2375 4577 2606 4633 CAPUT
2659 4579 2747 4636 VI.

28 4636 259 4745 22°F?“
283 4660 297 4709 ἶ
325 4659 553 4745 Eurum
583 4657 786 4700 eorum
811 4642 929 4745 .SE’b
966 4644 1141 4745 terra:
1185 4646 1242 4696 et
1279 4657 1378 4745 ξδοτ
1435 4656 1637 4739 “ium
1748 4667 1977 4736 Angelos
2006 4670 2066 4721 in
2096 4669 2294 4745 itinere
2324 4667 2545 4745 videt_S.
2569 4670 2747 4745 Jacob.
2793 4671 2941 4745 Idem
2990 4676 3158 4745 fratri
3213 4692 3398 4733 occur-

27 4722 109 4778 sub
129 4731 288 4786 terra.
322 4731 473 4788 Cave
498 4748 639 4805 ergo
671 4747 743 4787 ne
773 4734 831 4789 et
858 4734 921 4786 tu
954 4734 1224 4786 cortuum
1276 4733 1445 4784 terrae
1475 4730 1640 4785 vivus

28 4808 253 4873 infodias.
279 4819 408 4876 Non
436 4835 581 4893 ergo
611 4820 739 4877 auri
785 4818 958 4877 istius
988 4818 1285 4874 metuendi
1316 4820 1494 4874 fures.
1540 4817 1644 4873 Ille

29 4896 109 4955 tibi
134 4908 417 4966 cavendus
449 4913 547 4967 est
576 4909 883 4978 fenerator,
918 4907 1017 4984 qui
1066 4906 1459 4963 substantiam
1518 4907 1644 4962 ani-

30 5001 114 5045 ma:
133 4997 253 5063 tum,
275 5002 604 5065 scrutatur,
628 4997 677 5053 si
703 5013 821 5069 qua
841 4995 1060 5069 peccati
1082 4995 1365 5069 gravioris
1387 5012 1501 5051 aera
1515 5012 1648 5051 con-

29 5079 255 5151 traxeris,
286 5086 389 5158 qui
422 5103 530 5143 cor
557 5091 725 5142 tuum
756 5084 1004 5141 includit
1054 5084 1197 5152 solo,
1248 5082 1350 5155 qui
1389 5084 1647 5140 animam

86 5222 525 5299 (‘55)‘ACentesima
557 5244 736 5287 usura
767 5232 858 5284 est
887 5225 1346 5299 quafeneratori
1403 5225 1653 5298 singulis

33 5295 300 5372 mensibus
332 5316 476 5372 pars
522 5300 843 5372 centesima
882 5295 1058 5372 sortis
1118 5296 1408 5372 solvitur;
1479 5295 1656 5368 atque

33 5362 409 5442 adeosumma
450 5371 666 5442 capitis
715 5388 817 5427 seu
848 5371 1025 5442 sortis
1081 5362 1404 5442 centesimo
1456 5362 1658 5442 mense

32 5437 196 5515 usuris
235 5437 605 5515 adsequatur.
637 5442 699 5497 In
731 5442 882 5498 hanc
911 5440 1058 5497 libro
1093 5441 1162 5496 De
1203 5439 1361 5495 Tobia
1391 5440 1659 5496 ardenter

31 5508 292 5568 invehitur
319 5508 703 5570 Ambrosius.

86 5578 185 5652 (46)
212 5586 444 5651 Confer,
479 5584 676 5652 sodes,
708 5584 866 5641 hunc
890 5583 1082 5640 locum
1114 5597 1249 5637 cum
1278 5580 1353 5637 iis
1399 5598 1525 5654 quae
1582 5580 1664 5637 di-

33 5654 219 5714 cuntur
249 5653 355 5717 lib.
389 5657 469 5717 De
498 5657 650 5734 Fuga
677 5657 890 5728 saeculi,
923 5671 1052 5732 cap,
1083 5654 1137 5724 4,
1170 5668 1335 5711 num.
1368 5654 1439 5710 22
1491 5656 1547 5712 et
1593 5654 1667 5713 25

1820 4754 1947 4819 rens
1976 4740 2167 4819 septies
2195 4739 2407 4819 adorat:
2442 4741 2686 4819 Deniqae
2715 4739 3061 4819 concordiam
3091 4748 3159 4819 ab
3189 4763 3250 4803 eo
3301 4764 3397 4819 pe.

1823 4812 2028 4891 titarus
2058 4811 2120 4864 in
2142 4812 2334 4891 castris
2366 4810 2603 4866 dormit;
2629 4813 2765 4880 Qum
2792 4818 2979 4871 omnia
3010 4817 3141 4887 quid
3185 4810 3399 4888 signiﬁ-

1824 4885 1962 4947 cent,
1996 4884 2267 4951 aperitur.

1826 4996 1915 5049 26.
1944 4994 2075 5049 Haec
2104 5010 2170 5049 eo
2202 5010 2389 5066 usque
2421 4997 2662 5066 probata
2710 5002 2867 5064 sunt,
2902 5002 2967 5053 ut
3013 5000 3406 5071 proficiscenti

1758 5083 1868 5156 (48)
1901 5086 2102 5137 sancto
2132 5082 2312 5137 Jacob
2346 5083 2537 5154 angeli
2570 5084 2670 5139 Dei
2702 5092 3092 5143 occurrerent.
3141 5087 3409 5159 Denique

1835 5224 1945 5295 (47)
1975 5222 2105 5299 Vet.
2146 5222 2286 5299 _e_dit_.
2350 5238 2483 5276 cum
2534 5239 2680 5299 mss.
2732 5226 3090 5299 (nonuullis:
3147 5228 3412 5299 fraudum

1723 5294 2284 5367 .tuarumidcreliq‘ui
2308 5295 2601 5367 consortia
2635 5313 2646 5350 :
2718 5297 2818 5352 illa
2875 5298 3077 5367 (vellut
3118 5294 3263 5357 mss.
3296 5300 3417 5357 ulla

1765 5384 1876 5423 non
1906 5366 2098 5421 habeo.
2132 5362 2378 5435 Frigida.

1839 5437 1948 5512 (48)
1984 5436 2066 5493 Ita
2097 5435 2288 5512 cuncti
2321 5451 2464 5512 mss.
2492 5452 2562 5512 ac
2617 5438 2754 5494 edit.
2816 5445 3024 5512 preter
3081 5442 3249 5499 Rom.
3310 5442 3419 5499 hoc

1770 5505 2002 5565 initium
2035 5506 2244 5579 capitis
2273 5505 2505 5562 exhibet
2536 5507 2594 5562 in
2646 5526 2774 5566 eam
2816 5505 3094 5570 l'ormam.
3168 5519 3232 5570 Et
3259 5515 3421 5571 Jacob

1770 5582 1909 5657 abiit
1937 5580 2083 5635 viam
2110 5596 2130 5641 ;
2158 5582 2211 5657 et
2236 5579 2534 5657 respiciens
2555 5583 2708 5657 cidit
2735 5588 2918 5657 castra
2956 5586 3051 5641 Dei
3097 5589 3318 5657 metata,
3371 5590 3424 5644 et

1773 5652 2123 5714 obriaverunt
2158 5652 2211 5710 ei
2238 5651 2429 5724 angeli
2464 5652 2581 5710 Dei.
2612 5654 3005 5734 Proﬁciscenti,
3045 5661 3161 5723 etc.‘
