3830 6206
356 318 471 377 655

1832 322 1895 381 s.
1940 319 2317 387 AMBRDSII
2478 372 2487 379 .
3578 326 3657 407 656

355 447 500 503 vidit
527 450 722 503 castra
761 446 861 502 Dei
889 446 1260 519 applicantia,
1293 453 1349 503 et
1378 448 1460 505 ait
1492 465 1504 503 :
1566 472 1593 498 ‹‹
1637 450 1840 505 Castra
1904 449 2003 505 Dei
2036 453 2084 520 Α
2118 450 2401 525 afﬂigitur
2428 449 2669 523 impius,
2702 466 2880 522 quam
2926 448 3128 507 alienis
3182 448 3429 525 plerique
3469 454 3654 512 verberi-

356 537 479 592 haac
511 540 651 592 sunt
679 536 833 607 (Gen.
864 553 1039 607 χχχιι,
1072 536 1147 607 2).
1180 558 1209 586 »
1241 537 1514 593 Perfectis
1544 538 1701 593 enim
1734 542 1791 594 et
1821 539 2004 595 fideli-

358 627 469 683 bus
489 626 685 682 divina
716 625 904 681 solent
932 627 1136 681 adesse
1166 626 1454 697 praesidia.
1487 628 1784 683 Perfectus
1805 631 2001 683 autem

360 715 653 787 cogitabat
679 716 749 770 de
796 714 1264 771 reconciliatione
1295 715 1586 785 fraterna;
1620 716 1701 772 ita
1720 721 1785 772 ut
1806 716 2001 771 humi-

358 803 521 860 litate
549 796 682 860 eum
714 800 1003 871 invitaret,
1033 804 1243 860 officiis
1274 804 1619 877 acquireret,
1653 806 2002 861 muneribus

359 906 592 964 quoque
619 893 934 948 emendum
966 897 1197 965 putaret
1226 894 1360 962 (49).
1383 894 1647 950 Occurrit
1668 894 1864 967 itaque
1886 895 2001 950 fra-

360 981 431 1035 tri
462 997 594 1037 cum
628 982 995 1049 muneribus,
1025 982 1326 1050 uxoribus,
1359 987 1416 1038 et
1456 983 1798 1056 pignoribus
1829 984 1952 1039 suis
1986 1001 1999 1039 :

361 1073 425 1125 ut
453 1069 683 1125 etiamsi
712 1069 838 1142 ipse
868 1070 1295 1142 indignaretur,
1336 1072 1788 1129 necessitudinis
1836 1073 2003 1129 obse-

361 1154 517 1229 quiis
541 1154 956 1213 inﬂecteretur.

430 1248 518 1301 27.
557 1269 584 1294 ‹‹
614 1246 684 1300 Et
713 1247 975 1302 adoravit
1004 1249 1215 1320 septies
1254 1249 1313 1304 in
1368 1254 1522 1305 terra
1579 1250 1730 1321 (Gen.
1793 1268 1996 1317 xxxm,

362 1336 437 1405 3).
464 1356 492 1384 ››
520 1335 669 1397 Quid
702 1323 812 1389 sibi
847 1336 1002 1390 istud
1034 1337 1156 1391 vult
1185 1354 1311 1393 esse
1340 1337 1367 1391 Ἰ
1397 1339 1511 1394 Lex
1541 1338 1678 1394 dicit
1704 1356 1716 1394 :
1752 1362 1777 1389 ‹‹
1804 1339 2004 1395 Domi-

363 1438 504 1478 num
533 1423 717 1478 Deum
749 1427 917 1479 tuum
962 1426 1251 1492 adorabis,
1321 1432 1377 1482 et
1442 1428 1552 1498 ipsi
1622 1426 1729 1481 soli
1792 1428 2005 1483 servies

362 1511 542 1582 (Deut.
584 1528 638 1566 v1
677 1512 759 1582 13)
790 1530 801 1567 :
840 1534 864 1559 ››
898 1516 954 1568 et
982 1512 1075 1567 hic
1106 1515 1308 1569 adorat
1336 1517 1842 1588 intemperantem,
1896 1516 2008 1571 ira-

362 1600 643 1668 cundum,
678 1602 1002 1657 minantem
1042 1602 1388 1674 parricidale
1420 1603 1729 1676 ﬂagitium.
1762 1610 1851 1659 An
1885 1608 2005 1659 ter-

363 1705 486 1746 ram
517 1689 795 1756 adoravit,
841 1688 1001 1745 illam
1046 1690 1304 1747 humano
1380 1709 1585 1747 cruore
1652 1697 2005 1760 concretam,

362 1778 719 1850 serpentium
752 1778 1007 1834 infusam
1036 1781 1296 1848 venenis,
1330 1784 1431 1836 aut
1452 1783 1659 1853 jejuna
1716 1781 2005 1837 infelicem

362 1864 575 1938 glarea,
609 1870 709 1922 aut
738 1867 903 1924 duris
924 1872 1097 1940 atque
1127 1868 1351 1941 asperis
1380 1869 1778 1927 iuborrentem
1811 1871 1999 1926 cauti-

363 1955 475 2010 bus
506 1953 701 2017 ?Quid
717 1954 828 2010 sibi
861 1954 1036 2010 etiam
1068 1955 1189 2012 vult
1219 1956 1372 2027 quod
1440 1957 1657 2029 septies
1723 1957 2001 2012 adorave-

364 2043 494 2098 rit?
524 2043 774 2099 Haereret
800 2043 1034 2112 solutio,
1096 2043 1211 2098 nisi
1248 2043 1395 2099 illud
1464 2050 1791 2101 occurreret
1846 2045 2001 2117 quod

363 2131 529 2189 Petro
556 2132 943 2205 interroganti
970 2131 1027 2187 in
1058 2132 1366 2203 Evangelio
1398 2149 1412 2187 ι
1448 2156 1472 2182 ‹‹
1509 2133 1567 2188 Si
1610 2134 1785 2189 frater
1836 2151 2005 2188 meus

363 2220 425 2275 in
459 2237 553 2277 me
565 2220 1139 2293 peceaverit,quoties
1171 2221 1462 2278 dimittam
1476 2222 1740 2294 ei,usquc
1753 2222 1965 2294 septies
1979 2223 2008 2277 ?

364 2310 685 2381 Respondit
706 2310 754 2365 ei
791 2311 1075 2365 Dominus
1100 2310 1271 2365 Jesus
1306 2328 1318 2366 :
1351 2312 1473 2367 Non
1517 2311 1708 2368 solum
1768 2313 2002 2383 septies,

364 2399 464 2453 sed
528 2415 713 2469 usque
778 2397 1113 2471 septuagies
1182 2398 1388 2470 (Matth.
1456 2417 1611 2466 xvm,
1680 2404 1768 2469 21,
1827 2402 1940 2470 22).
1978 2424 2003 2447 ››

363 2487 479 2541 Hoc
582 2486 761 2559 igitur
826 2487 1160 2559 prophetico
1263 2487 1473 2559 spiritu
1578 2493 1815 2545 sanctus
1905 2506 2003 2560 pa-

364 2574 617 2631 triarcha
639 2575 927 2647 significat
970 2577 1101 2647 (50),
1132 2576 1189 2631 in
1226 2577 1628 2633 advenientem
1687 2577 2005 2649 respiciens

362 2663 461 2734 qui
494 2682 607 2719 non
641 2664 835 2723 solum
868 2681 1051 2736 usque
1081 2665 1315 2737 septies,
1344 2666 1441 2720 sed
1474 2665 1647 2721 etiam
1667 2682 1854 2737 usque
1876 2682 2005 2738 sep-

360 2752 588 2825 tuagies
618 2753 832 2824 septies
860 2754 1090 2810 veniam
1134 2755 1298 2809 fratri
1366 2754 1547 2809 laxari
1597 2755 1881 2825 juberet:
1945 2759 2009 2811 ut

367 2842 497 2912 ejus
564 2842 1052 2913 contemplatione
1118 2847 1437 2898 conventus
1503 2844 1655 2898 Esau
1728 2844 2006 2915 injuriam

365 2946 543 3001 quam
576 2946 638 2985 se
668 2931 960 3002 accepisse
1007 2931 1271 3003 putabat,
1333 2931 1652 2988 remitteret
1713 2932 1898 2999 fratri,
1953 2936 2009 2989 et

367 3018 635 3091 quamvis
667 3018 840 3075 laesus
874 3019 929 3074 in
962 3019 1114 3091 46,8
1154 3024 1404 3093 gratiam
1436 3022 1650 3076 rediret
1680 3040 1692 3077 :
1728 3020 1866 3093 quia
1885 3038 2011 3093 pro-

361 3112 561 3180 pterea
589 3098 823 3187 carnem
854 3113 1235 3182 suscepturus
1266 3114 1387 3165 erat
1416 3109 1701 3165 Dominus
1733 3110 1927 3176 Jesus,
1954 3113 2011 3166 et

2034 1826 2083 1891 B

2111 538 2222 594 bus
2256 555 2269 594 :
2304 538 2673 611 majoresque
2700 538 2922 595 vibices
2951 536 3253 597 vulnerum
3277 538 3333 594 in
3363 539 3475 610 ejus
3501 543 3657 616 animo,

2111 630 2453 700 sunt,quam
2472 626 2529 683 in
2543 644 2746 683 eorum
2763 642 3003 700 corpore
3016 627 3113 700 qui
3126 627 3199 683 ab
3210 626 3335 695 aliis
3347 628 3655 693 verberantur.

2179 716 2269 770 29.
2302 715 2531 773 Grande
2560 720 2649 772 est
2670 716 2826 772 intra
2854 732 2917 772 se
2950 715 3204 788 aliquem
3234 716 3568 791 tranquillum
3600 737 3657 782 es.

2114 820 2195 870 se,
2219 809 2273 860 et
2302 804 2415 860 sibi
2445 804 2951 861 convenirc.Foris
2976 821 3089 878 pax
3119 809 3217 861 aut
3244 804 3565 877 imperatoris
3580 809 3656 869 sol-

2116 892 2277 961 licita
2345 893 2729 967 providentia,
2762 896 2862 950 aut
2918 910 3094 950 manu
3148 891 3389 951 militum
3436 895 3659 969 quaeritur,

2112 986 2214 1037 aut
2234 980 2522 1039 bellorum
2540 998 2820 1056 prospero
2844 982 2996 1039 cedit
3012 981 3659 1051 eventu,autinternecious

2113 1070 2313 1143 aliqua
2333 1071 2737 1139 barbarorum,
2762 1070 2812 1129 si
2842 1070 2902 1126 in
2925 1086 2987 1127 se
3037 1069 3233 1127 hostili
3258 1080 3406 1135 motu
3432 1088 3522 1137 sua
3541 1089 3658 1133 arma

2113 1163 2470 1215 convertant.
2497 1162 2562 1214 In
2584 1170 2661 1215 'ea
2692 1176 2832 1232 pace
2891 1157 3055 1216 nulla
3117 1162 3311 1214 nostra
3368 1159 3542 1229 virtus,
3585 1162 3653 1223 sed

2111 1253 2352 1304 eventus
2381 1252 2489 1303 est.
2514 1249 2677 1305 Certe
2708 1247 2892 1321 gloria
2920 1246 3083 1321 pacis
3126 1246 3282 1302 illius
3310 1247 3375 1307 ad
3424 1244 3655 1325 imperato-

2114 1354 2237 1394 rem
2269 1338 2516 1392 refertur
2548 1353 2560 1392 :
2588 1336 2759 1393 istius
2786 1337 2946 1410 pacis
2973 1336 3195 1394 fructus
3220 1336 3275 1391 in
3303 1336 3452 1394 nobis
3476 1342 3655 1409 estque

2114 1430 2201 1481 est
2232 1426 2289 1479 in
2309 1425 2604 1481 mentibus
2629 1424 3155 1498 singulorumque:
3180 1428 3398 1481 tenetur
3415 1424 3656 1489 affectibus.

2117 1515 2292 1571 Istius
2323 1513 2481 1585 pacis
2513 1515 2702 1586 major
2729 1518 2819 1570 est
2847 1514 3217 1587 fructus,quo
3246 1510 3497 1586 spiritalis
3522 1512 3659 1586 nequi-

2116 1604 2205 1657 tite
2239 1607 2619 1669 tentamenta,
2642 1619 2819 1675 quam
2853 1619 2968 1674 quo
2992 1618 3157 1659 arma
3183 1600 3402 1657 hostilia
3448 1601 3658 1679 repellun-

2114 1697 2229 1745 tur.
2264 1691 2382 1747 Ista
2404 1708 2514 1763 pax
2544 1689 2869 1748 sublimior.
2904 1708 3031 1762 quae
3088 1689 3454 1763 corporalium
3498 1690 3658 1767 passio-

2120 1798 2259 1836 num
2284 1781 2537 1836 excludit
2559 1780 2882 1849 illecebras,
2907 1779 3464 1852 perturbationesque
3478 1777 3655 1848 mitiget,

2114 1886 2292 1941 quam
2324 1886 2391 1924 ea
2422 1888 2547 1941 quaa
2596 1869 2932 1924 barbaricos
2966 1868 3133 1925 sedat
3181 1868 3450 1924 incursus.
3481 1865 3582 1927 Plus
3603 1870 3655 1921 est

2109 1958 2264 2013 enim
2294 1956 2491 2013 clauso
2524 1958 2674 2013 intra
2702 1962 2759 2013 te
2789 1956 2943 2013 hosti
2975 1955 3263 2026 resistere,
3291 1971 3451 2031 quam
3478 1961 3655 2013 remoto.

2711 2080 2945 2137 CAPUT
2976 2080 3102 2137 VII.

2110 2172 2271 2228 Iacob
2300 2186 2422 2226 cum
2453 2171 2837 2237 Deolactatur,
2864 2174 2913 2224 et
2946 2174 3092 2226 tacto
3131 2170 3346 2240 femoris
3380 2181 3518 2223 nervo
3555 2166 3657 2220 atcu-

2184 2243 2349 2315 dicat.
2381 2242 2495 2298 Vim
2522 2244 2680 2298 Dina:
2722 2242 2962 2315 illatam;
2992 2244 3197 2315 fratre:
3226 2242 3658 2315 ﬂammata“

2181 2310 2349 2370 Iacob
2372 2317 2532 2384 pater
2563 2313 2910 2375 improbam:
2932 2308 3168 2384 jubetur
3208 2314 3267 2367 in
3289 2308 3655 2371 ΒιίΙιεὶΙιαὺίωνε»

2184 2402 2287 2456 quo
2314 2392 2505 2439 saucia
2535 2385 2768 2439 Ecclesia
2792 2385 3206 2455 prmﬁguratur.

2186 2492 2275 2543 30.
2309 2493 2510 2561 Itaque
2539 2489 2717 2545 Jacob
2749 2490 2848 2561 qui
2882 2505 2979 2545 cor
3012 2506 3193 2545 suum
3225 2489 3294 2551 ab
3316 2486 3451 2546 omni
3468 2483 3656 2542 simulta-

2117 2585 2171 2635 te
2206 2579 2605 2646 mandaverat,
2631 2584 2688 2633 et
2717 2578 3026 2650 pacificum
3056 2579 3319 2639 affectum
3338 2574 3653 2650 gerebamus-

2114 2685 2292 2739 quam
2326 2670 2520 2738 rejeelt
2552 2666 2749 2723 omnia
2776 2684 2903 2735 sua,
2944 2664 3112 2727 solus
3142 2658 3423 2732 remansit,
3445 2668 3490 2720 et
3529 2661 3651 2717 lucta-

2117 2762 2214 2811 tus
2244 2759 2331 2811 est
2361 2772 2494 2811 cum
2526 2756 3431 2829 deo(Gen.xxxu,26).Quicunque
3455 2750 3573 2811 enim
3594 2761 3655 2805 sr-

2116 2844 2336 2900 cularia
2387 2843 2648 2917 negligit,
2709 2846 2780 2899 ad
2838 2844 3161 2917 imaginem
3209 2841 3653 2906 similitudine.qu

2117 2933 2217 2989 Dei
2249 2932 2496 3005 propius
2554 2932 2793 2989 accedit.
2848 2932 2995 2999 Quid
3028 2939 3125 2989 est
3152 2933 3300 2993 enim
3354 2928 3527 2987 luctari
3568 2937 3652 2983 cum

2116 3022 2252 3089 Deo,
2289 3022 2403 3077 nisi
2448 3021 2747 3095 suscipere
2802 3026 3125 3090 certamen,
3174 3026 3230 3080 et
3275 3037 3395 3078 cum
3438 3014 3669 3095 superiore)

2119 3110 2415 3182 congredi,
2475 3109 2878 3181 potioremque
2941 3109 3169 3171 caeteris
3234 3108 3536 3165 imitatorem
3574 3094 3651 3157 ﬁeri

364 3201 644 3252 venturus
674 3196 732 3251 in
762 3201 965 3263 terras,
997 3203 1064 3253 ut
1095 3198 1541 3270 multiplicatam
1588 3198 1755 3255 nobis
1821 3199 1998 3256 dona-
2031 3195 2074 3261 C
2111 3198 2212 3254 Dei
2241 3199 2268 3254 ?
2295 3198 2363 3253 Et
2392 3198 2530 3271 quia
2560 3197 2974 3271 insuperabilis
3003 3203 3133 3254 erat
3163 3198 3302 3259 fidos
3347 3201 3495 3268 atque
3536 3189 3651 3245 dow-

367 3290 453 3342 ret
483 3285 708 3342 veniam
742 3285 1108 3342 delictorum.

431 3377 521 3430 28.
554 3375 816 3448 Denique
846 3376 1134 3447 petiturus
1166 3393 1199 3431 a
1231 3375 1403 3431 fratre
1448 3376 1818 3432 concordiam
1876 3376 2009 3431 dor-

365 3464 529 3520 mivit
566 3465 625 3520 in
648 3464 878 3520 castris.
913 3464 1169 3520 Perfecta
1197 3464 1381 3519 virtus
1413 3464 1588 3520 habet
1617 3464 1833 3530 quietis
1850 3470 2005 3521 tran-

365 3552 714 3624 quillitatem
744 3558 802 3607 et
832 3552 1208 3609 stabilitatem
1246 3578 1260 3620 ;
1294 3553 1420 3609 ideo
1453 3554 1741 3609 Dominus
1786 3554 2008 3609 donum

366 3642 494 3712 ejus
525 3641 964 3713 perfectioribus
1007 3643 1337 3711 reservavit,
1371 3642 1569 3698 dicens
1632 3659 1644 3697 :
1709 3668 1733 3691 ‹‹
1798 3647 2004 3699 Pacem

364 3746 557 3789 meam
609 3729 871 3802 relinquo
931 3732 1093 3785 vobis
1165 3749 1177 3785 :
1246 3732 1420 3802 (Joan.
1481 3749 1594 3797 xw,
1658 3732 1768 3803 27).
1802 3754 1828 3779 n
1870 3730 2007 3787 Per-

364 3820 647 3876 fectorum
693 3824 780 3875 est
826 3820 982 3875 enim
1021 3837 1137 3876 non
1183 3818 1350 3876 facile
1400 3820 1715 3876 mundanis
1766 3821 2004 3887 moveri,

362 3925 479 3965 non
511 3908 731 3964 turbari
765 3913 945 3977 metu,
992 3926 1107 3971 non
1142 3908 1418 3981 exagitari
1475 3908 1830 3981 suspicione,
1890 3927 2006 3965 non

363 4002 583 4054 terrore
606 3997 865 4066 concuti,
896 4014 1010 4053 non
1050 3997 1246 4053 dolore
1276 3998 1467 4053 vexari
1502 4015 1514 4051 :
1558 3999 1658 4055 sed
1717 3998 1886 4070 quasi
1945 3999 2004 4054 in

360 4084 549 4142 littore
572 4086 866 4143 tutissimo
897 4086 1205 4143 adversum
1238 4086 1606 4160 insurgentes
1640 4072 1852 4143 ﬂuctus
1899 4104 2003 4143 sae-

362 4174 651 4237 cularium
709 4175 1095 4248 procellarum
1153 4180 1407 4231 mentem
1465 4176 1828 4232 immobilem
1888 4178 2007 4232 fida

359 4265 608 4320 statione
655 4263 968 4337 placidare.
1003 4266 1119 4320 Hoc
1174 4266 1611 4320 firmamentum
1654 4265 2004 4323 Christianis

360 4354 655 4410 mentibus
678 4354 944 4410 Christus
977 4354 1207 4417 invexit.
1242 4371 1443 4426 pacem
1494 4354 1786 4410 internum
1845 4355 2000 4411 inve-

358 4441 506 4496 hens
537 4441 747 4496 animis
778 4443 1205 4513 probatorum;
1272 4446 1336 4495 ut
1402 4458 1517 4495 non
1585 4442 1852 4496 turbetur
1905 4458 2003 4497 cor

2120 3286 2217 3356 tio,
2251 3291 2476 3342 secreta
2504 3287 2555 3342 ei
2597 3286 2878 3359 mysteria
2946 3286 3235 3343 Dominus
3284 3282 3546 3347 relevabat,
3577 3282 3653 3333 tau-

2118 3392 2262 3448 gens
2292 3374 2664 3432 latitudinem
2700 3372 2935 3431 femoris
2966 3375 3101 3447 ejus
3130 3374 3308 3447 (Ibid)
3334 3374 3435 3440 25),
3459 3386 3511 3426 eo
3552 3359 3653 3437 quod

2119 3481 2187 3520 ex
2209 3466 2360 3521 469
2430 3465 2558 3535 ejus
2625 3468 2749 3519 erat
2814 3464 3189 3537 generatione
3253 3461 3502 3519 Dominus
3541 3454 3667 3519 δεεωη

2117 3553 2402 3608 oriundus
2435 3569 2502 3607 ex
2531 3552 2777 3624 virgine,
2808 3551 2911 3626 qui
2941 3551 3061 3608 Deo
3097 3569 3199 3610 nec
3230 3552 3421 3624 impar,
3449 3562 3532 3605 nec
3567 3541 3653 3597 508°

2118 3642 2306 3714 qualis
2336 3646 2490 3698 esset
2524 3660 2535 3697 :
2570 3643 2741 3713 cujus
2772 3658 3002 3697 crucem
3032 3639 3447 3715 obtupescentis
3492 3626 3652 3690 femori:

2116 3730 2363 3786 latitudo
2391 3731 2683 3803 signabat,
2717 3747 2782 3786 eo
2814 3730 2972 3802 quod
3002 3730 3220 3789 diﬂ'usa
3273 3746 3367 3803 per
3412 3723 3653 3812 universus

2117 3821 2404 3875 mundum
2446 3818 2786 3875 remissione
2818 3818 3063 3892 peccati,
3101 3819 3365 3875 salutaris
3388 3816 3650 3875 ioretomm-

2116 3909 2225 3964 bus
2256 3908 2356 3981 qui
2388 3915 2626 3981 stupore
2656 3908 2746 3964 sui
2778 3908 3038 3980 corporis
3066 3926 3132 3964 ac
3153 3922 3346 3981 sopore
3380 3893 3650 3965 resurrectio-

2116 4014 2248 4053 nem
2263 3996 3157 4054 tribueretdefunctorum.Unde
3175 4014 3287 4054 non
3301 3989 3544 4053 immerito
3556 3997 3652 4080 exue

2113 4090 2209 4141 tus
2233 4090 2317 4141 est
2348 4085 2433 4142 sol
2458 4086 2878 4156 sanctoJacob,
2911 4086 3086 4157 cujus
3114 4086 3307 4160 generi
3344 4098 3466 4140 crux
3500 4077 3650 4136 Domi!”

2114 4173 2391 4230 salutaris
2422 4174 2650 4230 illuxit:
2691 4173 2871 4231 simul
2894 4174 3033 4247 quia
3066 4174 3162 4231 Sol
3194 4173 3244 4230 ei
3272 4173 3439 4231 oritur
3461 4160 3646 4241 justitit:

2114 4263 2213 4335 qui
2246 4263 2430 4319 Deum
2462 4262 2645 4318 cernit
2679 4281 2691 4319 :
2726 4263 2865 4336 quia
2893 4262 3018 4336 ipse
3048 4267 3138 4320 est
3167 4262 3356 4319 lumen
3375 4261 3608 4316 aeternum-

2182 4353 2270 4407 31.
2307 4351 2665 4408 Claudicavit
2694 4357 2890 4409 autem
2919 4352 3102 4415 Jacob
3132 4370 3166 4411 a
3187 4352 3390 4409 femore
3408 4360 3518 4405 suo:
3543 4340 3646 4404 Prvp'

2109 4450 2191 4497 ter
2214 4441 2311 4496 hoc
2341 4457 2449 4497 non
2477 4440 2814 4496 manducaui
2858 4440 3124 4514 hodieque
3176 4442 3283 4512 ﬁlii
3332 4434 3477 4497 Israel

360 4534 651 4597 nostrum,
684 4511 871 4600 neque
903 4529 1227 4600 exagitetur
1267 4529 1523 4584 animus.
1582 4529 1742 4583 Hanc
1798 4546 1999 4601 pacem
2036 4568 2076 4632 υ
2110 4531 2265 4602 (Gen.
2295 4547 2470 4598 xxxn,
2501 4530 2613 4601 32).
2649 4529 2883 4593 Utinam
2906 4511 3357 4587 manducassent
3382 4529 3432 4583 et
3454 4511 3648 4632 credigi-‘f‘

360 4634 539 4689 super
566 4634 796 4674 omnem
830 4623 1088 4673 mentem
1120 4635 1246 4673 esse
1278 4617 1578 4689 apostolus
1607 4618 1807 4673 doctor
1841 4636 2000 4675 asse-

358 4708 476 4763 ruit
502 4707 709 4765 dicens
741 4723 755 4763 :
783 4730 810 4757 ‹‹
844 4708 908 4761 Et
939 4724 1049 4779 pax
1094 4708 1195 4763 Dei
1228 4724 1354 4778 qua:
1412 4712 1721 4779 exsuperat
1766 4724 2000 4764 omnem

356 4795 979 4874 mentem,_custodiat
1042 4797 1219 4851 corda
1283 4799 1473 4851 vestra
1546 4800 1601 4850 et
1667 4812 1875 4853 sensus
1940 4797 1999 4851 in

354 4885 582 4941 Christo
612 4882 752 4941 Jesu
786 4874 1034 4956 (Pliillip.
1065 4902 1137 4950 Iv,
1168 4887 1245 4953 7).
1280 4906 1300 4934 ι
1337 4884 1582 4939 Fructus
1612 4884 1809 4957 itaque
1839 4886 1999 4958 pacis

351 4980 440 5031 est
472 4992 585 5032 non
617 4975 916 5049 pertubari
959 4975 1017 5030 in
1049 4978 1298 5046 pectore.
1360 4973 1620 5055 Denique
1684 4974 1801 5029 vita
1848 4975 1999 5046 justi

352 5065 553 5137 quieta
577 5069 685 5136 est,
706 5064 961 5135 injustus
984 5067 1176 5120 autem
1201 5061 1627 5134 inquietudinis
1646 5067 1701 5117 et
1723 5065 1995 5135 pertuba-

350 5154 529 5209 tionis
559 5154 768 5226 plenus
791 5158 897 5209 est.
918 5158 1117 5225 Itaque
1144 5151 1396 5224 amplius
1415 5150 1539 5207 suis
1561 5151 1996 5223 suspicionibus

422 5294 531 5363 (49)
560 5295 778 5350 Omnes
806 5297 944 5350 edit.
980 5311 1045 5351 ac
1074 5311 1215 5349 mss.
1251 5294 1491 5364 aliquot,
1524 5310 1645 5348 eam
1666 5295 1990 5350 invitaret...

2111 4600 2274 4675 sent!
2309 4619 2418 4675 Sed
2452 4618 2591 4692 quia
2620 4636 2736 4674 non
2766 4623 2932 4675 erant
2962 4617 3173 4676 facturi
3220 4616 3535 4700 voluntate!!!
3555 4600 3645 4700 ,Πεῇ

2109 4708 2238 4764 ideo
2268 4725 2382 4763 non
2414 4688 3084 4765 manducaverent.Sunt
3113 4713 3170 4763 et
3198 4705 3293 4779 qui
3323 4705 3398 4760 ita
3422 4688 3643 4781 accipiant.

2108 4797 2265 4871 quod
2297 4797 2425 4852 ideo
2458 4796 2870 4854 clandicaverit
2893 4797 2966 4853 ab
2999 4814 3113 4855 uno
3147 4797 3353 4853 femore
3374 4784 3647 4878 ,Ιαοοῢίξμιὲι

2108 4868 2339 4942 duobus
2371 4885 2604 4959 populis
2634 4903 2703 4942 ex
2731 4887 2859 4959 ejus
2912 4886 3284 4960 generatione
3339 4868 3642 4960 mananti?“

2108 4973 2283 5030 unius
2310 4955 2514 5048 stupor
2534 4975 2662 5047 jam
2693 4955 2831 5032 tunc
2863 4955 3018 5034 circa
3047 4975 3180 5033 tidei
3220 4970 3451 5048 gratiam

2106 5064 2278 5119 batur
2307 5039 2560 5120 futurus:
2595 5064 2719 5136 ipse
2749 5069 2839 5122 est
2867 5081 3003 5140 ergo
3045 5039 3293 5139 populus
3342 5056 3433 5133 qui
3472 5039 3642 5131 perﬁdi”

2104 5151 2472 5208 claudicavit.

2103 5294 2614 5360 edit.Rom.,Dixit
2645 5296 2791 5351 enim
2826 5313 2839 5350 ε
2873 5295 3105 5352 Placabo
3133 5295 3325 5354 faciem
3348 5289 3451 5360 eius
3475 5283 3521 5339 in
3541 5266 3641 5360 de}?

349 5352 628 5439 quoniam:
666 5373 903 5437 putaret.
938 5367 1050 5421 Alii
1080 5384 1223 5421 mss.
1258 5352 1617 5439 antiquiores
1634 5370 1691 5419 et
1721 5382 1990 5439 numero-
2033 5366 2051 5385 '
2096 5352 2557 5439 praecedentibus,
2574 5352 3139 5439 (quodsuperﬂuum
3166 5370 3272 5431 est,
3325 5352 3383 5417 et
3426 5359 3474 5411 in
3520 5352 3640 5404 omnl-

352 5434 553 5507 siores,
604 5434 728 5490 cum
777 5438 1104 5493 invitaret...
1165 5434 1470 5501 emendum,
1541 5436 1745 5507 Long,
1804 5436 1989 5503 Valc.,

351 5504 768 5584 emendandum,
805 5519 1040 5578 putaret.
1066 5508 1465 5584 Syllepsisest
1494 5524 1610 5579 qua
1636 5504 1990 5584 constructio

355 5574 599 5662 refertur
628 5578 695 5629 ad
722 5574 927 5662 yoccm
957 5574 1156 5662 [ranis
1186 5574 1242 5633 in
1264 5579 1453 5662 .priori
1488 5574 1771 5662 membro.
1796 5584 1986 5662 potest

2101 5439 2211 5493 bus
2245 5454 2388 5493 mss.
2423 5442 2481 5493 et
2510 5437 2642 5493 aliis
2671 5438 2813 5494 edit.
2845 5437 3228 5495 desideratur.

2170 5510 2297 5599 <59>_
2312 5509 2695 5599 99d;.P098.-_2
2709 5492 3290 5599 έθεοίίβέζὲξῗιῖξλθελές
3303 5492 3634 5599 eam

2098 5566 2199 5660 n_u‘,
2361 5581 2538 5660 igitur
2560 5566 2848 5659 ρνῖόῥὴθιὶα
2882 5566 3157 5660 Spiritum
3197 5582 3424 5639 sane“?!
3463 5566 3639 5643 FW
3656 5626 3657 5653 ι

353 5646 473 5697 tate
488 5646 985 5718 comprehensam.
1010 5651 1145 5709 Post
1163 5646 1406 5707 verbum
1419 5655 1661 5725 putaret,
1684 5646 1990 5727 subiungit
2096 5646 2196 5714 aha
2224 5646 2519 5730 significat.
