3830 6206
109 378 210 443 661

1103 376 1205 443 DE
1247 377 1488 445 JACOB
1531 381 1634 446 E’I‘
1675 381 1861 446 VITA
1901 383 2160 448 BEATA
2200 383 2348 448 LIB.
2392 381 2472 447 ῙῙ.

3367 383 3486 447 662

108 511 354 589 corporis
378 508 710 587 implicatus
739 511 1181 588 impedimento,
1234 520 1293 572 et
1347 514 1612 589 vigilanti
1673 517 1729 572 in
1763 519 1818 585 Α
1846 517 2061 575 sideria
2076 518 2312 574 collium
2344 522 2696 577 aeternorum
2728 516 2891 592 (Ibid.
2926 516 3038 591 26).
3074 539 3104 570 »
3145 516 3294 584 Quid
3352 516 3488 575 dul-

112 606 295 662 l‘utura
357 608 621 677 tempora
670 606 1062 676 preecurrebat
1119 605 1350 675 affectu,
1390 605 1591 661 dicens
1662 606 1731 661 de

112 694 565 767 persecutoribus
596 693 849 761 Domini,
884 695 981 765 qui
1040 696 1111 749 de
1162 696 1319 750 tribu
1381 695 1617 751 Simeon
1677 701 1733 751 et

110 782 227 839 Levi
303 784 415 854 (60)
502 785 763 838 auctores
821 787 986 838 erant
1034 784 1308 855 nequitia:
1351 785 1723 856 processuri:

108 877 165 927 In
192 870 498 927 consilium
520 888 721 927 eorum
752 888 867 927 non
911 873 1103 928 veniat
1157 872 1357 928 anima
1414 890 1543 929 mea
1594 875 1729 945 (6i),

109 965 159 1016 et
206 960 260 1014 in
318 976 627 1016 occursum
680 975 882 1016 eorum
933 978 1047 1016 non
1105 962 1455 1018 contendant
1510 962 1733 1018 viscera

109 1064 222 1104 mea
250 1048 424 1118 (Gen).
459 1066 608 1116 XLIX,
640 1050 717 1117 6).
753 1071 780 1098 ››
813 1049 955 1113 Quis
985 1054 1179 1106 autem
1210 1055 1331 1105 tam
1390 1050 1617 1106 validus
1670 1051 1729 1105 in

107 1137 317 1203 virtute,
349 1154 528 1208 quam
569 1138 733 1193 fortis
791 1138 899 1193 iste
956 1139 1017 1193 in
1075 1138 1434 1205 infirmitate,
1486 1139 1586 1211 qui
1642 1139 1729 1193 di-

109 1226 300 1282 cebat:
341 1249 362 1274 ι
401 1225 750 1283 Maledictus
780 1226 943 1283 furor
970 1244 1194 1298 eorum,
1245 1229 1383 1299 quia
1440 1228 1730 1301 superbus

108 1320 157 1373 et
179 1314 557 1382 temerarius;
590 1319 648 1371 et
675 1316 762 1370 ira
792 1314 1049 1385 illorum,
1097 1316 1234 1388 quia
1284 1316 1560 1372 indurata
1618 1320 1725 1372 est.

106 1403 353 1459 Dividam
384 1420 485 1459 eos
524 1404 582 1459 in
612 1404 813 1471 Jacob,
846 1409 902 1460 et
931 1406 1263 1477 dispergam
1310 1405 1443 1461 illos
1473 1405 1533 1460 in
1555 1405 1727 1461 Israel

105 1493 245 1563 (Ibid.
280 1496 356 1560 7).
395 1514 421 1541 ››
1068 1566 1073 1569 τ

164 1581 244 1635 39.
277 1582 420 1645 Quis
450 1596 585 1637 vero
605 1587 727 1638 tam
755 1599 1002 1638 canorus
1032 1583 1323 1650 cantibus,
1386 1599 1563 1654 quam
1622 1582 1730 1637 iste

106 1670 346 1738 vocibus,
378 1671 484 1742 qui
515 1675 637 1727 toto
669 1672 908 1727 auditus
937 1676 1026 1728 est
1055 1672 1295 1739 mundo,
1330 1671 1429 1743 qui
1448 1688 1550 1743 per
1606 1688 1729 1727 om-

108 1775 196 1814 nes
248 1759 517 1831 populos,
588 1776 690 1831 per
747 1777 951 1817 omnes
1009 1760 1246 1816 auditur
1291 1760 1534 1817 aetates?
1590 1761 1730 1825 Quis

1843 607 1969 664 cius
2013 608 2458 665 benedictione?
2518 610 2665 675 Quid
2719 609 2943 683 gratius
3000 608 3373 665 aeternitate?
3419 608 3491 664 Et

1841 696 1969 767 ipsa
1996 698 2170 753 verba
2199 703 2339 753 sunt
2365 704 2595 766 cantus,
2628 702 2683 754 et
2715 700 2775 754 in
2823 698 3015 754 verbis
3054 714 3272 770 magna
3326 701 3487 753 voto-

1842 801 1972 840 rum
2007 789 2145 841 sunt
2172 786 2429 858 praemia,
2463 788 2804 843 meritorum
2827 786 3081 859 fastigia.

1912 874 1999 929 4Ι.
2034 875 2181 938 Quid
2214 876 2451 930 suavius
2481 879 2681 931 sancto
2735 875 2975 947 Joseph,
3030 874 3130 946 qui
3188 891 3294 930 nos
3343 874 3487 930 libe-

1840 963 1989 1018 ravit
2025 964 2101 1018 ab
2116 964 2454 1034 cpprobrio,
2486 965 2678 1021 crucis
2711 964 3029 1020 Dominicae
3069 963 3486 1020 sacramento?

1839 1050 2001 1107 Sicut
2029 1051 2185 1106 enim
2212 1050 2589 1107 maledictum
2649 1053 2838 1107 factus
2895 1056 2984 1108 est
3064 1051 3358 1120 Christus,
3420 1054 3486 1107 ut

1840 1138 2216 1196 maledictum
2250 1140 2496 1196 solveret
2530 1141 2697 1213 Legis
2721 1158 2734 1209 ;
2758 1144 2816 1196 et
2836 1144 3139 1213 peccatum
3163 1141 3351 1196 factus
3371 1144 3479 1206 est,

1840 1231 1906 1282 ut
1934 1229 2137 1283 mundi
2162 1233 2464 1300 peccatum
2488 1226 2713 1284 tolleret
2745 1246 2757 1284 :
2782 1228 2863 1283 ita
2882 1228 3259 1300 opprobrium
3294 1228 3485 1285 factus

1838 1321 1947 1383 est,
1979 1321 2044 1372 ut
2071 1316 2418 1390 gentilitatis
2444 1318 2823 1391 opprobrium
2854 1318 3144 1385 auferret;
3187 1317 3289 1373 sed
3339 1316 3484 1373 illud

1838 1405 2219 1477 opprobrium
2269 1405 2481 1461 Christi
2540 1406 2836 1462 thesauris
2885 1405 3112 1479 [Egypti
3169 1405 3485 1477 pretiosius

1839 1494 2194 1549 aestimatum
2215 1498 2323 1549 est.
2355 1495 2425 1548 Et
2453 1494 2580 1550 ideo
2614 1494 2839 1567 Moyses
2894 1494 3113 1551 Pharao
3167 1494 3323 1568 regis
3380 1512 3483 1550 au-

1838 1582 1955 1639 lam
1987 1581 2246 1655 reliquit,
2269 1586 2327 1638 et
2384 1582 2517 1638 ﬁdei
2574 1582 2748 1655 elegit
2802 1582 3208 1655 opprobrium,
3269 1583 3361 1639 cui
3423 1600 3485 1639 se

1839 1671 2153 1744 opprobrio
2184 1672 2372 1727 maria
2402 1672 2759 1728 dividebant.
2794 1673 2922 1744 Ipse
2951 1688 3086 1745 ergo
3108 1670 3483 1745 Nephthalim

1838 1760 1975 1815 vitis
2004 1764 2194 1815 totum
2253 1760 2501 1816 remissa
2557 1772 2660 1831 per
2716 1761 3029 1829 mundum,
3089 1765 3153 1816 ut
3208 1761 3484 1818 omnibus

106 1850 209 1947 tam
239 1849 435 1905 suavis
487 1865 770 1904 numerus
828 1853 1049 1921 septem
1106 1865 1314 1904 vocum
1371 1849 1727 1904 differentias
1760 1883 1808 1947 B
1841 1847 2073 1921 populis
2156 1849 2479 1904 ubertatem
2541 1848 2731 1920 poculi
2790 1848 3070 1920 spiritalis
3126 1850 3479 1907 intunderet.

108 1934 396 1992 oblocutus
452 1938 591 2008 (62),
651 1954 827 2009 quam
884 1938 995 1994 iste
1057 1936 1423 2009 septemplici
1481 1935 1735 2009 Spiritus

105 2023 270 2079 sancti
301 2026 456 2081 478
492 2026 678 2098 gratia
704 2025 1055 2082 resultavit?
1082 2025 1210 2095 (Qui
1253 2024 1389 2081 licet
1454 2025 1734 2081 membris

110 2112 399 2181 resolutus,
434 2119 634 2170 tamen
667 2114 942 2171 attollens
990 2132 1052 2171 se
1110 2114 1328 2181 animo,
1386 2118 1443 2169 et
1502 2114 1733 2186 erigens

108 2200 319 2272 spiritu,
342 2203 609 2275 corporis
640 2204 731 2258 sui
762 2208 1045 2275 tanquam
1090 2204 1324 2260 citharae
1365 2203 1732 2259 harmoniam

108 2288 375 2347 dissoluta
397 2293 802 2348 membrorum
860 2308 1138 2365 compage
1195 2293 1555 2348 destructam
1616 2290 1735 2345 alta

106 2382 280 2433 mente
310 2380 646 2452 despiciens
676 2397 792 2435 non
823 2380 1175 2452 requirebat,
1211 2380 1310 2437 sed
1368 2380 1614 2435 otiosam
1646 2380 1735 2449 ja-

103 2482 213 2522 cere
240 2466 403 2523 humi
439 2469 793 2541 patiebatur.
827 2472 955 2541 Ipse
978 2473 1173 2527 autem
1232 2474 1406 2524 cantu
1468 2485 1530 2524 se
1586 2467 1734 2523 mul-

102 2555 250 2610 cebat
277 2557 532 2624 interno,
567 2563 625 2613 et
671 2558 1007 2630 prophetico
1057 2575 1119 2614 se
1178 2557 1577 2614 modulamine
1634 2558 1731 2613 dc-

102 2640 334 2700 lectabat
363 2646 609 2702 dicens:
646 2670 672 2696 ‹‹
706 2647 737 2702 J
748 2648 879 2714 uda,
912 2651 967 2702 te
997 2647 1325 2703 laudabunt
1357 2647 1562 2701 fratres
1608 2645 1728 2701 tui:

105 2747 295 2788 manus
316 2738 433 2790 tua;
498 2751 674 2806 super
731 2736 973 2792 dorsum
1026 2735 1401 2791 inimicorum
1455 2740 1727 2791 tuorum:

109 2819 414 2877 adorabunt
442 2827 504 2878 te
536 2823 639 2877 ﬁlii
672 2825 855 2895 patris
877 2823 981 2879 tui.
1016 2824 1260 2880 Catulus
1290 2824 1479 2879 leonis
1536 2824 1566 2878 ,Ι
1577 2824 1727 2878 uda:

110 2924 167 2962 ex
190 2911 446 2980 germine
482 2911 604 2966 nihi
637 2913 983 2969 ascendisti:
1048 2913 1397 2968 recumbens
1463 2911 1730 2967 dormisti

113 3005 168 3051 ut
191 2996 296 3064 leo,
328 3005 385 3055 et
405 3005 691 3071 tanquam
725 3002 953 3057 catulus
982 3001 1188 3057 leonis.
1244 3001 1382 3066 Quis
1425 3000 1735 3057 suscitabit

113 3083 260 3141 illum
292 3089 308 3159 (
341 3089 476 3144 Gen.
503 3105 657 3155 XLIX,
691 3090 792 3161 8)?
824 3113 852 3139 η
910 3092 981 3146 Et
1009 3090 1162 3145 infra
1203 3108 1215 3145 :
1254 3113 1283 3139 »
1309 3088 1545 3145 Lavabit
1569 3089 1628 3143 in
1658 3087 1737 3143 vi»

113 3190 177 3229 no
204 3176 407 3233 stolam
441 3195 636 3245 suam,
666 3179 717 3233 ei
746 3178 805 3233 in
836 3178 1123 3252 sanguine
1148 3196 1269 3234 uvae
1319 3176 1733 3233 anaboladium

1844 1938 1973 2009 Ipse
2001 1940 2090 1993 est
2133 1937 2469 2009 ampliatus,
2503 1935 2728 1993 habens
2791 1954 3004 1993 nomen
3081 1954 3258 2009 super
3313 1954 3486 1995 omne

1845 2042 2077 2095 nomen,
2119 2025 2219 2097 qui
2252 2025 2529 2097 quoniam
2562 2040 2622 2080 se
2656 2042 2759 2097 pro
2789 2026 3062 2081 omnibus
3091 2026 3305 2083 obtulit
3336 2044 3487 2083 mor-

1844 2115 1906 2183 ti,
1942 2114 2071 2169 ideo
2104 2114 2327 2169 audivit
2356 2130 2390 2168 a
2416 2114 2585 2169 Patre
2622 2132 2635 2171 :
2669 2137 2697 2165 «
2728 2114 2813 2169 Ad
2847 2131 2941 2170 me
2968 2119 3273 2171 revertere.
3310 2138 3331 2164 ι
3377 2116 3483 2172 Lo-

1843 2204 2132 2275 quebatur
2159 2203 2359 2270 Jacob,
2393 2207 2451 2258 et
2481 2203 2634 2259 Deus
2684 2202 3047 2259 audiebatur.
3108 2204 3209 2260 Ille
3248 2204 3486 2261 benedi-

1842 2292 2029 2359 cebat,
2061 2296 2116 2347 et
2138 2292 2293 2348 Deus
2324 2292 2677 2363 personabat
2712 2292 2914 2348 dicens
2973 2292 3127 2348 Flio:
3166 2316 3193 2343 «
3250 2294 3339 2348 Ad
3393 2310 3488 2349 me

1843 2385 2146 2447 revertere,
2184 2404 2209 2427 ››
2271 2379 2379 2435 hoc
2445 2384 2553 2448 est,
2606 2384 2738 2452 post
2787 2380 3122 2452 passionem
3180 2385 3485 2438 revertere.

1846 2469 2150 2525 Revertere
2181 2469 2253 2525 ad
2287 2469 2485 2525 sedem
2516 2473 2700 2537 tuam,
2742 2473 3024 2525 revertere
3080 2487 3214 2525 cum
3245 2474 3485 2543 tropaeo,

1845 2561 2131 2613 revertere
2191 2558 2261 2613 ad
2317 2573 2449 2625 me;
2510 2561 2577 2612 ut
2633 2561 2689 2613 te
2738 2562 3140 2630 resurgentem
3225 2558 3486 2615 defuncti

1844 2651 2190 2717 sequantur,
2222 2650 2278 2702 et
2306 2650 2409 2701 tua
2438 2649 2723 2718 potestate
2745 2646 2985 2718 pariter,
3006 2651 3194 2718 atque
3224 2645 3487 2718 exemplo

1843 2739 2183 2807 resurgant,
2215 2739 2279 2789 ut
2310 2736 2417 2790 fias
2451 2734 2876 2807 primogenitus
2905 2752 2973 2790 ex
3002 2735 3272 2803 mortuis,
3305 2738 3370 2789 ut
3412 2735 3483 2790 ad

1843 2823 2137 2878 dexteram
2205 2824 2407 2879 sedeas
2464 2823 2670 2878 Patris.
2732 2823 2894 2879 Unde
2950 2828 3007 2878 et
3064 2821 3244 2878 Filius
3302 2822 3481 2878 dixit:

1847 2934 1868 2960 ι
1905 2912 2131 2968 Amodo
2164 2912 2435 2968 videbitis
2489 2912 2699 2967 Filium
2747 2911 3005 2967 hominis
3062 2912 3361 2968 sedentem
3410 2911 3483 2968 ad

1845 3000 2140 3056 dexteram
2172 3000 2403 3056 virtutis
2437 2999 2535 3056 Dei
2565 3001 2767 3072 (Matth.
2800 3017 2952 3067 xxvr,
2979 3000 3090 3072 64).
3123 3022 3151 3052 ››

1917 3090 2005 3143 42.
2040 3089 2218 3160 Neget
2250 3089 2382 3160 quis
2450 3090 2688 3145 beatum
2747 3089 2925 3145 Jacob
2983 3088 3043 3145 in
3101 3088 3229 3160 ipso
3285 3088 3514 3144 mortis~

1848 3193 2148 3249 supremo,
2174 3178 2274 3249 qui
2299 3176 2495 3232 divina
2524 3177 2805 3233 fundebat
2832 3176 3069 3232 oracula
3087 3176 3115 3231 ‘I
3135 3177 3317 3249 Neget
3335 3179 3491 3233 474

114 3278 288 3321 suum.
322 3265 550 3322 Hilares
582 3266 735 3322 oculi
766 3269 894 3338 ejus
921 3249 1138 3334 a—vino,
1167 3272 1223 3322 et
1279 3268 1481 3322 dentes
1538 3265 1735 3321 candi-
1768 3249 1810 3316 C
1851 3265 2090 3320 beatum
2120 3264 2337 3336 Joseph
2369 3264 2428 3318 in
2460 3281 2708 3333 carcere,
2766 3264 2866 3319 ubi
2922 3263 3222 3335 sapientia:
3279 3263 3490 3334 spiritu

114 3350 285 3407 diores
326 3353 479 3410 lacte
527 3355 686 3425 (Ibid.
722 3356 782 3410 11
843 3362 893 3411 et
925 3356 1032 3426 12).
1071 3378 1099 3405 ››
1159 3355 1300 3419 Quis
1348 3359 1555 3410 cantus
1614 3354 1740 3409 dul-

114 3437 237 3505 cior,
263 3442 395 3513 quis
425 3460 615 3499 sonus
644 3442 896 3511 suavior,
933 3460 1115 3514 quam
1147 3442 1414 3499 remissio
1472 3447 1740 3514 peccato-

116 3542 247 3595 rum,
289 3535 346 3586 et
393 3532 745 3588 resurrectio
804 3536 1168 3587 mortuorum
1198 3532 1226 3586 ?
1282 3532 1448 3587 Hunc
1505 3536 1741 3585 cantum

114 3622 328 3675 sanctus
360 3620 570 3684 David,
603 3620 700 3677 ille
730 3620 934 3676 divinae
963 3637 1252 3693 organum
1302 3621 1486 3685 vocis,
1519 3624 1577 3675 et
1634 3620 1738 3675 do-

117 3705 296 3762 minici
322 3708 618 3764 sermonis
644 3709 928 3780 interpres
959 3708 1182 3764 cithara
1210 3709 1420 3764 cecinit
1467 3706 1736 3779 spiritali.

119 3791 205 3851 His
224 3796 479 3853 modulis
510 3797 708 3869 gratiae
738 3797 1051 3853 sublimem
1080 3796 1244 3852 illum
1278 3798 1541 3852 animum
1574 3812 1737 3851 men-

119 3885 331 3956 temque
362 3885 680 3942 mulcebat.
716 3886 834 3941 Hoc
865 3890 1041 3942 cantu
1075 3886 1279 3940 mundi
1312 3885 1485 3941 istius
1536 3902 1744 3957 aspera

120 3971 406 4045 mitigavit,
442 3975 554 4029 hoc
603 3975 795 4030 sonitu
857 3973 1053 4029 saeculi
1100 3975 1249 4029 dura
1308 3972 1575 4040 mollivit,
1637 3973 1742 4029 hoc

123 4059 370 4128 psalterio
400 4067 686 4118 terrorem
719 4063 928 4117 mortis
977 4062 1230 4133 infregit,
1291 4062 1399 4116 hac
1462 4061 1746 4117 suavitate

123 4146 452 4206 chordarum
486 4150 713 4206 inferna
740 4150 1004 4207 calcavit.

182 4237 261 4291 40.
289 4240 396 4294 Sed
430 4238 743 4295 audiamus
775 4239 950 4294 etiam
990 4237 1105 4293 alia
1134 4254 1261 4309 qua
1294 4242 1537 4293 sanctus
1566 4238 1746 4293 Jacob

124 4325 428 4393 patriarcha
450 4327 783 4384 admirabili
816 4326 917 4383 illo
946 4344 1067 4383 sum
1117 4343 1335 4397 organo
1387 4326 1601 4382 mentis
1656 4327 1747 4381 in-

125 4415 355 4486 crepuit:
407 4439 433 4466 ››
498 4415 878 4488 Nephthalim
936 4415 1070 4471 vitis
1125 4415 1392 4481 remissa,
1444 4418 1747 4487 porrigens

125 4499 174 4553 in
203 4505 455 4573 germine
490 4520 596 4559 suo
628 4505 918 4560 decorem.
979 4503 1159 4558 Filius
1211 4520 1378 4559 meus
1433 4504 1750 4576 ampliatus

1851 3351 2351 3424 interpretabatur
2380 3352 2745 3408 somniorum
2777 3367 2906 3424 qua:
2946 3350 3229 3413 audierat,
3288 3351 3494 3407 verita-

1850 3444 1991 3507 tem,
2024 3445 2080 3496 et
2109 3441 2438 3496 futurorum
2470 3441 2677 3496 seriem
2699 3438 2991 3496 revelabat
3018 3438 3237 3512 ?Neget
3255 3438 3492 3495 beatum

1852 3530 2091 3599 Isaiam,
2124 3545 2259 3584 cum
2290 3529 2523 3584 medius
2568 3533 2895 3595 secaretur;
2961 3527 3298 3594 Jeremiam,
3358 3545 3493 3584 cum

1852 3622 2251 3690 mergeretur,
2306 3616 2507 3672 Daniel
2565 3621 2856 3685 sanctum,
2912 3633 3044 3672 cum
3084 3616 3246 3672 inter
3299 3614 3495 3672 leones

1852 3709 2036 3762 staret
2063 3706 2413 3778 intrepidus,
2445 3710 2501 3761 et
2527 3706 2840 3778 prandium
2872 3705 2924 3761 ei
2953 3709 3158 3778 raptus
3187 3704 3261 3761 ab
3291 3704 3496 3777 angelo

1853 3794 2139 3866 propheta
2167 3793 2453 3849 deferret?
2483 3794 2607 3850 Non
2642 3795 2845 3866 utique
2890 3793 3021 3849 ideo
3080 3794 3307 3861 beatus,
3358 3793 3499 3864 quia

1854 3882 2107 3938 alienum
2147 3883 2469 3955 prandebat
2516 3883 2865 3955 prandium:
2923 3882 3025 3937 sed
3083 3881 3222 3954 quia
3274 3880 3498 3937 meritis

1854 3971 1978 4026 suis
2012 3972 2266 4042 impasta
2294 3970 2529 4027 leonum
2561 3988 2663 4027 ora
2718 3970 3041 4027 claudebat.
3104 3970 3246 4035 Quis
3302 3972 3497 4024 autem

1856 4077 1970 4115 non
2002 4060 2235 4114 beatam
2266 4058 2472 4114 dixerit
2516 4064 2765 4116 matrem
2823 4057 3308 4124 Machabmorum,
3370 4073 3498 4128 quae

1856 4154 2076 4220 septem
2111 4147 2367 4202 filiorum
2401 4148 2708 4203 funeribus
2736 4152 3000 4203 octavam
3032 4162 3095 4202 se
3138 4144 3362 4201 addidit
3426 4145 3499 4201 ad

1858 4236 2091 4291 laudem
2118 4234 2366 4291 caelestis
2390 4234 2719 4307 triumphi?

2509 4341 2736 4397 CAPUT
2777 4341 2841 4396 X.

1860 4433 2092 4499 Quanta?
2126 4430 2279 4485 laudi
2325 4432 2537 4501 fuerint
2586 4429 2849 4485 sacerdoti
2914 4430 3177 4485 Eleazaro
3226 4429 3505 4501 supplicia

1929 4510 2242 4574 constanter
2284 4503 2536 4568 tolerata,
2588 4509 2809 4573 propter
2864 4517 2983 4574 quae
3038 4516 3160 4556 vere
3216 4500 3402 4555 beatus
3431 4502 3506 4556 sit

122 4585 341 4678 loseph,
377 4591 538 4647 ﬁlius
571 4609 740 4648 meus
800 4591 1217 4664 adampliatus,
1276 4591 1397 4647 zelo
1456 4573 1746 4664 appetitus

1926 4573 2275 4646 judicandus.

128 4672 267 4733 filius
297 4696 485 4748 meus,
517 4680 674 4736 filius
706 4697 873 4736 meus
905 4678 1347 4746 adolescentior,
1379 4681 1451 4735 ad
1504 4697 1596 4736 me
1654 4698 1747 4737 re-

126 4770 327 4822 vertere
409 4769 568 4839 (Ibid.
630 4770 718 4837 21,
780 4769 949 4840 22).»
1008 4769 1077 4823 Et
1133 4769 1319 4823 infra:
1356 4791 1383 4819 n
1444 4769 1751 4825 Prtevuluit

130 4866 287 4924 super
305 4856 739 4914 benedictiones
769 4858 1060 4913 montium
1104 4857 1493 4926 manentium,
1539 4863 1596 4914 et
1650 4860 1747 4914 de-

191 5048 791 5129 (69)__S_cili_cet_scri_bae
834 5069 907 5129 ac
958 5052 1308 5129 sacerdotes,
1364 5054 1429 5106 ut
1474 5052 1600 5124 ipse
1654 5069 1750 5108 ex-

132 5120 407 5195 ponitlib.
442 5124 513 5178 De
543 5123 727 5180 bened.
758 5123 1060 5195 patriarch.
1095 5139 1220 5193 cap.
1252 5123 1310 5195 3.

194 5188 296 5260 (6|)
328 5192 492 5250 Rom.
524 5195 662 5250 edit.
699 5188 843 5260 sola,
894 5199 945 5250 et
1000 5196 1058 5249 in
1117 5188 1343 5249 consilio
1401 5209 1585 5249 eorum
1643 5211 1753 5248 non

131 5261 501 5336 Contendant...
532 5270 691 5336 furor
719 5282 930 5331 eorum,
964 5267 1094 5336 quia
1116 5266 1392 5336 pertinax.

195 5331 298 5402 (62)
377 5334 461 5390 Ita
532 5331 676 5392 mss.
708 5331 1284 5398 Tbeod.,'Val'Vict.
1343 5341 1401 5391 et
1429 5335 1592 5392 Colb.
1641 5336 1753 5390 Alii

132 5412 251 5477 vero
289 5405 417 5471 Quis
468 5415 581 5462 tam
634 5410 818 5463 suavis
877 5407 1150 5477 (Thuan.,
1183 5408 1368 5477 starve)
1418 5424 1610 5463 nomen
1643 5408 1757 5475 ejus

132 5475 313 5550 teptem
336 5492 520 5532 vocum
549 5479 862 5550 di/Ierentia
882 5475 1178 5534 oblocutus.
1214 5475 1364 5533 Edit.
1425 5486 1562 5539 vet...
1625 5481 1758 5546 Quis

137 5546 237 5595 tam
289 5550 521 5603 suaviter
573 5546 769 5621 septem
818 5566 1006 5605 vocum
1061 5550 1404 5675 (hyerentias
1461 5551 1754 5604 oblocutus.

140 5608 290 5669 Rom.
323 5618 592 5675 denique.
625 5624 755 5675 Θαίς
785 5625 899 5675 tam
947 5622 1103 5675 suavi
1146 5637 1208 5674 us
1266 5622 1507 5675 numeris
1563 5629 1754 5675 sentem

140 5608 290 5669 Rom.
323 5618 592 5691 denique,
624 5608 755 5691 'Quis
785 5625 899 5676 tam
947 5608 1208 5676 suavibus
1266 5622 1516 5691 numeris
1563 5629 1760 5691 septem

138 5694 313 5740 vocum
341 5689 610 5749 oblocutus
647 5689 1010 5749 discrimina.
1046 5695 1211 5747 Forte
1259 5691 1413 5761 quod
1468 5689 1761 5747 videretur

1931 4681 2018 4734 43.
2054 4684 2167 4734 .\‘ec
2196 4682 2272 4745 te,
2306 4677 2592 4746 Eleazare,
2654 4678 3123 4750 praetermittam,
3157 4680 3356 4751 utpote
3411 4694 3503 4733 sa-

1862 4769 2152 4824 cerdotem
2180 4768 2473 4833 sacerdos,
2507 4768 2607 4823 sed
2639 4767 2757 4823 tuis
2782 4767 3085 4838 juvandus
3117 4766 3228 4839 (63)
3285 4765 3501 4821 oratis:

1864 4858 1964 4929 qui
2024 4873 2200 4929 genre
2264 4857 2559 4927 sacerdos,
2614 4856 2838 4929 peritus
2898 4856 2956 4911 in
3021 4855 3172 4927 lege,
3235 4857 3505 4909 maturus

1862 5050 2211 5109 Ambrosius
2243 5050 2514 5106 allusisse
2569 5051 2642 5106 ad
2693 5050 2837 5105 illud
2893 5047 3079 5120 Virgil
3134 5064 3192 5102 v1
3248 5046 3503 5102 1Eneid.:

1988 5155 2326 5218 Oblioquitur
2348 5156 2586 5204 numeris
2611 5158 2814 5218 septem
2835 5153 3143 5204 discrimina
3169 5164 3381 5201 vocum.

1933 5264 2024 5331 63)
2059 5262 2275 5317 Omnes
2315 5262 2455 5316 edit.
2516 5278 2582 5315 ac
2635 5260 2830 5332 plures
2880 5277 3053 5325 mss.,
3094 5262 3295 5332 utpote
3328 5273 3511 5314 sacer-

1863 5330 2047 5389 dotum
2080 5332 2350 5397 sacerdos,
2382 5332 2616 5403 sedqtuis
2631 5330 2927 5403 juvandus.
2979 5330 3165 5403 Rom.
3188 5330 3395 5403 Aedit.,_
3429 5331 3512 5403 iu-

1869 5405 2107 5460 vandum
2137 5405 2330 5470 matis.
2366 5401 2594 5473 Optime
2626 5401 2751 5459 cod.
2783 5406 2985 5459 Torn..
3010 5401 3230 5458 Theod.
3263 5406 3322 5457 et
3351 5401 3510 5473 Vale,

1866 5487 1927 5532 ut
1952 5481 2077 5547 pote
2105 5472 2435 5529 sacerdotem
2459 5475 2731 5547 sacerdos,
2783 5481 2893 5530 etc.
2958 5475 3184 5547 Rursus
3215 5489 3363 5547 mss.
3407 5472 3512 5528 ali-

1867 5544 2031 5620 quot,
2066 5552 2121 5601 et
2153 5550 2374 5601 cuncta:
2408 5544 2575 5620 edit.,_
2602 5549 2701 5620 qui
2729 5562 2925 5620 genere
2968 5545 3236 5620 sacerdos,
3292 5544 3515 5620 aliquot

1869 5614 1987 5685 alii,
2040 5620 2138 5690 qui
2192 5633 2360 5690 genus
2388 5614 3083 5690 sacerdotalej'l‘huanmc
3142 5614 3513 5689 Remigfle-

1872 5687 2165 5763 gunt,'qui
2192 5687 2367 5759 gentis
2393 5687 2657 5745 sacerdos.
