3830 6206
325 375 443 444 663

1774 376 1840 439 S.
1884 371 2257 438 AMBROSII

3571 377 3667 440 θαι

329 514 450 582 aevi,
483 529 618 570 cum
645 511 876 570 oblatus
903 529 1062 571 esses
1086 509 1365 570 Antiocho
1423 510 1800 584 persecutori,
1857 525 1958 563 nec
1990 510 2043 575 Α
2073 507 2251 563 animi
2284 507 2463 565 victor
2500 523 2627 565 esse
2671 523 3000 581 poenarum,
3057 505 3398 580 pietatisque
3458 507 3665 582 remigio

325 604 568 660 tentatis
598 605 838 677 potuisti
885 603 1034 675 capi,
1095 619 1198 657 nec
1257 601 1507 674 praemiis
1567 600 1802 665 innecti,
1861 613 1964 652 nec

325 693 749 765 suppliciorum
781 692 1196 748 acerbitatibus
1241 690 1423 761 trangi
1449 691 1521 758 (II
1553 690 1730 745 Much.
1760 705 1833 754 vn,
1869 688 1964 740 18-

331 783 444 851 30).
479 783 735 852 Denique
767 799 802 836 a
835 781 1254 836 blandimentis
1312 781 1504 850 ccepit,
1557 779 1697 849 quia
1734 777 1964 848 judica-

329 870 433 926 bat
461 875 748 925 tormenta
791 887 898 924 sua
948 885 1117 941 posse
1175 868 1459 940 superari.
1521 868 1827 929 Erubesco,
1881 865 1965 918 in-

332 960 479 1030 quit,
511 958 778 1013 canitiem
814 963 998 1024 tuam,
1033 974 1297 1012 revereor
1352 959 1730 1018 senectutem,
1791 953 1970 1008 miror

330 1048 740 1119 prudentiam:
775 1064 879 1102 cur
916 1047 1330 1101 abstinendum
1365 1043 1532 1099 bonis
1563 1043 1751 1114 epulis
1803 1046 1969 1113 putes

329 1152 478 1208 quas
509 1141 718 1190 natura
747 1135 1034 1207 largitur?
1079 1134 1293 1190 Relaxa
1353 1133 1684 1187 istiusmodi
1717 1130 1968 1202 pervica-

332 1223 933 1296 ciam,expergiscerc
980 1222 1314 1294 aliquando,
1372 1223 1512 1276 dum
1570 1221 1759 1275 adhuc
1819 1217 1970 1272 malo

333 1312 436 1370 tibi
469 1316 839 1386 persuadere,
871 1330 1047 1384 quam
1090 1318 1464 1384 extorquere;
1500 1327 1570 1365 ne
1615 1311 1800 1364 victus
1832 1325 1972 1379 sup-

333 1401 528 1474 pliciis
560 1402 757 1467 facias,
807 1403 956 1472 quod
1002 1402 1218 1455 refutas
1251 1401 1472 1454 ratione
1535 1399 1832 1453 invitatus.
1886 1396 1971 1450 Ad

333 1487 454 1543 haec
486 1490 786 1560 respondit
816 1505 1026 1543 senex:
1062 1489 1196 1553 Nos,
1246 1487 1548 1555 Antioche,
1609 1503 1723 1541 non
1785 1486 1972 1540 inten-

335 1577 490 1632 tione
511 1578 623 1647 (6-4)
654 1578 943 1643 ducimur,
976 1578 1075 1632 sed
1110 1577 1432 1632 reverentia
1477 1576 1624 1646 legis
1682 1580 1970 1638 tenemur,

333 1681 460 1736 qua:
493 1683 528 1720 a
556 1665 730 1721 suilla
759 1683 931 1721 carne
962 1665 1373 1720 abstinendum
1402 1665 1680 1735 praecipit.
1711 1661 1976 1717 Pulcher-

335 1753 545 1809 rimam
569 1755 802 1826 judieas
825 1759 1182 1820 creaturam;
1217 1770 1428 1826 negare.
1459 1759 1651 1808 tamen
1668 1769 1780 1807 non
1813 1755 1976 1822 potes

336 1843 489 1914 quod
517 1843 704 1915 potior
729 1843 805 1898 sit
831 1843 1231 1914 temperantia,
1263 1859 1439 1913 quam
1469 1841 1759 1912 voluptas,
1792 1839 1980 1912 potior

335 1929 484 2004 legis
505 1931 852 1998 obedientia,
889 1948 1064 2003 quam
1098 1930 1510 2002 praevaricatio.
1564 1930 1726 1993 Quod
1778 1929 1825 1984 si
1868 1928 1978 1982 hoc

335 2020 459 2076 leve
489 2025 679 2092 putas,
713 2024 778 2074 ut
807 2037 980 2074 carne
1007 2036 1314 2075 vescamur
1354 2018 1564 2073 suilla:
1599 2018 1699 2088 qui
1750 2017 1807 2070 in
1867 2016 1977 2070 mi-

337 2109 515 2164 nimis
562 2109 748 2180 legem
792 2108 1227 2178 contempserit,
1284 2107 1575 2178 quomodo
1632 2107 1690 2159 in
1751 2103 1979 2177 magnis

335 2197 604 2252 tenebit?
635 2201 749 2252 Aut
780 2197 828 2251 si
860 2196 1118 2267 pretiosa
1147 2200 1234 2250 est
1274 2200 1541 2250 creatura
1599 2193 1934 2264 hujusmodi
1963 2210 1974 2258 ;

336 2284 680 2350 vindicaris,
713 2301 847 2339 cum
878 2301 943 2338 eo
976 2284 1127 2354 quod
1154 2284 1228 2337 sit
1252 2282 1729 2354 pulcherrimum,
1755 2281 1979 2336 defrau-

339 2373 570 2428 damur.
603 2373 977 2426 Abstinentia
1026 2375 1218 2425 autem
1278 2376 1476 2425 nostra
1532 2369 1844 2441 disciplina
1891 2375 1979 2423 est

340 2459 721 2516 castimoniae.
779 2460 1072 2516 Discimus
1132 2459 1288 2513 enim
1347 2475 1603 2514 resecare
1661 2457 1974 2524 luxuriam,

339 2549 692 2620 cupiditates
758 2549 1007 2610 vincere,
1081 2547 1384 2604 excludere
1454 2547 1974 2618 concupiscentiae,

339 2637 824 2694 delectationibus
854 2636 1109 2708 corporis
1132 2637 1384 2692 obviare.
1424 2636 1805 2692 Fortitudinis
1835 2653 1976 2707 quo-

339 2743 453 2798 que
490 2726 827 2783 exercitium
859 2730 966 2791 est,
991 2727 1178 2798 pomis
1239 2743 1340 2796 pro
1401 2724 1526 2796 lege
1578 2741 1691 2778 non
1752 2724 1973 2778 cedere.

338 2815 588 2870 Justitiie
640 2832 873 2886 quoque
906 2815 1134 2884 insigne
1166 2819 1338 2885 atque
1372 2814 1711 2884 prudentia),
1739 2818 1800 2866 ut
1822 2812 1976 2884 quod

343 2904 707 2973 sequendum
724 2903 1012 2974 elegimus
1043 2903 1248 2957 timore
1280 2902 1399 2968 Dei,
1445 2907 1626 2956 morte
1683 2902 1981 2972 proposita

343 3005 724 3046 reservemus.
756 2991 896 3054 Quis
927 3007 1120 3045 escam
1155 2991 1399 3061 imperet
1420 2989 1618 3045 liberis
1642 2991 1669 3043 ‘?
1713 2991 1818 3053 Qui
1877 3007 1979 3044 au-

343 3081 462 3134 tem
495 3095 558 3134 se
589 3079 897 3134 ridendum
931 3079 1182 3150 praebeat
1213 3083 1275 3134 ut
1305 3079 1365 3133 in
1395 3079 1502 3133 hoc
1533 3079 1765 3143 serviat,
1790 3082 1847 3133 et
1864 3095 1977 3132 non

342 3167 629 3222 ridebitur
657 3167 966 3238 (65)?Non
1007 3184 1141 3222 sum
1172 3167 1253 3222 ita
1309 3183 1502 3234 senex,
1564 3171 1627 3222 ut
1675 3167 1818 3222 mihi
1865 3183 1979 3223 non

333 3256 676 3327 juvenescat
700 3256 880 3312 animi
905 3257 1200 3312 fortitudo.

414 3345 500 3399 44.
529 3346 864 3417 Suspensus
896 3347 1092 3416 itaque
1124 3362 1257 3400 cum
1291 3346 1424 3400 hinc
1457 3349 1630 3417 atque
1671 3346 1802 3401 inde
1850 3361 1985 3418 gra-

2077 613 2305 652 servare
2337 599 2622 670 integram
2660 598 2713 652 in
2770 597 2948 652 tantis
3008 595 3281 652 ﬂuctibus
3334 596 3670 668 passionem?

2716 712 2950 767 CAPUT
2985 711 3080 766 XI.

2077 803 2503 874 De__admirabili
2528 803 2794 874 patientia
2825 817 2888 855 ac
2907 801 3229 871 fortitudine
3247 805 3449 874 septeni
3469 803 3670 868 fratrum

2147 871 2594 934 Machabazoruin,
2657 873 2849 944 quibus
2905 876 3079 944 mater
3124 876 3309 926 octava
3351 872 3525 926 addita
3563 875 3668 941 luit,

2149 953 2245 1014 qui
2273 948 2387 1000 suis
2428 943 2711 1016 suppliciis
2741 945 3001 998 meritum
3046 943 3220 998 beata
3276 945 3403 998 vitm
3449 945 3672 1014 acquisie-

2159 1025 2308 1076 runt.

2151 1134 2623 1204 45.Postipsum
2656 1128 2856 1186 statuti
2887 1131 3026 1183 sunt
3083 1127 3247 1199 pueri
3304 1131 3512 1200 septem
3563 1143 3672 1181 cum

2081 1231 2265 1281 matre
2297 1224 2370 1294 (II
2397 1223 2562 1277 Much.
2600 1235 2697 1286 vn,
2735 1219 2898 1288 1-41).
2937 1215 3227 1272 Insultare
3273 1215 3402 1271 licet
3445 1220 3672 1287 tyranno,

2082 1314 2180 1387 qui
2212 1315 2352 1368 dum
2385 1311 2590 1367 callide
2621 1327 2652 1363 a
2683 1324 2821 1364 sene
2842 1306 3240 1378 incipiendum
3299 1309 3473 1378 putat,
3527 1305 3676 1375 magi-

2083 1407 2270 1458 strum
2301 1399 2462 1472 eligit
2491 1415 2605 1469 quo
2635 1395 2954 1468 discipulos
2986 1396 3199 1449 faceret
3233 1394 3503 1458 fortiores,
3559 1410 3675 1465 quo-

2083 1508 2213 1547 rum
2245 1489 2402 1544 velut
2434 1487 2713 1559 puerilem
2741 1490 2968 1540 aetatem
3000 1483 3257 1554 prmmiis
3288 1479 3674 1555 provocabatad

2083 1579 2337 1651 culpam,
2372 1577 2613 1647 urgebat
2645 1575 2965 1630 terroribus
2996 1573 3067 1626 ad
3092 1571 3478 1626 formidinem.
3507 1575 3570 1625 At
3613 1569 3677 1623 illi

2085 1685 2199 1724 non
2219 1669 2531 1738 degeneres
2582 1666 2741 1719 tanto
2789 1663 2935 1716 duce
2988 1659 3377 1732 respondent:
3417 1658 3552 1723 Quid
3594 1673 3679 1712 nos

2085 1754 2409 1814 contemnis
2439 1753 2526 1808 vel
2558 1750 3012 1815 circumscribis,
3049 1753 3112 1803 ut
3143 1761 3354 1818 pueros
3394 1746 3542 1817 (66)?
3590 1746 3678 1801 Sed

2090 1847 2232 1901 fides
2292 1860 2437 1899 cana
2501 1846 2609 1905 est,
2663 1841 2765 1896 sed
2819 1837 3009 1893 valida
3067 1835 3396 1908 disciplina.
3457 1835 3681 1908 Experire

2088 1939 2258 1998 certe,
2290 1932 2510 2003 subjice
2540 1929 2754 2002 quibus
2785 1926 2972 2000 placet
3002 1925 3190 1998 pcenis
3221 1925 3459 1998 puerilia
3476 1923 3677 1986 viscera,

2087 2041 2203 2079 non
2237 2021 2492 2077 invenies
2524 2018 2698 2074 corda
2729 2015 3012 2088 puerilia:
3040 2030 3143 2069 nec
3179 2013 3520 2086 potentiores
3543 2021 3679 2067 erunt

2090 2115 2512 2169 tormentorum
2546 2106 2851 2171 machinae,
2887 2102 3351 2176 quamlegitimze
3381 2101 3680 2157 observatio-

2087 2202 2180 2256 nis
2211 2198 2484 2255 excubize.
2519 2197 2698 2260 Quem
2719 2193 2856 2248 vicit
2886 2195 3182 2257 senectus,
3205 2189 3494 2262 superabit
3512 2187 3682 2243 aemula

2088 2288 2404 2345 senectutis
2429 2285 2694 2358 pueritia.
2717 2282 3032 2352 Sequimur
3056 2283 3286 2352 patrem
3311 2279 3430 2345 ﬁlii,
3454 2275 3680 2348 discipuli

2086 2380 2402 2434 doctorem.
2426 2373 2642 2446 Collige
2669 2371 3088 2444 suppliciorum
3113 2369 3499 2425 instrumenta
3518 2382 3684 2438 propo-

2088 2467 2200 2523 sita
2226 2485 2237 2521 :
2272 2463 2707 2521 meditationem
2734 2459 3048 2532 patientia,
3081 2475 3201 2512 non
3233 2463 3501 2514 terrorem
3532 2455 3682 2510 infan-

2088 2558 2177 2610 tia:
2209 2556 2457 2610 afferunt
2488 2552 2620 2622 (67),
2654 2551 2797 2604 dum
2822 2549 3108 2602 videntur.

2158 2646 2245 2699 46.
2279 2643 2468 2698 Jussit
2500 2639 2823 2695 maximum
2856 2641 2994 2692 natu
3026 2635 3181 2708 eligi.
3240 2639 3309 2692 At
3357 2633 3448 2690 ille
3491 2633 3682 2687 ridens:

2090 2735 2280 2799 Recte,
2312 2731 2524 2803 inquit,
2555 2733 2772 2784 natura:
2804 2726 3069 2782 ordinem
3103 2739 3324 2779 servas.
3359 2723 3462 2778 Sed
3492 2737 3584 2775 cur
3604 2717 3680 2774 Dei

2089 2821 2275 2892 legem
2306 2816 2707 2874 temerandam
2738 2811 2952 2885 putas?
2984 2813 3050 2867 Et
3082 2827 3185 2883 pro
3220 2810 3432 2884 pietate
3483 2805 3680 2881 quidem

2088 2925 2291 2965 omnes
2324 2906 2561 2962 maximi
2594 2920 2837 2959 sumus:
2864 2903 2971 2958 sed
2997 2905 3194 2957 tamen
3231 2919 3265 2956 a
3287 2913 3376 2956 me
3397 2899 3683 2954 inchoatum

2090 2997 2333 3070 gaudeo.
2351 2996 2497 3061 Quid
2514 2993 2750 3066 quaeris,
2779 2996 3022 3064 tyranne
3034 2991 3062 3044 ?
3075 2991 3193 3046 Con
3205 2990 3480 3046 fiteornos
3494 2999 3686 3043 summo

2091 3092 2204 3142 Deo
2235 3086 2466 3152 servire,
2491 3089 2548 3138 et
2577 3084 2747 3138 doces
2777 3082 2916 3153 quid
2957 3095 3125 3151 agere
3173 3079 3506 3135 debeamus.
3553 3073 3602 3130 Si
3639 3078 3684 3126 tu

2094 3179 2256 3231 tanta
2286 3173 2604 3247 pertinacia
2631 3172 2718 3226 vis
2748 3174 3092 3241 extorquere
3116 3168 3438 3233 veritatem,
3472 3181 3566 3221 cur
3597 3177 3684 3218 non

2015 3241 2057 3308 (ἶ
2096 3265 2254 3320 omni
2286 3241 2497 3318 virtute
2528 3277 2634 3316 nos
2656 3275 2784 3315 eam
2835 3259 3147 3314 tenendam
3212 3257 3523 3330 putemus?
3570 3250 3684 3316 Quid

2095 3353 2312 3426 plura?
2342 3349 2707 3405 Adhibentur
2725 3347 3018 3402 variarum
3043 3361 3261 3419 genera
3284 3358 3585 3417 poenarum.
3601 3337 3684 3395 Sed

339 3434 486 3488 viter
511 3435 868 3501 verberatur,
903 3451 1008 3490 nec
1035 3436 1161 3506 jam
1195 3435 1411 3491 ferrent
1461 3434 1667 3490 senilia
1723 3436 1986 3490 membra
2091 3442 2226 3497 vicit
2245 3437 2825 3513 pietasimmanitatis
2848 3435 3134 3490 furorem:
3156 3434 3396 3490 exclusa
3411 3429 3687 3490 estanima,

338 3522 645 3578 verberum
679 3540 900 3594 poenas,
938 3523 1171 3580 lassatis
1221 3523 1592 3579 carnificibus
1660 3529 1832 3595 atque
1887 3541 1982 3579 ex-

338 3609 692 3678 tensoribus,
725 3610 784 3665 in
815 3616 1028 3666 terram
1053 3613 1309 3667 deﬂexus
1330 3611 1704 3667 inﬂexibilem
1729 3617 1981 3667 mentem

335 3698 592 3770 gerebat.
631 3699 699 3752 Et
727 3699 966 3769 quidam
1001 3717 1101 3755 seu
1133 3701 1450 3772 longaevam
1499 3701 1810 3755 miseratus
1848 3706 1980 3755 aeta-

333 3791 475 3854 tem,
519 3803 623 3841 seu
677 3788 1056 3842 tentamentis
1115 3790 1535 3844 circumvenire
1594 3789 1976 3845 desiderans:

330 3874 655 3946 Responde,
688 3875 901 3947 inquit,
933 3878 1337 3932 tantummodo
1370 3878 1520 3933 475
1557 3882 1611 3932 te
1656 3879 1979 3933 manduca-

329 3967 563 4019 turum:
599 3980 705 4019 nos
737 3968 790 4019 te
821 3981 970 4020 escae
1011 3966 1136 4034 ejus
1170 3964 1492 4020 immunem
1545 3967 1972 4036 praestabimus.

327 4051 526 4109 Atille
567 4051 871 4108 clamans:
938 4053 1344 4124 Nequaquam,
1412 4054 1623 4125 inquit,
1681 4056 1978 4126 contingat

329 4139 494 4205 mihi,
528 4145 594 4195 ut
621 4142 756 4196 ﬁam
791 4157 964 4196 senex
1025 4141 1382 4196 incentivum
1407 4142 1684 4210 juvenilis
1738 4143 1972 4210 erroris,

327 4228 428 4299 qui
452 4228 564 4283 huc
595 4245 780 4300 usque
811 4245 969 4284 eram
1006 4232 1190 4284 torma
1240 4230 1512 4285 salutaris
1559 4231 1832 4286 instituti.
1873 4233 1974 4288 His

326 4332 432 4388 ego
464 4315 754 4382 ludibriis,
791 4322 855 4372 ut
887 4317 1195 4389 paululum
1229 4319 1415 4373 vivam
1451 4319 1739 4385 lucrabor,
1774 4325 1830 4374 et
1883 4325 1969 4375 t0-

325 4403 444 4460 tius
473 4405 598 4460 vitae
630 4405 861 4462 labores
882 4407 1146 4463 abdicem
1174 4407 1365 4462 brevis
1382 4408 1588 4462 viatico
1615 4409 1971 4463 senectutis?

325 4496 604 4548 Senectus
633 4499 835 4563 portus
867 4495 1037 4549 debet
1083 4511 1232 4557 esse,
1293 4513 1405 4550 non
1463 4495 1588 4549 vita:
1650 4497 1968 4568 superioris

2095 3548 2209 3586 non
2243 3529 2444 3601 religio
2468 3526 2631 3599 (Ibid.
2655 3527 2792 3594 2.6).

2159 3621 2247 3680 (.7.
2282 3615 2586 3671 Secundus
2611 3613 2873 3680 accessit,
2908 3627 3011 3667 nec
3032 3613 3290 3684 degener
3306 3609 3495 3666 fratris
3527 3604 3689 3662 munia

2089 3709 2198 3781 piae
2279 3704 2662 3761 confessionis
2745 3700 3007 3773 implevit
3050 3700 3208 3770 (Ibid.
3281 3699 3413 3771 7-9).
3484 3697 3688 3781 Etcum

2087 3779 2488 3852 detraheretur
2507 3791 2850 3846 membrana
2868 3789 3095 3861 capitis,
3122 3788 3424 3862 respondit
3449 3779 3689 3842 :Aufertis

2087 3885 2324 3956 quidem
2358 3881 2784 3946 membranam,
2808 3878 2910 3933 sed
2934 3877 3119 3933 habeo
3135 3876 3366 3950 galeam
3389 3869 3688 3946 spiritalem,

2087 3955 2262 4045 quam
2305 3988 2417 4025 non
2469 3967 2709 4040 potestis
2771 3967 3016 4021 auferre.
3079 3966 3148 4020 Et
3192 3982 3326 4021 vere
3371 3965 3511 4018 hanc
3564 3955 3689 4015 470

2084 4061 2308 4135 galeam
2325 4074 2494 4114 nemo
2526 4059 2714 4128 potest
2730 4055 2978 4123 auferre,
3012 4053 3164 4110 sicut
3195 4058 3396 4126 postea
3418 4045 3687 4135 Apostolus

2084 4132 2279 4205 docuit
2328 4149 2381 4200 in
2444 4144 2696 4200 Ecclesia
2769 4143 3041 4198 Domini:
3081 4163 3112 4191 ‹‹
3155 4142 3302 4206 Quia
3377 4141 3540 4212 caput
3600 4132 3685 4187 viri

2079 4237 2343 4292 Christus
2413 4239 2499 4289 est
2559 4235 2602 4298 (Ι
2657 4233 2776 4287 Cor.
2839 4249 2916 4295 xx,
2971 4231 3046 4303 3).
3083 4255 3108 4279 ‹‹
3173 4230 3241 4285 Et
3320 4231 3443 4300 ejus
3512 4237 3686 4281 sumus

2083 4322 2561 4394 membr-amplum.
2597 4339 2649 4388 v,
2685 4322 2790 4391 30).
2831 4343 2859 4369 »
2885 4320 3057 4375 Recte
3088 4335 3238 4391 puer
3290 4319 3460 4374 istam
3518 4311 3687 4369 divino

2081 4415 2288 4487 spiritu
2305 4411 2627 4467 doctrinam
2649 4408 3024 4481 apostolicam
3043 4399 3682 4487 przevidebatExuebant

2079 4485 2367 4558 immanes
2418 4498 2612 4554 bestiae
2663 4498 2887 4553 corium
2949 4497 3178 4569 capitis,
3266 4501 3324 4551 et
3409 4485 3682 4566 pardalicis

327 4580 720 4651 “anfragium-
756 4585 876 4636 Νοιι
911 4587 964 4636 te
997 4585 1238 4653 negabO.
1271 4583 1358 4637 18X
1392 4583 1597 4654 Patria,
1646 4601 1759 4638 ηοη
1805 4585 1963 4654 abju-
1995 4604 2042 4668 D
2070 4591 2397 4648 feritatibus
2426 4586 2855 4643 saeviebant.At
2879 4583 2976 4640 ille
3005 4585 3285 4640 deﬁciens
3311 4603 3322 4639 ε
3347 4584 3523 4649 Quam
3549 4574 3687 4668 dulce

323 4669 465 4724 rabo
503 4685 624 4732 vos,
650 4674 850 4724 sancta
868 4669 1462 4741 institutamajorum,
1488 4689 1601 4726 non
1621 4672 1961 4729 decolorabo

321 4774 448 4826 vos,
481 4755 678 4811 infulae
710 4757 1134 4823 sacerdotales;
1171 4777 1284 4814 non
1310 4765 1363 4814 te
1418 4760 1673 4831 perfidia:
1732 4760 1965 4832 pulvere

323 4846 570 4919 turpabo
611 4845 830 4918 palam,
865 4847 1106 4902 canities
1132 4847 1305 4910 lQuid
1329 4847 1510 4903 multa
1531 4849 1965 4906 ‘?[mmoriendo

318 4935 626 4992 tormentis
656 4935 847 4990 factus
878 4940 968 4990 est
1000 4935 1219 4990 caeteris
1251 4937 1652 5008 magisterium
1704 4955 1963 5010 perseve-

320 5025 544 5091 rantiae,
579 5025 680 5096 qui
733 5023 954 5080 electus
986 5029 1108 5080 erat
1138 5025 1586 5081 adinﬁrmitatis
1607 5028 1958 5100 exemplum.

326 5113 539 5169 Beatus
571 5113 772 5186 igitur,
831 5113 890 5168 in
950 5131 1064 5185 quo
1126 5131 1241 5169 non
1301 5119 1618 5186 potuerunt
1676 5121 1967 5172 tormenta

323 5201 606 5257 rationem
647 5202 896 5257 vincere.
937 5205 1136 5258 Annon
1171 5203 1504 5274 beatus,qui
1536 5204 1725 5276 potuit
1753 5205 1964 5261 virtute

390 5326 502 5400 (615)
579 5326 902 5400 Intentioue,
962 5327 1046 5400 id,
1098 5333 1188 5382 est
1260 5328 1495 5400 propria
1545 5328 1840 5384 voluntate
1897 5347 1963 5385 ac

321 5393 962 5474 electioneznisit'orte
998 5399 1148 5452 idem
1199 5393 1295 5469 sit,
1356 5393 1530 5470 atque
1585 5399 1766 5454 animi
1825 5417 1960 5456 con-

321 5468 580 5536 tentione
609 5470 664 5520 et
685 5468 1021 5536 pertinacia.

2074 4686 2183 4748 est,
2220 4678 2430 4749 inquit,
2465 4676 2610 4731 mori
2643 4691 2744 4747 pro
2776 4673 3071 4747 religione,
3090 4689 3267 4745 quam
3301 4670 3494 4728 suavis
3521 4661 3684 4722 omnis

2075 4769 2361 4825 acerbitas
2393 4765 2600 4820 mortis
2632 4780 2732 4835 pro
2789 4763 3041 4836 pietate;
3077 4763 3217 4834 quia
3275 4765 3471 4816 manet
3497 4757 3682 4812 horum

2076 4854 2488 4914 remumeratio
2544 4850 2855 4907 laborum!
2912 4851 3038 4907 Tua
3070 4850 3228 4916 sunt,
3290 4865 3405 4916 rex,
3455 4843 3684 4920 graviora

2074 4949 2364 5000 tormenta
2389 4961 2400 4997 :
2434 4948 2488 4996 te
2515 4941 2633 4996 tuis
2655 4941 3057 4996 vehementius
3073 4938 3363 5011 torqueris
3385 4929 3682 5008 suppliciis;

2075 5034 2216 5106 quia
2244 5031 2403 5086 vides
2434 5034 2490 5084 te
2520 5029 2670 5084 vinci
2705 5028 2762 5083 in
2796 5033 3098 5101 potestate.

2145 5123 2231 5175 48.
2267 5121 2332 5174 Et
2361 5119 2468 5174 hoc
2495 5118 2790 5184 defuncto,
2846 5117 3086 5172 tertium
3137 5115 3316 5172 statui
3368 5113 3476 5170 sibi
3532 5104 3683 5180 jussit

2074 5211 2146 5282 (ll
2224 5207 2393 5263 Much.
2459 5224 2556 5271 vn,
2610 5207 2662 5275 1,
2734 5205 2941 5277 1042).
3004 5206 3074 5261 Et
3128 5222 3262 5261 cum
3307 5219 3442 5260 eum
3499 5195 3680 5272 partim

2073 5332 2326 5388 multum
2357 5331 2637 5386 recedunt
2659 5328 2758 5385 alii
2799 5325 3024 5402 aliquot
3053 5345 3198 5386 mss.
3229 5343 3376 5400 quos
3409 5321 3580 5381 secuti
3605 5333 3681 5373 su-

2073 5421 2253 5545 ῗῃῗίξό)
2287 5474 2423 5528 Post
2450 5487 2649 5545 vocem
2681 5487 2899 5545 pueros,
2926 5471 3086 5545 addit
3115 5469 3254 5545 edit.
3308 5469 3494 5532 Rom.,
3544 5456 3682 5534 pueri

389 5535 664 5615 (δβλνειη
686 5535 807 5591 edit
837 5543 1163 5615 comparte
1212 5557 1354 5594 mss.
1411 5541 1701 5615 praebeat?
1744 5546 1809 5596 In
1866 5543 1964 5597 hoc
2070 5535 2281 5613 ὲιιᾶηιιζς,
2316 5544 2469 5615 quod
2503 5535 2796 5615 nusquam
2830 5535 2966 5598 alibi
3000 5541 3272 5615 reperias.

317 5606 665 5680 serviat,_sed
702 5624 813 5680 non
842 5606 1062 5663 ridebit.
1127 5609 1288 5664 Rom.
1355 5606 1618 5680 praebet?
1672 5614 1802 5679 Quis
1867 5632 1962 5668 au-

320 5682 426 5729 tem
457 5676 516 5728 in
547 5675 643 5730 hoc
673 5679 890 5742 serviat,
950 5689 999 5733 et
1058 5694 1163 5731 non
1226 5675 1532 5734 ridebitur?
1561 5683 1646 5736 Ab
1679 5675 1787 5738 hac
1846 5701 1958 5738 non

2145 5611 2428 5686 (67)'Mss.
2463 5631 2578 5669 non
2629 5611 2820 5686 pauci,
2872 5631 2974 5671 nec
3018 5611 3305 5670 inferioris
3365 5612 3529 5677 note,
3589 5614 3674 5654 ηοη

2072 5696 2334 5745 terrorem
2370 5687 2604 5744 inscium
2634 5687 2894 5757 afferunt.
