3830 6206
142 400 246 473 665

143 538 361 596 tentaret
387 530 633 601 insidiis,
659 530 872 605 partim
901 532 1139 604 cuperet
1168 533 1384 586 terrore
1414 529 1743 603 percellerc,
1775 536 1831 601 Α

148 623 410 699 respondit
436 618 503 678 ad
536 637 670 677 eum
703 636 716 674 :
760 618 887 675 Non
918 618 1126 676 faciam
1167 618 1524 675 voluntatem
1559 621 1744 685 tuam,

1106 394 1207 460 ne
1249 396 1493 462 meos
1538 394 1643 461 ΕΤ
1684 392 2170 489 virs-smn
2218 393 2366 460 LIB.
2414 391 2495 459 η.

3388 390 3505 456 666

1860 546 2034 585 suum
2065 529 2299 601 abrupit
2327 526 2626 601 spiritum,
2659 524 3037 599 animamque
3064 524 3248 583 victor
3278 524 3501 583 effudit.

1924 619 2013 673 50.
2052 616 2300 682 Quintus
2347 633 2481 672 cum
2533 616 2854 685 sisteretur,
2906 633 3052 672 caeso
3102 616 3265 688 prius
3315 615 3503 671 eidem

146 732 241 771 non
283 711 649 768 succumbam
692 707 937 781 imperio
986 711 1107 764 tuo.
1162 706 1270 763 Per
1309 707 1540 763 beatam
1584 707 1745 763 illam
1846 706 2029 780 jussit
2059 706 2224 778 ignes
2255 706 2570 772 admoveri,
2604 703 2817 776 subjici
2849 702 3502 777 incendia(lbz‘d.45-l7).

146 798 357 859 fratrum
385 815 644 856 meorum
676 796 1108 870 possessionem
1139 801 1197 852 et
1226 795 1608 865 nobilitatem,
1629 813 1744 852 non

146 890 339 962 negabo
368 887 516 961 piam
547 883 1013 959 germanitatem.
1042 881 1265 946 Quaavis
1296 882 1568 937 adhibeto
1608 899 1744 954 sup-

146 976 521 1051 plicia,quibus
551 972 741 1045 magis
764 978 979 1044 urgens
1007 972 1115 1026 hoc
1146 970 1416 1043 proficias
1437 971 1747 1042 asperitate

143 1068 505 1140 pcenarum,ut
525 1063 749 1133 majora
769 1060 1107 1116 testimonia
1121 1063 1329 1114 nostrae
1348 1058 1747 1131 germanitatis

143 1152 382 1226 accipias.
412 1151 599 1208 Jussit
628 1151 823 1222 itaque
848 1148 899 1204 ei
930 1147 1191 1219 linguam
1224 1147 1533 1220 amputari.
1553 1149 1626 1203 At
1656 1147 1749 1204 ille

142 1241 436 1297 exclamans
462 1257 475 1295 :
498 1238 702 1294 Victus
723 1235 1439 1308 es,inquit,Antioche,qui
1463 1252 1747 1308 organum

139 1331 272 1387 Vocis
298 1327 552 1385 abscindi
593 1328 790 1398 jubes.
824 1326 1137 1381 Confessus
1184 1340 1245 1380 es
1296 1329 1351 1380 te
1400 1325 1750 1397 respondere

141 1434 237 1474 non
265 1432 425 1489 posse
454 1414 1035 1487 rationi,majoraque
1066 1414 1277 1486 probas
1298 1411 1510 1485 lingua
1540 1416 1751 1469 nostra:

139 1504 356 1579 flagella,
388 1521 564 1579 quam
595 1510 696 1559 tua
725 1503 985 1558 verbera.
1018 1502 1135 1557 Nos
1178 1501 1334 1557 enim
1382 1504 1485 1557 tua
1513 1502 1752 1557 verbera

139 1608 235 1650 non
261 1592 553 1660 timemus,
578 1596 640 1647 tu
690 1594 901 1647 nostra:
953 1590 1110 1646 vocis
1150 1590 1378 1664 flagella
1416 1607 1529 1646 non
1565 1594 1749 1662 potes,

137 1681 421 1750 sustinere;
456 1679 559 1737 sed
578 1679 700 1735 haec
716 1677 947 1751 pietatis
978 1676 1206 1751 flagella
1220 1682 1379 1745 sunt,
1394 1683 1497 1734 tua
1526 1677 1755 1752 ﬂagella

135 1769 391 1842 perﬁdiae;
424 1770 531 1825 sed
562 1769 736 1824 etiam
766 1767 969 1840 lingua
996 1766 1228 1822 sublata
1258 1765 1493 1841 gravius
1542 1771 1599 1821 te
1647 1783 1752 1821 suo

134 1857 319 1915 cadens
371 1868 674 1913 murmure
732 1852 1065 1927 ﬂagellabit.
1134 1853 1385 1908 Evadere
1438 1858 1492 1908 te
1558 1856 1750 1924 putas,

133 1945 401 2012 Antioche,
477 1944 529 2001 si
596 1960 796 1999 vocem
852 1941 1104 2014 eripias?
1159 1942 1230 1997 Et
1279 1944 1537 1997 tacentes
1594 1941 1748 1996 Deus

135 2034 291 2102 audit,
318 2038 373 2090 et
404 2032 597 2104 magis
627 2031 809 2087 audit.
841 2032 987 2087 Ecce
1016 2029 1215 2101 aperui
1242 2046 1307 2086 os
1337 2028 1750 2096 meum,laxavi

133 2121 365 2194 linguam
393 2119 896 2189 meam,abscinde
921 2118 1217 2190 linguam;
1251 2118 1351 2173 sed
1384 2133 1497 2173 non
1525 2117 1751 2172 abscin-

134 2209 227 2266 das
246 2210 655 2274 constantiam,
687 2222 803 2263 non
833 2207 1108 2262 virtutem
1140 2206 1387 2272 auferes,
1415 2222 1531 2261 non
1572 2205 1747 2261 ratio-

132 2314 246 2355 nem
298 2296 679 2362 oblitterabis,
741 2312 857 2352 non
916 2294 1129 2367 eripies
1180 2294 1584 2350 testimonium
1654 2311 1749 2350 ve-

133 2385 319 2452 ritatis,
349 2403 467 2441 non
527 2383 738 2457 eripies
797 2383 989 2439 cordis
1020 2370 1381 2439 oclamorem.
1433 2382 1494 2437 Si
1548 2382 1752 2455 lingua

132 2478 455 2546 amputetur,
518 2472 762 2544 sanguis
820 2470 1120 2537 clamabit,
1177 2475 1236 2526 et
1291 2471 1518 2528 dicetur
1575 2471 1680 2526 tibi
1736 2489 1749 2527 :

135 2584 161 2611 ut
191 2565 302 2620 Vox
348 2561 658 2635 sanguinis
684 2561 881 2617 fratris
930 2559 1016 2615 tui
1069 2559 1284 2616 clamat
1325 2560 1397 2616 ad
1448 2576 1541 2614 me
1598 2559 1748 2631 (Gen.

131 2664 192 2719 IV,
218 2651 318 2722 10).
351 2672 379 2701 ››
410 2649 595 2707 Audit
639 2649 795 2705 enim
845 2648 1154 2721 sanguinis
1202 2662 1423 2715 vocem,
1456 2648 1556 2720 qui
1589 2649 1755 2703 audit

128 2736 361 2795 internas
415 2738 822 2811 cogitationes,
875 2737 1129 2793 tenebrae
1170 2735 1307 2793 licet
1363 2737 1646 2808 operiant,
1696 2741 1755 2793 et

130 2826 391 2898 parietum
447 2831 621 2899 septa
665 2825 1050 2882 circumdant.
1102 2824 1265 2881 Dicat
1316 2826 1556 2896 impius,
1617 2826 1755 2897 quia

130 2914 302 2972 nullus
330 2916 442 2972 sibi
474 2915 645 2971 testis
675 2914 921 2971 assistat
953 2932 965 2970 :
1000 2913 1262 2986 explorat
1292 2913 1583 2980 universa,
1601 2914 1755 2970 videt

129 3003 303 3060 omnia
328 3004 517 3071 Deus;
557 3019 663 3060 nec
690 3007 781 3059 est
811 3002 1047 3074 aliquod
1102 3002 1328 3058 facinus
1377 3002 1533 3073 quod
1568 3004 1755 3074 possit

128 3089 285 3149 latere
321 3091 590 3149 omnium
632 3091 917 3162 judioem,
963 3089 1064 3162 qui
1114 3089 1415 3164 cognoscit
1460 3090 1752 3158 universa,

129 3184 414 3253 antequam
465 3181 628 3236 fiant.
672 3180 821 3244 Quid
869 3178 1046 3236 verba
1093 3179 1346 3235 damus?
1399 3179 1755 3251 Lequaciora

127 3274 249 3326 sunt
268 3269 512 3327 vulnera
543 3286 559 3325 :
586 3268 695 3324 etsi
727 3268 1121 3324 abscondatur
1160 3267 1416 3335 cicatrix,
1451 3284 1565 3323 non
1615 3268 1747 3325 abs-
1780 3268 1823 3335 C

128 3357 369 3414 conditur
396 3358 570 3414 ﬁdes.
603 3357 716 3412 Nec
746 3361 943 3413 tamen
967 3355 1216 3429 plaudas
1248 3356 1402 3428 quod
1436 3356 1752 3413 auferendo

126 3443 383 3518 linguam,
425 3445 862 3503 confessionem
910 3444 1103 3501 laudis
1150 3444 1387 3516 eripias.
1431 3445 1585 3501 Satis
1624 3447 1751 3517 jam

127 3532 287 3591 Deum
317 3550 590 3592 sermone
618 3533 1013 3602 laudavimus,
1045 3550 1201 3589 nunc
1230 3534 1504 3606 passione
1546 3533 1752 3590 laude-

129 3636 264 3679 mus.

182 3711 262 3766 49.
294 3711 358 3768 Et
379 3711 495 3768 hoc
524 3714 846 3783 perempto,
871 3711 1053 3783 jussit
1101 3714 1382 3783 quartum
1428 3710 1636 3767 vinciri
1678 3711 1748 3767 ad

126 3802 380 3868 rotam,ut
406 3801 543 3873 ejus
569 3799 859 3873 vertigine
881 3800 1162 3856 membris
1193 3800 1469 3856 omnibus
1498 3799 1752 3856 solvere-

125 3888 209 3943 tur
244 3890 449 3957 (Matth.
484 3904 587 3956 vn,
629 3889 719 3955 l3,
772 3889 882 3957 14).
933 3890 1008 3944 At
1052 3888 1152 3945 ille
1197 3905 1334 3944 cum
1382 3892 1755 3960 torqueretur

128 3972 488 4034 immaniter:
534 3975 833 4045 Dissolvis,
878 3977 1093 4051 inquit,
1141 3977 1403 4050 corporis
1448 3977 1750 4044 membra;

1780 1900 1829 1968 B

127 4063 211 4119 sed
237 4065 794 4139 adjungisgratiam
824 4064 1105 4137 passioni,
1136 4081 1244 4122 nec
1273 4065 1452 4137 eripis
1476 4065 1751 4122 solatium

126 4152 294 4208 morti.
325 4155 433 4212 Est
462 4154 626 4210 enim
654 4169 765 4210 vox
791 4154 1035 4211 tonitrui
1068 4154 1127 4209 in
1158 4159 1305 4220 rota,
1338 4155 1479 4226 quia
1507 4153 1568 4209 in
1598 4153 1751 4210 bono

124 4242 171 4293 et
195 4239 470 4300 inotfenso
500 4241 630 4298 vita
660 4242 835 4299 istius
865 4257 1042 4298 cursu
1074 4241 1309 4299 cteleste
1334 4242 1582 4299 resultat
1622 4259 1749 4298 ora-

124 4325 321 4396 culum,
366 4331 529 4388 sicut
576 4331 637 4385 in
683 4330 908 4387 Joanne
954 4334 1013 4387 et
1056 4330 1272 4388 Jacobo
1320 4330 1460 4386 ﬁliis
1506 4330 1750 4387 tonitrui

120 4416 419 4492 resultabat
448 4420 587 4492 (68).
619 4419 819 4490 Itaque
844 4417 991 4475 illud
1023 4419 1177 4491 quod
1210 4418 1343 4490 legi,
1377 4434 1532 4474 nunc
1561 4420 1747 4475 mani-

120 4500 304 4563 festius
332 4523 690 4581 recognosco
724 4524 777 4562 τα
809 4506 955 4571 Quia
983 4511 1112 4563 rota
1142 4507 1296 4562 intra
1323 4511 1511 4563 rotam
1543 4508 1745 4576 currit,

118 4605 208 4647 nec
246 4593 569 4668 impeditur
614 4596 825 4668 (Ezcch.
860 4595 1004 4664 1,46
1052 4598 1109 4651 et
1157 4597 1265 4666 17).
1313 4618 1342 4646 ››
1390 4598 1538 4651 477
1575 4597 1747 4652 Teres

116 4678 253 4736 enim
282 4684 401 4740 vita
431 4685 562 4741 sine
593 4683 715 4740 ulla
744 4682 1063 4742 offensione
1114 4683 1174 4758 ip
1231 4684 1436 4756 quavis
1476 4685 1747 4758 passione

114 4774 377 4840 versatur,
411 4768 651 4829 etintra
692 4774 812 4829 haec
857 4788 1090 4846 quoque
1139 4753 1265 4828 tota
1316 4753 1518 4828 currit.
1552 4775 1746 4831 Currit

114 4850 193 4910 lex
214 4856 363 4916 intra
393 4861 667 4933 gratiam,
703 4866 760 4918 et
789 4860 1157 4918 observantia
1184 4858 1329 4935 legis
1358 4862 1509 4917 intra
1539 4861 1745 4918 divina:

115 4943 455 5004 curriculum
484 4949 898 5006 misericordia)
932 4954 1058 5005 est:
1094 4960 1230 5005 nam
1262 4966 1377 5021 quo
1409 4949 1597 5025 magis
1626 4950 1745 5008 vol-

112 5028 410 5106 vltur,pl’us
441 5037 949 5110 probatur.Potius
979 5044 1068 5095 est
1096 5039 1191 5095 hic
1220 5039 1293 5094 ab
1320 5039 1517 5111 impiis
1551 5040 1745 5095 adver-

112 5131 173 5174 sa
215 5122 478 5194 tolerare,
527 5130 592 5181 ut
637 5127 718 5184 ibi
768 5144 803 5182 a
852 5127 1099 5183 Domino
1150 5126 1609 5184 consolationem
1654 5129 1745 5183 in-

112 5206 287 5267 venire
325 5214 644 5284 possimus.
712 5208 783 5272 Et
845 5215 958 5272 iste
1022 5231 1443 5272 consummans
1503 5232 1744 5273 cursum

1780 4639 1826 4702 Ι)

173 5349 525 5432 (6§)Videtur
555 5357 912 5431 quibusdam
943 5357 1038 5432 hic
1068 5352 1355 5432 memoria
1382 5358 1586 5432 lapsus
1606 5362 1743 5432 Am-

111 5413 496 5501 brosius,dum
527 5413 672 5501 aestu
703 5413 908 5501 raptus
936 5413 1279 5501 eloquentiae
1308 5413 1743 5501 Machabazoilli

110 5492 492 5579 fggstolorum
522 5499 623 5571 qui
651 5492 858 5579 multis
883 5505 1021 5579 post
1046 5492 1222 5579 annis
1263 5500 1327 5579 _i_n
1379 5499 1568 5556 lucem
1602 5502 1743 5579 editi

111 5566 992 5645 sunt,mentione'm_tribuit.Sed
1018 5571 1521 5645 quidnidicamus
1536 5578 1742 5645 quarto

109 5625 1742 5721 iuga-mgniaedessas;fprsssaieumjsnirina}

110 5706 294 5763 sancto
324 5709 586 5770 antistite
616 5706 1118 5787 ascriptuquu'o
1149 5729 1330 5785 supra
1373 5706 1627 5786 legimus
1671 5715 1741 5771 de

1856 795 2129 850 Manabat
2159 811 2189 850 e
2218 793 2557 849 vulneribus
2609 810 2797 860 cruor,
2831 796 2889 848 et
2933 793 3161 849 effossis
3211 791 3507 848 ulceribus

1858 883 2099 955 sanguis
2128 883 2350 938 effusus
2383 883 2543 954 ipsos
2562 883 2932 936 ﬂammarum
2954 881 3362 953 exstinguebat
3382 879 3504 952 glo-

1857 970 2585 1042 bos.Atillcinterignium
2617 968 2873 1041 crepitus
2905 970 3252 1025 audiebatur
3273 968 3503 1024 dicens:

1858 1060 2087 1117 Gratias
2124 1059 2253 1127 tibi,
2286 1058 2555 1125 Domine,
2592 1074 2705 1129 quo
2758 1056 2981 1112 dedisti
3032 1058 3209 1113 nobis
3257 1057 3448 1111 dicere
3492 1072 3503 1112 :

1858 1171 1887 1198 ‹‹
1922 1147 2327 1204 Transivimus
2358 1162 2459 1218 per
2484 1146 2677 1218 ignem
2711 1144 2883 1215 (Psal.
2919 1162 3042 1209 va,
3079 1146 3224 1215 12).»
3256 1145 3326 1198 Et
3355 1143 3507 1198 sicut

1859 1236 1994 1292 alibi
2029 1237 2183 1291 idem
2218 1240 2356 1291 tuus
2387 1234 2531 1289 dicit
2562 1234 2851 1305 Propheta
2882 1251 2895 1288 :
2930 1255 2957 1282 ‹‹
2994 1234 3130 1303 Igne
3161 1249 3268 1288 nos
3299 1232 3509 1288 exami-

1860 1325 2036 1389 nasti,
2069 1325 2221 1379 sicut
2251 1323 2384 1395 igne
2416 1322 2783 1377 examinatur
2812 1325 3118 1393 argentum
3152 1318 3310 1392 (Ibid.
3345 1320 3454 1393 10).
3481 1342 3507 1368 ››

1858 1413 2074 1469 Astabo
2106 1411 2210 1467 tibi
2264 1411 2414 1467 sicut
2445 1427 2655 1465 aurum
2698 1413 2987 1481 purgatus
3034 1408 3337 1475 incendio;
3371 1412 3425 1463 et
3457 1407 3507 1463 si

1859 1501 2000 1574 quid
2033 1500 2143 1555 fuit
2171 1499 2376 1572 culpae,
2409 1497 2562 1571 ignis
2593 1497 2833 1553 exussit.
2868 1498 3069 1568 Itaque
3099 1502 3154 1548 vt
3189 1497 3292 1551 iste
3327 1503 3509 1551 trans-

1860 1586 2145 1662 figuratus
2203 1605 2236 1644 a
2283 1585 2610 1659 corrUptela
2657 1586 2728 1642 ad
2780 1584 3298 1657 incorruptionem,
3330 1584 3507 1640 vitam

1860 1676 2170 1735 exhalavit.

1930 1767 2018 1820 51.
2054 1765 2222 1821 Sexto
2254 1780 2486 1836 quoque
2518 1764 2753 1819 admota
2782 1756 3075 1818 torment’a
3122 1764 3260 1817 sunt
3290 1760 3368 1832 (II
3398 1760 3508 1817 Illa-

1866 1854 2024 1909 chab.
2088 1871 2182 1923 vn,
2238 1853 2325 1919 48,
2388 1852 2496 1919 19).
2529 1855 2600 1907 At
2657 1850 2798 1906 ille:
2847 1846 2996 1919 Noli,
3051 1851 3262 1923 inquit,
3298 1851 3513 1905 frustra

1859 1960 2072 2009 errare,
2105 1947 2163 1997 et
2209 1946 2319 1998 tuae
2370 1941 2477 1996 hoc
2528 1941 2816 1996 ascribere
2866 1939 3162 2011 potestati,
3198 1939 3351 2011 quod
3400 1939 3513 1993 ista

1859 2033 2168 2088 adversum
2255 2047 2361 2085 nos
2445 2046 2730 2085 exerceas.
2799 2029 3146 2084 Nostrorum
3227 2027 3336 2082 hoc
3412 2027 3509 2083 de-

1859 2119 2127 2176 lictorum
2184 2123 2273 2175 est
2331 2119 2604 2190 pretium,
2668 2121 2731 2171 ut
2789 2120 3097 2189 peccantes
3172 2115 3506 2187 puniamur.

1859 2208 1926 2264 Et
1990 2208 2208 2281 gratias
2287 2206 2555 2274 Domino,
2631 2205 2784 2278 quod
2863 2203 2959 2260 hic
3040 2221 3073 2260 a
3151 2202 3320 2260 nobis
3399 2201 3509 2274 (69)

1859 2296 2117 2369 duplicia
2148 2299 2385 2368 peccata
2414 2283 2746 2366 cinguntur,
2790 2300 2854 2349 ut
2886 2293 2965 2348 ibi
2996 2293 3164 2349 nobis
3186 2291 3504 2348 consolatio

1861 2387 2172 2441 deferatur.
2206 2384 2435 2440 Gratias
2467 2388 2662 2439 autem
2693 2388 2749 2438 et
2791 2383 2914 2453 tibi,
2950 2383 3101 2454 quod
3156 2387 3275 2437 tam
3328 2382 3513 2437 durus

1860 2476 1919 2532 et
1950 2474 2193 2529 immitis
2225 2477 2381 2543 es,ut
2401 2472 2617 2527 talibus
2650 2470 2867 2527 nostris
2896 2469 3200 2543 suppliciis
3230 2469 3514 2526 Dominus

1862 2564 1919 2618 in
1951 2580 2125 2635 quem
2173 2561 2560 2635 peccavimus,
2594 2560 2751 2633 genti
2803 2565 3012 2615 nostrae
3063 2559 3350 2631 propitius
3389 2555 3510 2613 fiat.

1862 2651 1977 2707 Nos
2010 2666 2241 2723 quoque
2272 2649 2612 2705 ablevamus
2629 2648 3122 2716 aerumnam,dum
3146 2646 3277 2702 ﬁdei
3298 2646 3514 2720 passio-

1862 2739 2037 2795 nibus
2070 2739 2446 2795 delectamur.
2470 2739 2541 2793 Et
2570 2736 2679 2793 iste
2710 2737 2874 2792 duris
2906 2741 3080 2808 atque
3111 2736 3334 2808 asperis
3366 2734 3510 2790 dila-

1861 2833 2093 2884 ceratus
2123 2826 2407 2900 sppliciis,
2440 2826 2743 2899 appositus
2773 2829 2861 2881 est
2892 2826 2965 2881 ad
2996 2826 3205 2881 fratres
3238 2841 3395 2881 suos.

1931 2919 2022 2972 52.
2048 2918 2361 2988 Supererat
2385 2917 2582 2987 junior
2602 2914 2679 2971 ex
2711 2914 3077 2983 fratribus,et
3098 2915 3224 2985 jam
3257 2913 3515 2986 pudebat

1860 3005 2211 3061 Antiochum
2252 3004 2581 3060 immaturae
2633 3003 2792 3061 aetati
2824 3020 2885 3059 se
2916 3003 2997 3059 ita
3046 3003 3226 3058 fuisse
3257 3001 3510 3058 ludibrio

1863 3094 2023 3168 (Ibid.
2054 3095 2167 3166 24).
2199 3095 2399 3165 Itaque
2430 3092 2580 3148 dolis
2611 3108 2742 3148 eum
2772 3092 3113 3148 desiderans
3145 3090 3515 3146 circumscri-

1862 3184 2019 3250 bere,
2089 3182 2473 3255 pollicebatur
2536 3181 2809 3248 honores,
2870 3180 3124 3246 divitias,
3194 3179 3513 3234 amicitiam

1862 3288 2053 3340 suam,
2086 3270 2447 3327 consortium
2497 3273 2876 3325 secretorum.
2927 3270 3000 3322 At
3045 3284 3177 3323 vero
3210 3267 3306 3337 pia
3333 3270 3518 3321 mater

1862 3361 2139 3416 monebat
2168 3359 2355 3415 ﬁlium
2387 3357 2791 3424 suum,dicens
2821 3360 2877 3412 et
2909 3356 3043 3411 huic
3070 3355 3221 3411 sicut
3254 3355 3474 3429 caeteris
3499 3374 3511 3412 :

1864 3448 2100 3504 «Nescio
2131 3446 2705 3519 quemadmodumin
2726 3449 2958 3500 uterum
2982 3461 3178 3500 meum
3202 3444 3510 3511 introistis,

1864 3553 2049 3609 neque
2079 3553 2184 3609 ego
2217 3534 2488 3609 spiritum
2534 3533 2742 3590 donavi
2786 3534 2972 3599 vobis,
3006 3550 3195 3605 neque
3248 3533 3515 3589 membra

1862 3625 2105 3680 formavi
2138 3641 2151 3680 :
2184 3625 2284 3681 sed
2335 3624 2457 3679 haec
2504 3622 2923 3694 omnipotentis
2954 3623 3058 3679 Dei
3095 3639 3339 3679 munera
3378 3627 3518 3677 sunt

1862 3713 2020 3787 (Ibid.
2053 3714 2206 3786 22).»
2239 3713 2468 3769 Putavit
2492 3711 2813 3768 Antiochus
2843 3712 3048 3767 videns
3081 3716 3327 3767 matrem
3350 3709 3512 3767 solli-

1862 3803 2220 3874 citam,quod
2238 3801 2413 3858 saluti
2433 3803 2560 3874 ejus
2585 3800 2953 3874 timeret,ipsi
2971 3801 3245 3873 quodque
3267 3800 3514 3856 suadere

1863 3892 2050 3963 cmpit,
2088 3895 2152 3946 ut
2183 3889 2370 3946 tilium
2401 3892 2472 3945 ab
2500 3890 2822 3945 intentione
2852 3907 2960 3946 sua
2990 3886 3515 3945 revocaret.Atilla

1859 3997 1996 4035 voce
2026 3979 2215 4052 patria
2241 3978 2470 4034 dicebat
2494 3978 2626 4034 ﬁlio
2677 3995 2689 4034 :
2742 3979 2829 4033 Tu
2883 3976 3043 4033 solus
3092 3993 3353 4048 superes,
3402 3975 3506 4045 ﬁli,

1860 4084 2094 4123 summa
2124 4071 2389 4122 votorum
2419 4083 2680 4122 meorum
2715 4084 2728 4122 :
2781 4071 2841 4120 tu
2884 4069 3216 4137 postremus
3251 4063 3515 4122 clausisti

1861 4159 2063 4229 partus
2097 4171 2277 4221 meos,
2306 4158 2368 4208 tu
2399 4159 2732 4226 postremus
2765 4152 3044 4209 conclude
3093 4153 3312 4225 gaudia
3362 4169 3511 4209 mea.

1861 4244 2131 4300 Miserere
2165 4241 2432 4313 mei,quas
2467 4246 2523 4297 te
2557 4242 2614 4311 in
2647 4246 2806 4297 utero
2840 4230 2925 4296 tot
2947 4241 3235 4296 mensium
3262 4242 3516 4297 curricu-

1860 4332 1914 4389 lo
1946 4331 2291 4405 portavi;nc
2324 4348 2440 4386 uno
2473 4335 2767 4386 momento
2800 4329 3121 4384 confundat
3150 4333 3512 4387 senectutem

1859 4437 2072 4489 meam,
2104 4437 2175 4476 ne
2208 4417 2507 4475 decolores
2537 4423 2623 4474 tot
2655 4418 2901 4473 fratrum
2950 4423 3190 4473 tuorum
3243 4424 3511 4492 tropezea,

1857 4526 1930 4565 ne
1958 4526 2190 4566 sacrum
2227 4524 2429 4564 eorum
2464 4507 2809 4562 comitatum
2842 4505 3240 4579 reli’nquas,ne
3272 4524 3511 4565 consor-

1857 4598 2009 4654 tium
2042 4598 2297 4654 deseras.
2332 4600 2408 4653 Te
2438 4595 2629 4652 adhuc
2676 4596 2775 4651 isti
2822 4600 3161 4669 exspectant
3206 4596 3510 4668 triumphi.

1856 4686 2103 4760 Aspiced
2136 4687 2195 4742 in
2214 4685 2607 4753 cmlum,unde
2620 4685 2869 4742 hausisti
2887 4685 3265 4758 spiritum,ad
3281 4685 3511 4741 Putrem

1855 4776 2152 4845 omnium;
2185 4775 2379 4849 aspice
2406 4776 2463 4830 in
2488 4780 2861 4847 terram,quze
2883 4775 2989 4831 tibi
3015 4779 3150 4830 ante
3171 4773 3510 4831 alimoniam

1855 4864 2238 4933 ministravit;
2274 4864 2469 4937 aspice
2496 4864 2563 4919 ad
2595 4865 2822 4935 fratres,
2865 4864 2966 4935 qui
2992 4862 3272 4935 collegam
3318 4861 3510 4932 requi-

1857 4958 2025 5020 runt;
2057 4953 2250 5025 aspice
2281 4954 2351 5007 ad
2383 4956 2651 5018 matrem,
2684 4969 2809 5024 quas
2828 4951 2933 5006 tibi
2985 4951 3073 5007 lac
3114 4950 3301 5017 dedit;
3336 4950 3512 5005 redde

1857 5041 2183 5097 mercedem
2220 5041 2297 5112 pii
2331 5040 2638 5112 sanguinis
2672 5058 2684 5094 :
2721 5038 2838 5094 noli
2876 5057 2910 5094 a
2957 5039 3256 5104 fratribus,
3305 5032 3424 5093 noli
3478 5056 3512 5094 a

1854 5134 2040 5186 matre
2069 5128 2284 5183 divelli.
2304 5127 2681 5200 Temporales
2712 5144 2852 5200 opes
2883 5133 3021 5183 sunt
3050 5143 3198 5197 quas
3222 5124 3511 5197 promittit

1853 5217 2195 5285 Antiochus,
2226 5215 2583 5287 temporales
2617 5215 2867 5271 honores
2914 5234 2928 5272 :
2979 5218 3259 5288 perpetua
3297 5230 3509 5270 corona

1853 5360 2130 5427 secundo,
2169 5361 2320 5414 Recte
2345 5373 2486 5430 puer
2532 5359 2698 5430 istoin
2731 5356 2928 5430 divino
2957 5355 3508 5430 spirituudoctrinom

1851 5432 2202 5505 apostolicam
2224 5426 2742 5505 prwbz'debat?_Nisi
2776 5428 2917 5505 quis
2940 5426 3109 5505 malit
3161 5426 3264 5505 illa
3307 5429 3503 5496 verba,

1850 5498 1997 5560 sicut
2020 5498 2341 5569 resulta'bat,
2376 5499 2715 5572 parenthesi
2744 5498 2873 5572 esse
2904 5498 3277 5572 includenda.

1924 5574 2035 5647 (69)
2063 5573 2321 5647 Duplicia
2343 5570 2582 5647 peccata,
2615 5570 2851 5643 propria
2889 5570 3191 5642 nimirum,
3241 5575 3299 5628 et
3346 5586 3501 5627 com-

1854 5643 2057 5704 munia
2084 5643 2263 5703 totius
2293 5643 2501 5717 gentis.
