3830 6206
290 354 408 416 667

1745 349 1814 414 8.
1857 346 2240 414 Δηιιοειι

290 489 446 546 478
475 504 602 560 quae
633 503 668 543 ι
695 485 814 543 Deo
857 486 1250 558 omnipotente
1297 483 1576 540 defertur.
1618 481 1738 540 Vos
1785 481 1930 538 mihi
1955 484 2014 550 Α
2042 482 2290 538 invicem
2321 479 2800 548 cohortabatur,
2851 478 2954 554 qui
3001 477 3272 538 dicabant
3299 461 3422 537 uim
3472 480 3692 551 studio,

291 585 516 650 septem
549 579 776 632 dierum
808 576 1032 630 Iumina
1060 577 1220 629 dedit
1251 574 1936 642 Dominus,sextumjam

293 669 446 722 diem
480 667 684 733 clausi,
717 675 774 719 et
805 666 1066 719 omnium
1119 681 1296 736 opera
1343 665 1493 718 bona
1535 664 1719 717 valde.
1756 663 1938 716 Debes

295 755 594 820 tr..hi,fi1i,
630 763 688 808 ut
722 772 846 825 quae
877 756 930 807 in
961 753 1075 808 illis
1107 771 1206 807 sex
1235 752 1514 813 laboravi,
1547 753 1604 804 in
1634 751 1940 821 te.requie-

295 863 454 900 scam
515 846 1097 914 sept'rr.o,tanquam
1157 860 1190 896 a
1247 840 1444 895 saeculi
1501 841 1776 911 Operibus
1810 839 1936 906 jam

295 935 518 988 feriata.
582 933 780 1002 Itaque
841 931 1164 1001 proripiens
1223 947 1284 985 se
1331 931 1558 999 juvenis
1616 928 1694 980 ait
1741 944 1758 980 :
1801 925 1940 992 Quid

291 1024 568 1077 sustinetis
618 1022 770 1074 'Ibzd.
821 1022 891 1074 3H
929 1021 958 1072 ?
1014 1021 1081 1073 Et
1143 1019 1328 1072 multa
1381 1019 1724 1081 vociferans,
1785 1015 1938 1086 quod

294 1127 669 1181 nequaquam
724 1108 917 1162 divelli
980 1114 1174 1177 posset
1231 1124 1264 1160 a
1313 1107 1557 1159 fratrum
1609 1104 1938 1168 consortiis,

295 1216 546 1269 quorum
582 1197 768 1252 multo
800 1197 1060 1251 beatiora
1089 1202 1286 1251 essent
1316 1195 1539 1257 funera,
1572 1209 1748 1264 quam
1791 1192 1942 1262 regis

297 1289 559 1358 imperia,
593 1303 725 1340 cum
759 1291 990 1356 urgeret
1021 1285 1294 1338 conviciis
1328 1289 1603 1355 regem,et
1632 1283 1752 1352 ipse
1782 1297 1940 1335 acer-

296 1376 386 1430 bis
415 1375 781 1429 excruciatus
812 1380 1238 1428 tormentorum
1271 1374 1584 1443 generibus
1614 1372 1740 1424 vitae
1764 1369 1943 1440 hujus

297 1481 512 1520 munus
534 1464 780 1517 absolvit
825 1464 958 1517 Ibid.
988 1463 1201 1531 31-50,.

362 1556 450 1607 53.
511 1552 838 1606 Novissima
897 1557 1084 1605 mater
1113 1549 1304 1604 oblata
1334 1554 1420 1604 est
1448 1549 1572 1603 neci
1615 1549 1794 1615 ’lhz’d.,
1829 1551 1860 1602 4
1904 1578 1937 1613 ,-.

293 1643 400 1706 Qui
435 1641 582 1695 hanc
616 1642 844 1695 beatam
877 1646 1069 1710 neget,
1102 1656 1228 1709 quae
1263 1640 1432 1706 quasi
1473 1644 1700 1708 septem
1729 1638 1946 1693 vallata

293 1732 635 1786 muneribus
667 1732 737 1782 7U
766 1731 938 1793 ,inter
967 1745 1210 1798 corpora
1232 1727 1482 1780 ﬁliorum
1515 1725 1742 1780 nullum
1768 1727 1944 1781 sentit

2045 578 2102 628 et
2131 573 2387 644 quadam
2417 573 2752 627 animorum
2779 572 2901 626 acie
2932 589 2948 626 :
2979 570 3179 626 Mortis
3208 571 3467 626 adversa
3512 571 3694 643 impe-

2045 666 2169 716 tum
2219 669 2582 732 proteramus
2620 663 2703 714 "72
2732 703 2748 714 .
2798 661 2962 715 Tunc
3010 661 3168 715 enim
3213 662 3503 727 vivemus,
3563 677 3694 715 cum

2048 751 2332 804 fuerimus
2365 750 2597 804 mortui.
2629 749 2812 804 Nemo
2857 749 3087 820 pietatis
3130 749 3398 803 ordinem
3448 749 3696 804 derelin-

2048 844 2212 909 quat,
2271 856 2442 893 nemo
2473 855 2534 892 se
2563 837 2874 892 subtrahat
2921 836 3120 908 praelia
3177 835 3550 908 triumphali.
3579 837 3695 892 Non

2049 926 2294 992 homini,
2335 927 2436 982 sed
2485 925 2872 996 omnipotenti
2921 925 3036 980 Deo
3086 931 3314 980 nostras
3362 925 3698 980 devovimus

2049 1016 2278 1070 animas
2307 1033 2321 1068 :
2357 1031 2474 1070 non
2505 1014 2751 1081 homini,
2784 1015 2884 1069 sed
2915 1015 3138 1069 auctori
3168 1015 3437 1069 omnium
3487 1013 3698 1069 milita-

2052 1120 2206 1158 mus.
2234 1103 2396 1158 Talis
2423 1105 2543 1158 baec
2573 1119 2773 1174 pugna
2797 1108 2908 1168 est,
2940 1109 3006 1157 ut
3047 1103 3146 1158 ille
3191 1101 3528 1174 gloriosius.
3549 1105 3696 1159 4η

2049 1192 2272 1257 vicerit,
2303 1193 2402 1263 qui
2433 1191 2728 1247 crudelius
2773 1190 3004 1246 occisus
3051 1191 3246 1246 fuerit.
3277 1191 3482 1263 Itaque
3529 1207 3697 1247 nemo

2050 1282 2268 1346 timuit,
2301 1297 2474 1336 nemo
2504 1279 2832 1352 trepidavit,
2866 1279 3066 1335 nullus
3095 1281 3167 1335 ad
3201 1285 3456 1336 mortem
3505 1297 3577 1336 ex
3621 1285 3699 1336 tot

2053 1370 2330 1425 fratribus
2387 1369 2608 1442 pigrior
2654 1370 2766 1424 fuit
2816 1386 2830 1424 :
2879 1369 2981 1424 sed
3034 1385 3242 1424 omnes
3287 1373 3576 1442 tanquam
3630 1369 3696 1424 ad

2054 1457 2512 1512 immortalitatis
2540 1458 2808 1526 viam,ita
2833 1458 2906 1512 ad
2928 1463 3177 1512 mortem
3201 1473 3306 1528 per
3327 1458 3544 1513 acerba
3572 1474 3698 1530 sup-

2053 1546 2224 1618 plicia
2290 1551 2708 1612 cucurrerunt;
2760 1549 2820 1600 et
2877 1550 3066 1600 mater
3139 1562 3402 1601 consona
3458 1563 3698 1602 cernens

2055 1636 2308 1690 ﬁliorum
2340 1635 2598 1707 agmina,
2625 1640 2908 1706 tanquam
2939 1635 3040 1706 pia
3060 1635 3262 1690 anima
3298 1635 3390 1689 sui
3439 1635 3700 1690 membra

2053 1724 2312 1794 corporis
2340 1723 2400 1778 in
2433 1722 2570 1778 ﬁliis
2615 1723 2915 1789 offerebat,
2961 1727 3019 1778 et
3075 1739 3178 1795 per
3225 1728 3389 1780 artus
3439 1722 3696 1796 prOprios

293 1820 498 1874 mortis
535 1817 881 1872 incursum?
909 1818 1070 1881 Quis,
1103 1816 1366 1886 inquam,
1413 1816 1640 1869 dubitet
1690 1816 1760 1870 de
1813 1817 1941 1884 ejus
1971 1847 2020 1912 Β
2051 1813 2356 1867 videbatur
2381 1812 2492 1867 sibi
2517 1813 2707 1866 votiva
2733 1811 2934 1867 subire
2964 1816 3273 1866 tormenta.

293 1907 675 1962 beatitudine.
707 1923 831 1976 qua:
879 1913 1099 1975 septem
1160 1905 1422 1959 turribus
1466 1904 1846 1966 circumdata,
1882 1905 1940 1958 in

293 1997 548 2069 paradisi
582 1996 778 2049 sedem
832 2001 1006 2065 caput
1055 1993 1298 2048 extulit?
1347 2010 1473 2063 qua:
1524 1998 1744 2062 septem
1803 1991 1942 2047 ﬁliis

292 2087 480 2140 cincta
511 2083 973 2138 sacratissimum
1007 2083 1122 2137 Deo
1155 2082 1399 2136 chorum
1452 2099 1568 2136 non
1615 2081 1806 2136 solum
1849 2098 1942 2136 ca-

293 2191 502 2231 norum
535 2174 900 2237 vocibus,sed
933 2173 1106 2225 etiam
1144 2171 1514 2240 passionibus
1547 2170 1616 2223 ad
1640 2169 1944 2224 concinen-

294 2264 400 2317 das
431 2262 678 2316 Domino
725 2259 924 2314 laudes
975 2259 1309 2313 coelestibus
1359 2258 1570 2312 invexit
1599 2257 1886 2313 altaribus
1916 2258 1945 2312 ?

292 2352 478 2415 Quam
501 2351 686 2403 bonus
713 2349 841 2402 ﬁdei
863 2353 1269 2418 partus,quam
1299 2351 1458 2400 tutus
1473 2351 1674 2416 portus
1699 2348 1805 2401 iste
1823 2346 1943 2417 pie—

293 2440 454 2504 tatis,
490 2454 667 2509 quam
693 2435 996 2507 splendida
1018 2434 1254 2489 lucerna
1278 2433 1540 2489 Ecclesia:
1559 2439 1799 2505 septeno
1830 2434 1940 2489 ful-

295 2544 438 2599 gens
464 2527 704 2583 lumine.
737 2531 793 2578 et
816 2529 1013 2577 octavo
1039 2529 1202 2577 utero
1222 2523 1942 2594 (71):c11nctis:1uminibus

291 2617 484 2671 oleum
509 2614 998 2669 subministrans!
1048 2612 1126 2666 De
1168 2613 1381 2682 quibus
1405 2611 1645 2682 pulchre
1678 2612 1893 2666 dicitur
1930 2630 1944 2666 ε

292 2709 464 2759 «Date
494 2709 712 2775 partem
739 2702 850 2755 illis
875 2706 1176 2772 septem,et
1202 2699 1318 2754 illis
1344 2701 1582 2770 quidem
1606 2701 1938 2770 octo(Ea'le.

291 2799 557 2863 x1,2,,neo
583 2793 736 2862 quod
757 2792 812 2844 in
837 2795 1082 2860 utroque
1107 2806 1348 2843 numero
1370 2789 1726 2844 consortium
1744 2789 1940 2860 gratia:

292 2878 812 2949 consequantunin
841 2876 965 2946 lege
997 2877 1220 2942 nutriti.
1243 2893 1347 2948 per
1385 2876 1630 2947 gratiam
1658 2875 1941 2942 coronati,

293 2975 512 3039 septem
545 2972 827 3036 tanquam
861 2966 917 3018 in
948 2965 1356 3028 Sabbato,octo
1377 2969 1655 3035 tanquam
1682 2966 1740 3018 in
1765 2969 1941 3019 Evan-

294 3057 464 3130 gelio,
501 3055 596 3127 pia
626 3060 810 3108 matre
840 3052 1248 3124 supplemento
1297 3053 1587 3124 passionis
1635 3055 1940 3125 adjuncta,

295 3162 426 3217 qua:
455 3145 512 3198 in
545 3142 760 3197 talibus
791 3141 926 3196 filiis
959 3141 1242 3213 integram
1268 3140 1562 3213 pietatatis
1602 3141 1852 3197 formam
1883 3146 1940 3197 et

295 3239 462 3307 partu
474 3232 604 3287 rivit
635 3236 690 3286 et
720 3231 962 3303 peperit.

914 3336 1150 3392 CAPUT
1191 3335 1311 3392 XII.

295 3430 712 3499 Elegantissima
761 3427 937 3482 beata?
974 3427 1128 3480 illius
1173 3427 1400 3494 ferm'nae
1447 3434 1650 3499 septem
1696 3427 1943 3495 ﬁliorum

590 3503 898 3568 martyrum
926 3499 1193 3568 parentis,
1225 3497 1637 3552 commendatio.

366 3588 457 3642 δι.
502 3587 830 3641 Recurrunt
878 3585 936 3639 in
987 3585 1331 3641 memoriam
1381 3602 1681 3641 sermones
1729 3591 1942 3642 sanctae

299 3676 526 3732 femina:
558 3674 804 3730 dicentis
835 3674 906 3727 ad
939 3673 1088 3728 ﬁlios
1124 3692 1136 3728 :
1167 3675 1285 3745 Ego
1309 3691 1409 3729 vos
1441 3674 1750 3746 genui,ego
1781 3675 1945 3730 vobis

297 3781 538 3821 succum
582 3762 750 3818 Iactis
808 3762 1017 3830 infudi,
1066 3761 1244 3818 nolite
1293 3761 1658 3818 nobilitatem
1690 3768 1944 3819 vestram

298 3853 653 3926 perdere.Sic
684 3851 808 3907 alia:
843 3856 1064 3905 matres
1095 3867 1360 3906 revocare
1389 3868 1422 3905 a
1451 3851 1728 3923 martyrio
1756 3851 1947 3908 solent

299 3943 471 4008 ﬁlios,
495 3958 608 3996 non
651 3956 879 3994 vocare.
909 3945 982 3994 At
1007 3940 1119 3994 ista
1146 3945 1477 3994 maternum
1519 3939 1578 3994 in
1619 3939 1728 3995 hoc
1766 3956 1946 4012 pone-

297 4032 396 4087 bat
426 4029 784 4097 aﬁ'ectum,si
815 4027 953 4082 ﬁliis
981 4029 1158 4082 vitam
1179 4022 1368 4098 magis
1396 4031 1946 4101 perpetuam,quam

297 4118 674 4191 temporalem
708 4117 998 4173 suaderet.
1033 4115 1342 4188 Spectabat
1372 4115 1571 4188 itaque
1615 4117 1713 4188 pia
1762 4123 1949 4172 mater

298 4208 552 4262 ﬁliorum
584 4207 938 4272 certamina;
970 4209 1026 4259 et
1054 4203 1324 4277 quamvis
1347 4209 1745 4260 maternorum
1771 4205 1947 4261 visce-

297 4315 426 4351 rum
457 4295 861 4368 compassione
891 4299 1249 4365 quateretur,
1268 4297 1465 4348 tamen
1497 4294 1729 4366 pietatis
1751 4293 1947 4350 studio

297 4385 598 4458 premebat
651 4384 932 4439 dolorem.
989 4384 1055 4438 Et
1115 4383 1392 4438 offerente
1448 4382 1754 4447 Antiocho,
1811 4399 1947 4438 cum

298 4478 497 4545 posset
522 4471 770 4527 salutem
800 4470 1012 4543 eligere
1036 4469 1569 4536 ﬁliorum,malebat
1600 4469 1944 4542 periculum:

299 4558 769 4632 compressisque
803 4565 1024 4614 natura:
1055 4557 1603 4630 gemitibus,pmnas
1631 4557 1769 4613 ﬁliis
1792 4563 1952 4630 opta-
1979 4578 2027 4643 ι)

300 4651 402 4705 bat
434 4647 728 4719 augeri,ut
759 4664 914 4702 mors
945 4646 1120 4702 citius
1142 4645 1950 4718 apprOpinquaret.Videmus

299 4754 578 4795 conversa
607 4739 738 4790 vota
769 4736 976 4791 matris
1005 4735 1062 4789 in
1096 4733 1277 4802 ﬁlios;
1334 4751 1406 4789 ne
1454 4751 1627 4806 quem
1660 4735 1950 4807 supersti-

298 4835 416 4884 tem
449 4823 897 4896 derelinqueret,
931 4824 1032 4879 sed
1062 4839 1266 4879 omnes
1295 4822 1402 4895 pia:
1432 4822 1765 4879 coheredes
1795 4841 1950 4880 mor-

299 4918 374 4973 tis
396 4916 740 4988 acquireret.

368 5007 456 5062 55.
492 5005 604 5060 Sed
655 5019 758 5058 nec
807 5001 910 5056 ﬁlii
960 5001 1217 5057 minores
1267 4998 1370 5056 tali
1430 5004 1687 5072 parente,
1734 5001 1834 5074 qui
1891 5018 1954 5058 se

368 5165 482 5234 (70)
518 5163 682 5218 Rom.
716 5163 856 5218 edit.
893 5163 1102 5217 vallata
1124 5161 1601 5234 muralibus.A_lize
1632 5177 1855 5228 omnes,
1887 5180 1954 5220 ac

299 5232 472 5302 mea,
503 5235 710 5288 vallata
737 5236 1080 5296 muneribus,
1111 5233 1168 5287 id
1201 5238 1308 5300 est,
1341 5232 1552 5289 hostiis
1583 5249 1648 5289 ac
1676 5234 1952 5302 victimis,

301 5308 516 5378 quibus
545 5304 1019 5378 illapeolitavit.
1054 5304 1183 5378 Vat.
1225 5305 1352 5360 cod.
1404 5305 1464 5359 in
1517 5305 1802 5378 margine,
1853 5305 1954 5377 aL,

302 5375 610 5447 funeribus.
646 5375 768 5428 Non
800 5375 1190 5431 incommode.

375 5446 457 5517 (τι
526 5446 615 5496 “in
649 5447 840 5498 cuncti
893 5463 1036 5500 mss.
1093 5453 1268 5517 atque
1319 5447 1459 5501 edit.
1511 5447 1953 5517 exceptaRom.

307 5519 403 5568 ubi
439 5515 672 5578 legitur,
707 5526 756 5569 et
785 5521 966 5590 οψιιξο
1000 5527 1134 5590 utre.
1174 5515 1293 5590 Sed,
1333 5517 1525 5590 potuit
1569 5515 1673 5572 vas
1719 5516 1958 5590 aliquod

307 5605 340 5639 a
373 5590 561 5652 ﬁgura
592 5595 792 5640 uterus
821 5588 955 5652 dici,
989 5588 1070 5641 vel
1109 5589 1251 5643 forte
1281 5587 1478 5658 ipsum
1509 5587 1955 5660 lampadis'cor-

309 5673 441 5728 pus.

2120 1947 2210 2000 56.
2243 1945 2538 2000 Cadebant
2589 1945 2693 1999 ﬁlii
2737 1945 3046 2000 tormentis
3101 1944 3440 2012 exulcerati,
3487 1945 3696 2001 mortui

2053 2051 2232 2106 super
2259 2040 2522 2089 mortuos
2569 2033 3047 2100 advolvebantur,
3078 2049 3324 2106 corpora
3352 2050 3536 2106 super
3573 2050 3696 2091 cor-

2054 2139 2196 2195 pora
2221 2121 2656 2187 volutabantur,
2689 2123 2885 2193 capita
2913 2138 3092 2193 super
3129 2121 3322 2194 capita
3347 2123 3694 2178 exsecaban-

2051 2219 2168 2266 tur.
2200 2210 2468 2267 Befertus
2496 2215 2622 2266 erat
2651 2212 2816 2265 locus
2845 2210 3229 2265 cadaveribus
3274 2209 3558 2276 ﬁliorum,
3586 2228 3692 2267 non

2054 2300 2210 2355 ﬂevit
2241 2306 2454 2365 mater,
2482 2315 2598 2354 non
2630 2297 2952 2354 lamentata
2993 2303 3104 2366 est,
3135 2315 3251 2354 non
3283 2299 3490 2356 oculos
3513 2301 3699 2371 cujus-

2056 2406 2232 2462 quam
2266 2389 2502 2461 pressit,
2532 2392 2636 2442 aut
2663 2403 2768 2444 ora
2795 2387 3102 2444 morientis
3139 2387 3373 2455 clausit,
3407 2405 3524 2444 non
3567 2387 3698 2445 lavit

2049 2479 2312 2534 vulnera.
2343 2478 2534 2533 sciens
2582 2475 2958 2548 gloriosiores
3005 2493 3158 2539 esse,
3209 2477 3259 2531 si
3305 2477 3607 2534 eviscerati
3645 2483 3697 2534 et

2051 2568 2304 2622 concreti
2357 2565 2574 2638 pariter
2617 2564 2855 2637 pulvere
2900 2572 2957 2620 et
3015 2565 3301 2636 sanguine
3348 2566 3692 2633 viderentur,

2051 2655 2254 2727 quales
2283 2654 2474 2710 solent
2503 2655 2576 2710 de
2607 2653 2760 2709 bello
2789 2654 2980 2709 redire
3007 2654 3488 2727 victores,quales
3517 2655 3691 2712 solent

2049 2750 2265 2816 tropaea
2309 2759 2380 2798 ex
2421 2742 2692 2798 hostibus
2735 2749 3052 2816 reportare.
3081 2743 3208 2799 Non
3256 2745 3689 2817 superjacienda

2046 2833 2360 2898 velamina,
2391 2848 2508 2887 non
2556 2832 2996 2904 prosequendas
3050 2833 3379 2904 exsequias,
3411 2834 3526 2889 nisi
3575 2851 3686 2890 sua

2049 2937 2284 2994 quoque
2315 2921 2599 2976 comitatu
2630 2921 2839 2976 mortis
2867 2921 3149 2977 arbitrata
3177 2925 3287 2977 est.
3310 2922 3452 2986 Quae
3480 2922 3688 2978 cithara

2049 3010 2342 3066 dulciores
2388 3009 2586 3064 ederet
2630 3013 2864 3077 cantus,
2894 3025 3073 3082 quam
3117 3010 3436 3066 morientes
3479 3010 3584 3066 ﬁlii
3627 3010 3680 3064 in

2047 3104 2168 3155 tam
2185 3098 2465 3172 gravibus
2492 3097 2798 3170 suppliciis
2812 3097 3124 3154 ediderunt
3132 3098 3521 3172 ?Erumpebat
3537 3099 3679 3155 enim

1970 3210 2013 3278 ε
2051 3193 2275 3244 naturae
2307 3185 2584 3260 gemitus,
2614 3186 2794 3278 etiam
2823 3186 3042 3242 invitis.
3067 3188 3503 3261 Spectaresfper
3544 3188 3682 3244 ordi-

2051 3292 2188 3332 nem
2217 3280 2655 3348 peremptorum
2687 3274 2970 3330 cadavera
2997 3275 3150 3330 sicut
3187 3275 3290 3332 ﬁla
3323 3276 3681 3340 chordarum,

2050 3365 2288 3421 audires
2340 3362 2803 3436 beptachordum
2830 3363 3178 3436 psalterium
3239 3363 3681 3438 triumphalibus

2051 3453 2370 3527 gemitibus
2394 3451 2701 3507 resultare.
2758 3451 2886 3507 Non
2944 3453 3029 3508 sic
3079 3451 3408 3510 illecebrosi
3473 3453 3576 3517 illi,
3629 3457 3682 3508 ut

2051 3540 2238 3605 aiunt,
2269 3543 2480 3595 cantus
2508 3539 2849 3595 Sirenarum
2902 3540 3263 3596 attraherent
3312 3542 3639 3598 audientem
3667 3557 3679 3594 :

2050 3629 2136 3685 illi
2157 3628 2315 3684 enim
2344 3629 2418 3684 ad
2449 3628 2825 3702 naufragium
2861 3628 3198 3695 trahebant,
3241 3630 3339 3685 isti
3398 3631 3468 3686 ad
3517 3629 3682 3686 sacri-

2055 3718 2172 3774 ﬁcii
2200 3715 2527 3772 victoriam.
2557 3717 2677 3772 Nec
2705 3716 2792 3772 sic
2820 3733 3042 3790 cygneo
3068 3717 3335 3774 carmina
3380 3736 3550 3776 aures
3576 3718 3684 3774 ani-

2055 3822 2340 3878 mumque
2368 3805 2525 3862 48.
2580 3804 2905 3862 mulcerent
2961 3823 2976 3860 :
3037 3807 3207 3880 cygni
3267 3807 3425 3863 enim
3480 3813 3680 3863 natura:

2055 3900 2212 3951 sorte
2243 3894 2600 3961 moriuntur,
2630 3893 2728 3950 isti
2759 3893 3162 3950 moriebantur
3207 3911 3408 3952 amore
3449 3896 3678 3968 pietatis.

2055 3985 2180 4041 Non
2211 3984 2297 4039 sic
2325 4000 2506 4040 rauca
2528 3986 2804 4039 resonant
2839 3987 3060 4040 secieto
3107 3984 3168 4039 in
3214 4000 3456 4042 nemore
3481 3983 3678 4040 colum-

2055 4075 2266 4131 barum
2295 4076 2694 4139 murmura,ut
2719 4071 2930 4128 ultima
2955 4072 3133 4128 verba
3162 4074 3537 4130 morientium
3565 4087 3679 4129 cum

2057 4179 2292 4219 summa
2329 4161 2616 4218 suavitate
2657 4161 3033 4218 resonabant.
3063 4161 3180 4217 Nec
3225 4162 3312 4218 sic
3361 4161 3504 4218 luna
3549 4163 3682 4218 inter

2057 4249 2256 4307 stellas
2284 4248 2554 4322 refulget,
2586 4253 2654 4304 ut
2699 4249 2854 4304 inter
2895 4247 3052 4305 ﬁlios
3079 4253 3290 4319 mater,
3320 4255 3380 4306 et
3424 4267 3558 4307 cum
3595 4264 3679 4305 eos

2057 4339 2131 4396 ad
2169 4340 2516 4410 martyrium
2566 4336 2973 4394 illuminatura
3019 4338 3352 4406 deduceret,
3385 4337 3682 4412 refulgebat

2058 4433 2117 4486 et
2141 4444 2278 4484 cum
2310 4425 2640 4500 amplexata
2665 4427 2915 4484 victores
2939 4426 3001 4482 in
3031 4427 3224 4483 medio
3255 4427 3509 4484 ﬁliorum
3543 4429 3677 4500 jace-

2059 4522 2166 4574 ret.

2129 4652 2220 4706 57.
2253 4649 2297 4706 Ο
2327 4666 2466 4704 vera
2498 4652 2685 4705 mater
2731 4649 3043 4705 adamante
3091 4648 3318 4714 fortior,
3361 4647 3528 4704 melle
3568 4643 3675 4702 dul-

2059 4739 2203 4806 cior,
2235 4739 2375 4794 ﬂore
2403 4736 2784 4810 tragrantiorl
2817 4754 2851 4793 ο
2881 4735 3290 4793 indissolubile
3318 4735 3548 4810 pietatis
3572 4733 3674 4788 vin-

2061 4826 2291 4884 culum!
2324 4825 2368 4882 0
2404 4841 2536 4882 vere
2581 4823 2774 4881 valida
2824 4824 3080 4880 charitas
3129 4824 3285 4881 sicut
3332 4841 3489 4882 mors
3530 4823 3674 4885 dura,

2062 4916 2219 4974 sicut
2245 4914 2416 4970 inferi
2461 4912 2623 4970 zelus
2673 4913 2786 4985 (73)
2833 4911 3156 4970 devotionis
3203 4929 3272 4970 ac
3319 4913 3485 4969 ﬁdei!
3530 4907 3676 4967 Nulla

2063 5007 2363 5061 tantarum
2394 5001 2616 5058 diluvia
2638 5001 2980 5074 passionum
3002 5005 3168 5057 tuam
3193 5005 3504 5074 potuerunt
3520 4993 3676 5056 chari-

2135 5162 2250 5234 (72)
2277 5160 2495 5218 Omnes
2523 5159 2693 5229 edit.,
2711 5163 2974 5233 impetum
2993 5169 3276 5234 petamus.
3305 5162 3512 5218 Omnes
3532 5172 3672 5234 mssa

2064 5233 2329 5305 impetum
2353 5240 2718 5302 proteramus,
2749 5236 2986 5306 excepto
3017 5249 3133 5289 uno
3161 5233 3320 5302 Vat.,
3348 5234 3410 5288 in
3439 5247 3546 5304 quo
3585 5233 3672 5284 im-

2059 5314 2251 5378 petum
2275 5312 2660 5378 praeoptamus.

2137 5376 2249 5448 (73)
2275 5369 2620 5448 Roui._edit.
2655 5373 2969 5448 solatsiczd
3011 5391 3178 5448 mors,
3222 5374 3393 5448 durus
3431 5375 3562 5430 sicut

2063 5439 2175 5573 {eri
2209 5439 2379 5503 salus.
2415 5445 2527 5500 Illi.
2549 5451 2747 5501 tamen
2774 5439 3009 5527 .'favent_
3037 5439 3192 5527 LXX,
3225 5447 3380 5518 apud
3429 5459 3563 5516 quos
3597 5439 3672 5530 hic

2089 5535 2230 5573 ocus
2281 5519 2448 5573 Cant.
2496 5533 2618 5573 vm.
2666 5517 2722 5573 6.
2770 5521 2853 5572 ita
2898 5517 3176 5573 scribitur
3221 5535 3236 5573 :
3273 5519 3601 5573 ’Ὀτιιιοαταιά
3623 5532 3670 5569 ως

2089 5535 2230 5574 ocus
2281 5519 2448 5574 Cant.
2496 5533 2618 5585 vm,
2666 5517 2722 5584 6,
2770 5517 2853 5572 ita
2898 5515 3176 5574 scribitur
3221 5513 3388 5574 ςῖότι
3414 5513 3670 5589 tgna-.16):

2067 5598 2278 5654 θάνατος
2306 5597 2498 5662 ἀγάπη,
2532 5595 2749 5661 σκληρὸς
2777 5595 2838 5656 ὣς
2865 5596 2986 5662 ᾅδης
3013 5597 3174 5660 ζῆλος.
