3830 6206
194 376 208 431 ξ
281 376 401 443 069
1048 376 1283 440 LIBER
1325 377 1429 439 DE
1473 376 1768 441 JOSEPH
1812 377 2343 443 PATRIARCHA.
2370 376 2931 444 --ADMONITIO.
3571 379 3691 443 670

281 514 462 569 tatem
492 510 822 581 excludere,
855 509 1018 568 nulla
1047 510 1334 568 inundare
1369 527 1498 567 eam
1532 511 1776 568 ﬂumina
1806 515 1936 569 tan-
1965 515 2022 582 Α
2051 513 2246 569 formae
2288 517 2491 570 vestrae
2541 517 2596 569 et
2643 513 2972 570 animarum
3021 511 3517 570 similitudinem?
3562 515 3691 571 Ste-

283 606 475 657 tarum
509 601 921 658 acerbitatum.
953 600 1120 657 Sicut
1150 617 1287 656 arca
1319 599 1376 655 in
1410 599 1511 655 illo
1546 601 1748 656 mundi
1784 601 1935 657 dilu-
2046 602 2201 658 tistis
2230 602 2384 659 inter
2404 603 2689 659 exercitus
2721 602 2933 675 regios,
2956 602 3171 674 quibus
3202 607 3360 659 totus
3392 602 3502 658 fuit
3532 604 3690 660 orbis

278 689 370 746 vio
399 690 587 746 totius
635 689 794 767 orbis
841 689 1046 762 spatiis
1096 689 1350 745 innocua
1398 688 1693 745 ferebatur
1724 706 1736 743 :
1772 689 1852 744 ita
1881 694 1937 745 et
2045 694 2333 745 terrarum
2364 692 2838 763 subactus,quos
2875 690 3040 747 India
3067 708 3298 763 quoque
3341 692 3399 747 in
3448 693 3689 747 extremi

282 783 343 835 tu
369 780 656 836 adversus
678 779 890 835 ﬂuctus
912 782 1032 834 tam
1054 777 1322 851 gravium
1349 778 1691 848 passionum
1721 778 1937 850 pietate
2046 778 2226 834 maris
2258 783 2479 835 secreta
2524 780 2819 852 refugiens
2868 797 2983 835 non
3017 778 3349 847 declinavit,
3380 783 3435 835 et
3464 780 3572 835 soli
3620 782 3691 835 de

280 867 609 924 immobilis
658 866 948 933 restitisti,
978 870 1036 923 et
1065 883 1199 923 cum
1230 882 1433 939 posses
1484 866 1735 922 salutem
1789 866 1933 921 filio-
2047 883 2179 939 rege
2218 870 2470 939 superbo
2518 868 2643 923 sine
2693 868 2899 924 bellico
2931 868 3201 924 conflictu
3250 868 3550 923 victoriam
3602 886 3689 925 re-

282 973 415 1013 rum
446 956 687 1029 eligere,
719 955 984 1013 noluisti.
1980 1030 1984 1034 Δ
2045 956 2343 1027 portastis.
2372 955 2650 1012 Vicerunt
2678 956 2737 1011 in
2765 957 2929 1012 vobis
2959 956 3083 1013 sola
3113 974 3278 1013 arma
3303 957 3536 1029 pietatis
3563 976 3575 1013 :
3600 959 3691 1013 de-

349 1046 441 1101 58.
476 1045 601 1110 Quo
650 1045 860 1101 affectu
906 1062 1007 1100 vos
1068 1060 1409 1117 prosequar,
1460 1047 1673 1099 sancta:
1731 1043 1937 1099 matris
2046 1043 2132 1099 dit
2181 1061 2383 1116 pmnas
2432 1048 2737 1117 tyrannus,
2770 1050 2825 1099 et
2856 1046 2994 1116 quia
3020 1062 3125 1101 vos
3168 1063 3281 1102 non
3331 1046 3521 1117 potuit
3566 1046 3691 1101 vin-

282 1132 380 1205 pia
409 1132 700 1206 pignora?
722 1135 845 1199 Quo
868 1131 1138 1207 penicillo
1161 1130 1451 1188 sermonis
1472 1131 1586 1186 mei
1609 1132 1935 1188 describam
2046 1148 2193 1197 cere,
2227 1136 2282 1187 et
2315 1132 2451 1203 quia
2482 1132 2661 1188 atroci
2692 1137 3027 1205 peremptus
3059 1139 3147 1189 est
3179 1138 3384 1190 morte.

284 1283 1563 1312 ω

567 1406 681 1514 IN
740 1427 1175 1515 LIBRUM
1235 1422 1376 1511 DE
1432 1427 1847 1515 JOSEPH
1905 1428 2668 1512 PATRRIARCHA
2730 1427 3409 1547 ADMONl'l‘t-i).

1776 1605 2197 1615 —.—_—_—__..

348 1702 703 1760 Ambrosius
722 1703 845 1774 jam
879 1702 1017 1758 inde
1045 1702 1118 1757 ab
1148 1700 1382 1757 exordio
1413 1700 1591 1773 hujus
1621 1702 1814 1773 operis
1844 1701 1969 1773 ipse
1998 1717 2299 1757 sacrorum
2333 1700 2694 1756 voluminum
2729 1700 2931 1756 ordine
2963 1701 3279 1757 adductum
3313 1718 3374 1757 se
3405 1719 3533 1758 esse
3564 1719 3697 1774 pro-

280 1793 481 1848 ﬁtetur
511 1792 664 1864 (cap.
700 1792 949 1858 1,,num.
983 1791 1057 1861 1),
1093 1793 1158 1845 ut
1186 1789 1353 1845 libris
1383 1791 1456 1845 De
1482 1789 1779 1853 Abraham,
1804 1791 1972 1855 Isaac,
2004 1798 2054 1845 et
2082 1789 2272 1854 Jacob,
2295 1787 2353 1843 in
2387 1787 2575 1843 lucem
2609 1789 2800 1857 editis,
2833 1789 3099 1845 nonnihil
3135 1790 3190 1844 in
3220 1790 3436 1861 Joseph
3469 1808 3699 1863 quoque

280 1880 592 1937 historiam
627 1878 1028 1935 meditaretur.
1063 1878 1343 1941 Quocirca
1390 1882 1521 1950 post
1571 1878 1892 1950 expositam
1940 1880 2001 1933 in
2051 1877 2323 1932 Abraham
2372 1879 2669 1948 impigram
2714 1878 2845 1948 ﬁdei
2890 1877 3227 1933 devotionem
3259 1878 3465 1950 (Ibid),
3501 1879 3557 1933 id
3588 1883 3695 1961 est,

283 1969 553 2025 animum
585 1968 799 2024 divinis
851 1967 1157 2040 imperatis
1205 1966 1827 2038 obsequentissimum,
1860 1968 1919 2021 in
1967 1968 2118 2021 Isaac
2164 1968 2396 2023 sincerae
2444 1969 2644 2021 mentis
2690 1968 3012 2038 puritatem,
3042 1966 3098 2021 id
3149 1971 3255 2034 est,
3287 1972 3540 2022 mentem
3573 1984 3699 2039 quae

284 2056 567 2112 omnibus
595 2054 790 2112 saeculi
820 2055 994 2110 naevis
1042 2070 1109 2110 ac
1159 2055 1432 2111 sordibus
1461 2055 1745 2111 abstersis
1776 2073 1909 2111 cum
1937 2055 2127 2110 Verbo
2175 2059 2386 2110 aeterno
2436 2055 2712 2110 intimum
2765 2056 3059 2126 quoddam
3113 2054 3392 2125 spiritalis
3424 2056 3701 2111 connubii

285 2146 474 2201 fmdus
506 2145 685 2213 ineat,
710 2143 960 2217 denique
992 2146 1049 2199 in
1073 2144 1234 2200 Jacob
1262 2145 1599 2215 singularem
1630 2146 1833 2212 animi,
1865 2145 2220 2215 laborumque
2243 2144 2601 2214 patientiam,
2625 2143 2793 2213 cujus
2826 2141 3104 2197 beneficio
3127 2142 3213 2197 vel
3238 2142 3294 2196 in
3320 2143 3703 2198 atrocissimis

281 2233 624 2290 infortuniis
653 2232 950 2288 beatitudo
982 2232 1302 2287 retineatur
1332 2248 1346 2286 :
1382 2249 1496 2288 non
1530 2237 1837 2288 contentus
1866 2232 1973 2287 has
2022 2248 2225 2287 omnes
2252 2232 2499 2286 virtutes
2551 2231 2700 2302 stylo
2746 2229 3090 2295 celebrasse,
3131 2229 3347 2301 aliquid
3385 2230 3574 2285 adhuc
3606 2248 3701 2286 ex-

284 2322 551 2395 pressius
581 2337 648 2376 ac
679 2320 867 2393 magis
897 2320 1350 2376 determinatum
1379 2320 1440 2375 in
1468 2320 1745 2392 Josepho,
1778 2321 1948 2391 cujus
1977 2319 2269 2391 praecipua
2296 2318 2426 2374 laus
2457 2319 2515 2373 in
2547 2318 2811 2373 castitate
2844 2319 3033 2390 posita
3058 2323 3164 2385 est,
3195 2334 3518 2390 preponere
3547 2319 3701 2391 apud

286 2427 345 2467 se
376 2409 608 2466 statuit.
642 2409 705 2464 In
738 2408 1138 2480 superioribus
1170 2408 1383 2464 nostris
1412 2408 1929 2464 Admonitionibus
1958 2407 2457 2480 quemadmodum
2489 2406 2792 2479 S.‘pI‘EBSUl
2827 2410 3181 2461 memoratas
3210 2406 3549 2461 eorumdem
3584 2406 3701 2478 pri-

289 2513 521 2555 morum
570 2496 1032 2570 patriarcharum
1079 2496 1324 2554 virtutes
1371 2498 1745 2554 edisserendo
1800 2496 2064 2569 ipsorum
2121 2496 2426 2551 historiam
2459 2495 2968 2559 demonstraverit,
3001 2494 3329 2567 expositum
3379 2500 3497 2561 est;
3547 2512 3702 2551 nunc

290 2586 493 2660 paucis
524 2602 641 2658 qua
667 2586 889 2642 ratione
918 2586 990 2642 ad
1020 2585 1214 2658 ipsum
1245 2591 1305 2642 in
1337 2586 1584 2643 historia
1610 2585 1849 2658 Josephi
1877 2584 2228 2659 praestiterit,
2264 2584 2701 2657 inquirendum.

353 2674 647 2748 Principio
677 2676 846 2731 docet
897 2675 1219 2747 Josephum
1253 2676 1421 2732 nobis
1481 2675 1723 2749 proponi
1786 2680 2049 2747 tanquam
2084 2675 2365 2747 speculum
2395 2675 2662 2728 castitatis
2694 2673 2849 2744 (Ibid.
2888 2689 3049 2727 num.
3084 2672 3162 2743 2),
3196 2688 3329 2727 cum
3388 2688 3456 2727 ea
3514 2672 3699 2727 virtus

287 2763 466 2821 simul
498 2767 557 2819 et
584 2762 811 2835 quidam
852 2765 1191 2820 castimoniae
1237 2779 1411 2820 comes
1438 2766 1591 2820 nitor
1628 2766 1829 2835 gratim
1855 2764 1915 2819 in
1946 2765 2074 2835 ejus
2106 2762 2370 2817 moribus
2402 2761 2686 2833 factisque
2736 2760 3009 2817 omnibus
3057 2759 3477 2832 perfectissime
3527 2759 3702 2815 reful-

286 2856 440 2925 geat.
473 2851 759 2916 Quoniam
785 2868 917 2907 vero
970 2868 1265 2924 nusquam
1326 2852 1535 2922 majori
1565 2868 1700 2907 cum
1757 2852 2073 2925 splendore
2098 2851 2282 2907 sancti
2315 2849 2702 2906 adolescentis
2759 2848 3039 2921 pudicitia
3095 2850 3326 2919 enituit,
3361 2868 3535 2922 quam
3568 2869 3702 2907 cum

286 2941 482 3014 ipsam
517 2957 663 2996 uxor
689 2939 1024 3013 Putipharis
1056 2941 1208 3012 apud
1241 2957 1413 3012 quem
1445 2939 1544 2995 ille
1591 2941 1899 3010 serviebat,
1928 2939 2237 3013 multiplici
2271 2939 2558 2995 lenocinio
2603 2938 3180 3011 improbissimisque
3212 2940 3516 2996 conatibus
3546 2940 3702 2997 labe-

287 3030 505 3086 factare
535 3032 744 3085 conata
771 3034 887 3096 est;
920 3045 989 3084 ea
1036 3033 1270 3101 propter
1314 3027 1610 3100 singulare
1657 3028 1774 3085 hoc
1816 3029 2082 3101 ejusdem
2131 3028 2474 3101 patriarchae
2521 3033 2928 3083 ornamentum
2960 3032 3013 3081 S.
3052 3028 3397 3083 Ambrosius
3436 3033 3558 3084 tota
3586 3030 3705 3085 elo-

284 3118 544 3191 quentiae
591 3134 710 3174 suae
739 3117 795 3172 vi
833 3117 1125 3190 pradicat,
1158 3117 1292 3173 licet
1347 3133 1464 3172 uno
1517 3120 1747 3172 tantum
1803 3118 1989 3191 capite
2019 3120 2167 3190 (cap.
2200 3119 2276 3189 5),
2313 3116 2731 3172 difficillimum
2789 3116 2933 3170 illud
2983 3122 3277 3172 certamen
3337 3134 3401 3172 ac
3455 3118 3701 3190 periculi

282 3205 705 3279 plenissimum
737 3205 1260 3278 comprehenderit.
1296 3204 1420 3260 Illic
1478 3206 1664 3276 aperit
1691 3206 1891 3261 omnia
1944 3205 2354 3262 illecebrarum
2413 3209 2590 3277 atque
2645 3204 2863 3259 artium
2903 3220 3116 3276 genera
3173 3205 3392 3275 quibus
3423 3212 3705 3279 corruptae

281 3292 570 3350 mulieres
618 3297 844 3349 amatos
895 3308 1288 3365 corrumpere,
1321 3291 1641 3364 eorumque
1669 3292 2089 3350 continentiam
2139 3310 2472 3366 expugnare
2522 3292 2964 3365 aggrediuntur.
2999 3294 3401 3348 Constantiam
3453 3311 3517 3349 ac
3565 3312 3705 3365 pru-

280 3382 549 3438 dentiam
581 3380 796 3454 quibus
825 3381 884 3437 S.
916 3380 1134 3453 Joseph
1164 3379 1324 3436 illius
1370 3380 1681 3452 petitiones
1712 3398 1868 3436 nunc
1915 3382 2258 3449 resistendo,
2294 3399 2448 3437 nunc
2480 3380 2754 3453 fugiendo
2806 3397 3003 3437 cassas
3054 3382 3327 3449 reddidit,
3360 3382 3699 3454 amplificat.

279 3470 508 3527 Monita
534 3468 785 3525 subinde
830 3468 1039 3525 inserit
1081 3468 1465 3524 instituendis
1496 3469 1761 3526 moribus
1793 3469 2129 3547 utilissima.
2164 3475 2464 3527 Postremo
2512 3472 2654 3525 dum
2706 3469 3107 3525 castissimum
3157 3470 3382 3526 huncce
3427 3471 3703 3526 victorem

277 3559 685 3623 commendat,
718 3555 960 3633 minime
1010 3556 1368 3623 dubitanter,
1396 3573 1498 3629 pro
1544 3560 1812 3626 castitate,
1844 3558 2037 3630 inquit
2067 3560 2223 3631 (Ibid.
2259 3576 2421 3615 num.
2456 3560 2567 3631 26),
2599 3560 2934 3631 martyrium
2974 3560 3207 3626 subibat,
3243 3559 3521 3614 nimirum
3570 3576 3705 3615 cum

276 3646 543 3703 ocelestis
567 3644 730 3701 illius
755 3646 991 3701 virtutis
1016 3661 1194 3701 causa
1237 3645 1297 3700 in
1345 3646 1580 3703 vincula
1609 3647 1733 3719 rapi
1764 3663 1826 3704 se
1856 3648 2205 3719 patiebatur,
2238 3648 2309 3703 de
2340 3647 2675 3703 refellendis
2707 3647 2858 3703 herae
2890 3664 3007 3703 suae
3039 3647 3350 3704 calumniis
3397 3648 3705 3720 haudqua-

280 3751 468 3810 quam
501 3732 812 3791 sollicitus.
1516 3750 1520 3754 '

354 3825 645 3882 Caeterum
674 3828 882 3897 praeter
930 3823 1083 3880 hanc
1134 3823 1369 3880 laudem
1427 3829 1566 3879 sunt
1622 3828 1680 3880 et
1736 3824 1850 3880 alia
1906 3825 2093 3882 multa
2126 3826 2185 3881 in
2215 3825 2331 3880 vita
2357 3824 2620 3897 Josephi,
2656 3842 2783 3898 quae
2826 3841 3118 3881 summam
3174 3825 3702 3881 considerationem

280 3917 648 3972 mereantur.
679 3911 783 3969 Illa
811 3912 1018 3969 beatus
1049 3913 1250 3969 doctor
1295 3912 1527 3973 silentio
1576 3913 1969 3985 praetermissa
1997 3914 2203 3980 noluit,
2234 3915 2335 3969 sed
2388 3931 2455 3969 ea
2480 3914 2725 3970 ratione
2771 3913 3158 3985 pertractavit,
3195 3930 3371 3984 quam
3422 3914 3702 3969 hactenus

280 4003 344 4059 in
380 4000 735 4059 exornandis
785 4001 1115 4074 priscorum
1167 4001 1633 4074 patriarcharum
1663 4002 1849 4074 gestis
1881 4019 1997 4058 non
2026 4002 2394 4059 adhibuerat.
2429 4002 2781 4074 Auspicatur
2809 4004 2958 4075 (cap.
2997 4002 3047 4069 1,
3082 4018 3245 4056 num.
3279 4003 3333 4072 3)
3365 4002 3436 4056 ab
3486 4002 3703 4058 invidia

273 4108 414 4165 quas
445 4090 656 4145 fratres
682 4086 762 4145 in
809 4089 1131 4162 Josephum
1190 4088 1620 4145 stimulaveratt
1653 4106 1721 4145 ac
1750 4091 1879 4161 ejus
1911 4091 2216 4147 occasione
2247 4089 2547 4146 nonnullis
2579 4092 2733 4146 circa
2763 4090 2980 4145 amoris
3013 4105 3186 4161 quem
3246 4093 3513 4160 parentes
3564 4107 3703 4163 erga

265 4180 500 4237 liberos
531 4194 645 4250 pra:
675 4193 738 4233 se
768 4177 918 4233 ferre
967 4181 1250 4250 Oporteat,
1277 4176 2204 4249 aequalitatem'observationibus
2247 4177 2589 4250 praemissis,
2619 4178 2943 4249 Josephum
2975 4176 3186 4231 Christi
3241 4176 3464 4231 Domini
3495 4182 3701 4249 typum

263 4286 339 4325 ac
372 4267 631 4340 ﬁguram
661 4265 906 4321 somniis
937 4265 1062 4322 suis
1092 4264 1388 4321 exstitisse
1429 4266 1795 4322 demonstrat
1824 4267 1973 4339 (cap.
2006 4268 2083 4338 2).
2117 4267 2335 4323 Deinde
2367 4268 2654 4339 quidquid
2690 4268 2745 4320 in
2780 4266 2987 4322 Genesi
3021 4267 3092 4321 de
3122 4271 3322 4321 sancto
3373 4266 3701 4335 patriarcha

258 4356 516 4430 legitur,
544 4354 688 4411 satis
718 4357 987 4410 accurate
1024 4369 1400 4426 percensens,
1430 4370 1634 4411 omnes
1664 4356 2089 4428 propemodum
2146 4358 2274 4425 ejus
2321 4355 2578 4410 actiones
2630 4355 2871 4426 mystice
2919 4359 3093 4426 atque
3139 4354 3197 4408 in
3252 4355 3329 4423 {ig
3360 4372 3441 4408 na
3470 4353 3698 4410 Christo

252 4442 603 4511 convenire,
638 4443 998 4515 proindeque
1022 4443 1181 4500 hunc
1210 4443 1406 4516 ipsum
1438 4461 1540 4515 pro
1570 4461 1704 4500 vero
1734 4445 2045 4516 Scriptura:
2074 4444 2327 4516 Josepho
2369 4444 2707 4499 habendum
2739 4444 2924 4499 docet.
2964 4444 3024 4498 Id
3058 4443 3294 4514 quidem
3328 4444 3468 4499 adeo
3498 4450 3695 4500 exacte

252 4532 507 4607 probat,
538 4535 605 4586 ut
631 4532 780 4587 bene
826 4531 1033 4587 multis
1063 4531 1301 4603 Josephi
1332 4550 1401 4588 ex
1429 4531 1576 4587 libro
1603 4532 1832 4599 Genesi,
1864 4537 1920 4589 et
1950 4532 2161 4588 Christi
2196 4550 2265 4588 ex
2295 4532 2608 4605 Evangelia
2641 4532 2834 4588 verbis
2866 4533 2977 4588 sibi
3008 4533 3254 4588 invicem
3289 4533 3597 4604 oppositis,
3631 4550 3699 4588 ea

254 4622 598 4679 maximam
628 4619 784 4676 inter
813 4636 875 4676 se
907 4620 1315 4693 cognationem
1349 4621 1562 4677 habere
1592 4622 1898 4693 patefaciat
1928 4621 2074 4693 (cap.
2120 4625 2183 4676 l2
2213 4626 2268 4677 et
2301 4622 2408 4693 13).
2438 4621 2699 4693 Denique
2730 4639 2862 4677 cum
2897 4622 2954 4676 in
2989 4621 3096 4677 hac
3132 4622 3259 4695 ipsa
3287 4622 3534 4678 historia
3564 4622 3696 4677 reli-

256 4709 407 4784 quis
439 4704 786 4764 etiam‘ﬂliis
814 4708 994 4764 Jacob
1026 4725 1145 4764 sua:
1177 4713 1371 4780 partes
1414 4708 1652 4777 fuerint,
1684 4710 1936 4766 indictos
1966 4711 2201 4767 eosdem
2236 4728 2351 4766 non
2397 4709 2557 4775 sinit,
2589 4710 2689 4767 scd
2720 4711 2779 4765 in
2809 4712 3112 4783 Benjamin
3146 4711 3463 4767 exhibitam
3515 4711 3697 4766 fuisse

256 4796 438 4855 Pauli
472 4810 648 4868 quem
680 4797 914 4853 eximiis
942 4796 1220 4854 laudibus
1250 4798 1646 4870 prosequitur,
1678 4798 1992 4871 imaginem
2027 4799 2225 4863 tradit,
2258 4798 2318 4853 in
2349 4799 2484 4855 aliis
2515 4817 2647 4855 vero
2681 4800 2960 4855 fratribus
2991 4815 3323 4872 expressam
3356 4800 3691 4854 Judzeorum

258 4887 326 4944 in
359 4901 519 4958 quos
547 4884 861 4955 invehitur,
893 4886 1198 4958 perﬁdiam
1248 4890 1423 4957 atque
1475 4886 1927 4956 immanitatem,
1958 4889 2225 4959 quamvis
2254 4888 2414 4960 ipsos
2460 4905 2693 4960 quoque
2739 4889 2812 4943 ad
2865 4889 3039 4943 ﬁdem
3088 4888 3325 4943 tandem
3377 4885 3693 4958 aliquando

260 4977 656 5050 perventuros
685 4974 997 5049 signiﬁcet.

337 5063 594 5121 Crebrae
621 5063 860 5135 quidem
891 5064 1281 5137 expositiones
1329 5080 1395 5119 ac
1442 5064 1858 5136 praeceptiones
1887 5080 2015 5135 quis
2047 5063 2390 5119 Christiana:
2444 5064 2624 5135 plebis
2675 5065 2938 5119 moribus
2987 5064 3334 5120 conducant.
3371 5061 3477 5117 toti
3531 5063 3690 5134 operi

264 5153 405 5226 pius
433 5152 640 5208 doctor
668 5151 974 5225 inspergit,
1004 5156 1406 5208 verumtamen
1456 5152 1515 5207 in
1565 5153 1820 5208 eruendo
1852 5152 2095 5225 mystico
2126 5169 2304 5207 sensu
2349 5151 2575 5208 laborat
2606 5152 2953 5223 impensius.
2991 5152 3151 5206 Unde
3204 5168 3319 5205 uno
3368 5150 3542 5206 verbo
3575 5168 3688 5206 non

264 5240 493 5313 injuria
520 5243 780 5297 statuere
807 5241 941 5313 quis
970 5241 1160 5314 possit
1188 5240 1298 5296 hoc
1327 5240 1475 5296 libro
1508 5240 1588 5295 nil
1623 5240 1906 5296 contineri
1938 5241 2053 5295 nisi
2088 5239 2394 5311 mysticam
2445 5239 2867 5311 expositionem
2918 5256 3121 5294 eorum
3171 5239 3436 5294 omnium
3468 5255 3595 5310 qua:
3628 5239 3687 5292 in

267 5328 480 5386 Genesi
514 5329 589 5384 de
616 5333 819 5385 sancto
848 5329 1064 5403 Joseph
1097 5347 1131 5385 a
1159 5328 1527 5386 somniorum
1570 5328 1757 5402 ipsius
1804 5328 2135 5385 narratione
2166 5328 2237 5383 ad
2268 5332 2603 5399 susceptam
2638 5328 3051 5400 prolectionem
3087 5344 3200 5400 quo
3250 5327 3397 5399 patri
3430 5327 3501 5382 ad
3522 5328 3597 5383 se
3628 5328 3685 5382 in

266 5421 583 5492 Egyptum
612 5417 868 5474 venienti
899 5418 1129 5475 obviam
1160 5417 1291 5487 iret,
1325 5423 1745 5475 memorantur.

334 5507 581 5565 Minime
612 5522 756 5563 sane
785 5507 1105 5563 obscurum
1139 5511 1229 5564 est
1271 5506 1422 5563 hanc
1471 5506 1940 5564 lucubrationem
1971 5523 2086 5562 non
2117 5522 2287 5562 secus
2318 5523 2384 5561 ac
2414 5506 2746 5579 superiores
2777 5523 2980 5562 omnes
3011 5524 3044 5561 a
3073 5506 3239 5561 libris
3286 5507 3362 5562 De
3410 5505 3683 5561 Abraham

266 5596 648 5654 concionibus
679 5594 991 5652 Mediolani
1025 5595 1422 5670 pronuntiatis
1454 5600 1742 5653 constare.
1776 5595 1886 5651 Sed
1919 5610 2052 5651 cum
2083 5593 2329 5649 aliorum
2374 5597 2600 5649 aetatem
2636 5609 2664 5648 ο
2697 5600 2956 5666 tempore
2989 5611 3104 5667 quo
3154 5594 3334 5668 hujus
3385 5607 3685 5649 sermones

263 5686 446 5744 habiti
478 5684 724 5752 fuerint,
758 5685 1049 5758 precipue
1098 5684 1367 5758 cognosci
1398 5701 1579 5757 supra
1625 5683 2134 5751 afﬁrmaverimus,
2166 5699 2323 5740 nunc
2353 5682 2522 5741 nobis
2577 5687 2643 5740 ut
2703 5682 2847 5739 illud
2902 5682 3143 5757 planum
3203 5683 3683 5758 exploratumque
