3830 6206
182 376 294 457 an
974 416 981 421 η
1644 389 1694 455 s

2088 386 2135 454 ιι
2389 365 2408 397 ³
3475 361 3600 448 ατε

186 528 488 597 faciamus,
522 538 699 601 opera
727 519 995 583 navanda
1023 525 1129 583 est.
1160 520 1400 583 Nullum
1449 539 1623 599 porro
1650 519 1903 581 validius
1932 536 2059 581 esse
2090 522 2369 598 putamus
2398 518 2473 579 ad
2502 514 2655 578 hanc
2685 526 2810 577 rem
2858 512 3274 594 argumentum
3318 526 3497 591 quam
3527 532 3593 575 ea

180 618 357 674 verba
385 632 512 689 quae
544 614 848 673 occasione
876 615 1056 671 unius
1085 633 1117 672 e
1147 613 1378 671 duobus
1410 612 1728 670 Pharaonis
1758 611 2046 669 eunuchis
2075 605 2169 666 cui
2201 612 2258 666 in
2291 612 2521 667 carcere
2545 603 2764 683 Ioseph
2795 611 3120 666 extremum
3151 601 3344 665 crucis
3371 602 3594 681 suppli-

181 707 341 763 cium
373 706 722 761 vaticinatus
770 710 877 773 est,
911 705 1182 761 dicantur
1212 722 1244 759 a
1277 705 1335 760 S.
1371 704 1651 760 antistite.
1685 703 1915 759 Etenim
1966 700 2119 757 alius
2166 694 2474 757 eunuchus
2503 696 2585 755 ibi
2634 697 2989 754 describitur
3017 697 3165 770 (cap.
3196 692 3253 766 6,
3284 704 3452 752 num.
3483 689 3594 765 33),

185 795 285 867 qui
318 798 453 850 ante
482 794 782 849 biennium
816 791 1185 864 imperatoris
1226 792 1416 847 favore
1445 790 1731 862 tumidus,
1764 786 2030 847 Ecclesiae
2064 793 2287 845 tantum
2332 784 2689 860 irrogaverat
2731 782 3171 854 contumeliam,
3204 788 3270 841 ut
3294 790 3425 840 eam
3455 782 3598 839 San-

185 866 315 939 ctus
347 886 547 939 noster
575 882 747 938 dictis
777 898 1027 953 quorum
1073 880 1413 936 meminisse
1453 880 1580 951 jam
1629 896 1744 935 non
1794 874 2032 945 libebat,
2064 878 2375 934 retundere
2424 879 2580 934 eeset
2625 878 2883 932 coactus.
2915 874 3019 931 Hic
3080 866 3236 931 idem
3293 868 3597 930 eunuchus

180 976 461 1044 tanquam
497 970 642 1027 alter
670 970 859 1027 Doech
910 971 1109 1042 fraude
1153 986 1333 1041 regem
1386 970 1671 1025 commovit
1702 968 1758 1022 in
1790 966 2106 1031 sacerdotis,
2139 965 2195 1020 id
2249 969 2339 1021 est
2396 964 2709 1038 ipsiusmet
2749 961 3062 1031 Ambrbsii,
3093 963 3402 1036 periculum
3435 958 3594 1030 (Ibid.

181 1077 344 1117 num.
378 1061 494 1131 35),
528 1065 584 1117 et
610 1060 892 1131 tanquam
926 1059 1075 1114 alter
1124 1060 1312 1113 Aman
1362 1056 1678 1113 crudeliter
1710 1055 2105 1111 orthodoxum
2135 1047 2418 1126 populum
2468 1053 2770 1126 exagitans
2817 1056 2993 1124 atque
3039 1049 3334 1118 divexans,
3368 1048 3594 1105 nullum

181 1149 435 1221 lapidem
470 1165 585 1204 non
619 1148 908 1213 movebat,
941 1153 1005 1202 ut
1033 1147 1117 1202 illi
1151 1163 1290 1203 suas
1321 1145 1608 1202 Ecclesiae
1657 1145 1925 1216 eriperet,
1958 1156 2173 1216 easque
2217 1136 2469 1211 Arianis,
2502 1154 2753 1214 quorum
2804 1140 3164 1213 impietatem
3213 1138 3595 1222 sequebatur,

186 1242 490 1294 assereret.
522 1238 603 1292 Ad
636 1242 959 1292 extremum
991 1252 1056 1291 oo
1087 1235 1266 1291 crevit
1317 1236 1445 1305 ejus
1495 1234 1749 1290 amentia
1777 1238 1844 1289 ut
1871 1231 2021 1299 aliis,
2054 1248 2263 1304 nempe
2303 1235 2507 1287 sancto
2533 1230 2806 1303 episeopo
2834 1230 3148 1286 intentaret
3190 1229 3402 1286 mortis
3445 1228 3594 1301 peri-

186 1324 385 1381 culum
421 1341 434 1381 :
468 1326 567 1380 sed
602 1341 717 1379 non
749 1325 1054 1379 advertens
1082 1342 1209 1396 quae
1257 1324 1366 1395 ipsi
1397 1323 1484 1378 vir
1512 1327 1750 1379 sanctus
1804 1322 2158 1394 praediceret,
2190 1320 2514 1376 minabatur
2532 1320 2666 1376 aliis
2708 1321 2824 1392 ipse
2866 1334 2997 1375 mox
3024 1319 3296 1390 supplicio
3324 1316 3599 1373 dedendas

187 1424 432 1470 extremo
464 1413 620 1484 (Ibid.
656 1430 818 1468 num.
852 1414 962 1483 3’1).
996 1413 1066 1467 Et
1093 1427 1151 1468 re
1180 1428 1307 1467 vera
1341 1411 1495 1467 haud
1528 1411 1606 1466 ita
1638 1410 1822 1467 multo
1853 1413 1983 1483 post
2013 1410 2204 1465 favore
2247 1407 2617 1481 imperatoris
2642 1406 2871 1475 excidit,
2903 1411 2961 1463 et
2990 1407 3124 1463 licet
3148 1405 3367 1480 impias
3398 1405 3496 1462 ille
3524 1406 3596 1460 ad

183 1501 395 1559 Christi
427 1503 596 1572 cujus
630 1501 993 1556 divinitatem
1045 1499 1429 1566 inﬁciabatur,
1465 1516 1718 1567 servum,
1751 1499 1860 1555 hoc
1908 1503 1997 1555 est
2044 1497 2445 1567 Ambrosium,
2478 1513 2655 1570 quem
2685 1501 2807 1553 tam
2838 1495 3157 1552 insolenter
3203 1497 3397 1552 fuerat
3444 1493 3597 1551 inse-

183 1594 396 1658 ctatus,
430 1589 809 1662 confugisset,
844 1605 977 1644 mox
1006 1592 1202 1642 tamen
1233 1588 1525 1643 carnificis
1555 1586 1749 1659 gladio
1781 1588 2087 1642 truncatus
2115 1590 2223 1641 est.

251 1679 333 1734 Ex
362 1678 472 1733 hac
504 1682 627 1733 tota
656 1675 936 1733 orationis
991 1676 1140 1732 serie
1196 1692 1543 1749 cognoscere
1573 1678 1811 1731 esttam
1850 1674 2053 1730 sedulo
2084 1673 2391 1729 historiam
2450 1672 2605 1729 hanc
2658 1672 2783 1729 suis
2839 1671 3116 1729 omnibus
3169 1670 3473 1743 adjunetis
3526 1670 3598 1727 ab

178 1766 492 1822 Ambrosio
523 1764 811 1821 excultum
844 1769 900 1819 et
930 1764 1098 1836 quasi
1128 1764 1397 1819 vestitam
1429 1763 1632 1832 fuisse,
1664 1767 1731 1818 ut
1761 1761 1842 1817 nil
1883 1762 1996 1818 nisi
2045 1761 2207 1818 illius
2235 1776 2410 1834 quem
2460 1761 2762 1834 spectabat
2786 1777 2856 1817 ea
2884 1759 3162 1829 narratio,
3193 1772 3407 1821 nomen
3439 1758 3599 1816 desi-

180 1853 372 1911 derari
412 1854 723 1909 videretur.
755 1853 818 1908 Id
870 1858 1021 1910 certe
1070 1869 1184 1908 non
1236 1858 1464 1925 poterat
1510 1851 1876 1908 auditoribus
1906 1851 2453 1924 esseiincognitum,
2486 1863 2677 1921 neque
2703 1848 2880 1906 etiam
2908 1846 3156 1904 difﬁcile
3199 1836 3370 1903 nobis
3424 1846 3600 1907 fuerit

178 1943 376 2015 ipsum
409 1942 862 2015 deprehendere,
898 1942 946 1997 si
979 1941 1152 1998 modo
1185 1941 1343 1997 hunc
1396 1941 1590 1997 locum
1622 1954 1961 2013 comparare
1991 1939 2277 2012 placuerit
2304 1952 2437 1994 cum
2468 1937 2545 1995 iis
2570 1954 2700 2010 qua
2731 1937 2889 1993 idem
2920 1938 3120 1992 noster
3148 1934 3503 1992 Ambrosius
3530 1935 3603 1991 de

178 2032 583 2104 persecutione
629 2048 805 2104 quam
855 2048 888 2087 a
934 2031 1167 2087 Justina
1199 2030 1564 2102 imperatrice
1595 2030 1938 2102 caeterisque
1965 2029 2199 2084 Arionis
2250 2042 2464 2101 passus
2519 2027 2730 2095 fuerat,
2764 2026 2839 2082 ad
2891 2023 3288 2081 Mareellinam
3336 2038 3597 2081 sororem

178 2120 432 2193 scripsit.
468 2120 570 2176 Ille
599 2120 891 2192 siquidem
924 2121 981 2175 in
1014 2119 1171 2176 calce
1200 2118 1457 2191 epistolas
1501 2120 1583 2174 ita
1629 2117 1892 2191 loquitur
1922 2135 1935 2173 :
1969 2118 2213 2189 Denique
2240 2119 2409 2172 suam
2448 2116 2676 2188 speciali
2718 2115 3064 2186 eapressione
3093 2112 3414 2182 Gallicam
3440 2126 3596 2184 pm?-

172 2212 384 2282 positus
413 2211 657 2266 cubiculi
684 2210 945 2265 mandare
971 2210 1118 2264 mihi
1158 2224 1327 2264 ausus
1372 2216 1451 2264 est
1477 2226 1497 2263 :
1525 2208 1604 2263 Me
1650 2211 1789 2272 vivo,
1821 2211 1881 2263 tu
1926 2208 2228 2262 contemnis
2280 2206 2729 2262 Valentinianum
2749 2202 2940 2276 (epist.
2978 2202 3066 2268 14,
3095 2202 3171 2259 αι
3194 2201 3415 2259 Marcet.
3445 2200 3599 2262 uim

181 2299 349 2367 tim)?
377 2298 660 2355 Videlicet
689 2298 843 2370 quod
877 2298 1075 2369 impiis
1106 2296 1264 2352 illius
1295 2296 1610 2360 mandatis,
1644 2300 1702 2351 et
1733 2295 1805 2349 iis
1835 2293 2089 2349 maxime
2118 2293 2339 2366 quibus
2378 2305 2554 2349 Unam
2585 2309 2656 2349 ex
2683 2291 2945 2349 ecclesiis
2972 2289 3402 2351 Catholicorum
3433 2288 3599 2351 Aria~

182 2387 274 2442 nis
309 2391 374 2442 ut
404 2400 544 2443 suos
573 2386 654 2442 ibi
685 2391 1003 2442 conventus
1033 2390 1286 2457 agerent,
1320 2384 1546 2440 tradere
1567 2384 1908 2456 jubebatur,
1940 2396 2163 2438 morem
2212 2394 2419 2455 gerere
2443 2380 2822 2438 detrectabat.
2856 2379 3029 2453 Caput
3073 2380 3174 2437 tibi
3220 2380 3375 2447 ιυιισ,
3403 2378 3603 2450 inquit

183 2490 463 2547 arrogans
494 2474 605 2531 iste
634 2474 960 2541 eunuchus,
994 2473 1086 2529 cui
1120 2473 1465 2529 Ambrosius
1514 2470 1922 2528 tantummodo
1960 2470 2163 2527 retulit
2212 2486 2402 2542 pauca
2448 2468 2548 2526 illa
2581 2487 2597 2526 ι
2626 2471 2768 2526 Dm
2807 2472 3094 2541 penicilla!
3120 2469 3253 2535 tibi,
3274 2471 3338 2524 ut
3368 2466 3597 2539 impleas

184 2562 325 2633 quod
352 2565 608 2619 minaris.
640 2564 749 2634 Ego
779 2565 929 2617 enim
970 2563 1157 2634 patior
1184 2560 1325 2633 quod
1352 2562 1590 2633 episcopi
1618 2576 1635 2614 :
1668 2567 1729 2615 tu
1781 2559 1955 2633 facies
2010 2559 2152 2631 quod
2204 2559 2489 2631 spadones,
2514 2562 2629 2615 etc.
2659 2558 2790 2614 Haec
2832 2570 2972 2616 esse
3025 2557 3203 2614 verba
3228 2567 3481 2628 quorum
3509 2556 3600 2611 vir

183 2655 421 2707 sanctus
444 2653 568 2723 jam
602 2651 945 2707 memoriam
989 2649 1224 2706 abolere
1254 2665 1317 2705 se
1345 2648 1490 2705 velle
1519 2648 1835 2721 signiﬁcat,
1868 2647 2168 2720 probabile
2198 2652 2307 2703 est.
2337 2646 2395 2703 Si
2423 2646 2525 2703 cui
2547 2650 2745 2703 autem
2791 2659 3143 2719 cognoscere
3170 2644 3369 2701 visum
3414 2643 3597 2699 Fuerit

181 2756 301 2810 qua
328 2741 552 2796 ratione
580 2740 736 2797 idem
768 2740 1078 2796 eunuchus
1110 2738 1465 2811 supplicium
1515 2737 1670 2811 quod
1703 2742 1907 2793 sancto
1936 2737 2207 2810 episeopo
2247 2735 2650 2805 minitabatur,
2683 2736 2815 2809 ipso
2856 2732 3183 2808 pertulerit,
3209 2733 3319 2791 hoc
3362 2734 3597 2806 Augus-

178 2830 340 2884 tinus
371 2828 629 2885 declarat
662 2828 781 2885 illis
809 2829 1001 2884 verbis
1038 2845 1052 2885 :
1087 2828 1453 2897 Calligonum,
1484 2826 1695 2899 inquit,
1733 2828 2107 2883 Valentiniani
2124 2827 2368 2899 junioris
2396 2825 2711 2882 maehum
2733 2824 2923 2895 gladio
2946 2825 3203 2882 novimus
3226 2823 3405 2881 ultore
3425 2823 3596 2895 puni-

179 2922 316 2981 tum,
347 2918 649 2971 meretricie
682 2918 1022 2988 confessione
1048 2918 1354 2971 convictum
1383 2914 1508 2985 (lib.
1540 2932 1619 2986 vr,
1652 2915 1834 2971 Contr.
1866 2916 2079 2982 Julian,
2110 2914 2297 2985 Pelag.
2329 2926 2458 2987 cap.
2493 2914 2603 2983 Η).

250 3005 323 3060 Ut
349 3004 531 3076 igitur
562 3021 678 3075 quo
716 3009 977 3076 tempore
1006 3003 1101 3059 hic
1130 3004 1279 3059 liber
1334 3003 1587 3077 scriptus
1644 3004 1838 3071 fuerit,
1870 3002 2250 3076 intelligatur,
2281 3002 2421 3075 quid
2468 3003 2597 3075 jam
2641 3002 2803 3059 aliud
2846 3004 3051 3070 restat,
3082 3000 3197 3058 nisi
3253 3005 3327 3057 ut
3370 3012 3598 3056 annum

180 3108 296 3165 quo
328 3091 476 3148 hanc
506 3092 575 3147 ad
608 3091 1013 3147 Mareellinam
1044 3091 1353 3165 epistolam
1385 3091 1731 3148 Ambrosius
1779 3091 1962 3159 misit,
1993 3090 2423 3165 dispiciamus?
2450 3091 2757 3149 Credimus
2787 3093 2985 3148 autem
3035 3101 3171 3146 eum
3220 3100 3603 3161 nequaquam

190 3186 409 3238 temere
440 3181 729 3237 facturum
764 3180 863 3253 qui
894 3180 1115 3237 eisdem
1141 3180 1348 3237 litteris
1379 3197 1601 3237 annum
1630 3182 1736 3236 385
1765 3180 2169 3254 assignaverit,
2200 3194 2318 3252 quo
2359 3179 2583 3237 scilicet
2628 3178 2791 3237 festis
2838 3177 3217 3252 paschalibus
3244 3177 3306 3234 in
3336 3174 3596 3234 Catholi-

182 3286 282 3326 cos
314 3268 509 3342 prima
537 3269 784 3327 Justinus
814 3269 1032 3326 exarsit
1060 3269 1408 3343 persecutio,
1438 3286 1565 3342 quae
1597 3268 1865 3342 sequenti
1893 3268 2071 3325 etiam
2119 3285 2275 3325 anno
2313 3268 2525 3325 iisdem
2568 3267 2763 3326 sacrit
2800 3267 3011 3325 diebus
3057 3265 3380 3324 recruduit.-
3410 3267 3601 3338 Atque

180 3359 322 3414 adeo
351 3359 665 3415 dicendum
697 3363 788 3414 est
821 3374 1117 3416 sermones
1146 3358 1322 3415 hosce
1367 3357 1428 3414 in
1474 3358 1690 3431 Joseph
1723 3357 2113 3431 patriarcbam
2144 3374 2299 3414 anno
2323 3359 2429 3414 387
2456 3357 2690 3415 habitos
2738 3356 2947 3424 fuisse,
2974 3364 3110 3413 cum
3158 3355 3413 3429 ipmmet
3459 3357 3596 3412 Am-

179 3446 374 3503 brosio
406 3448 617 3503 reduce
647 3464 712 3504 ex
744 3446 1032 3519 legatione
1073 3448 1143 3504 ad
1193 3448 1512 3504 Maximum
1544 3452 1884 3520 tyrannum,
1914 3445 2080 3503 Italia
2127 3455 2321 3520 usque
2359 3447 2433 3503 ad
2481 3456 2749 3504 mensem
2797 3447 3140 3519 Augustum
3168 3460 3289 3516 quo
3315 3442 3479 3501 illam
3507 3443 3609 3499 ius

178 3536 331 3592 vasit
358 3535 513 3592 idem
544 3540 830 3609 tyrannus
859 3541 1064 3609 pacata
1095 3537 1223 3593 fuit.
1257 3538 1420 3593 Certe
1466 3536 1703 3608 quidem
1757 3539 1815 3591 et
1862 3534 2194 3608 superiores
2218 3534 2355 3592 libri
2384 3534 2507 3607 (lib.
2540 3535 2616 3592 Bo
2642 3535 2799 3592 Isaac
2823 3537 2876 3591 et
2898 3534 3001 3590 An.
3035 3541 3163 3604 Cap.
3196 3533 3252 3599 4,
3284 3542 3449 3589 nutat
3481 3531 3611 3614 37),“

179 3630 238 3681 et
268 3624 427 3693 alibi,
460 3628 516 3680 et
543 3623 640 3679 hic
671 3624 742 3679 de
774 3639 889 3696 quo
948 3625 1273 3699 loquimur,
1299 3626 1445 3683 satis
1490 3630 1687 3698 aperte
1716 3624 1979 3681 indicant
2030 3624 2269 3680 beatum
2298 3625 2595 3681 doctorem
2653 3630 2759 3697 per
2807 3627 3042 3697 tempus
3101 3618 3377 3694 quietiam
3424 3620 3613 3676 verba:

180 3711 387 3768 fecisse
421 3727 433 3765 :
469 3711 611 3783 quin
670 3711 849 3767 etiam
911 3712 1054 3770 locis
1109 3713 1410 3769 nonnullis
1441 3712 1565 3785 (lib.
1599 3715 1675 3768 De
1704 3713 1838 3769 bono
1868 3721 2029 3769 mort.
2061 3729 2189 3786 cap.
2225 3714 2313 3780 12,
2348 3730 2512 3769 num.
2542 3713 2635 3781 53,
2665 3716 2723 3767 et
2764 3710 2928 3784 alibi)
2959 3709 3229 3767 innuitur'
3279 3707 3607 3766 Ecclesium

180 3799 236 3855 id
269 3799 549 3869 temporis
579 3813 781 3855 eorum
833 3800 933 3871 qui
983 3816 1053 3855 ex
1100 3800 1319 3857 hmresi’
1357 3800 1797 3873 resipiscebant,
1829 3800 2165 3857 acwssieue
2189 3799 2627 3873 locupletatam.
2658 3798 2822 3865 Quod
2863 3802 2998 3872 post
3044 3797 3315 3855 sedatam
3355 3795 3598 3855 Ariani)-

182 3903 393 3943 norum
426 3886 891 3960 persecutionem
924 3888 994 3944 de
1023 3904 1141 3961 qua
1168 3892 1332 3944 tanta
1360 3905 1494 3944 cum
1530 3889 1703 3945 laude
1732 3902 1838 3945 nec
1866 3887 1995 3946 sine
2023 3887 2309 3945 miraculo
2336 3886 2724 3961 triumphavit
2749 3885 3118 3953 Ambrosius,
3151 3884 3323 3943 facile
3348 3883 3604 3958 petitori;

181 3992 320 4031 even
331 3992 429 4031 II‘B.

254 4064 311 4119 Si
347 4066 547 4119 nostra
574 4063 694 4119 haec
726 4063 1007 4137 temporis
1040 4065 1191 4120 ratio
1239 4080 1375 4120 vera
1420 4065 1517 4134 sit,
1551 4064 1752 4138 procul
1783 4066 1963 4122 dubio
1992 4065 2287 4123 afﬁrmare
2315 4064 2530 4123 licebit
2557 4065 2710 4123 inte!
2749 4063 2897 4121 alios
2942 4062 3233 4121 Ambrosii
3279 4060 3592 4126 auditores,

181 4153 335 4208 sicut
366 4156 422 4208 et
453 4153 605 4210 inter
637 4153 955 4226 neophytos
986 4170 1136 4225 quos
1166 4152 1262 4209 ille
1293 4153 1402 4209 hoc
1433 4171 1587 4210 anno
1617 4155 1723 4209 387
1752 4153 2165 4226 baptizaverat,
2185 4154 2698 4211 annuntiat-endam
2724 4166 2861 4210 esse
2881 4152 3064 4210 etiam
3091 4160 3376 4225 negtium
3402 4150 3595 4222 Augu-

183 4241 425 4298 stinum.
464 4242 636 4298 Porro
666 4259 803 4298 cum
835 4243 931 4297 hic
961 4242 1190 4315 legatur
1222 4242 1435 4299 mirum
1470 4243 1527 4298 in
1560 4243 1802 4299 modum
1834 4243 2114 4315 probasse
2144 4241 2487 4299 methodum
2527 4240 2692 4299 illam
2721 4256 2840 4314 qua
2867 4243 3111 4299 sanctus
3136 4242 3338 4297 noster
3365 4237 3597 4309 spirita-

179 4327 313 4384 liter
343 4345 409 4385 ac
439 4331 684 4402 mystice
712 4330 1074 4403 Soripturam
1114 4330 1444 4387 edisserens
1476 4333 1655 4403 (Gen/2
1688 4332 1937 4403 August.
1969 4329 2071 4386 lib.
2105 4345 2181 4399 v1,-
2214 4346 2354 4403 οη).-
2372 4331 2586 4399 dmum
2615 4329 2703 4402 6),
2727 4346 2841 4386 non
2873 4328 3083 4386 litterae
3111 4344 3241 4400 qua)
3260 4323 3595 4394 aeeidit,sed

181 4418 414 4489 spiritui
448 4418 547 4489 qui
579 4418 852 4486 viviﬁcat,
886 4420 1258 4492 praecipiebat
1286 4419 1732 4488 adhaerendnm;
1765 4436 1881 4477 non
1912 4422 2002 4476 est
2043 4432 2149 4475 cur
2178 4418 2489 4491 quicquam
2538 4418 2799 4492 ambigat
2827 4416 2969 4489 quin
2999 4415 3060 4472 bi
3087 4418 3375 4472 tractatus
3402 4415 3476 4471 De
3500 4429 3593 4486 po-

181 4505 445 4561 triarchis
474 4505 524 4560 ei
557 4505 928 4563 vehementer
955 4507 1278 4575 arriserint,
1312 4524 1430 4581 prin
1460 4508 1686 4564 caeteris
1711 4522 1846 4564 vero
1884 4507 2017 4565 libri
2047 4508 2125 4563 De
2166 4508 2318 4563 Isaac
2345 4512 2407 4563 et
2430 4508 2508 4563 De
2531 4508 2726 4580 Ioseph
2772 4505 2833 4562 in
2878 4504 3093 4577 quibus
3138 4507 3259 4560 tam
3307 4501 3598 4576 eleganter

181 4592 468 4666 mysticus
499 4593 952 4667 reconditusque
983 4612 1196 4653 sensus
1226 4596 1513 4653 evolvitur
1541 4614 1608 4653 ac
1639 4597 1941 4653 enodatur.

253 4681 821 4738 Praetermittendum
853 4683 961 4739 hoc
991 4683 1117 4740 loco
1150 4700 1263 4741 non
1295 4689 1574 4758 putamus
1602 4685 2002 4753 Ambrosium,
2035 4688 2100 4742 ut
2128 4685 2379 4751 videtur,
2413 4684 2599 4742 semel
2639 4688 2813 4759 atque
2843 4683 3055 4740 Mum
3083 4679 3418 4753 signiﬁcare
3446 4680 3587 4752 (cap.

179 4773 235 4837 6,
269 4786 433 4827 num.
466 4771 558 4841 30,
593 4774 651 4826 et
678 4788 806 4844 cap.
838 4774 894 4838 7,
928 4789 1092 4828 num.
1126 4774 1217 4844 38)
1247 4774 1399 4830 hanc
1436 4774 1627 4847 ipsam
1659 4773 1965 4831 historiam
1998 4790 2032 4829 a
2059 4789 2125 4830 se
2144 4774 2270 4847 jam
2301 4772 2484 4830 fuisse
2534 4772 2904 4846 explicatam,
2936 4770 3086 4826 forte
3133 4767 3421 4841 superiori
3450 4777 3595 4823 anno

181 4874 317 4914 cum
348 4858 520 4917 statis
551 4860 923 4932 temporibus
948 4876 1017 4916 ex
1046 4877 1209 4917 more
1240 4861 1342 4917 illa
1392 4879 1530 4935 pars
1561 4862 1851 4919 Genescos
1880 4862 2243 4920 recitaretur.
2276 4860 2483 4917 Primae
2512 4859 2626 4917 ω..
2671 4861 2730 4918 in
2760 4857 2977 4932 Joseph
3017 4856 3337 4919 conciones
3373 4851 3593 4912 interci-

181 4947 349 5016 dere;
381 4951 748 5020 testaturque
778 4948 887 5005 hac
918 4949 976 5005 in
1008 4951 1497 5008 commentatione
1530 4951 1589 5007 S.
1623 4950 1837 5024 praeut
1868 4967 1998 5008 sese
2029 4966 2146 5023 quo
2175 4955 2438 5022 tempore
2466 4949 2598 5006 illas
2625 4947 2851 5015 habuit,
2884 4948 2955 5004 de
2982 4944 3285 5020 colligens
3313 4942 3485 5001 silere
3505 4954 3595 4995 vo-

180 5034 380 5106 luisse.
419 5035 550 5092 Fuit
581 5036 689 5093 hoc
721 5037 970 5112 insignis
1017 5038 1314 5094 modestiae
1346 5044 1522 5111 atque
1565 5039 1891 5108 charitatis,
1924 5039 2143 5112 quibus
2166 5038 2261 5095 vix
2292 5041 2426 5112 post
2454 5036 2723 5111 elapsam
2766 5035 3071 5094 biennium
3119 5038 3243 5092 tam
3283 5027 3589 5106 singularis

182 5128 444 5192 eventus,
474 5142 648 5196 quem
682 5127 881 5200 populi
912 5128 1002 5183 sui
1031 5128 1327 5184 mentibus
1358 5129 1732 5201 profuturum
1766 5129 1925 5185 haud
1957 5129 2285 5203 ignorabat,
2310 5128 2671 5185 mentionem
2690 5125 2891 5185 facere.
2914 5122 3240 5197 permissus
3269 5125 3380 5180 est;
3403 5118 3593 5178 Sedet

186 5211 505 5268 moderatio
538 5231 651 5269 non
681 5216 879 5271 minus
909 5215 967 5270 in
999 5232 1066 5272 eo
1096 5215 1296 5284 eluxit,
1325 5217 1481 5290 quod
1514 5216 1989 5274 Valentinianum
2021 5217 2195 5290 cujus
2239 5215 2495 5272 ministri
2543 5215 2656 5272 sub
2701 5212 3081 5287 imperatoria
3105 5209 3449 5268 auctoritate
3473 5209 3589 5263 tam

187 5300 459 5356 atrociter
489 5302 549 5357 in
578 5319 715 5359 eum
747 5304 1086 5362 debacchati
1116 5305 1368 5377 fuerant,
1400 5312 1638 5365 excuset
1664 5310 1814 5380 (cap.
1845 5308 1901 5375 6,
1933 5323 2099 5364 num.
2130 5305 2243 5379 35).
