3830 6206
233 347 343 421 θῖβ

240 507 863 540 m

1264 341 1495 403 LIBER
1538 341 1638 401 DE
1682 341 1976 412 JOSEPH
2022 341 2552 410 PATRIABCHA.

863 601 1690 870 SANCTI
1883 701 2960 860 AMBROSH

3499 348 3617 409 6⁵14

2960 508 3617 534 Ψ

1467 975 2100 1046 MEDIOLANENSIS
2143 976 2500 1038 EPISCOPI

721 1172 948 1307 DE
1071 1170 1764 1304 JOSEPH
1884 1171 3101 1294 PATRIARCHA

1630 1409 1918 1490 LIBER
1956 1409 2027 1468 (ί)
2085 1409 2327 1481 UNUS

606 1721 750 1784 481
764 1720 896 1782 -88
916 1720 1146 1783 CAPUT
1184 1721 1468 1786 PRIMUM

228 1805 486 1874 Timrtatus
540 1809 608 1868 de
665 1810 956 1871 Abraham.
1017 1812 1168 1874 Isaac
1213 1816 1266 1868 et
1319 1811 1500 1876 Iacob,
1556 1825 1656 1866 cur
1683 1813 1864 1866 sancti

253 1881 479 1954 'Joseph
529 1886 795 1953 sequatur
845 1883 1095 1944 historia.
1154 1883 1252 1944 Hic
1302 1882 1399 1942 ille
1445 1891 1709 1954 umquam
1741 1898 1861 1952 spe-

288 1951 466 2006 culum
525 1951 793 2008 castitatis
856 1955 1215 2025 proponitur;
1282 1951 1611 2025 ubi‘etia’m
1661 1951 1728 2025 de
1760 1951 1861 2023 pa-

291 2029 501 2078 rentum
565 2040 773 2090 amore,
819 2023 898 2110 uc
952 2026 1200 2110 fratrum
1243 2023 1570 2110 invidentia
1596 2023 1864 2107 aduersus

287 2111 423 2161 cum,
481 2111 583 2150 nec
635 2089 763 2150 non,
798 2095 864 2150 de
909 2089 1156 2167 ejusdem
1203 2096 1477 2151 oblivione
1521 2095 1864 2165 injuriarum

290 2166 479 2234 paucis
507 2167 716 2235 agitur.

289 2255 336 2309 1.
389 2255 742 2318 Senatorum
793 2254 910 2314 vita
967 2255 1188 2314 catenis
1233 2271 1442 2311 norma
1495 2253 1723 2311 vivendi
1754 2258 1860 2310 est.

224 2343 460 2416 Ideoque
488 2343 781 2416 digestum
811 2343 1048 2416 plenius
1077 2343 1406 2417 accipimus
1457 2343 1674 2400 seriem
1708 2343 1861 2400 Scri-

225 2436 551 2504 pturarum;
583 2437 656 2494 ut
681 2433 825 2493 dum
855 2430 1169 2500 Abraham,
1203 2433 1367 2490 Isaac
1400 2437 1466 2489 et
1508 2433 1710 2501 Jacob,
1747 2449 1860 2488 eae-

223 2527 478 2594 temsque
501 2523 701 2592 justas
733 2520 977 2594 legendo
1003 2521 1438 2594 cognoscimus,
1471 2521 1628 2577 velut
1658 2538 1864 2592 quem-

224 2608 351 2671 dam
403 2609 572 2672 nobis
632 2609 977 2670 innocentiae
1025 2609 1321 2670 tramitem
1395 2610 1605 2666 virtute
1663 2624 1864 2665 eorum

228 2704 538 2760 reseratum
599 2698 959 2758 onitentibus
1004 2698 1264 2770 vestigiis
1309 2699 1390 2771 (.2)
1420 2715 1861 2770 persequamur.

224 2785 299 2847 De
328 2787 544 2859 quibus
577 2786 720 2848 mihi
754 2803 886 2846 cum
919 2786 1194 2860 frequens
1221 2791 1509 2844 tractatus
1541 2786 1735 2852 fuerit,
1769 2787 1866 2842 ho-

227 2875 314 2940 die
341 2876 525 2937 sancti
569 2876 790 2948 Josepb
842 2876 1088 2942 historia
1138 2875 1408 2934 occurrit.
1455 2877 1520 2932 In
1563 2892 1683 2948 quo
1728 2891 1863 2931 cum

227 2962 473 3035 plurima
519 2964 752 3024 fuerint
793 2981 1007 3038 genera
1051 2964 1358 3034 virtutum,
1404 2968 1531 3020 tum
1578 2963 1866 3037 praeipue

1891 1725 1942 1789 Α
1974 1720 2268 1790 caeteris,si
2293 1720 2998 1786 autlaudenlrslmsissot,
3051 1727 3153 1778 aut
3199 1722 3505 1797 diligentes
3539 1726 3624 1780 di-

1971 1808 2254 1864 lexisset?
2305 1809 2421 1865 Hoc
2479 1810 2635 1864 enim
2694 1810 2954 1882 plerique
3013 1811 3254 1867 faciunt.
3316 1815 3424 1869 Sed
3475 1814 3619 1870 illud

1969 1897 2260 1966 mirabile,
2292 1899 2340 1954 si
2372 1898 2580 1971 diligas
2615 1898 2915 1954 inimicum
2947 1905 3137 1969 tuum,
3174 1902 3328 1973 quod
3360 1902 3624 1960 Salvator

1971 1987 2137 2042 docet
2167 1987 2355 2050 (Matth
2385 2005 2439 2053 v,
2477 1989 2582 2058 44).
2645 1990 2780 2042 .lure
2831 2004 2965 2059 ergo
3001 1991 3326 2062 mirandus,
3382 1991 3480 2064 qui
3513 1992 3624 2048 hoc

1973 2074 2107 2130 fecit
2135 2075 2737 2148 ante-Evangelium;
2790 2081 2854 2132 ut
2899 2076 3072 2134 lassus
3121 2084 3399 2151 parceret,
3454 2097 3624 2152 appe-

1971 2165 2112 2219 titus
2156 2165 2500 2237 ignosceret,
2547 2166 2817 2221 vcndilus
2865 2183 2977 2221 non
3040 2168 3277 2223 referret
3323 2169 3620 2239 injuriam,

1973 2253 2072 2307 sed
2089 2253 2334 2325 gratiam
2353 2270 2452 2326 pro
2475 2254 2826 2309 contumelia
2841 2255 3088 2310 solveret
3115 2258 3286 2328 ;quod
3309 2259 3622 2329 postEvan-

1974 2340 2190 2412 gelium
2224 2359 2428 2398 omnes
2450 2343 2788 2411 didicimus,
2813 2349 2867 2416 et
2887 2361 3115 2400 servare
3142 2363 3254 2400 non
3277 2363 3617 2417 possumus.

2045 2431 2096 2484 4.
2142 2430 2450 2486 Discamus
2498 2447 2634 2502 ergo
2694 2437 2749 2486 et
2805 2438 3141 2487 sanctorum
3199 2434 3500 2503 invidiam,
3561 2439 3627 2489 ut

1977 2518 2273 2573 imitemur
2330 2519 2704 2590 patientiam:
2766 2525 2821 2574 et
2880 2537 3303 2592 cognoscamus
3346 2521 3476 2577 illos
3510 2539 3624 2577 non

1978 2613 2194 2662 naturre
2227 2608 2650 2679 praestantioris
2683 2609 2883 2674 fuisse,
2917 2610 3016 2664 sed
3051 2611 3470 2665 observationis
3509 2611 3621 2681 (ti);

1975 2711 2078 2749 nec
2111 2695 2245 2749 vitia
2277 2697 2554 2761 nescisse,
2588 2696 2688 2750 scd
2723 2697 3087 2752 emendasse.
3121 2699 3280 2764 Quod
3311 2699 3357 2754 si
3405 2699 3625 2754 invidia

1975 2784 2146 2839 etiam
2179 2789 2412 2840 sanctos
2443 2785 2694 2849 adussit,
2719 2790 2939 2855 quanto
2965 2787 3151 2858 magis
3184 2788 3503 2842 cavendum
3537 2791 3625 2844 est

1975 2888 2048 2926 ne
2077 2872 2406 2927 inﬂammet
2436 2876 2766 2944 peccatores
2787 2873 2813 2926 ‘l

2615 2978 2844 3034 CAPUT
2902 2980 2973 3035 II.

226 3051 444 3126 insigne
468 3053 693 3114 effulsit
740 3053 1120 3112 castimoniae.
1167 3053 1403 3110 Iustum
1455 3057 1546 3109 est
1595 3053 1774 3126 igitur
1801 3057 1861 3108 ul

2042 3068 2266 3138 Tqualcm
2311 3083 2422 3160 esse
2463 3068 2654 3160 degere
2696 3073 2990 3160 parentum
3042 3073 3314 3160 uictum,
3346 3143 3356 3160 Ι
3385 3077 3436 3126 et
3473 3073 3619 3160 [liliof

226 3157 351 3203 cum
381 3142 440 3200 in
472 3142 772 3204 Abraham
805 3142 1126 3200 didicerit-is
1155 3141 1469 3215 impigram
1521 3141 1656 3198 ﬁdei
1693 3142 1865 3198 devo-

223 3231 453 3298 tionem,
485 3233 545 3290 in
581 3233 750 3292 Isaae
781 3231 1020 3290 sincerae
1049 3231 1266 3288 mentis
1295 3230 1632 3303 puritatem,
1667 3231 1723 3286 in
1763 3232 1864 3288 Ja-

223 3320 318 3380 cob
349 3319 711 3393 singularem
741 3319 926 3379 animi
959 3319 1344 3392 laborumque
1373 3319 1753 3392 patientiam;
1796 3337 1866 3376 ex

221 3405 311 3465 illa
338 3409 721 3482 generalitate
746 3409 1029 3464 virtutum
1059 3407 1120 3466 in
1151 3407 1312 3482 ipsas
1342 3408 1566 3480 species
1605 3407 1863 3480 discipli-

224 3513 421 3558 narum
451 3498 774 3564 intendatis
795 3497 1089 3558 animum.
1121 3498 1267 3554 Nam
1295 3497 1430 3554 licet
1474 3496 1577 3554 illa
1607 3497 1725 3553 sint
1753 3497 1865 3554 dif-

224 3583 450 3654 fusiors,
495 3592 704 3645 tamen
755 3587 869 3644 ista
908 3585 1271 3659 expuessiora
1323 3591 1483 3653 sunt,
1540 3590 1596 3641 et
1639 3603 1769 3658 quia
1797 3603 1863 3642 eo

225 3673 439 3734 facilius
471 3681 732 3738 mentem
767 3679 1090 3747 praetreat,
1123 3691 1238 3747 quo
1289 3674 1476 3747 magis
1501 3674 1865 3731 circumscri-

222 3767 312 3834 pta
339 3781 402 3822 ac
429 3764 827 3825 determinata
850 3769 1010 3821 sunt.

284 3855 336 3907 2.
385 3854 474 3909 Sit
522 3854 710 3928 igitur
755 3853 924 3909 nobis
973 3853 1306 3925 propositus
1354 3857 1591 3914 sanctus
1620 3852 1860 3925 Josepb,

224 3941 494 4013 tanquam
520 3941 832 4015 speculum
881 3941 1184 4004 castitatis.
1217 3943 1280 3999 In
1321 3943 1455 4013 ejus
1480 3942 1642 3997 enim
1686 3943 1862 3997 mori-

223 4026 344 4096 bus,
393 4030 453 4085 in
511 4032 648 4102 ejus
706 4031 934 4088 actibus
993 4030 1147 4089 lucet
1198 4030 1498 4103 pudicitia,
1526 4034 1589 4085 .et
1618 4029 1862 4102 quidam

220 4115 498 4187 splendet-
533 4117 897 4180 castimonim
955 4135 1151 4176 comes
1195 4119 1354 4178 nitor
1419 4118 1637 4194 gratiis.
1700 4118 1864 4176 Unde

219 4203 382 4264 etiam
413 4224 447 4262 a
476 4208 824 4280 parentibus
856 4208 987 4280 plus
1015 4225 1196 4280 quam
1243 4207 1435 4266 elateri
1482 4207 1588 4264 lilii
1634 4207 1860 4280 dillige-

219 4290 400 4356 δαίων.
429 4297 541 4352 Sed
561 4313 644 4356 ea
673 4313 766 4353 res
795 4295 1024 4355 invidie:
1059 4297 1188 4368 fuit,
1219 4297 1377 4369 quod
1430 4295 1666 4354 silentio
1715 4313 1862 4368 pra:-

218 4383 558 4446 tereundum
592 4401 712 4444 non
735 4385 864 4442 fuit.

284 4471 433 4535 484
462 4473 516 4530 3.
551 4473 700 4536 Hinc
748 4490 884 4546 ergo
932 4478 1343 4546 angumentum
1393 4475 1574 4531 totius
1602 4473 1858 4531 historia:
1889 4463 1930 4529 C

217 4563 524 4631 processit;
554 4561 741 4623 simul
768 4569 834 4619 ut
861 4579 1286 4636 cognoscamus
1315 4564 1638 4636 perfectum
1668 4563 1858 4621 virum

218 4661 322 4704 non
352 4652 570 4711 moveri
603 4653 685 4724 (3)
718 4652 1040 4712 ulciscendi
1067 4652 1286 4710 doloris
1335 4653 1553 4724 injuria
1599 4670 1706 4710 nec
1731 4671 1860 4710 ma-

218 4730 396 4800 lorum
428 4742 749 4814 rependere
795 4743 1000 4800 vicem.
1053 4742 1214 4798 Unde
1257 4745 1313 4798 et
1357 4742 1537 4798 David
1586 4742 1702 4798 ait:
1737 4765 1764 4794 ‹‹
1799 4743 1858 4799 Si

217 4824 430 4882 reddidi
464 4831 927 4888 retribuentibus
974 4831 1119 4887 mihi
1167 4829 1322 4888 mela
1367 4831 1544 4899 (Psal.
1576 4848 1677 4896 vn,
1713 4836 1784 4901 τι).
1827 4854 1856 4881 ››

217 4911 350 4976 Quid
386 4922 583 4979 autem
659 4925 813 4979 esset
859 4937 977 4992 quo
1001 4920 1261 4994 praeferri
1289 4919 1507 4993 Josepb
1538 4924 1860 4976 mereretur

282 5073 356 5151 (1)
381 5077 650 5151 scriptus
683 5081 819 5146 circ.
844 5100 926 5148 an
956 5083 1081 5140 387.

292 5148 363 5218 (2)
420 5148 638 5208 omnes
696 5153 858 5222 edit.,
913 5153 1257 5222 imitantibus
1294 5153 1592 5223 vestigiis:

217 5234 350 5298 mss.
384 5223 716 5298 euitcntibus
743 5226 1004 5298 vestigiis.
1038 5230 1145 5281 etc.

280 5291 354 5365 (3)
411 5292 564 5349 Edit.
616 5297 744 5350 Am.
803 5291 1065 5352 et'Erau
1124 5298 1242 5352 Non
1297 5293 1636 5360 movendum,
1698 5293 1858 5361 Gill.,

217 5359 374 5421 eam.
429 5379 564 5436 cum
638 5382 806 5436 mss.,
853 5368 971 5425 Non
1013 5369 1249 5424 euocari.
1272 5367 1498 5422 Rursus
1553 5359 1668 5430 vet,
1713 5359 1855 5422 edit;

217 5447 343 5508 cum
385 5435 578 5508 tribus
625 5435 798 5508 mss.,
843 5439 1164 5506 ulcisceudzj
1207 5439 1392 5498 datare
1440 5437 1688 5504 invidiae,
1742 5454 1857 5494 non

217 5504 379 5582 male.
413 5506 567 5563 Sola.
622 5504 792 5565 Rom.
827 5507 991 5582 edit.,
1042 5504 1344 5582 ulciscendi
1374 5508 1607 5582 doloris
1621 5508 1854 5582 invidia.

216 5573 465 5652 Denique
495 5595 644 5652 mss.
677 5573 994 5652 decem,...'.
1027 5583 1240 5652 iniuria
1281 5578 1511 5652 Melius.
1566 5579 1669 5635 Hic
1699 5581 1856 5637 enim

217 5647 424 5709 moveri
453 5649 776 5728 ulciscendi
806 5647 1024 5718 doloris
1050 5647 1288 5734 injuria,
1319 5651 1475 5714 idem
1507 5653 1598 5718 est
1625 5667 1689 5716 ac
1738 5668 1858 5720 mo-

1655 5169 1858 5209 omnes

2050 3155 2174 3214 rum
2210 3141 2475 3214 gratiam.
2526 3141 2831 3214 Excusatur
2871 3146 3054 3196 tamen
3106 3143 3164 3196 Β.
3205 3143 3389 3206 Iacob,
3437 3141 3496 3196 ut
3527 3146 3624 3214 qui

2045 3211 2237 3282 Ioseph
2265 3211 2517 3280 pluribus
2546 3211 2840 3284 virtutibus
2881 3217 3138 3266 ornatum
3185 3214 3313 3267 aliis
3359 3211 3619 3284 prwtzilc-

2046 3283 2124 3354 rit
2166 3281 2298 3336 fimo
2353 3291 2521 3336 etiam
2565 3281 2871 3352 prophetiw
2917 3286 3102 3353 gratia
3139 3286 3262 3354 jam
3310 3281 3438 3338 tunc
3470 3299 3622 3354 ρνίεο

2045 3353 2238 3426 (lz'tuni,
2271 3354 2353 3426 uti
2379 3355 2593 3407 somnia
2640 3354 2782 3423 ejus,
2831 3369 2954 3425 qua?
3000 3355 3086 3408 hic
3133 3355 3304 3408 relata
3339 3353 3622 3426 exponun-

2046 3433 2152 3490 tur,
2177 3424 2478 3478 declarant.

2042 3533 2096 3586 5.
2130 3529 2481 3585 lnstruimur
2513 3529 2692 3602 igitur
2736 3530 2926 3602 qualis
2976 3548 3102 3586 esse
3145 3532 3350 3587 debeat
3380 3532 3621 3587 allectus

1975 3624 2304 3691 parentum,
2339 3618 2709 3690 ﬁliorumque
2739 3619 2944 3690 gratia.
2993 3623 3200 3675 Amare
3248 3620 3461 3676 liberos
3485 3619 3618 3674 .dul-

1974 3723 2056 3774 ce,
2090 3712 2145 3761 et
2176 3707 2498 3779 impensius
2531 3724 2726 3762 amare
2769 3709 3055 3780 praedulce
3089 3726 3101 3762 :
3155 3709 3254 3764 sed
3291 3711 3623 3781 frequenter

1973 3811 2137 3850 amor
2171 3795 2292 3866 ipse
2325 3795 2571 3868 patrius,
2606 3795 2715 3850 nisi
2769 3798 3225 3853 moderationem
3259 3803 3468 3868 teneat,
3515 3815 3620 3851 n0-

1973 3889 2062 3939 cct
2109 3884 2331 3949 liberis,
2385 3885 2434 3939 si
2501 3889 2601 3938 aut
2665 3885 2844 3940 nimia
2913 3887 3269 3959 indulgentia
3339 3886 3615 3940 dilectum

1974 3973 2240 4040 resolvat,
2292 3977 2356 4026 ut
2403 3973 2738 4045 prazlatioue
2788 3975 2963 4028 unius
3013 3981 3247 4029 caeteros
3299 3977 3368 4029 ab
3411 3975 3620 4029 affectu

1972 4061 2378 4134 germanitatis
2409 4067 2644 4116 avertat.
2676 4064 2816 4117 Plus
2847 4063 3169 4133 acquiritur
3201 4063 3339 4131 lilio,
3378 4064 3470 4117 cui
3504 4065 3617 4117 fra-

1972 4156 2127 4204 trum
2161 4167 2324 4204 amor
2353 4150 2696 4220 acquiritur.
2731 4150 2860 4205 Haec
2884 4152 3035 4208 485
3063 4151 3394 4223 praeclarior
3419 4151 3621 4206 muni-

1973 4239 2205 4293 ficentia
2268 4243 2502 4308 patrum
2580 4239 2699 4292 haec
2751 4239 2926 4293 ditior
2983 4239 3290 4294 haereditas
3360 4238 3617 4294 filiorum

1969 4326 2421 4398 Jungatliberos
2452 4326 2693 4398 aequalis
2725 4327 2929 4399 gratia,
2965 4345 3112 4398 quos
3135 4327 3332 4397 junxit
3379 4326 3618 4399 aequalis

1972 4421 2199 4471 natura.
2255 4417 2506 4470 Lucrum
2554 4417 2732 4486 pietas
2797 4417 2981 4471 nescit
3048 4418 3328 4488 pecuniae,
3384 4417 3443 4471 in
3503 4433 3618 4488 quo

1971 4505 2199 4578 pietatis
2249 4505 2623 4577 dispendium
2674 4510 2781 4560 est.
2834 4505 2979 4569 Quid
3029 4506 3262 4561 miraris
3302 4505 3349 4560 si
3384 4511 3619 4578 propter

1971 4596 2216 4650 fundum
2250 4601 2351 4649 aut
2380 4596 2619 4649 domum
2653 4595 2922 4649 oriuntur
2967 4597 3118 4651 inter
3167 4595 3374 4650 fratres
3398 4595 3616 4666 jurgia,

1969 4684 2202 4757 quando
2234 4687 2468 4756 propter
2516 4684 2776 4739 tunicam
2826 4685 2973 4739 inter
3020 4685 3197 4740 Jacob
3248 4683 3435 4740 sancti
3466 4683 3618 4738 filios

1968 4774 2184 4828 exarsit
2215 4773 2429 4827 invidia
2449 4776 2474 4827 ἵ

2037 4864 2091 4917 6.
2122 4862 2270 4928 Quid
2303 4865 2483 4935 ergo?
2514 4862 3045 4934 chrebendendus
3071 4862 3250 4916 Jacob
3296 4863 3435 4932 quia
3467 4877 3612 4932 prae-

1966 5005 2082 5086 veri
2116 5010 2353 5086 accepta
2379 5004 2595 5086 injuria
2625 5005 2695 5086 ad
2727 5004 3131 5086 ulciscendum
3164 5002 3442 5086 dolorem:
3481 5003 3614 5084 Ome

1968 5077 2202 5147 phrasis
2231 5075 2364 5130 licet
2392 5075 2730 5147 duriuscula
2761 5076 2976 5142 sit,non
3003 5082 3195 5130 tamen
3220 5075 3292 5128 ab
3313 5075 3606 5130 Ambrosii

1967 5146 2292 5202 elocutione
2323 5146 2614 5201 abhorret.

2039 5219 2116 5288 (4)
2176 5219 2324 5272 Edit.
2382 5217 2648 5287 quaedam
2727 5213 2932 5288 Puris,
3009 5216 3101 5271 scd
3168 5216 3608 5288 observlmtioris.

1966 5287 2126 5356 Alios,
2161 5306 2225 5344 ac
2249 5305 2389 5343 mss.
2425 5304 2650 5351 omnes,
2681 5287 2773 5341 scd
2802 5287 3208 5344 observationis.
3244 5287 3407 5342 Haud
3439 5287 3612 5356 male,

1967 5363 2016 5418 si
2050 5366 2241 5417 mente
2280 5357 3005 5430 suppleas,preestantioris.

2037 5435 2114 5502 (5)
2147 5431 2296 5490 Edit.
2330 5429 2463 5486 cum
2499 5429 2793 5502 plerisque
2843 5446 3010 5496 mss.,
3069 5431 3323 5486 delictum
3353 5431 3608 5502 resolvat.

1963 5501 2230 5575 Antiquae
2287 5519 2418 5558 vero
2475 5501 2618 5575 edit.
2672 5518 2736 5556 ac
2794 5517 2938 5575 mss.
2990 5501 3120 5558 Vat.
3186 5508 3242 5557 ct
3287 5501 3613 5575 Valc.,_tli-

1965 5571 2162 5632 lectura
2191 5575 2440 5647 resolvat.
2491 5571 2739 5647 Optime.
2795 5572 2954 5647 Idem
3008 5575 3162 5630 enim
3203 5578 3289 5632 est
3337 5589 3402 5630 ac
3431 5573 3611 5630 dilec-

1965 5653 2094 5711 tum
2124 5647 2310 5708 lilium
2338 5644 2635 5711 solutioris
2665 5645 2794 5702 vitae
2818 5644 3039 5708 reddat.
