3830 6206
201 356 317 414 675

1652 345 1718 407 8.
1762 342 2139 408 AMBROSII

3477 347 3607 412 6'16
3622 351 3626 354 ⁴

204 492 297 541 fur.
322 490 419 540 hit
450 499 634 540 unum
665 483 930 538 eazteris?
958 481 1068 537 Sed
1106 496 1209 535 nec
1258 480 1584 535 libertatem
1633 496 1839 549 possu-
1873 492 1918 554 Α
2028 483 2260 560 itemtque
2290 481 2497 560 (unicae
2523 483 2849 560 cruadatio,
2904 485 2955 539 et
2992 483 3140 540 lacus
3184 482 3445 552 ariditas,
3474 500 3588 555 my-

203 595 333 631 mus
365 576 589 629 auferre
629 572 991 644 parentibus,
1026 585 1096 647 ne
1128 585 1224 623 eos
1256 567 1387 640 plus
1419 566 1663 639 diligant
1696 584 1843 637 quos

202 666 335 738 plus
365 664 602 719 credant
633 660 837 715 mereri
868 677 880 725 ;
936 674 1039 713 nec
1084 658 1219 712 ﬁliis
1264 672 1524 711 resecare
1562 656 1844 709 debemus

201 752 461 809 studium
524 750 657 821 plus
715 747 1000 820 placendi.
1063 746 1323 816 Denique
1388 748 1442 799 et
1470 742 1842 799 Jacobillum

200 842 333 913 plus
367 840 621 903 amabat,
652 837 710 891 in
733 853 848 907 quo
874 836 1097 905 majora
1117 836 1397 888 virtutum
1428 830 1681 902 insignia
1706 848 1847 901 prce-

198 930 467 994 videbat;
494 932 559 981 ut
590 942 701 980 non
736 929 855 978 tam
890 923 1075 977 ﬁlium
1111 928 1276 993 pater
1303 920 1628 993 przetulisse
1656 920 1847 974 videa-

198 1024 312 1085 tur,
345 1032 519 1089 quam
550 1012 834 1087 propheta
855 1011 1200 1082 mysterium
1227 1027 1240 1064 :
1266 1010 1592 1078 meritoque
1622 1007 1841 1061 variam

199 1106 456 1161 tunicam
490 1104 621 1159 fecit
651 1102 724 1169 ei,
758 1117 873 1171 quo
905 1099 1265 1170 signiﬁcaret
1310 1114 1443 1151 eum
1477 1097 1839 1153 diversarum

198 1196 477 1250 virtutum
511 1191 729 1247 amictu
762 1189 1039 1243 fratribus
1071 1187 1519 1258 prazferendum.

265 1288 319 1339 7.
356 1282 614 1352 Denique
644 1282 699 1334 in
731 1294 906 1349 puero
932 1276 1123 1330 adhuc
1158 1274 1387 1330 refulsit
1408 1274 1605 1329 divina
1625 1274 1832 1344 gratia.

197 1372 496 1443 Siquidem
528 1366 837 1424 somniavit
868 1364 1022 1436 quod
1055 1380 1189 1419 cum
1237 1362 1553 1435 alligasset,
1605 1366 1687 1426 ut,
1729 1361 1839 1416 sibi

196 1460 500 1515 videbatur
527 1475 629 1529 per
648 1451 1201 1523 visum,manipulos
1223 1467 1354 1504 cum
1384 1450 1660 1505 fratribus
1690 1449 1838 1514 suis,

197 1548 511 1605 surrexerit
540 1541 879 1614 manipulus
910 1544 1057 1612 ejus,
1090 1545 1146 1595 et
1164 1539 1390 1595 steterit
1414 1543 1638 1593 erectus
1665 1555 1676 1593 :
1703 1555 1837 1592 con-

196 1638 343 1693 versi
376 1640 572 1692 autem
606 1636 849 1687 fratrum
886 1628 1191 1699 manipuli,
1244 1627 1611 1682 adoraverint
1652 1625 1839 1680 mani-

196 1726 399 1797 pulum
434 1739 609 1779 suum
640 1721 775 1789 (Gen
804 1734 1017 1787 xxxvu,
1057 1718 1132 1787 7).
1172 1717 1231 1770 In
1278 1732 1394 1786 quo
1418 1714 1613 1784 utique
1643 1715 1838 1769 futura

197 1813 544 1870 resurrectio
601 1809 831 1865 Domini
888 1807 1031 1861 Jesu
1089 1804 1336 1860 revelata
1390 1810 1500 1870 est,
1557 1820 1732 1874 quem
1780 1807 1838 1857 et

198 1901 612 1973 Hierosolymis
662 1915 794 1953 cum
848 1896 1148 1960 vidissent,
1203 1893 1471 1949 undecim
1532 1893 1841 1946 adoravere

195 1990 491 2063 discipuli,
524 1995 579 2044 et
607 2004 809 2043 omnes
840 1984 1025 2041 sancti
1052 2001 1184 2038 cum
1217 1982 1660 2052 resurrexerint,
1702 1982 1841 2036 ado-

196 2082 428 2145 rabunt,
465 2078 691 2131 fruetus
724 2077 1005 2130 bonorum
1029 2088 1271 2144 operum
1291 2069 1844 2142 praaferentes,sicut

195 2169 478 2239 scriptum
539 2170 719 2219 estzu
783 2163 1096 2217 Venientes
1162 2166 1359 2215 autem
1424 2158 1658 2213 venient
1705 2174 1840 2214 cum

195 2254 601 2320 exsultatione,
632 2252 900 2307 tollentes
932 2248 1264 2320 manipulos
1294 2264 1433 2303 suos
1466 2247 1633 2316 (Psal.
1675 2262 1839 2311 cxxv,

190 2349 266 2415 6).
307 2366 330 2395 ι
369 2344 527 2399 Unde
559 2340 930 2407 fratres,licet
957 2338 1172 2417 somnii
1229 2338 1403 2391 ﬁdem
1428 2353 1530 2407 per
1560 2334 1837 2390 iuvidlam

193 2436 561 2505 derogarent,
594 2428 1128 2499 interpretationem
1174 2429 1369 2479 tamen
1416 2425 1544 2494 ejus
1586 2423 1838 2495 propriis

193 2521 559 2578 sermonibus
591 2517 1003 2590 exprimentes,
1037 2513 1531 2585 respondeiuntei
1561 2531 1573 2567 :
1600 2535 1627 2560 «
1662 2512 1840 2566 Num-

193 2612 330 2683 quid
364 2608 661 2681 regnando
696 2612 1044 2678 regnaturus
1076 2620 1138 2659 es
1184 2603 1375 2668 nobis,
1427 2606 1493 2655 ut
1522 2600 1835 2655 dominan-

193 2701 263 2755 do
290 2698 695 2754 dominaturus
737 2712 800 2750 es
860 2694 1028 2748 nobis
1078 2692 1227 2747 (Gen.
1278 2707 1491 2757 xxxvu,
1522 2690 1624 2757 8)?
1654 2711 1681 2737 ››
1726 2688 1835 2743 Re-

191 2805 320 2860 gem
352 2787 508 2843 enim
540 2790 851 2840 venturum
884 2782 1028 2837 visio
1077 2781 1179 2835 illa
1228 2778 1620 2850 signiﬁcabat,
1661 2794 1833 2848 quem

192 2877 383 2932 omnis
448 2890 581 2929 caro
658 2871 891 2943 generis
968 2870 1209 2924 humani
1283 2868 1493 2923 inﬂexo
1570 2866 1837 2921 adoraret

191 2982 366 3039 genu.

262 3056 316 3108 8.
345 3051 504 3105 Vidit
534 3054 727 3105 autem
762 3048 923 3104 aliud
953 3046 1273 3113 somnium,
1305 3050 1363 3100 et
1409 3044 1661 3100 narravit
1690 3042 1835 3098 illud

192 3141 340 3213 patri
369 3157 473 3195 suo
505 3143 562 3194 et
592 3138 867 3193 fratribus
900 3136 1043 3203 suis,
1095 3153 1159 3189 eo
1183 3135 1334 3206 quod
1386 3133 1474 3188 sol
1505 3139 1564 3189 et
1611 3132 1753 3187 luna
1780 3138 1839 3187 et

2024 554 2189 605 .ctrrio
2216 554 2486 621 fessionis
2514 553 2864 624 adoptantur.

2023 657 2077 710 9.
2113 656 2237 710 Non
2296 672 2431 729 ergo
2490 661 2654 713 tanto
2710 660 2939 715 somnio
2969 660 3302 732 patriarcha
3330 677 3449 716 non
3481 676 3595 717 ere»

1954 744 2122 810 didit,
2174 744 2274 815 qui
2325 751 2639 819 utrumque
2677 749 2896 814 pariter
2936 746 3168 822 gemino
3211 749 3594 822 prophetabat

1953 830 2207 901 oraculo,
2275 838 2339 889 ut
2409 851 2719 906 personam
2788 838 2937 908 justi
3014 841 3457 910 repraisentaret
3537 840 3592 893 et

1951 920 2174 993 populi,
2208 923 2362 993 quod
2412 922 2512 979 Dei
2560 924 2742 981 Filius
2790 930 3073 982 venturus
3101 930 3256 982 esset
3299 926 3360 982 in
3384 930 3587 994 terras,

1952 1009 2052 1079 qui
2082 1014 2140 1065 et
2168 1010 2510 1083 diligeretur
2539 1029 2573 1068 a
2592 1014 2799 1085 justis,
2832 1020 2887 1069 et
2909 1020 3221 1088 negaretur
3267 1033 3302 1071 a
3331 1015 3586 1087 perﬁdis.

1957 1097 2199 1153 Videbat
2229 1099 2411 1171 igitur
2440 1103 2647 1157 futurae
2677 1102 3102 1159 Incarnationis
3151 1103 3449 1177 mysteria,
3493 1103 3592 1175 qui

1952 1186 2138 1241 ﬁlium
2189 1188 2457 1244 mittebat
2506 1189 2577 1245 ad
2624 1190 2835 1247 fratres
2886 1192 3018 1261 (Gen
3074 1209 3284 1260 xxxvr,
3355 1194 3485 1263 14);
3528 1196 3592 1248 ut

1948 1275 2170 1330 videret
2202 1276 2248 1331 si
2282 1282 2434 1333 recte
2465 1283 2605 1333 sunt
2633 1295 2767 1335 oves
2798 1280 2895 1351 (6).
2923 1281 3078 1345 Quas
3113 1298 3247 1337 oves
3290 1281 3447 1337 Deus
3466 1281 3590 1353 jam

1949 1366 2091 1418 tunc
2122 1364 2181 1419 in
2212 1364 2310 1420 illo
2343 1366 2691 1438 pataiarchas
2723 1369 2918 1424 studio
2949 1370 3298 1441 requirebat,
3339 1369 3457 1425 nisi
3494 1385 3590 1425 eas

1950 1452 2021 1506 de
2051 1453 2267 1523 quibus
2295 1455 2419 1525 ipse
2449 1455 2734 1511 Dominus
2764 1457 2937 1513 Jesus
2970 1458 3026 1512 in
3058 1457 3365 1531 Evangelio
3408 1458 3589 1513 dixit:

1950 1564 1975 1587 ‹‹
2039 1541 2163 1595 Non
2211 1542 2338 1596 veni
2384 1544 2494 1598 nisi
2546 1545 2615 1599 ad
2672 1561 2805 1601 oves
2854 1545 3110 1618 perditas
3155 1547 3368 1603 domus
3416 1545 3591 1602 Israel

1948 1630 2156 1695 (Matth.
2192 1648 2282 1700 xv,
2315 1634 2453 1701 25)?
2489 1656 2579 1681 --«
2613 1634 2681 1688 Et
2711 1634 2895 1701 misit,
2929 1635 3139 1706 inquit,
3164 1635 3222 1690 in
3252 1635 3487 1691 Sichem
3518 1636 3594 1707 (7)

1948 1718 2099 1788 (Gen.
2136 1736 2346 1788 xxxvii,
2397 1721 2507 1792 43),
2571 1745 2598 1771 ››
2647 1723 2801 1794 quod
2866 1722 3343 1795 interpretatione
3382 1723 3595 1780 dicitur

1950 1806 2253 1875 humerus,
2286 1808 2405 1864 sive
2437 1810 2700 1876 dorsum,
2756 1811 2867 1867 hoc
2914 1818 3026 1874 est.
3073 1814 3144 1867 ad
3198 1828 3297 1868 eos
3345 1812 3447 1885 qui
3480 1829 3590 1867 non

1950 1901 2430 1952 converterentur
2476 1899 2545 1953 ad
2590 1899 2926 1968 Dominum,
2986 1902 3086 1957 sed
3138 1900 3426 1974 fugientes
3473 1917 3595 1959 sea

1949 1983 2094 2038 facie
2123 1985 2250 2055 ejus
2284 1991 2645 2057 averterent;
2684 1988 2841 2060 quod
2870 1993 2959 2044 est
2990 1988 3221 2061 proprie
3251 1989 3589 2062 peccatoris.

1953 2093 1980 2121 «
2012 2072 2163 2127 Exiit
2191 2073 2333 2129 Cain
2364 2092 2398 2129 a
2456 2076 2600 2132 facie
2657 2076 2757 2132 Dei
2815 2077 2970 2148 (Gen.
3018 2096 3098 2145 ιν,
3164 2079 3306 2139 16).»
3357 2080 3429 2134 Et
3458 2078 3592 2135 Pro-

1949 2159 2126 2231 pheta
2154 2162 2331 2216 dicit:
2368 2162 2552 2220 Pones
2605 2181 2706 2220 eos
2754 2165 2994 2222 dorsum
3047 2167 3218 2237 (Psat.
3267 2183 3363 2233 xx,
3406 2167 3521 2239 13).
3559 2189 3588 2218 ››

1944 2248 2155 2305 Justus
2184 2255 2379 2306 autem
2416 2268 2529 2306 non
2560 2269 2624 2308 se
2654 2255 2864 2310 avertit
2894 2270 2925 2310 a
2957 2254 3223 2321 Domino,
3256 2256 3358 2311 sed
3392 2271 3587 2311 oecur-

1946 2338 2023 2392 rit
2060 2338 2294 2395 dicens:
2327 2362 2353 2389 ››
2387 2340 2551 2396 Oculi
2582 2343 2696 2398 mei
2718 2358 2949 2416 semper
2967 2344 3040 2399 ad
3064 2344 3375 2400 Dominum
3408 2343 3584 2417 (Psal.

1945 2443 2095 2481 xxuv.
2130 2428 2241 2499 45).
2275 2451 2306 2478 ››
2354 2433 2424 2485 Et
2486 2429 2668 2487 Isaias
2719 2432 2934 2487 dicenti
2993 2432 3278 2489 Domino:
3329 2455 3360 2483 «
3407 2433 3584 2497 Quem

1946 2514 2175 2569 mittam
2208 2518 2334 2585 (Isa.
2396 2534 2473 2580 vr,
2501 2518 2606 2590 8)?
2639 2543 2661 2569 ι
2723 2524 2931 2592 sponte
2986 2537 3050 2577 se
3105 2520 3319 2577 obtulit
3348 2521 3582 2577 dicens:

1946 2626 1973 2651 «
2025 2603 2167 2658 Ecce
2238 2620 2344 2676 ego
2403 2607 2610 2678 (Ibid).
2693 2608 2760 2664 Et
2820 2609 3052 2665 Simeon
3123 2610 3481 2682 exspectavit
3526 2615 3586 2666 ut

1942 2692 2163 2747 videret
2212 2692 2511 2750 Christum
2568 2697 2824 2766 Domini,
2878 2702 2938 2754 et
2993 2701 3375 2771 posteaquam
3422 2699 3582 2765 vidit,

1943 2780 2222 2850 quoniam
2253 2783 2625 2840 remissorem
2656 2791 3050 2857 peccatorum,
3084 2791 3144 2843 et
3170 2786 3354 2843 totius
3386 2786 3587 2843 mundi

1943 2867 2164 2925 viderat
2210 2870 2658 2943 redemptorem,
2716 2875 2886 2945 quasi
2935 2875 3162 2933 levatus
3216 2893 3251 2932 a
3330 2880 3585 2948 peccato,

1943 2958 2239 3032 proposcit
2267 2975 2379 3014 usu
2424 2962 2619 3017 carnis
2640 2962 2819 3034 hujus
2857 2964 3078 3019 absolvi
3126 2963 3364 3022 dicens:
3392 2965 3589 3021 «Nunc

1947 3052 2205 3121 Domine,
2240 3052 2468 3107 dimitte
2498 3062 2731 3106 servum
2780 3056 2951 3107 tuum
2998 3053 3059 3108 in
3107 3068 3270 3125 pace,
3302 3053 3581 3126 quoniam

1943 3141 2216 3197 viderunt
2243 3140 2395 3197 oculi
2428 3139 2542 3194 mei
2570 3139 2827 3196 salutare
2854 3145 3023 3196 tuum
3044 3143 3198 3210 (Luc.
3222 3159 3284 3208 ιι,
3314 3143 3409 3209 29,
3437 3142 3586 3212 39).»

192 3229 461 3285 undecim
496 3227 673 3283 stella:
706 3228 1014 3281 adorarent
1051 3242 1205 3279 eum.
1258 3223 1419 3278 Unde
1445 3246 1471 3272 ‹‹
1507 3220 1837 3294 objurgavit
1864 3219 1908 3286 C
1947 3232 2013 3286 Et
2039 3231 2312 3287 Zachaus
2344 3229 2480 3284 hinc
2516 3228 2768 3300 primum
2799 3247 2918 3286 sum
2948 3231 3390 3303 praerogativam
3431 3246 3593 3288 οοω-

189 3318 357 3373 illum
391 3324 562 3390 pater
592 3317 741 3387 ejus,
772 3315 1007 3369 dicens:
1034 3312 1176 3378 Quid
1207 3329 1341 3385 ergo
1366 3313 1473 3367 erit
1499 3310 1608 3366 hoc
1636 3310 1830 3366 visum

190 3409 343 3479 quod
377 3404 732 3461 somniasti?
762 3401 1058 3474 Numquid
1093 3402 1387 3457 venientes
1418 3417 1523 3471 ego
1555 3404 1613 3454 et
1648 3404 1833 3454 mater

191 3503 292 3551 tua
321 3500 378 3551 et
408 3496 614 3550 fratres
645 3493 729 3549 tui
761 3491 994 3547 adorabi
1006 3508 1136 3546 mus
1160 3496 1213 3546 te
1233 3506 1410 3561 super
1431 3494 1644 3544 terram
1667 3487 1826 3557 (Ibid.

191 3586 327 3653 10)?
362 3610 389 3632 υ
420 3584 561 3648 Quis
592 3587 681 3637 est
708 3581 804 3637 ille
834 3598 1007 3653 quem
1039 3584 1308 3651 parentes
1339 3584 1397 3634 et
1446 3579 1653 3633 fratres
1692 3577 1830 3631 ado-

189 3676 465 3728 raverunt
496 3686 672 3742 super
692 3674 928 3738 terram,
952 3669 1065 3723 nisi
1087 3668 1357 3723 Christus
1377 3668 1568 3734 Jesus,
1597 3665 1832 3737 quando

188 3779 321 3815 eum
374 3759 589 3830 Joseph
644 3763 700 3813 et
747 3762 934 3812 mater
977 3773 1109 3811 cum
1154 3755 1457 3826 discipulis
1489 3755 1831 3816 adorabant,

189 3850 369 3905 Deum
404 3864 606 3903 verum
659 3847 716 3900 in
768 3844 867 3899 illo
917 3861 1155 3915 corpore
1206 3845 1564 3907 conﬁtentes,
1619 3843 1687 3896 de
1719 3859 1833 3913 quo

189 3938 312 3994 solo
346 3937 569 3991 dictum
599 3940 727 3991 est:
762 3957 789 3983 ‹‹
825 3933 1082 3988 Laudate
1113 3948 1269 3999 eum,
1305 3930 1389 3987 sol
1433 3936 1488 3986 et
1510 3931 1683 3998 luna;
1717 3930 1836 3985 lau-

189 4028 323 4081 date
362 4042 519 4091 eum,
567 4039 771 4079 omnes
820 4021 1002 4077 stella:
1052 4024 1109 4075 et
1154 4019 1355 4075 lumen
1404 4020 1832 4090 (Psal.cx1.vm,

187 4115 288 4182 3}?
323 4138 349 4163 »
382 4112 724 4185 Objurgatio
757 4116 955 4166 autem
989 4109 1172 4182 patris
1205 4109 1342 4182 quid
1377 4108 1687 4182 signiﬁcat,
1723 4108 1834 4163 nisi

190 4203 469 4258 duritiam
502 4200 699 4273 p0puli
737 4199 937 4266 Israel,
970 4216 1039 4254 ex
1068 4198 1285 4271 quibus
1333 4197 1599 4253 Christus
1632 4214 1835 4253 secun-

190 4293 331 4347 dum
366 4307 626 4355 carnem,
663 4306 835 4359 quem
867 4288 1155 4359 hodieque
1188 4288 1370 4342 Deum
1402 4303 1532 4342 esse
1570 4302 1683 4341 nou
1715 4302 1837 4341 cre-

1941 3319 2335 3375 mendationis
2362 3317 2582 3373 invenit
2610 3319 2765 3389 quod
2796 3318 2855 3374 in
2887 3319 3153 3375 arborem
3185 3323 3248 3374 ut
3289 3319 3583 3376 Christum

1938 3409 2178 3479 videret,
2211 3407 2494 3465 ascendit.
2528 3409 2677 3478 Ergo
2703 3406 2920 3478 Joseph
2951 3423 2987 3461 a
3026 3413 3192 3479 patre
3240 3408 3467 3464 missus
3498 3412 3584 3464 est

1940 3498 2011 3553 ad
2044 3498 2274 3563 fratres,
2306 3495 2379 3551 ab
2409 3494 2508 3550 illo
2538 3496 2729 3569 magis
2772 3497 2962 3561 Patre,
3009 3497 3110 3568 qui
3155 3496 3392 3570 proprio
3439 3496 3578 3553 Filio

1941 3603 2055 3642 non
2098 3585 2373 3659 pepercit,
2417 3586 2519 3642 sed
2549 3601 2653 3657 pro
2702 3583 2870 3640 nobis
2916 3583 3193 3641 omnibus
3240 3585 3487 3641 tradidit
3513 3585 3580 3640 il-

1939 3675 2064 3731 lum
2092 3692 2107 3732 :
2135 3675 2330 3731 abillo
2372 3676 2539 3732 Patre
2577 3675 2648 3730 de
2694 3689 2809 3745 quo
2847 3674 3131 3746 scriptum
3173 3678 3264 3730 est
3304 3692 3318 3730 :
3353 3697 3382 3724 ‹‹
3435 3674 3583 3731 Deus

1942 3764 2151 3818 Filium
2186 3780 2360 3818 suum
2391 3763 2629 3818 mittens
2659 3761 2717 3816 in
2752 3761 3196 3819 similitudinem
3226 3762 3425 3818 carnis
3452 3778 3584 3836 pee-

1942 3853 2052 3909 cati
2085 3854 2258 3924 (Rom.
2294 3870 2414 3921 VIII,
2446 3854 2522 3920 3).
2559 3874 2588 3902 ››
2810 3850 2817 3859 ’

2016 3944 2100 3997 10.
2135 3942 2202 3996 Et
2230 3942 2461 3998 errabat
2484 3940 2727 4012 Joseph,
2761 3940 2903 4012 quia
2932 3940 3139 3995 fratres
3169 3956 3311 3996 suos
3335 3940 3588 3997 invenire

1944 4048 2059 4087 non
2116 4034 2342 4104 poterat
2396 4033 2554 4101 (Gen.
2623 4046 2836 4097 xxxvii,
2918 4029 3026 4101 15).
3116 4028 3267 4092 Non_
3298 4027 3587 4085 immerito

1943 4120 2193 4187 errabat,
2227 4119 2325 4192 qui
2359 4119 2657 4192 quaerebat
2685 4122 2983 4174 errantes:
3018 4134 3118 4174 eos
3147 4117 3590 4191 enim-agnoscit

1943 4208 2228 4265 Dominus
2261 4207 2361 4279 qui
2392 4212 2532 4262 sunt
2580 4206 2790 4279 ipsius.
2841 4206 3101 4278 Denique
3156 4211 3215 4262 et
3258 4206 3438 4263 Jesus
3474 4206 3593 4261 fati-

1944 4301 2115 4371 gatus
2145 4313 2215 4352 ex
2245 4296 2452 4352 itinere
2482 4296 2724 4351 sedebat
2768 4312 2950 4368 supra
2990 4300 3253 4367 puteum.
3288 4294 3591 4368 Fatigatis.-

192 4382 363 4447 dunt,
397 4396 503 4435 nec
532 4378 739 4433 volunt
764 4378 1008 4433 adorare
1038 4376 1205 4448 quasi
1233 4376 1569 4442 Dominum,
1604 4375 1741 4446 quia
1771 4391 1839 4429 ex
1945 4392 2061 4451 tur,
2082 4384 2219 4458 quia
2244 4402 2359 4441 non
2387 4385 2718 4440 inveniebat
2754 4384 2854 4439 Dei
2896 4382 3177 4457 populum
3226 4400 3406 4456 quem
3436 4400 3591 4457 qua-

193 4486 254 4524 se
282 4473 486 4523 natum
530 4465 937 4539 cognoscunt?
988 4465 1249 4520 Audiunt
1299 4464 1494 4536 itaque
1558 4481 1841 4536 responsa
1949 4476 2147 4531 what;
2181 4473 2400 4530 exierat,
2428 4489 2681 4544 namque
2730 4491 2765 4528 ει
2811 4473 2958 4529 facie
3004 4471 3258 4528 οοωίηί,
3298 4472 3410 4538 Qui
3438 4471 3592 4530 enim

192 4559 349 4653 eius.
379 4555 481 4653 {sed
517 4572 631 4653 n‘on
663 4553 1053 4653 intelligunt:
1101 4554 1306 4653 leguot
1342 4553 1663 4653 insint-inec)
1705 4569 1838 4653 eum
1870 4587 1917 4653 Β
1950 4562 2184 4636 culpam
2216 4562 2502 4634 sequitur,
2566 4560 2684 4617 exit
2739 4578 2775 4617 a
2823 4561 3073 4617 Christo.
3136 4561 3412 4618 Peccator
3458 4559 3592 4626 exit,

193 4645 277 4701 sol
301 4650 359 4699 et
382 4644 524 4699 luna
545 4642 806 4708 laudant,
835 4647 891 4698 et
912 4640 1118 4697 nolunt
1134 4643 1364 4697 credere
1382 4642 1453 4697 de
1474 4642 1840 4698 ChristoJesu
1870 4640 1913 4653 ”
1946 4655 2147 4724 justus
2180 4653 2378 4707 intrat,
2413 4650 2675 4723 Denique
2715 4651 2903 4707 Adam
2926 4667 2988 4706 se
3009 4656 3280 4723 peccator
3294 4650 3601 4707 abscondit,

195 4736 416 4790 dictum
452 4749 601 4787 esse.
637 4732 836 4802 Itaque
861 4731 1037 4786 Jacob
1069 4735 1203 4801 typo
1230 4729 1451 4785 fallitur
1481 4730 1705 4786 alieno:
1741 4731 1841 4787 sed
1942 4744 2145 4813 justus
2177 4744 2369 4796 autem
2402 4739 2544 4795 dicit
2570 4758 2583 4795 ε
2619 4762 2648 4790 α
2680 4742 2861 4795 Intret
2891 4741 3075 4796 οι-ειιίο
3107 4756 3237 4797 mea
3265 4739 3325 4795 in
3357 4755 3598 4813 ωηερε-

201 4840 307 4877 suo
339 4837 535 4877 amore
567 4837 681 4875 non
712 4819 952 4874 fallitur.
987 4819 1177 4874 Pietas
1222 4819 1280 4873 in
1330 4834 1396 4875 eo
1447 4828 1685 4891 paterna
1728 4837 1837 4875 non

2019 4849 2045 4884 u
2070 4835 2172 4886 tuo
2197 4828 2365 4900 (Psal.
2393 4845 2639 4898 Lxxxvu,
2668 4829 2777 4899 3).-

194 4917 384 4967 errat:
421 4911 522 4967 sed
554 4913 830 4966 erraturze
863 4908 1049 4981 plebis
1080 4909 1318 4964 affectus
1338 4908 1699 4980 exprimitur.
2026 4920 2110 4974 11,
2166 4918 2392 4973 Invenit
2439 4921 2637 4973 autem
2684 4916 2902 4990 Joseph
2947 4917 3153 4973 fratres
3201 4934 3343 4974 suos
3388 4918 3452 4974 in
3492 4918 3599 4975 Do-

752 4999 908 5055 483
939 4997 1168 5053 CAPUT
1200 4998 1293 5053 ΙΙΙ⁸
1952 5008 2160 5075 thaim,
2195 5006 2349 5079 quod
2381 5005 2675 5078 signiﬁcat
2712 5005 3117 5061 defectionem.
3168 5005 3278 5061 Ubi
3326 5009 3419 5063 est
3447 5006 3598 5062 enim

196 5092 322 5173 οης),
366 5105 534 5173 sui”?
589 5088 781 5173 fiam”,
816 5088 994 5170 ἀξθίαδ
1032 5088 1458 5173 ,ειζιηλρδεωιαυι
1512 5086 1845 5173 vitiataque,
1955 5096 2067 5152 nisi
2099 5096 2158 5150 in
2190 5095 2511 5173 defectione
2543 5094 2642 5167 qui
2692 5094 2876 5150 Deum
2926 5093 3192 5150 deserit?
3240 5094 3355 5151 Nec
3385 5095 3598 5151 mirum

266 5161 323 5215 id
352 5178 463 5215 non
490 5162 682 5230 fecisse
730 5160 793 5213 ob
853 5160 1333 5214 incredulitatem:
1390 5160 1607 5231 quando
1644 5162 1837 5230 futura

265 5232 669 5286 lneamationis
717 5233 978 5286 praescius
1019 5230 1268 5285 eumdem
1317 5230 1387 5285 ad
1437 5230 1635 5286 fratres
1673 5232 1837 5285 misit.

2037 5172 2405 5255 deficiebant,
2438 5184 2536 5256 qui
2562 5160 2684 5240 non
2706 5184 3023 5239 audiebant
3050 5184 3341 5240 dicentem
3370 5201 3384 5240 :
3426 5207 3454 5235 ‹‹
3499 5183 3599 5239 Ve-

635 5234 643 5243 .
904 5233 913 5242 .
1052 5258 1053 5261 ‘
1404 5230 1411 5231 κ
1480 5249 1493 5261 ⁹
1743 5232 1753 5242 .
1795 5235 1801 5240 .
1956 5230 2005 5242 υ.
2039 5230 2405 5255 ..γυνη-...κη
2439 5230 2536 5256 -ι--
2571 5230 2684 5240 ..νη
2706 5230 3022 5239 ..-ς-.-.ηυη
3053 5230 3341 5240 φωνην...
3370 5230 3384 5240 .
3429 5230 3454 5235 -η
3515 5230 3527 5239 .

550 5247 669 5314 Otus
712 5247 991 5314 praesen“:
1019 5230 1268 5313 qumdem
1317 5230 1387 5285 ad
1662 5234 1845 5314 Iulis“.
1959 5276 2076 5314 nitu
2104 5275 2169 5314 nr!
2202 5291 2295 5314 mn.
2348 5289 2554 5314 nmnoq
2602 5272 2699 5314 nni
2742 5272 3023 5314 lnhnrniin
3071 5277 3129 5314 αἱ
3174 5272 3395 5314 nnnr-nﬁ
3441 5272 3544 5314 an“

266 5304 454 5373 Ioseph
480 5272 769 5373 postqan
789 5304 994 5357 erravit
1024 5304 1084 5356 in
1116 5318 1263 5372 agro,
1295 5272 1450 5357 venitl
1487 5304 1547 5356 in
1575 5302 1837 5356 Dothaim.

269 5374 407 5427 Eum
436 5375 632 5436 fratres
660 5390 689 5428 e
736 5374 895 5436 longe
940 5373 1177 5428 videntes
1219 5375 1537 5428 interimere
1566 5376 1837 5436 cogitant:

2025 5280 2076 5330 te
2103 5275 2173 5329 ad
2202 5291 2316 5342 me,
2348 5289 2554 5329 omnes
2602 5272 2703 5345 qui
2742 5272 3023 5339 laboratis
3071 5277 3130 5328 et
3174 5272 3399 5329 onerati
3441 5272 3597 5338 estis,

2039 5379 2144 5436 ego
2174 5379 2277 5418 vos
2307 5362 2564 5417 reﬁciam
2613 5362 2826 5435 (Matth.
2860 5377 2938 5419 ιι.
2997 5363 3087 5418 28.
3123 5384 3153 5412 υ
3205 5360 3382 5418 Venit
3427 5360 3597 5435 igitur

2814 5377 2938 5419 .11.
2997 5376 3087 5418 κδ.
3123 5384 3153 5412 n
3215 5376 3382 5418 venit
3427 5376 3601 5435 igitur

269 5374 407 5427 Eum
435 5375 632 5441 fratres
660 5390 689 5428 e
736 5374 895 5441 longe
940 5373 1177 5428 videntes
1219 5375 1537 5428 interimere
1566 5376 1846 5440 cogitant:

268 5443 361 5498 sed
414 5447 619 5499 mutato
666 5445 892 5499 consilio
936 5444 1176 5500 vendunt
1225 5444 1535 5499 ismaetz’tis.
1598 5448 1663 5500 Et
1716 5446 1849 5512 haec,
1957 5451 2174 5526 Joseph
2228 5451 2289 5506 in
2347 5450 2618 5507 Dothaim
2668 5467 2680 5505 :
2751 5452 2820 5506 Et
2879 5450 3272 5524 praeviderunt
3332 5465 3468 5506 eum
3533 5448 3599 5504 de

277 5656 356 5730 (6)
391 5655 537 5714 Rom
586 5656 751 5725 edit.,
783 5660 833 5713 si
872 5663 1082 5715 rectum
1128 5667 1206 5717 est
1261 5662 1528 5733 fratribus
2033 5665 2109 5743 (7)
2137 5622 2317 5725 Rom.
2342 5626 2507 5740 edit.,
2538 5666 2605 5725 Et
2624 5668 2794 5738 venit,
2823 5621 3037 5740 inquit,
3066 5666 3125 5723 in
3147 5664 3362 5725 Sichem
