3830 6206
147 352 257 411 67Τ

1157 340 1391 409 LIBER
1431 344 1534 408 DE
1574 344 1867 411 JOSEPH
1910 344 2444 411 PATRIARCHA.

3383 355 3502 417 678

150 484 292 554 longe
335 479 669 547 venientem,
702 482 1016 551 antequam
1056 480 1455 552 appropriaret
1486 482 1556 535 ad
1596 481 1742 546 illos,
1778 486 1829 548 Α
1861 482 2041 544 Quom
2075 481 2391 553 significari
2425 482 2483 536 in
2517 498 2578 537 se
2610 481 3030 555 intelligebant,
3057 484 3165 538 nisi
3199 484 3367 540 illum
3402 489 3497 557 qui

147 577 193 627 et
218 568 585 637 insmviebant,
625 571 691 624 ut
736 568 1064 625 occiderent
1111 567 1279 624 illum
1330 568 1480 641 (Gen.
1512 586 1747 636 xxxvm,

149 659 238 730 18).
265 679 292 710 ι)
324 656 517 713 Merito
547 656 717 729 longe
748 661 931 723 erant,
966 657 1067 729 qui
1093 660 1258 713 erant
1303 657 1362 711 in
1407 657 1745 723 defectione,

146 752 193 803 et
237 747 356 802 ideo
394 744 788 812 insmviebant,
839 745 978 818 quia
1024 762 1139 801 non
1190 744 1635 818 appropiaverat
1676 744 1750 801 iis

144 834 394 892 Christus.
442 834 585 889 Nam
645 832 694 888 si
755 833 1159 906 appropiasset
1212 833 1306 889 his
1360 838 1536 906 typus
1594 834 1744 890 481

142 922 583 988 Christi,fratrem
615 922 818 993 utique
846 920 1251 977 dilexisssent:
1280 921 1382 977 sed
1415 938 1589 994 prope
1620 937 1750 978 esse

144 1026 238 1064 non
267 1013 540 1081 poterant,
574 1008 674 1080 qui
707 1007 1088 1081 parricidium
1133 1008 1486 1081 cogitabant.
1525 1030 1553 1059 «
1583 1009 1748 1080 Ecce,

142 1098 403 1170 inquiunt,
437 1097 759 1153 somniator
786 1097 884 1152 ille
914 1097 1069 1152 venit
1101 1114 1114 1152 :
1148 1114 1306 1152 nunc
1350 1112 1486 1169 ergo
1535 1097 1748 1165 venite,

143 1185 443 1241 occidamus
505 1202 639 1241 eum
705 1185 863 1256 (Ibid.
935 1186 1023 1253 19,
1086 1186 1202 1256 20.)
1271 1207 1299 1235 »
1365 1185 1568 1241 Nonne
1630 1185 1751 1241 Ι]ωο

142 1274 289 1330 verba
355 1274 641 1341 dicebant,
709 1274 807 1346 qui
888 1274 960 1330 de
1035 1273 1366 1347 parricidali
1448 1272 1754 1345 sacrilegio

142 1362 479 1435 cogitabant?
537 1362 700 1418 Sicut
745 1363 817 1418 de
863 1362 1011 1434 ipsis
1057 1362 1331 1418 Salomon
1385 1361 1513 1419 ait:
1551 1382 1576 1412 ι
1620 1362 1751 1417 Tol-

140 1451 307 1507 lamus
352 1452 605 1522 justum,
663 1452 802 1522 quia
861 1449 1088 1507 inutilis
1141 1455 1231 1508 est
1286 1451 1456 1507 nobis
1488 1452 1645 1523 (Scip.
1688 1468 1750 1516 ιι,

142 1542 233 1610 12).
254 1563 290 1589 λ»
597 1557 603 1561 ’

199 1631 274 1684 12.
301 1629 366 1683 Et
393 1627 748 1685 addiderunt
792 1628 852 1683 in
901 1628 1158 1685 Genesi:
1210 1651 1239 1679 «
1303 1630 1368 1683 Et
1422 1628 1752 1684 videbimus

138 1717 258 1788 quid
282 1718 596 1790 proderunt
644 1716 874 1773 somnia
920 1716 1077 1773 illius
1126 1717 1280 1788 (Gen.
1316 1734 1525 1783 xxxvn,
1572 1717 1687 1787 20).
1725 1740 1745 1769 ι)

137 1804 236 1860 Hoc
260 1807 537 1878 scriptum
586 1810 675 1862 est
731 1806 803 1861 de
831 1805 1072 1877 Josepb,
1129 1806 1486 1875 completum
1542 1810 1633 1860 est
1682 1806 1753 1859 de

135 1893 355 1963 Christo,
388 1895 626 1967 quando
654 1894 840 1950 Judaei
870 1896 929 1949 in
955 1894 1084 1964 ejus
1114 1894 1387 1965 passione
1434 1894 1706 1949 dixerunt
1736 1910 1749 1948 :

138 2006 160 2033 ‹‹
188 1983 240 2038 Si
269 1998 360 2039 rex
406 1982 584 2039 Israel
632 1987 740 2050 est,
773 1982 1089 2038 descendat
1135 1998 1293 2037 nunc
1340 1982 1408 2037 de
1458 1998 1649 2051 cruce,
1699 1986 1755 2037 et

136 2072 398 2127 credimus
425 2072 502 2129 ei.
546 2071 798 2127 Confidit
826 2071 885 2126 in
917 2071 1124 2137 Deum,
1157 2069 1363 2126 liberet
1408 2088 1565 2126 nunc
1595 2087 1752 2137 eum,

137 2159 177 2215 si
220 2159 335 2215 vult
362 2161 570 2232 (Matth.
614 2177 790 2228 xxvu,
824 2161 912 2229 42,
945 2160 1056 2229 43).
1113 2181 1141 2210 »
1192 2159 1488 2231 Numquid
1538 2164 1595 2215 et
1642 2159 1752 2231 ipsi

136 2250 315 2306 fratres
344 2252 463 2305 tam
493 2249 685 2321 impii,
720 2255 785 2304 ut
830 2248 1067 2304 fratrem
1116 2247 1481 2304 occiderent?
1507 2249 1572 2303 Et
1601 2249 1757 2303 unde

135 2341 401 2394 tantorum
445 2338 659 2393 merita
701 2336 1168 2410 patriarcharum
1217 2340 1284 2392 ut
1328 2336 1420 2392 lex
1448 2336 1639 2392 tribus
1669 2340 1757 2391 to-‘

136 2424 236 2481 tius
262 2427 333 2498 (8)
361 2425 553 2498 plebis
599 2441 802 2482 eorum
848 2425 1149 2482 vocabulis
1192 2425 1570 2499 designaret?
1606 2427 1758 2491 Quo-

137 2515 286 2570 modo
314 2515 665 2572 conveniunt
694 2514 931 2586 pietatis
971 2513 1230 2581 nomine,
1279 2519 1337 2570 et
1385 2513 1619 2570 sceleris
1668 2513 1758 2570 in-

136 2603 342 2675 signia?
364 2605 454 2660 Sic
485 2604 667 2660 etiam
698 2603 799 2675 isti
836 2607 973 2675 typo
1023 2602 1246 2675 populi,
1278 2619 1392 2658 non
1442 2602 1623 2658 animi
1668 2600 1760 2658 sui

133 2691 254 2747 vitio
273 2691 637 2767 laborabant.
674 2692 813 2749 inde
845 2691 1037 2747 omnis
1066 2690 1305 2758 invidia,
1337 2691 1474 2747 inde
1520 2691 1759 2762 parrici-

135 2780 201 2834 dii
230 2780 524 2838 meditatio
563 2798 575 2835 :
609 2780 827 2835 invidia
849 2796 954 2852 per
984 2780 1256 2853 figuram,
1281 2779 1468 2852 pietas
1499 2796 1601 2852 per
1630 2779 1761 2836 atie-

134 2874 294 2925 ctum.

195 2956 273 3013 13.
304 2960 564 3031 Denique
620 2958 825 3014 Ruben
886 2960 944 3013 et
998 2957 1186 3013 Judas
1235 2956 1636 3029 germanitatis
1666 2957 1764 3030 pia

129 3047 249 3117 jura
274 3052 593 3113 servantes,
626 3047 698 3103 de
728 3045 1001 3101 manibus
1048 3049 1387 3101 casterorum
1434 3061 1568 3100 eum
1618 3045 1760 3101 libe-

134 3151 244 3191 rare
270 3137 603 3208 cupiebant,
634 3136 963 3207 meritoque
1003 3133 1188 3189 Judas
1237 3139 1481 3205 paterna
1528 3134 1762 3189 benedi-

1782 1852 1829 1916 B

1860 568 2125 622 omnium
2162 570 2371 624 merita
2402 570 2867 642 supereminens,
2902 589 3080 645 supra
3108 573 3368 629 omnium
3403 575 3501 627 de—

1859 656 2073 711 sideria
2104 662 2441 713 sanctorum
2472 659 2774 715 immensae
2817 664 3035 716 teneret
3087 661 3309 732 apicem
3343 666 3502 733 pote-

1859 744 2048 812 statis,
2093 761 2267 816 quem
2317 751 2448 801 voto
2498 747 2698 802 nullus
2747 749 3039 819 aequaret?
3086 750 3508 821 Compensatur

1859 846 1996 902 ergo
2046 832 2106 887 in
2153 834 2498 904 patriarchis
2557 835 2774 891 invidia
2829 853 2932 908 per
2987 838 3258 907 gratiam,
3295 839 3393 910 qui
3452 843 3508 893 et

1859 925 2214 975 excusantur
2262 939 2295 976 a
2343 922 2515 994 culpa
2562 924 2696 994 (10),
2740 930 2796 979 et
2850 927 3216 981 revelationis
3267 943 3509 982 munere

1860 1013 2293 1065 consecrantur.
2328 1010 2453 1065 Non
2486 1012 2642 1066 enim
2672 1016 2791 1067 tam
2826 1013 3114 1084 culpabile
3158 1018 3247 1070 est
3294 1015 3509 1071 dixisse

1859 1113 1985 1167 quae
2016 1096 2200 1168 plebis
2231 1101 2387 1163 sunt,
2422 1114 2599 1168 quam
2634 1099 2868 1153 beatum
2918 1101 3133 1155 vidisse
3166 1119 3293 1172 quae
3342 1103 3508 1157 Chri-

1861 1184 1937 1239 sti
1967 1190 2125 1240 sunt.
2177 1186 2496 1240 Subierunt
2545 1204 2853 1258 personam
2916 1189 3234 1259 peccatoris
3288 1190 3508 1262 populi,

1860 1276 1929 1327 ut
1956 1272 2287 1345 acciperent
2341 1275 2589 1347 gratiam
2650 1276 2880 1331 Domini
2933 1278 3340 1348 redemptoris.
3374 1280 3514 1335 Cer-

1862 1365 1918 1416 te
1948 1361 2182 1432 culpam
2218 1363 2466 1418 abolevit
2508 1365 2713 1434 gratia,
2748 1364 2993 1435 gratiam
3045 1365 3217 1438 culpa
3243 1384 3357 1423 non
3394 1368 3507 1421 mi-

1863 1450 2011 1504 nuit.

1938 1540 2023 1595 li.
2059 1539 2126 1593 Et
2158 1545 2220 1593 ut
2250 1555 2672 1611 cognoscamus
2706 1557 2878 1595 omne
2926 1541 3033 1596 hoc
3083 1544 3152 1597 de
3202 1543 3417 1615 populo
3457 1548 3513 1599 et

1863 1627 1933 1681 de
1975 1628 2216 1682 Domino
2246 1627 2384 1683 Jesu
2411 1628 2751 1701 mysterium
2783 1646 2909 1684 esse
2944 1648 2955 1684 :
2992 1652 3019 1679 ‹‹
3052 1630 3273 1699 Venite,
3298 1633 3509 1704 inquit,

1862 1715 2187 1771 vendamus
2231 1717 2442 1788 Joseph
2494 1717 2803 1772 Ismaelitis
2850 1717 3002 1788 (Gen.
3055 1736 3268 1789 xxxvu,
3310 1722 3422 1792 27).
3482 1744 3510 1771 n

1866 1805 2013 1867 Quid
2075 1804 2574 1876 interpretationis
2641 1806 2817 1860 habet
2884 1824 3091 1862 nomen
3141 1809 3359 1881 Joseph
3400 1809 3511 1865 nisi

1868 1893 2020 1964 quod
2081 1892 2336 1948 divinam
2387 1894 2635 1965 gratiam
2687 1896 2839 1950 488
2889 1896 3176 1967 signiﬁcet
3205 1902 3261 1952 et
3290 1915 3517 1970 expres-

1867 1981 2091 2036 sionem
2124 1981 2220 2036 Dei
2257 1982 2513 2037 summi?
2543 1982 2681 2047 Quis
2710 1983 2886 2049 igitur
2916 1985 3204 2052 venditur,
3256 1988 3365 2041 nisi
3421 1987 3517 2042 ille

1868 2092 1895 2119 ‹‹
1930 2070 2027 2140 qui
2063 2087 2193 2125 cum
2228 2071 2284 2124 in
2320 2071 2508 2126 forma
2536 2072 2627 2125 Dei
2661 2078 2955 2135 esset,non
2989 2073 3254 2145 rapinam
3278 2075 3517 2131 arbitra-

1866 2162 1961 2213 tus
2007 2164 2095 2213 est
2146 2175 2275 2214 esse
2326 2176 2388 2214 se
2436 2159 2717 2231 aequalem
2769 2162 2883 2215 Deo
2934 2179 2946 2216 :
3001 2163 3099 2216 sed
3134 2164 3517 2236 semetipsum

1867 2247 2205 2316 exinanivit,
2240 2248 2487 2303 formam
2523 2249 2667 2303 servi
2722 2248 3011 2320 accipiens
3042 2250 3306 2324 (Philipp.
3365 2270 3425 2319 II,
3459 2255 3515 2320 6,

1865 2335 1966 2406 7)?
2002 2358 2022 2383 ι
2059 2336 2258 2407 Neque
2296 2337 2454 2391 enim
2509 2354 2612 2391 nos
2661 2353 2793 2392 cum
2843 2338 3212 2406 emissemus,
3246 2340 3358 2396 nisi
3391 2358 3521 2397 ven-

1869 2424 2160 2480 didissent
2186 2440 2321 2480 eum
2355 2427 2489 2496 (11).
2542 2428 2723 2491 Quem
2776 2426 2866 2481 sui
2928 2428 3079 2483 male
3107 2430 3516 2497 vendiderunt,

1870 2512 2043 2568 alieni
2074 2515 2242 2586 pejus
2273 2519 2561 2569 emerunt.
2616 2515 3017 2571 Vendiderunt
3062 2519 3519 2589 negotiatoribus

1872 2601 2090 2656 bonum
2158 2602 2393 2657 odorem
2463 2602 2596 2673 (12),
2667 2611 2935 2658 emerunt
2992 2622 3025 2659 a
3099 2606 3515 2676 proditoribus.

1870 2689 2146 2745 Vendidit
2175 2707 2306 2745 eum
2340 2690 2545 2759 Judas,
2599 2697 2868 2747 emerunt
2923 2693 3252 2760 Ismaelitas,
3288 2695 3387 2766 qui
3447 2697 3521 2751 si-

1870 2778 2228 2852 gnificantur
2264 2779 2466 2835 Latina
2515 2780 3010 2851 interpretatione,
3058 2782 3189 2837 odio
3240 2782 3521 2840 habentes

1873 2867 2056 2922 Deum
2115 2883 2310 2922 suum.
2366 2868 2499 2923 Ideo
2548 2868 2685 2923 alibi
2737 2869 2962 2941 viginti,
3015 2869 3153 2925 alibi
3203 2871 3407 2943 viginti
3467 2878 3523 2928 et

1873 2956 2132 3028 quinque
2168 2956 2385 3022 aureis,
2418 2955 2556 3011 alibi
2598 2957 2841 3029 triginta
2869 2958 3201 3015 invenimus
3260 2965 3523 3032 emptum

1870 3043 2125 3115 Josepli;
2185 3043 2324 3114 quia
2382 3060 2497 3098 non
2557 3046 2835 3100 omnibus
2900 3048 3078 3102 unius
3151 3049 3522 3104 aestimationi

1875 3133 2042 3204 pretii
2076 3131 2226 3188 valet
2262 3132 2549 3188 Christus.
2586 3133 2727 3188 Aliis
2786 3134 3002 3203 minus,
3064 3137 3193 3191 aliis
3244 3136 3519 3208 amplius.

135 3223 302 3281 ctione
350 3226 675 3297 praefertur,
709 3240 844 3278 cum
892 3223 945 3278 ei
988 3222 1202 3278 dicitur
1235 3239 1248 3277 :
1283 3243 1312 3272 «
1341 3223 1682 3279 Adorabunt
1707 3226 1765 3279 te
1795 3217 1837 3283 C
1875 3222 2043 3276 Fides
2074 3220 2340 3288 ementis,
2373 3220 2797 3276 incrementum
2848 3227 2936 3278 est
2987 3225 3196 3279 mercis
3233 3241 3244 3279 :
3294 3226 3521 3296 religio-

135 3312 224 3366 ﬁlii
255 3313 429 3385 patris
482 3313 593 3369 tui.
644 3311 886 3367 Catulus
934 3310 1143 3367 Leonis
1193 3310 1367 3376 Juda,
1400 3315 1457 3365 et
1485 3310 1611 3382 ipse
1659 3312 1771 3366 erit

136 3402 464 3473 exspectatio
495 3399 1261 3475 gentium(Gen.xmx,8-10).
1297 3420 1324 3447 ››
1358 3399 1519 3464 Quod
1565 3399 1769 3472 utique

138 3489 527 3547 soliconvenit
557 3489 805 3555 Christo,
838 3489 930 3544 cui
961 3487 1284 3561 repositum
1316 3487 1425 3542 fuit
1455 3491 1520 3543 ut
1558 3488 1767 3544 adora-

136 3582 278 3634 retur
306 3596 338 3635 a
364 3579 672 3647 fratribus,
705 3581 763 3632 et
792 3580 1228 3648 exspectaretur
1279 3592 1312 3631 a
1358 3576 1649 3648 gentibus,
1685 3577 1766 3632 la-

136 3672 277 3723 varet
299 3669 358 3723 in
408 3668 549 3723 vino
601 3665 808 3722 stolam
861 3681 1031 3721 suam
1082 3665 1300 3737 proprii
1340 3664 1597 3737 corporis
1631 3682 1766 3735 pas-

137 3754 451 3829 sione,quia
482 3770 721 3811 carnem
755 3769 924 3808 suam
957 3752 1120 3808 nulla
1152 3752 1371 3825 peccati
1404 3752 1532 3808 labe
1564 3770 1765 3808 macu-

134 3841 273 3900 lavit.
326 3851 473 3901 Aser
503 3859 739 3916 qunque
770 3861 885 3897 non
918 3842 1119 3912 utique
1150 3840 1261 3896 sibi
1293 3841 1597 3897 convenire
1641 3858 1766 3897 cre-

134 3930 305 3988 debat.
340 3936 485 3989 Aser
514 3931 754 4005 pinguis
784 3930 955 4002 panis
985 3931 1134 4001 ejus,
1166 3933 1223 3985 et
1269 3929 1395 4002 ipse
1435 3931 1578 3985 Aser
1631 3947 1763 3986 cum

133 4020 477 4095 principibus
509 4022 609 4093 (9).
646 4019 795 4085 Quid
824 4034 960 4074 vero
993 4019 1118 4091 ipse
1146 4018 1386 4091 Joseph,
1420 4018 1513 4073 cui
1544 4019 1764 4075 dictum

133 4113 210 4164 est
238 4127 299 4164 :«
332 4110 516 4166 Filius
550 4107 927 4180 ampliandus
957 4123 1123 4162 meus
1146 4107 1385 4178 Joseph,
1434 4105 1593 4162 filius
1640 4123 1763 4162 am-

134 4196 382 4267 pliandus
412 4215 588 4255 meus
639 4215 651 4252 :
701 4196 922 4252 zelatus
966 4194 1123 4250 filius
1169 4210 1360 4265 meus,
1394 4193 1550 4250 ﬁlius
1595 4212 1764 4251 meus

135 4285 555 4353 adolescentior,
607 4285 679 4340 ad
727 4300 820 4340 me
866 4287 1148 4339 revertere
1205 4282 1363 4355 (Ibid.
1424 4282 1565 4355 22)?
1622 4304 1650 4332 »
1701 4284 1764 4338 In

135 4388 287 4444 quem
318 4375 634 4432 consilium
665 4373 1028 4430 conferentes
1075 4370 1519 4441 maledicebant,
1553 4371 1613 4427 in
1647 4388 1763 4443 quo

134 4460 436 4520 benedictio
468 4461 775 4537 praevaluit
822 4476 1001 4531 super
1046 4458 1554 4515 benedictionibus
1595 4477 1761 4516 mon-

134 4548 262 4607 tium
292 4551 748 4618 manentium,et
778 4548 1086 4605 desideriis
1115 4547 1355 4604 collium
1387 4551 1760 4604 internorum.
1794 4585 1841 4650 Ι)

194 4674 263 4746 (8)
293 4674 433 4732 Mss.
471 4675 698 4747 aliquot
728 4678 784 4729 et
813 4674 1105 4747 edit.Am._
1125 4671 1367 4747 acGill.,
1386 4673 1495 4728 Lex
1525 4674 1760 4747 totius...

132 4740 256 4816 Era;
279 4762 343 4801 ac
393 4740 591 4816 Rom.,
642 4745 790 4801 Grex
834 4746 1000 4816 totius
1046 4744 1220 4816 plebis
1268 4740 1457 4800 eorum
1486 4746 1768 4800 vocabulis

132 4812 512 4888 (imitaretur.
577 4812 653 4872 At
718 4833 860 4872 mss.
923 4812 1122 4888 plures
1157 4819 1243 4888 _et
1311 4816 1586 4888 potiores,
1655 4817 1769 4888 Lex

134 4883 300 4958 Tribus
358 4892 596 4945 totius...
654 4883 981 4958 designaret.
1034 4883 1621 4958 AOptimeCNamque
1674 4887 1769 4942 hic

132 4955 232 5032 Leo:
259 4960 513 5032 sumitur
542 4974 646 5032 pro
669 4955 837 5032 libris
865 4955 1123 5032 Moysis,_
1157 4957 1256 5032 ubi
1307 4955 1614 5032 duodecim
1658 4959 1769 5032 tri-

133 5024 232 5081 bus
259 5029 434 5105 Israel
465 5024 935 5105 patriarcharum
963 5024 1306 5084 nominibus
1332 5027 1553 5101 passim
1587 5029 1771 5102 expri-

137 5104 381 5157 muntur.

141 5168 268 5293 bu?)
298 5173 465 5228 Rom.
506 5172 644 5228 edit.
680 5171 824 5242 sola,
856 5175 906 5227 et
945 5174 1060 5244 ipse
1087 5171 1241 5227 dabit
1282 5186 1461 5227 escam
1493 5172 1768 5243 principi-

200 5310 304 5387 (10)
349 5314 722 5387 Ambrosius,
758 5330 908 5387 sup._
949 5329 1106 5387 capt
1143 5315 1203 5387 1,_
1226 5329 1415 5387 _num.
1450 5314 1509 5387 _4_
1565 5312 1774 5369 asserit

137 5382 485 5457 patriarchas
532 5402 663 5442 vere
710 5385 768 5441 in
813 5382 1051 5457 culpam
1092 5382 1369 5440 incidisse
1401 5399 1416 5457 _:
1450 5383 1546 5439 hic
1576 5389 1771 5457 autem

138 5455 188 5505 et
212 5469 380 5529 num.
406 5472 531 5529 seq.
565 5473 698 5529 eam,
743 5455 1008 5512 minuere
1056 5459 1321 5529 conatur,
1364 5455 1436 5510 ob
1488 5455 1772 5511 rationem

138 5525 384 5599 mysterii
418 5544 433 5585 :
468 5525 583 5599 quo
627 5527 803 5585 etiam
857 5526 1189 5599 argumenti
1238 5541 1448 5599 genere
1475 5544 1638 5599 _usus
1687 5531 1777 5599 est

139 5596 262 5673 cum
317 5598 389 5673 de
432 5596 676 5673 Abrahae
728 5616 863 5656 cum
906 5596 1064 5673 fligar
1092 5596 1430 5673 concubitu
1457 5597 1777 5673 disputavit

139 5661 234 5727 lib.
281 5683 300 5727 ι
345 5670 421 5731 De
461 5670 664 5734 Abrah.
718 5686 846 5750 cap.
894 5661 1114 5735 4.'Sed
1160 5684 1283 5730 non
1332 5661 1616 5748 putamus
1645 5668 1775 5729 ideo

1877 3309 2015 3366 siori
2060 3308 2366 3381 pretiosior
2412 3314 2502 3364 est
2548 3310 2722 3374 Deus,
2754 3312 3038 3381 peccatori
3092 3314 3395 3383 pretiosior
3437 3319 3525 3368 est

1878 3399 2228 3469 redemptor.
2265 3397 2458 3452 Pluris
2488 3402 2546 3452 et
2574 3385 2658 3451 illi
2689 3398 2838 3453 valet
2863 3399 2961 3469 qui
2999 3399 3132 3470 plus
3176 3400 3353 3456 habet
3399 3418 3527 3473 gra-

1875 3488 1967 3542 tiae
2014 3505 2027 3543 :
2070 3488 2170 3543 sed
2229 3489 2403 3542 etiam
2463 3487 2554 3541 cui
2617 3487 2802 3543 multa
2859 3489 3073 3543 donata
3121 3497 3276 3555 sunt,
3336 3491 3522 3562 pluris

1876 3577 2065 3647 valet;
2120 3575 2255 3648 quia
2309 3577 2401 3630 cui
2455 3575 2589 3647 plus
2641 3577 2954 3633 remissum
2990 3583 3097 3642 est,
3135 3578 3267 3650 plus
3310 3579 3521 3651 diligit,

1877 3666 2029 3721 sicut
2059 3665 2184 3737 ipse
2216 3664 2499 3719 Dominus
2548 3663 2608 3718 in
2662 3665 2970 3737 Evangelio
3019 3668 3417 3738 pronuntiavit
3454 3669 3523 3723 de

1876 3753 1976 3808 illa
2034 3752 2275 3808 muliere
2334 3769 2464 3824 quae
2521 3770 2698 3824 super
2754 3755 2882 3823 ejus
2941 3755 3114 3824 pedes
3170 3757 3373 3810 elfudit
3417 3774 3521 3810 un—

1876 3847 2183 3914 guentum,
2217 3846 2272 3897 et
2302 3841 2578 3913 lacrymis
2606 3841 2765 3906 lavit,
2799 3848 2856 3897 et
2899 3843 3125 3914 capillis
3166 3844 3291 3898 suis
3337 3844 3523 3909 tersit,

1876 3932 1933 3983 et
2000 3927 2182 3982 oculis
2250 3928 2506 3996 siccavit,
2570 3928 2639 3982 de
2697 3945 2813 3999 qua
2883 3929 2963 3983 ait
3016 3931 3086 3984 ad
3143 3931 3440 3986 Simonem
3507 3948 3520 3986 :

1879 4039 1906 4067 «
1940 4017 2176 4088 Propter
2207 4017 2359 4087 quod
2393 4016 2520 4071 dico
2547 4017 2651 4070 tibi
2688 4035 2699 4071 :
2736 4017 3001 4072 Remissa
3031 4025 3168 4071 sunt
3200 4020 3246 4072 ei
3293 4025 3525 4089 peccata.

1876 4105 2078 4171 multa,
2109 4104 2387 4175 quoniam
2420 4104 2620 4158 dilexit
2650 4104 2926 4160 multum.
2961 4104 3063 4160 Cui
3097 4112 3292 4160 autem
3326 4109 3524 4162 minus

1873 4194 2214 4261 dimittitur,
2248 4193 2445 4247 minus
2476 4192 2669 4264 diligit
2698 4196 2848 4259 (Luc.
2884 4210 2984 4259 vn,
3014 4195 3123 4265 47).
3163 4220 3183 4247 κ
3222 4196 3522 4250 Interdum

1873 4282 2238 4338 diversitates
2280 4280 2448 4352 pretii
2499 4297 2614 4335 non
2665 4280 2856 4335 solum
2903 4282 3251 4352 quantitatis
3282 4283 3521 4354 habent,

1873 4372 1974 4427 sed
2005 4370 2177 4426 etiam
2209 4370 2437 4423 numeri
2469 4371 2901 4440 expressionem
2933 4371 3083 4441 (13);
3137 4372 3287 4426 sicut
3340 4371 3523 4427 habes

1873 4460 1945 4515 de
1994 4463 2292 4531 unguento
2343 4458 2495 4530 quod
2543 4459 2613 4513 ad
2675 4458 3075 4530 sepeliendum
3130 4477 3190 4515 se
3242 4460 3522 4515 Dominus

1873 4548 2069 4604 fusum
2102 4563 2230 4603 esse
2261 4546 2621 4614 memoravit,
2656 4547 2808 4603 sicut
2837 4548 3121 4620 scriptum
3163 4556 3252 4604 est
3297 4549 3553 4605 dicente'

1875 4688 2107 4728 omnem
2137 4670 2319 4742 culpae
2350 4671 2633 4726 rationem
2667 4671 2955 4728 sublatam
3003 4672 3377 4729 Ambrosium
3426 4690 3528 4729 vo-

1876 4742 2077 4807 luisse,
2108 4742 2243 4797 lieet
2274 4758 2443 4797 secus
2464 4744 2792 4814 Augustino
2822 4744 3012 4799 visum
3046 4745 3237 4799 fuerit.

1947 4816 2059 4885 (11)
2089 4814 2304 4869 Omnes
2335 4814 2475 4885 edit.
2527 4821 2584 4869 et
2630 4816 2756 4869 cod.
2810 4816 2962 4877 Vat..
3016 4816 3188 4880 Full.,
3222 4816 3417 4870 Germ.
3472 4819 3530 4868 et

1877 4884 2103 4953 Theol.,
2135 4886 2253 4940 Nisi
2284 4884 2651 4940 vendidissent
2677 4902 2801 4940 eum
2829 4889 2935 4941 sui.
2968 4888 3105 4941 Male
3142 4886 3524 4953 vendiderunt,

1872 4958 2345 5038 pejgs‘emez'vunnt.
2397 4956 2799 5038 MssLLau‘d”
2850 4957 3323 5038 Benig.,_:l‘orn.,
3366 4956 3522 5038 Vale.

1878 5025 2147 5093 et’Colb.,
2182 5028 2300 5081 Nisi
2346 5026 2709 5080 vendidissent
2758 5042 2882 5080 eum
2927 5025 3034 5080 sui.
3086 5028 3231 5083 Male
3277 5027 3527 5081 vendide-

1878 5101 2030 5160 runt,
2085 5103 2220 5160 etc.,
2281 5096 2447 5151 Corb.
2511 5102 2706 5151 autem
2742 5114 2753 5151 :
2790 5099 2911 5153 Nisi
2970 5097 3333 5152 vendidissent
3381 5114 3525 5152 eum.

1881 5171 2018 5224 Cum
2068 5169 2160 5222 sui
2204 5168 2370 5230 male,
2401 5172 2531 5237 etc.
2585 5167 2847 5237 Denique
2895 5168 3022 5222 cod.
3070 5169 3268 5233 Micb.,
3300 5169 3427 5222 Alb.
3463 5185 3527 5223 ac

1879 5240 2039 5307 Ebr.,
2067 5238 2189 5310 Nisi
2218 5235 2583 5310 vendidissent
2612 5235 2767 5292 eum;
2792 5239 2957 5305 Quem
2985 5241 3074 5310 sui
3102 5239 3245 5292 male
3277 5239 3526 5294 vendide-

1879 5312 2030 5377 runt,
2063 5310 2236 5381 alieni
2258 5309 2416 5381 pejus
2445 5317 2711 5364 emerunt.
2747 5310 2879 5372 Quae
2912 5309 3078 5364 lectio
3110 5311 3331 5366 caeteris
3383 5328 3527 5381 prae-

1882 5387 2035 5439 stare
2068 5378 2235 5436 nobis
2264 5378 2387 5434 visa
2415 5384 2520 5434 est.

1953 5454 2065 5525 (12)
2097 5452 2312 5525 Omnes
2335 5451 2481 5525 edit.
2512 5466 2578 5505 ac
2609 5466 2750 5525 mss.
2786 5452 2922 5518 duo,
2946 5453 3376 5521 negotiatoribus
3402 5452 3530 5508 boni

1882 5521 2060 5581 odoris
2091 5542 2108 5579 :
2134 5521 2369 5594 reliqui,
2404 5522 2603 5594 bonum
2631 5521 2880 5594 odorem.

1955 5595 2066 5671 (l3)
2124 5592 2285 5655 Mssi
2320 5592 2501 5664 Valc.,
2550 5592 2654 5652 Sed
2698 5596 2868 5652 etiam
2916 5597 3173 5673 mysterii
3226 5594 3530 5671 expressio-

1882 5682 2029 5732 nem.
