3830 6206
241 241 358 301 679
1699 242 1764 302 8.
1811 240 1863 299 Α

2048 238 2184 301 DSII
3530 236 3645 303 θα)

229 373 383 427 Juda
416 390 427 428 :
463 396 489 423 ί(
526 372 718 428 Potuit
767 372 873 429 hoc
925 371 1265 427 venumdari
1326 371 1579 427 denariis
1610 370 1883 433 trecentis
1912 372 1965 436 Α
1999 376 2061 424 ut
2092 371 2352 441 gentium
2384 373 2618 441 peccata
2648 370 2843 427 resina
2871 369 2985 437 ista
3011 372 3259 439 curaret.
3295 368 3378 429 De
3430 368 3642 440 quibus

232 459 417 531 (Marc.
452 477 565 529 xxv,
599 463 675 531 5).
715 484 741 509 ››
774 463 897 528 Quo
928 478 1168 516 numero
1229 477 1341 516 non
1376 460 1743 533 quantitatis,
1775 458 1875 514 sed
1991 458 2207 513 dicitur
2239 476 2251 513 :
2286 457 2699 529 Convalescite,
2750 475 2963 516 manus
3017 458 3307 529 demissis,
3348 460 3413 521 et
3456 472 3645 530 genus

231 548 581 621 signiﬁcatio
614 550 805 605 crucis
833 549 1060 605 videtur
1088 566 1380 621 expressa.
1410 549 1494 604 Ita
1521 547 1615 603 hic
1646 563 1878 619 quoque
1988 546 2276 603 dissoluta
2304 547 2431 617 (Isa.
2466 564 2634 613 xxxv,
2663 546 2740 618 3).
2779 570 2806 596 ››
2840 547 3013 605 Fides
3041 547 3269 605 sincera
3296 545 3502 611 resina
3529 550 3638 605 est.

231 636 538 693 diversitas
594 637 681 692 vel
733 638 937 710 viginti
991 639 1101 706 (14)
1151 637 1237 692 vel
1288 637 1528 707 triginta
1569 651 1878 692 aureorum

229 724 318 779 vel
348 725 968 797 argenteorum,habet
994 725 1083 781 vel
1112 725 1415 798 geminata:
1447 723 1533 779 vel
1568 723 1876 796 triplicata}

228 812 597 887 perfectionis
626 813 929 869 indicium.
966 814 1114 870 Nam
1144 814 1350 886 viginti
1382 814 1644 887 quinque
1692 811 1873 880 aurei,

217 900 444 971 jubilwi
493 901 592 974 qui
640 906 730 957 est
780 902 1145 958 remissionis
1200 918 1502 971 numerus,
1542 900 1880 974 signiﬁcant

225 990 718 1063 pretiosissimam
750 991 1099 1063 portionem.
1133 990 1236 1044 Hic
1280 1006 1533 1061 quoque,
1567 993 1632 1043 ut
1681 988 1876 1045 Domi-

226 1079 367 1133 nicas
418 1079 709 1151 passionis
758 1080 1009 1150 ﬁguram
1058 1078 1348 1148 advertas,
1396 1078 1477 1132 ait
1533 1078 1716 1133 Judas
1776 1094 1875 1149 pa-

225 1165 481 1222 triarcha
513 1185 559 1222 :u
585 1167 912 1223 Tradamus
939 1166 1155 1239 Joscph
1190 1166 1497 1222 lsmaelitis
1530 1184 1543 1221 :
1572 1171 1633 1221 at
1664 1182 1875 1220 manus

228 1260 438 1310 nostra:
490 1272 604 1311 non
663 1255 781 1310 sint
838 1256 1063 1327 injectze
1117 1273 1291 1326 super
1319 1273 1447 1311 eum
1479 1256 1628 1325 (Gen.
1663 1271 1873 1320 xxxv",

224 1346 334 1414 27).
392 1368 419 1391 ››
472 1344 538 1397 Et
587 1345 729 1397 bene
783 1345 1055 1415 superius
1108 1345 1330 1398 dixerat
1384 1346 1543 1413 (15):
1583 1366 1609 1393 ί(
1663 1344 1873 1398 Manus

224 1437 416 1486 autem
451 1431 629 1487 nolite
662 1432 874 1488 inferre
907 1431 987 1486 illi
1021 1432 1203 1502 (112111.,
1253 1434 1365 1503 ‘22).
1404 1455 1431 1481 ››
1481 1433 1643 1497 Quod
1686 1431 1872 1486 Judrci

222 1521 281 1575 in
330 1520 560 1577 Domini
611 1521 883 1593 passione
932 1521 1246 1576 dixerunt:
1283 1544 1309 1570 ‹‹
1356 1521 1535 1575 Nobis
1577 1537 1691 1575 non
1739 1519 1873 1574 licet

220 1608 542 1667 interﬁcere
574 1626 930 1681 quemquam
964 1610 1139 1679 (Joan.
1175 1626 1333 1676 xvm,
1366 1610 1455 1679 31)
1490 1625 1503 1662 :
1540 1630 1565 1658 ›)
1587 1613 1649 1663 ut
1678 1623 1869 1663 sermo

1989 635 2146 691 Hanc
2177 636 2493 692 adhibebat
2523 635 2746 703 Petrus,
2781 652 2916 695 cum
2966 636 3184 693 diceret
3214 635 3432 695 claudo
3460 650 3475 691 :
3508 656 3540 684 «
3578 634 3641 699 ιι

1990 724 2226 781 nomine
2280 724 2419 781 Jesu
2478 724 2689 779 Christi
2749 724 3025 782 Nazareni
3074 740 3257 797 surge
3293 727 3354 779 et
3400 722 3642 785 ambula

1987 814 2123 882 (Act.
2162 828 2248 884 ιιι,
2287 813 2373 883 ὃ);
2425 835 2454 863 »
2500 813 2827 885 meritoque
2880 813 3154 881 surrexit,
3192 818 3253 869 et
3298 812 3636 877 ambulavit.

1988 900 2148 957 Hanc
2207 901 2459 957 habebat
2513 917 2647 956 cum
2700 902 2920 959 diceret
2948 901 3267 976 paralytice
3313 918 3395 957 εκ
3434 902 3639 968 Enen,

1988 995 2155 1045 sanet
2184 994 2238 1044 te
2269 989 2553 1045 Dominus
2581 989 2755 1046 Jesus
2783 990 3053 1046 Christus
3086 1009 3100 1048 :
3131 1006 3308 1063 surge
3344 993 3405 1051 et
3445 994 3640 1051 sterne

1986 1078 2191 1133 tibi.Et
2245 1078 2588 1146 surrexexit,
2641 1084 2700 1133 et
2744 1080 2949 1134 stravit
2990 1079 3103 1135 sibi
3148 1080 3298 1150 (Act.
3348 1094 3429 1145 lx,
3460 1078 3574 1148 34).
3608 1101 3637 1129 υ

1984 1166 2144 1222 Hanc
2188 1167 2457 1235 habebat,
2507 1182 2644 1222 cum
2694 1167 2909 1223 diceret
2958 1172 3197 1233 mortua;
3231 1185 3301 1223 :u
3346 1168 3537 1239 Surge
3576 1166 3633 1227 il

1985 1256 2220 1311 nomine
2268 1255 2495 1311 Domini
2547 1256 2729 1311 nostri
2776 1256 2918 1311 Jesu
2962 1256 3194 1313 Christi.
3243 1257 3312 1319 Et
3359 1255 3636 1317 defuncte

1983 1344 2236 1398 surrexit
2264 1344 2447 1413 (ΗΜΛ,
2481 1345 2589 1413 40).
2627 1367 2654 1391 ››
2690 1345 2878 1414 Hujus
2918 1345 3123 1401 resina:
3174 1347 3632 1415 temperamento

1982 1431 2204 1503 lapides
2238 1431 2321 1485 illi
2354 1433 2425 1486 de
2455 1433 2671 1503 quibus
2697 1438 2899 1504 potens
2931 1437 3020 1487 est
3048 1432 3331 1489 Dominus
3379 1430 3632 1493 resusei-

1980 1524 2103 1575 tare
2144 1520 2294 1575 ﬁlios
2351 1520 2613 1586 Abrahae,
2642 1521 3146 1593 compaginantur.
3206 1521 3396 1592 Hujus
3428 1519 3633 1583 resina:

1981 1609 2406 1664 medicamento
2453 1608 2698 1665 claudus
2754 1609 3020 1681 erigitur,
3055 1608 3414 1681 paralyticus
3451 1608 3629 1671 τοῖοι-ο

217 1698 360 1753 Jesu
392 1697 751 1769 impleretur,
788 1697 1126 1769 signiﬁcans
1156 1714 1276 1769 qua
1314 1703 1499 1752 morte
1548 1697 1869 1752 moriturus
1900 1733 1946 1798 Β
1981 1702 2197 1765 matur,
2232 1703 2463 1752 mortua
2493 1696 2890 1753 resuscitatur.

220 1792 394 1841 esset.

294 1876 377 1929 15.
411 1874 540 1930 Jam
576 1879 712 1929 tunc
740 1890 874 1946 ergo
905 1875 1095 1929 crucis
1128 1876 1335 1930 futurae
1384 1873 1867 1947 praeﬁgurabatur

220 1962 479 2034 insigne;
532 1961 707 2017 simul
757 1968 814 2017 et
862 1964 1017 2033 quod
1068 1967 1277 2017 exutus
1324 1968 1414 2018 est
1465 1962 1664 2017 tunica
1707 1962 1859 2027 (Gen.

215 2069 426 2118 xxxvu,
458 2052 569 2122 23),
602 2051 658 2106 id
692 2055 799 2118 est,
832 2068 1004 2106 carne
1056 2068 1233 2121 quam
1285 2052 1609 2121 assumpsit
1657 2054 1865 2106 exutus

217 2146 323 2207 est,
394 2140 600 2195 decora
672 2138 1005 2194 diversitate
1078 2140 1384 2193 virtutum.
1454 2139 1600 2210 Ergo
1666 2137 1865 2193 tunica

218 2229 365 2297 ejus,
400 2229 456 2281 id
517 2233 624 2291 est,
659 2243 812 2290 caro,
847 2244 960 2280 non
1020 2226 1291 2280 divinitas
1349 2231 1652 2281 cruentata
1708 2232 1795 2280 est
1846 2243 1859 2279 :

217 2324 274 2372 et
339 2316 749 2371 indumentum
808 2316 857 2369 ei
926 2314 1137 2380 carnis,
1192 2331 1305 2369 non
1364 2313 1863 2370 immortalitatem

218 2407 347 2461 vita:
405 2405 631 2461 auicrre
689 2408 1019 2475 potuerunt.
1073 2403 1231 2457 Hanc
1293 2404 1551 2458 tunicam
1608 2402 1862 2458 Judaicas

217 2495 413 2550 bestia:
446 2497 913 2557 cruentaverunt,
946 2491 1056 2547 illae
1089 2493 1160 2546 de
1190 2492 1407 2563 quibus
1433 2492 1573 2546 dicit
1605 2509 1616 2545 ε
1652 2514 1678 2541 ‹‹
1722 2492 1863 2547 Ecce

216 2600 321 2656 ego
376 2582 543 2638 mitto
592 2598 693 2637 vos
743 2581 895 2637 sicut
942 2596 1123 2652 agnos
1182 2581 1333 2635 inter
1380 2580 1551 2652 lupos
1600 2581 1752 2649 (Luc.
1803 2598 1858 2645 χ,

217 2675 292 2743 4).
332 2696 351 2720 .

286 2762 373 2815 16.
406 2757 568 2824 Quod
599 2761 796 2813 autem
839 2756 1004 2811 lacus
1053 2757 1243 2811 siccus
1289 2760 1412 2811 erat
1462 2757 1614 2823 (Gen.
1648 2773 1858 2825 xxxvn,

213 2851 325 2915 24),
360 2847 498 2919 quid
527 2846 741 2900 mirum
793 2844 839 2899 si
890 2843 1226 2899 Judaeorum
1276 2843 1437 2900 lacus
1485 2861 1697 2916 aquam
1744 2861 1861 2899 non

216 2936 413 3002 habet,
441 2934 538 3007 qui
570 2933 1009 3004 dereliquerunt
1038 2932 1190 2988 489
1224 2932 1440 2988 fontem
1485 2950 1650 3005 aqua:
1697 2932 1858 3000 vivas,

215 3030 271 3082 et
303 3025 563 3080 fecerunt
592 3022 702 3077 sibi
738 3022 897 3078 lacus
929 3020 1246 3077 contritas?
1278 3022 1344 3076 Et
1373 3027 1436 3076 ut
1466 3022 1618 3077 scias
1657 3037 1858 3077 verum

2052 1787 2135 1839 18.
2172 1784 2320 1841 lllud
2366 1802 2599 1857 quoque
2630 1786 2785 1857 quod
2818 1785 2965 1841 haedi
3001 1786 3288 1857 sanguine
3334 1802 3632 1858 respersa-2

1975 1879 2113 1928 runt
2139 1873 2395 1929 tunicam
2430 1874 2557 1945 ejus
2588 1875 2739 1945 (Gen.
2773 1892 2987 1939 xxxvn,
3019 1875 3131 1942 32),
3162 1875 3395 1935 videtur
3438 1875 3630 1947 signi-

1974 1961 2147 2017 ﬁcare
2204 1960 2482 2032 quoniam
2537 1961 2702 2017 ialsis
2758 1962 3113 2019 testimoniis
3164 1966 3529 2035 appetentes,
3564 1964 3627 2023 in

1975 2048 2255 2104 invidiam
2287 2049 2575 2105 deduxere
2607 2050 2826 2121 peccati
2856 2051 3121 2107 omnium
3148 2054 3386 2123 peccata
3407 2050 3626 2117 donan-

1974 2142 2111 2192 tem.
2162 2136 2339 2192 Nobis
2390 2153 2575 2209 agnus
2626 2142 2734 2206 est,
2766 2137 2884 2194 illis
2931 2137 3154 2197 haedus.
3206 2139 3387 2207 Nobis
3434 2155 3625 2211 agam

1972 2226 2069 2280 Dei
2102 2226 2330 2281 occisus
2361 2230 2470 2297 est,
2500 2226 2717 2297 quibus
2747 2226 2994 2283 abstulit
3026 2232 3331 2299 peccatum
3360 2228 3568 2285 mundi
3602 2244 3620 2283 :

1972 2312 2088 2369 illis
2115 2314 2341 2379 haedus,
2375 2331 2625 2386 quorum
2658 2317 2944 2372 acervavit
2987 2332 3233 2384 errores,
3264 2315 3482 2373 delicta
3518 2332 3621 2375 cu-

1971 2402 2233 2458 mulavit.
2269 2404 2517 2475 Ideoque
2546 2402 2630 2459 ait
2661 2421 2710 2459 ;‹‹
2746 2404 2987 2476 Implete
3018 2421 3353 2463 mensuram
3384 2408 3617 2477 patrum

1970 2495 2297 2547 vestrorum
2345 2492 2553 2562 (Matth.
2605 2510 2765 2559 XXIII,
2819 2494 2930 2562 32).
2984 2516 3013 2543 ››
3062 2493 3384 2565 Meritoque
3441 2493 3617 2560 Iacob

1970 2580 2327 2651 posteritatis
2358 2598 2475 2651 suae
2522 2580 2833 2653 deplorans
2879 2582 3206 2654 dispendia,
3239 2580 3412 2653 quasi
3456 2586 3617 2654 pater

1969 2667 2155 2722 ﬁlium
2185 2667 2358 2724 ﬁebat
2388 2669 2695 2737 amissum,
2730 2670 2899 2741 quasi
2932 2670 3216 2743 propheta
3243 2669 3487 2743 lugebat
3530 2669 3613 2737 ig-

1968 2756 2203 2811 teritum
2252 2757 2608 2813 Judaeorum.
2643 2757 2903 2829 Denique
2980 2758 3153 2814 scidit
3205 2758 3384 2813 etiam
3441 2758 3614 2817 vesti~

1970 2849 2169 2901 menta
2199 2863 2307 2901 sua
2339 2863 2352 2901 :
2386 2847 2541 2919 quod
2572 2845 2632 2902 in
2666 2848 2936 2918 passione
2964 2846 3199 2903 Domini
3227 2846 3448 2907 factum
3481 2845 3612 2919 lexi-

1968 2950 2101 2989 mus
2147 2934 2355 3004 (Matth.
2405 2952 2554 3003 xxvi,
2598 2936 2689 3006 65)
2740 2952 2774 2991 a
2819 2935 3080 3007 principe
3127 2934 3609 3004 sacerdotum,in

1968 3037 2083 3093 quo
2115 3026 2267 3078 esset
2299 3038 2414 3078 non
2454 3021 2679 3093 privata
2709 3040 2978 3096 persona,
3010 3023 3109 3081 sed
3142 3022 3365 3096 publici
3395 3039 3615 3089 munus

215 3115 323 3169 hoc
352 3129 480 3169 esse
510 3109 876 3184 mysterium,
910 3110 1034 3182 ipse
1062 3110 1131 3165 de
1160 3126 1223 3166 se
1254 3110 1536 3165 Dominus
1567 3110 1647 3165 ait
1678 3128 1729 3164 :«
1762 3110 1860 3165 Po-
1891 3098 1933 3165 C
1968 3109 2163 3166 ofﬁcii.
2199 3110 2267 3166 Et
2297 3110 2488 3167 velum
2534 3109 2737 3183 templi
2786 3111 3035 3169 scissum
3077 3117 3165 3169 est
3194 3113 3401 3184 (Matth.
3436 3129 3605 3180 xxvii,

214 3208 457 3259 suerunt
503 3217 596 3255 me
652 3199 710 3253 in
757 3199 887 3255 lacu
937 3198 1216 3267 inferiori,
1250 3199 1308 3254 in
1369 3198 1641 3266 tenebris,
1685 3202 1742 3254 et
1792 3197 1853 3253 in
1962 3199 2088 3270 51);
2152 3203 2217 3254 ut
2268 3199 2572 3271 profanata
2624 3201 2920 3272 mysteria,
2990 3201 3278 3258 nudatum
3316 3201 3604 3274 populum

215 3292 425 3347 umbra
455 3289 658 3346 mortis
689 3289 858 3361 (l’sat.
896 3305 1141 3353 Lxxxvn,
1170 3290 1246 3359 7).

285 3380 372 3434 47.
410 3377 493 3433 llli
524 3378 702 3450 igitur
731 3382 937 3432 emunt
965 3376 1261 3432 Christum
1291 3376 1390 3448 qui
1441 3376 1623 3432 bonos
1649 3376 1857 3431 odores

215 3468 501 3532 deferunt,
535 3464 856 3538 thymiama
884 3482 999 3537 quo
1043 3464 1276 3520 adolent
1305 3464 1511 3520 altaria
1553 3465 1661 3536 piae
1692 3481 1853 3519 men-

219 3557 312 3611 tis.
368 3554 527 3610 Undc
573 3560 631 3610 et
680 3553 856 3608 David
904 3557 1095 3609 Grazce
1141 3553 1250 3609 hoc
1300 3554 1471 3609 modo
1503 3553 1628 3608 ait:
1676 3566 1853 3609 Κατω-

647 3642 903 3706 προσευχή
994 3659 1085 3703 μου

218 3759 306 3794 σου
338 3733 509 3805 (Ρεαι.
543 3748 662 3799 CXL,
688 3731 765 3800 2).
801 3730 1074 3786 Resinam
1125 3747 1357 3805 quoque
1406 3748 1522 3804 qua
1564 3747 1859 3788 marmora

216 3823 511 3878 confracta
539 3820 856 3887 sociantur,
888 3825 977 3876 est
1007 3820 1201 3876 resina
1238 3820 1519 3891 spiritalis
1567 3837 1692 3891 quea
1743 3820 1856 3875 fra-

217 3918 414 3968 cturas
465 3910 673 3965 animas
722 3913 834 3964 tua:
878 3908 1108 3979 solidet,
1155 3911 1212 3964 et
1257 3908 1488 3964 divulsa
1533 3914 1857 3975 connectat,

216 3645 433 3703 Θυνϐήτω
522 3646 557 3702 ὴ

216 4001 471 4057 resoluta
515 3998 895 4071 constringat.
952 3998 1080 4052 Haec
1134 3998 1289 4053 enim
1339 3998 1618 4071 spiritalis
1666 3998 1862 4054 resina

215 4089 637 4153 corroborat,et
666 4088 931 4159 quaedam
966 4086 1330 4142 comminuta
1357 4086 1565 4142 animae
1596 4086 1862 4141 membra

219 4179 537 4251 componit,
588 4180 653 4232 ut
696 4176 823 4232 sine
872 4176 1192 4232 offensione
1237 4176 1550 4231 soeientur.
1599 4174 1860 4246 Denique

215 4268 502 4324 Jeremias
532 4265 682 4321 hanc
714 4269 919 4336 quaerit
948 4265 1222 4332 resinam,
1258 4269 1323 4319 ut
1354 4262 1728 4336 Babyloniam
1768 4280 1862 4318 cu-

218 4361 304 4411 ret
333 4370 558 4418 sanare,
613 4354 660 4407 si
713 4354 915 4426 possit,
959 4353 1168 4424 dicens
1201 4370 1213 4406 :
1249 4375 1275 4402 «
1307 4352 1566 4424 Accipite
1604 4351 1859 4407 resinam

190 4442 579 4515 -corruptioni
629 4443 777 4513 ejus,
812 4442 859 4496 si
910 4458 1023 4512 quo
1075 4441 1245 4496 modo
1277 4440 1601 4496 sanabitur.
1634 4440 1863 4496 Curavi-
1892 4463 1938 4527 D
1972 4446 2120 4507 tum,
2172 4444 2406 4511 emptus
2455 4458 2489 4496 a
2537 4441 2869 4513 praepositio
2916 4458 3239 4513 coquorum
3297 4442 3434 4512 (16).
3494 4440 3609 4505 N93

223 4549 355 4587 mus
386 4530 782 4600 Babyloniam,
814 4535 873 4584 et
923 4534 1125 4584 sanata
1172 4546 1286 4584 non
1333 4534 1421 4583 est
1451 4530 1666 4600 (Jerem.
1702 4546 1772 4594 LI,
1805 4530 1860 4596 8,

220 4623 297 4690 9).
355 4643 383 4669 ››
427 4618 551 4673 Non
599 4625 688 4673 est
735 4623 938 4672 sanata
986 4619 1310 4690 Synagoga,
1346 4617 1484 4688 quia
1531 4617 1722 4672 resina
1752 4617 1865 4672 ista

219 4708 492 4783 migravit
519 4707 590 4763 ad
642 4705 979 4762 Ecclesiam.
1015 4706 1145 4761 ldco
1191 4723 1260 4761 ex
1308 4704 1523 4761 Galaad
1556 4706 1866 4762 veniebant

219 4798 631 4872 negotiatores,
664 4796 772 4851 hoc
805 4799 913 4862 est,
945 4795 1016 4850 de
1058 4796 1427 4866 possessione
1474 4794 1561 4850 vel
1606 4794 1863 4852 incolatu

219 4886 790 4955 testimonii,mcrces
822 4900 960 4939 suas
990 4884 1061 4939 ad
1088 4882 1404 4939 Ecclesiam
1429 4883 1861 4953 transferentes,

289 5045 401 5171 (14)
435 5044 578 5100 LXX
609 5043 812 5117 legunt
841 5050 1053 5117 χρυσῶν,
1089 5042 1302 5109 aureis,
1354 5042 1455 5097 sed
1506 5042 1867 5115 castigantur

289 5141 294 5166 ι
351 5117 721 5171 Iieronvmo.
798 5115 971 5170 Porro
1045 5114 1200 5171 quod
1269 5113 1431 5169 addit
1494 5115 1862 5171 Ambrosius.

220 5113 721 5190 ab'pllieronymo.
798 5113 971 5170 Porro
1045 5114 1200 5190 quod
1269 5113 1431 5169 addit
1494 5113 1862 5190 Ambrosius,

220 5188 356 5243 alibi
384 5186 587 5260 viginti
631 5190 1057 5260 quinque,etc.,
1116 5187 1185 5240 de
1235 5201 1353 5260 sua:
1383 5186 1597 5260 aetatis
1653 5187 1865 5260 codici-

222 5259 332 5313 bus
385 5256 677 5329 loquitur.
717 5256 1013 5329 Siquidem
1065 5256 1483 5329 vetustisssimi
1544 5258 1729 5313 nostri
1769 5274 1865 5314 co-

222 5329 381 5382 dices
438 5328 504 5383 ac
560 5328 709 5383 Bibl.
767 5328 1102 5383 constanter
1157 5328 1360 5399 legunt
1412 5329 1614 5399 viginti
1667 5346 1865 5400 argen-

221 5400 341 5454 teis.

295 5472 405 5541 (ts)
457 5470 838 5544 Rom.‘_edit,,
888 5474 1139 5544 superius
1184 5469 1369 5544 Ruben
1423 5470 1657 5544 dixerat.
1693 5472 1757 5527 Et
1805 5488 1866 5528 re

225 5541 358 5610 ipsa
413 5557 581 5597 voces
624 5540 704 5597 ibi
735 5540 924 5599 relatae
950 5540 1033 5599 'in
1080 5542 1381 5616 Scriptura
1404 5543 1511 5601 soli
1544 5544 1746 5601 Ruben
1781 5549 1865 5605 at-

1964 3286 2321 3344 salutaribus
2374 3287 2755 3356 indumentis,
2786 3288 3041 3345 divisum
3088 3305 3336 3360 regnum
3393 3288 3606 3358 talibus

1965 3377 2438 3432 manifestaretur
2494 3354 2825 3450 insignibus
2896 3354 3319 3443 destruendum
3388 3395 3403 3434 :
3473 3354 3606 3450 quis

1965 3481 2136 3519 omne
2168 3480 2413 3536 regnum
2466 3465 2719 3521 divisum
2770 3465 2938 3521 facile
2986 3467 3340 3522 destruetur.
3375 3466 3446 3522 Et
3486 3480 3611 3525 vere

1965 3554 2240 3619 divisum,
2276 3553 2513 3624 quando
2541 3553 2649 3609 hoc
2679 3554 2832 3625 quod
2865 3560 2990 3610 erat
3016 3554 3256 3623 Christi,
3279 3554 3458 3626 capit
3484 3567 3611 3621 esse

1177 3644 1238 3697 ὡς
1342 3642 1557 3705 (iunias:
1656 3641 1857 3689 ἐνώπιόν
1962 3642 2137 3698 etiam
2170 3642 2618 3714 diaboli.Neque
2647 3643 2803 3698 enim
2836 3648 3103 3715 poterant
3132 3641 3365 3699 indivisi
3412 3658 3606 3701 nune-
3768 3678 3769 3717 i

1966 3748 2047 3797 re,
2076 3730 2176 3802 qui
2207 3747 2241 3785 a
2270 3730 2437 3786 Patre
2466 3729 2677 3786 Filium
2708 3733 3078 3804 separabant.
3768 3738 3769 3809 )

2512 3820 2666 3877 490
2704 3820 2937 3876 CAPUT
2977 3820 3068 3877 1v.
3768 3814 3769 3893 ι

1965 3908 2157 3979 Ioseph
2185 3907 2407 3963 ducitur
2436 3908 2492 3962 in
2543 3910 2860 3981 Egyptian,
2889 3912 3055 3980 atque
3110 3926 3145 3965 a
3168 3910 3468 3981 praeposito
3527 3922 3607 3981 oe-

2074 3995 2271 4033 uorum
2298 3981 2521 4051 emitur,
2548 3981 2607 4033 in
2638 3979 2740 4051 quo
2773 3979 2978 4037 Christi
3005 3996 3105 4035 sua
3134 3979 3393 4037 servitute
3419 3996 3517 4041 nos
3544 3979 3608 4037 li-

2040 3996 2271 4103 Zuorum
2298 3996 2521 4047 emitur,
2548 3996 2607 4033 in
2638 3996 2740 4051 quo
2773 3996 2973 4037 christ:
3005 3996 3105 4035 sua
3134 3996 3393 4037 servitute
3419 3996 3517 4041 nos
3544 3996 3607 4037 u-

2074 4052 2280 4105 erantis
2310 4050 2486 4124 ﬁgura
2514 4053 2609 4104 est.
2643 4052 2705 4105 In
2731 4051 2914 4107 eodem
2944 4051 3245 4106 ostenditur
3272 4053 3331 4105 in
3376 4053 3499 4124 ipsa
3524 4067 3607 4124 cc-

2036 4124 2287 4192 ptivitate
2316 4122 2623 4176 libertatem
2657 4137 2810 4191 posse
2847 4124 3077 4178 retineri
3122 4140 3140 4176 :
3189 4138 3289 4178 nec
3315 4121 3425 4178 nor}
3457 4124 3516 4176 in
3546 4121 3609 4176 ti-

2041 4193 2249 4265 bertate
2286 4194 2523 4265 reperiri
2544 4195 2954 4265 captivitatem.
2982 4194 3225 4265 Denique
3261 4194 3516 4249 omnibus
3554 4194 3609 4247 in

2039 4263 2349 4334 exemplum
2375 4263 2569 4334 Ioseph
2592 4266 2942 4336 praponitur.

2046 4353 2131 4407 19.
2166 4351 2453 4407 Venditus
2483 4355 2572 4408 est
2600 4368 2737 4425 ergo
2764 4353 3005 4425 Joseph,
3036 4353 3252 4409 ductus
3300 4352 3361 4411 in
3411 4353 3609 4425 Egyp-

1975 4530 2161 4585 otiosa
2216 4545 2465 4602 persona
2514 4546 2638 4600 qua:
2688 4531 2868 4587 cruda
2914 4530 3179 4585 ciborum
3225 4534 3523 4601 coqueret,
3554 4532 3609 4583 ut

1972 4618 2350 4691 epularentur
2404 4617 2585 4674 animi
2638 4618 2772 4675 ﬁdei
2830 4618 3136 4676 suavitate.
3193 4617 3407 4679 Nullus
3465 4618 3609 4675 enim

1973 4707 2139 4764 cibus
2188 4707 2431 4763 scientia
2479 4712 2536 4761 et
2581 4706 2844 4765 doctrina
2892 4706 3136 4764 dulcior.
3181 4706 3318 4773 Erat
3368 4711 3505 4767 ante
3556 4703 3609 4761 in

1972 4798 2214 4869 [Egypto
2244 4794 2426 4850 cruda
2455 4795 2719 4867 perﬁdia,
2752 4812 2931 4868 quam
2961 4795 3163 4852 nullus
3190 4795 3403 4851 divina
3430 4792 3612 4867 cogni-

1975 4884 2153 4941 tionis
2183 4884 2375 4950 ardor,
2404 4888 2460 4939 et
2487 4900 2631 4939 vera:
2662 4884 2915 4941 scientiae
2945 4884 3240 4957 cupiditas
3271 4882 3436 4943 nulla
3474 4880 3610 4943 mal-

1973 5046 2332 5102 tribuuntur.
2364 5044 2579 5099 Verum
2611 5044 2856 5102 aliarum
2888 5045 3026 5100 edit.
3063 5061 3131 5101 ac
3161 5060 3307 5101 mss.
3357 5043 3605 5100 omnium

1975 5133 2296 5174 consensus
2332 5115 2486 5181 facit,
2520 5120 2585 5171 ut
2615 5133 2712 5172 eas
2752 5118 2823 5173 ab
2871 5115 3180 5172 Ambrosio
3234 5114 3413 5171 etiam
3458 5112 3605 5175 Judﬂ

1975 5188 2287 5262 attributas
2316 5187 2626 5262 credamus
2677 5204 2875 5262 :“cum
2927 5186 3252 5262 praesertim
3302 5191 3600 5257 utrumque

1974 5262 2045 5317 de
2071 5258 2371 5332 liberando
2399 5257 2615 5332 Joseph
2647 5256 2961 5316 sollicitum
2992 5256 3174 5316 fuisse
3212 5274 3394 5332 supra
3421 5270 3598 5314 narra-

1973 5331 2138 5386 verit.

2047 5402 2157 5474 (16)
2219 5401 2371 5457 Edit.
2430 5402 2597 5474 Rom.
2650 5401 2809 5459 hunc
2856 5418 3087 5458 versum
3160 5398 3533 5474 pramittebat
3579 5408 3593 5447 :

1974 5472 2167 5547 loSeph
2224 5482 2411 5531 autem
2466 5472 2657 5531 ductus
2686 5484 2762 5533 est
2794 5476 2851 5531 in
2882 5472 3196 5549 e’Egyptum’,
3224 5481 3280 5531 et
3300 5473 3438 5530 emit
3470 5480 3594 5533 eum,

1975 5550 2083 5605 etc.
