3830 6206
328 333 442 390 683

1787 338 1848 393 S.
1896 332 2266 392 AMBROSH

3613 332 3692 390 68
3703 335 3729 389 ί

328 461 499 535 culpa
529 466 636 518 est.
674 463 797 519 Non
832 467 955 519 erat
1005 464 1061 519 in
1117 467 1401 535 potestate
1456 464 1666 519 servuli
1726 468 1788 519 ut
1856 481 1969 518 non
2004 470 2051 530 Α
2083 462 2329 536 neglecti
2364 462 2538 518 ofﬁcii
2574 463 2749 518 etiam
2780 479 2813 516 a
2851 461 3086 517 domino
3110 476 3311 517 cavere
3338 460 3587 516 debebat
3642 464 3731 517 of-

306 550 656 629 .videretur:
719 552 966 608 maritus
1024 553 1227 608 debuit
1282 570 1483 608 cavere
1539 553 1739 609 oculos
1818 570 1963 607 uxo-

324 639 407 694 ris
437 639 575 712 (22).
617 641 677 697 Si
706 641 802 696 ille
831 641 975 696 nihil
1008 642 1252 697 timebat
1287 642 1357 697 de
1388 643 1655 714 conjuge,
1714 642 1962 697 arbitra-

325 726 501 783 batur
553 727 662 784 iste
718 729 1119 785 testimonium
1179 746 1305 785 esse
1388 730 1765 796 castimonia},
1852 747 1964 784 non

326 815 728 872 remissionem
788 817 1025 873 incurim
1079 820 1211 887 (23).
1278 818 1516 874 Discant
1583 822 1776 873 tamen
1861 818 1965 872 viri

324 919 522 959 cavere
552 904 726 961 etiam
749 906 946 962 oculos
978 907 1350 962 feminarum.
1387 908 1749 962 Adamantur
1812 907 1966 962 enim

323 996 378 1048 et
415 992 514 1065 qui
565 994 773 1049 nolunt
804 996 1009 1050 amari.
1045 996 1305 1066 Denique
1370 996 1676 1051 adamatus
1730 1000 1817 1051 est
1872 996 1967 1051 Jo-

325 1081 491 1153 seph,
525 1082 622 1153 qui
659 1088 952 1138 amantem
977 1088 1391 1139 contemneret.
1418 1085 1487 1139 Et
1506 1085 1648 1140 bene
1679 1085 1969 1140 excusavit

326 1185 461 1225 eum
510 1169 815 1242 Scriptura
861 1171 1098 1226 dicens:
1160 1196 1189 1222 ‹‹
1250 1172 1505 1231 Immisit
1561 1172 1758 1228 oculos
1830 1190 1971 1228 uxor

328 1256 553 1312 domini
615 1259 745 1329 ejus
811 1259 868 1314 in
926 1260 1142 1332 Joseph
1201 1260 1349 1331 (Gen.
1410 1279 1598 1331 xxxix,
1652 1263 1729 1332 7),
1786 1284 1812 1309 ››
1861 1261 1969 1316 hoc

329 1352 437 1412 est,
472 1362 585 1402 non
617 1346 742 1418 ipse
792 1349 945 1405 ιω
1006 1366 1065 1403 se
1126 1349 1459 1415 ostentavit,
1519 1365 1622 1404 nec
1672 1349 1826 1421 cepit
1882 1349 1968 1403 in-

325 1437 555 1489 cautam
592 1452 603 1491 :
639 1436 737 1490 sed
766 1435 864 1507 illa
895 1437 1040 1491 retia
1070 1454 1177 1492 sua
1208 1438 1389 1505 misit,
1448 1442 1505 1491 et
1558 1438 1831 1509 indagine
1880 1437 1968 1491 sui

325 1528 496 1594 capta
544 1527 651 1578 est.
716 1525 977 1596 Laqueus
1029 1543 1167 1581 suos
1229 1526 1460 1598 sparsit,
1522 1532 1577 1580 et
1627 1527 1750 1581 suis
1806 1526 1971 1582 haesit

323 1600 592 1665 vinculis.

392 1701 481 1754 23.
520 1699 665 1754 Dixit
700 1705 892 1756 autem
958 1702 1082 1758 Illi:
1140 1726 1165 1752 ‹‹
1200 1704 1395 1759 Dormi
1449 1720 1676 1757 mecum
1727 1703 1903 1773 (Ibid).
1944 1728 1968 1750 ››

324 1787 517 1842 Prima
583 1788 857 1844 adulterae
915 1790 1214 1846 oculorum
1293 1791 1403 1846 tela
1477 1797 1633 1857 sunt,
1716 1792 1970 1847 secunda

324 1876 651 1931 verborum.
688 1879 796 1933 Sed
831 1878 929 1950 qui
964 1895 1073 1933 non
1109 1879 1336 1951 capitur
1364 1879 1567 1947 oculis,
1620 1884 1803 1951 potest
1841 1897 1966 1934 ver-

320 1965 412 2018 bis
462 1965 747 2021 resistere.
785 1966 1052 2039 Suppotit
1099 1967 1378 2024 defensio.
1431 1968 1526 2023 ubi
1580 1968 1767 2023 adhuc
1826 1968 1973 2023 liber

324 2053 563 2107 alfectus
612 2058 720 2108 est.
783 2054 917 2109 Ideo
975 2055 1258 2127 scripturn
1317 2060 1405 2109 est
1453 2054 1588 2127 quia
1636 2055 1732 2111 ille
1786 2056 1973 2112 noluit

322 2140 479 2210 (Ibid.
510 2142 587 2213 8).
642 2142 900 2197 Primum
943 2142 1121 2214 igitur
1165 2143 1571 2211 congressione
1626 2144 1838 2199 mentis
1868 2162 1970 2199 su-

324 2233 569 2300 peravit,
599 2235 877 2302 tanquam
912 2236 1079 2287 scuto
1102 2231 1281 2286 animi
1313 2232 1626 2286 irruentem
1663 2232 1968 2304 repellens:

326 2317 535 2371 deinde
567 2334 895 2375 sermonem
930 2324 1211 2390 tanquam
1246 2320 1474 2375 hastam
1507 2322 1768 2381 vibravit,
1799 2327 1861 2376 ut
1912 2340 1971 2377 se

327 2405 427 2459 illa
467 2412 775 2461 revocaret.
801 2431 825 2456 ‹‹
865 2408 930 2462 Et
957 2408 1101 2462 dixit
1130 2409 1290 2463 uxori
1326 2408 1544 2463 domini
1586 2410 1675 2464 sui
1735 2410 1911 2482 (ΗΜ).
1945 2432 1971 2458 ››

327 2493 500 2549 Recte
534 2512 675 2548 uxor
705 2496 946 2561 domini,
983 2514 1093 2550 non
1130 2497 1256 2567 ipsa
1287 2498 1524 2552 domina
1575 2498 1791 2553 dicitur
1846 2516 1973 2571 qua:

326 2599 436 2637 non
475 2584 663 2655 potuit
698 2590 1039 2656 extorquere
1074 2586 1226 2656 quod
1276 2585 1456 2640 voluit
1486 2586 1791 2658 imperare.
1828 2588 1971 2642 Nam

323 2673 614 2743 quomodo
671 2674 910 2727 domina
979 2691 1105 2745 qum
1182 2675 1523 2730 dominandi
1576 2693 1687 2730 non
1723 2676 1975 2731 habebat

324 2760 617 2824 effectum,
652 2778 779 2833 quae
813 2764 1187 2835 disciplinam
1218 2764 1467 2819 dominae
1526 2782 1641 2819 non
1718 2756 1969 2833 tenebat,

325 2865 452 2919 qua:
519 2849 763 2905 servulis
804 2850 1067 2906 libidinis
1116 2852 1407 2907 incentiva
1466 2854 1826 2924 praestabat?
1874 2854 1972 2910 Ille

324 2936 602 2991 dominus
636 2937 734 3008 qui
769 2938 1020 2993 amantis
1053 2956 1165 3009 non
1192 2940 1413 3011 excepit
1446 2940 1620 3008 faces,
1682 2943 1780 3014 qui
1816 2941 1971 2997 leno-

325 3024 577 3081 cinantis
626 3025 815 3081 vincla
883 3044 995 3080 non
1056 3027 1259 3091 sensit,
1319 3046 1490 3100 quem
1552 3030 1712 3084 nulla
1770 3031 1973 3086 mortis

328 3113 576 3168 formido
606 3114 915 3185 perterruit
958 3114 1056 3186 qui
1091 3115 1299 3171 maluit
1333 3116 1480 3171 liber
1507 3118 1771 3174 crimin's
1804 3120 1973 3188 mori,

2078 552 2336 607 fensam:
2372 550 2547 606 simul
2583 552 2771 605 adhuc
2805 549 3112 616 sermonis,
3170 567 3286 606 non
3354 550 3732 621 comprehen-

2077 640 2260 694 sionis
2292 639 2535 711 putabat
2577 639 2906 695 audaciam.

2143 731 2232 783 25.
2270 728 2590 784 Excusatur
2629 729 2780 799 quod
2826 727 3132 800 ingressus
3191 731 3322 782 est:
3378 728 3735 799 praedicatur

2076 817 2225 888 quod
2259 816 2493 888 elapsus
2531 820 2617 872 est
2647 818 2779 886 (2t),
2825 832 2929 871 nec
2961 815 3147 888 pluris
3202 815 3337 871 fecit
3385 816 3738 872 vestimenta

2077 906 2356 977 corporis,
2390 922 2564 978 quam
2599 904 2777 960 animi
2820 904 3253 960 castimoniam.
3308 903 3568 977 Reliquit
3599 910 3730 960 tan—

2077 1010 2251 1065 quam
2287 1011 2401 1048 non
2434 1011 2561 1057 sua,
2594 1011 2720 1066 quae
2761 992 3025 1049 adultera
3069 994 3195 1049 suis
3250 993 3526 1049 manibus
3586 994 3736 1048 deti-

2079 1081 2293 1137 nebat:
2327 1086 2383 1136 et
2429 1081 2619 1136 aliena
2658 1081 2966 1151 judicavit,
3018 1098 3143 1153 quae
3201 1084 3361 1136 tactu
3421 1081 3737 1154 impudicae

2078 1174 2386 1242 potuerant
2421 1169 2856 1241 comprehendi.
2904 1170 3151 1242 Magnus
3200 1175 3397 1224 tamen
3460 1169 3571 1235 vir,
3634 1169 3737 1241 qui

2076 1258 2345 1313 venditus
2376 1258 2581 1313 servile
2613 1258 2855 1314 nescivit
2878 1259 3203 1330 ingenium,
3254 1258 3569 1312 adamatus
3615 1274 3735 1313 non

2080 1347 2417 1411 redamavit,
2462 1351 2699 1418 rogatus
2748 1363 2864 1401 non
2903 1345 3215 1418 acquievit,
3268 1345 3738 1416 comprehensus

2080 1435 2325 1506 aufugit.
2371 1435 2475 1500 Qui
2523 1435 2769 1489 cum‘ab
2807 1450 2983 1488 uxore
3026 1433 3247 1488 domini
3298 1434 3738 1495 conveniretur,

2082 1524 2259 1578 teneri
2298 1528 2449 1577 veste
2480 1523 2686 1595 potuit,
2720 1522 2916 1576 animo
2956 1522 3083 1594 capi
3134 1539 3246 1577 non
3281 1523 3509 1594 potuit:
3542 1539 3611 1577 ac
3660 1538 3738 1577 ne

2081 1612 2205 1683 ipsa
2237 1612 2471 1682 quidem
2505 1613 2678 1666 verba
2706 1612 2803 1665 diu
2829 1628 3058 1682 passus,
3092 1610 3744 1683 contagiumjudicavit
3828 1638 3830 1679 ς

2081 1702 2127 1754 si
2170 1701 2392 1755 diutius
2424 1704 2749 1755 moraretur
2782 1718 2793 1755 :
2830 1717 2900 1755 ne
2926 1716 3027 1771 per
3059 1716 3272 1754 manus
3300 1698 3582 1754 adulterae
3607 1698 3743 1753 libi-

2079 1790 2233 1845 dinis
2284 1790 2572 1844 incentiva
2629 1788 2963 1843 transirent.
3018 1790 3216 1859 Itaque
3271 1792 3496 1844 vestem
3551 1788 3739 1845 exuit.

2080 1880 2295 1932 crimen
2325 1878 2598 1940 excussit,
2653 1881 2709 1932 et
2740 1877 2957 1933 relictis
2989 1877 3202 1948 quibus
3233 1876 3562 1945 tenebatur,
3599 1894 3741 1931 exu-

2079 1967 2207 2031 viis,
2237 1965 2523 2038 spoliatus
2554 1967 2807 2035 quidem,
2836 1967 2937 2021 sed
2969 1982 3084 2020 non
3117 1966 3310 2020 nudus
3344 1965 3596 2037 aufugit,
3633 1967 3737 2037 qui

2079 2060 2201 2110 erat
2261 2054 2461 2108 tectior
2516 2054 2858 2109 indumento
2922 2054 3073 2109 498
3143 2053 3404 2124 pudoris.
3454 2054 3580 2109 Non
3651 2060 3743 2108 est

2081 2142 2235 2198 enim
2269 2144 2480 2208 nudus,
2516 2142 2626 2196 nisi
2661 2159 2833 2214 quem
2862 2142 3033 2213 culpa
3095 2142 3421 2197 nudaverit.
3468 2143 3737 2214 Denique

2082 2232 2139 2285 in
2168 2231 2565 2303 superioribus
2600 2231 2884 2285 habemus
2916 2231 3069 2301 quod
3101 2231 3307 2295 Adam,
3343 2235 3737 2303 posteaquam

2087 2319 2181 2374 Dei
2224 2320 2499 2373 mandata
2531 2319 2999 2391 praevaricatione
3058 2318 3336 2388 deseruit,
3400 2324 3456 2373 et
3514 2320 3742 2390 peccati

2085 2409 2281 2480 gravis
2307 2425 2422 2463 mra
2478 2408 2782 2473 contraxit,
2832 2409 3026 2464 nudus
3076 2412 3238 2461 erat.
3304 2407 3467 2463 Unde
3496 2412 3554 2462 et
3617 2409 3742 2480 ipse

2086 2497 2200 2553 ait:
2240 2521 2265 2546 ‹‹
2296 2497 2505 2551 Vocem
2551 2501 2709 2551 tuam
2747 2497 2939 2551 audivi
2995 2496 3050 2550 in
3109 2496 3403 2567 paradiso,
3437 2501 3495 2550 et
3542 2497 3741 2562 timui,

2084 2586 2221 2658 quia
2261 2587 2455 2639 nudus
2488 2602 2644 2652 sum,
2676 2590 2731 2640 et
2761 2585 3038 2639 abscondi
3075 2602 3166 2639 me
3212 2588 3366 2653 (Gen.
3420 2602 3501 2651 ιιι,
3538 2585 3652 2655 10).
3716 2608 3738 2631 υ

2085 2673 2373 2729 Intellexit
2403 2676 2557 2727 enim
2592 2692 2652 2727 se
2682 2690 2808 2727 esse
2841 2674 3083 2737 nudum,
3119 2673 3219 2745 qui
3276 2672 3494 2727 infulas
3525 2673 3737 2728 divinae

2084 2761 2455 2834 protectionis
2487 2762 2786 2817 amiserat.
2822 2762 2885 2816 Et.
2918 2762 3043 2816 ideo
3078 2761 3315 2826 latebat,
3350 2761 3490 2833 quia
3517 2767 3739 2818 vestem

2082 2852 2212 2906 ﬁdei
2248 2868 2358 2905 non
2393 2850 2665 2916 habebat,
2690 2867 2867 2920 quam
2929 2850 3131 2921 utique
3183 2850 3618 2921 praevaricando
3650 2852 3739 2905 de-

2082 2940 2296 3012 posuit.
2334 2940 2605 3011 Magnam
2649 2955 2769 2993 rem
2818 2938 2997 2994 vides.
3046 2937 3143 2993 Ille
3195 2939 3391 2994 nudus
3445 2943 3571 2995 erat
3633 2940 3733 3011 qui

2080 3027 2340 3082 tunicam
2395 3043 2506 3081 non
2543 3026 2777 3081 amisit:
2825 3026 2932 3081 iste
2973 3026 3168 3080 nudus
3200 3043 3314 3081 non
3346 3030 3470 3081 erat
3501 3027 3605 3097 qui
3638 3044 3731 3081 ve-

2084 3115 2376 3171 stimentis
2410 3132 2471 3170 se
2500 3114 2676 3179 exuit,
2714 3130 2839 3185 qua)
2873 3113 2930 3167 in
2964 3113 3237 3168 manibus
3267 3113 3546 3169 adulterae
3567 3114 3731 3169 dere-

328 3218 503 3273 quam
566 3203 833 3273 potentiae
917 3203 1244 3259 criminosas
1311 3205 1522 3279 eligere
1588 3208 1969 3265 consortium.
2008 3193 2047 3259 (ἶ
2086 3204 2273 3275 liquit.
2326 3204 2536 3258 Eadem
2588 3202 2889 3274 Scriptura
2950 3200 3116 3256 illum
3166 3202 3392 3257 nudum
3453 3203 3724 3263 asseruit,

328 3291 427 3347 Ille
470 3291 639 3359 liber,
692 3293 789 3363 qui
842 3296 1008 3363 turpe
1068 3294 1313 3349 credidit
1354 3295 1537 3350 vicem
1583 3297 1781 3368 gratiae
1856 3313 1969 3351 non

326 3381 559 3435 referre.
594 3380 853 3452 Dedique
885 3398 995 3435 non
1032 3387 1096 3436 ut
1128 3382 1507 3438 meticulosus
1547 3389 1806 3454 excusat,
1868 3401 1972 3439 nec

332 3472 613 3539 tanquam
669 3470 940 3539 periculis
990 3470 1234 3526 timidus
1281 3476 1479 3527 cavet:
1532 3474 1631 3527 sed
1690 3479 1971 3546 tanquam

329 3556 595 3610 beneﬁcii
626 3555 825 3611 herilis
881 3562 937 3611 et
981 3558 1320 3613 innocentia:
1378 3578 1495 3614 sure
1545 3561 1770 3616 debitor
1824 3563 1974 3635 fugit

329 3644 548 3698 crimen
582 3643 817 3715 ingrati,
848 3647 1181 3718 peccatiqUe
1212 3647 1401 3703 labem
1443 3656 1497 3703 et
1544 3650 1724 3720 culpze
1783 3657 1974 3705 conta-

331 3731 494 3805 gium
555 3731 721 3803 quasi
763 3734 963 3802 justus
1012 3734 1312 3789 horrescit.
1364 3736 1619 3792 Tertium
1680 3738 1970 3808 spiculum

329 3819 596 3877 adultera
665 3821 1065 3891 interpellandi
1126 3823 1468 3879 assiduitate
1515 3825 1816 3881 vibrabat:
1871 3827 1970 3881 sed

327 3908 541 3980 Joseph
575 3925 690 3964 non
725 3909 1000 3964 audiebat
1028 3926 1180 3965 eam.
1216 3911 1405 3966 Habes
1424 3917 1555 3983 post
1587 3913 1775 3985 prima
1801 3915 1975 3970 verba

328 3995 468 4068 quid
491 4013 715 4053 caveas.
752 3997 876 4052 Non
908 3997 1097 4053 solum
1134 3998 1376 4065 lubrica,
1414 4000 1514 4055 sed
1538 4001 1709 4056 etiam
1737 4019 1974 4073 procax,

326 4085 683 4157 importuna,
732 4086 1005 4157 petulans
1066 4093 1155 4142 est
1191 4087 1391 4153 libido,
1428 4106 1530 4143 nec
1587 4089 1761 4145 habet
1817 4092 1971 4162 quod

324 4178 593 4229 vereatur
629 4174 910 4231 adultera.
963 4176 1098 4239 QUID
1140 4176 1448 4247 dispendia
1495 4179 1736 4249 pudoris
1784 4180 1974 4251 prima

327 4279 441 4317 non
473 4262 679 4329 doluit,
718 4263 1029 4319 insidiatur
1049 4270 1111 4319 ut
1142 4265 1350 4337 capiat.

395 4352 484 4404 2t.
529 4351 790 4423 Denique
817 4352 991 4407 ofﬁcii
1033 4353 1122 4407 sui
1155 4360 1210 4408 et
1260 4355 1557 4410 commissi
1591 4355 1850 4411 muneris
1886 4356 1972 4410 in-

324 4454 591 4509 gressum
658 4440 863 4512 gratia,
935 4442 1172 4495 remotis
1223 4442 1457 4496 arbitris
1522 4460 1585 4497 ac
1635 4444 1974 4501 domesticis

327 4526 486 4597 (Ibid.
547 4528 649 4597 11),
705 4528 1103 4620 apprehendit
1183 4530 1608 4620 eum‘dicens:
1667 4554 1695 4581 ‹‹
1777 4533 2050 4620 DormiD

326 4629 581 4669 mecum.
628 4635 653 4665 ι»
705 4616 1026 4671 Excusatur
1071 4618 1285 4689 Joseph
1333 4618 1642 4689 Scriptura:
1708 4620 1966 4676 testimo-

326 4702 446 4768 nio,
516 4702 655 4773 quia
719 4704 1101 4760 commissum
1166 4723 1200 4760 a
1248 4706 1483 4761 domino
1544 4708 1822 4779 nequibat
1869 4711 1967 4766 de—

326 4807 517 4847 serere
547 4791 918 4863 obsequium.
968 4794 1091 4848 Non
1139 4795 1292 4849 enim
1345 4795 1487 4850 satis
1534 4800 1623 4850 est
1674 4799 1828 4867 quod
1884 4816 1968 4854 se-

290 4896 503 4940 .curus
552 4879 666 4949 sui,
710 4882 921 4937 domus
971 4882 1266 4945 interiora,
1313 4883 1477 4953 quasi
1532 4884 1629 4954 qui
1680 4886 1805 4955 capi
1852 4904 1967 4941 non

323 4974 541 5041 posset,
568 4970 871 5041 ingressus
901 4973 1254 5041 estzjustus
1304 4971 1503 5026 debuit
1552 4973 1849 5044 providere
1897 4992 1968 5031 ne

322 5058 539 5114 furenti
590 5059 816 5130 copiam
851 5059 1033 5123 daret,
1068 5064 1124 5114 et
1150 5061 1279 5131 ejus
1311 5059 1409 5114 illa
1443 5066 1672 5131 peccato
1714 5064 1962 5134 periret:

322 5147 423 5204 sed
453 5146 553 5218 qui
579 5147 869 5203 adversari
896 5148 1009 5202 sibi
1039 5148 1262 5203 domini
1322 5148 1412 5202 sui
1446 5150 1673 5205 videbat
1707 5169 1963 5219 uxorem,

397 5288 509 5361 (22)
561 5290 759 5345 ϐαυωέ
814 5292 990 5345 oculos
1059 5292 1269 5357 uxoris,
1341 5307 1440 5361 pro
1516 5308 1714 5347 cavere
1780 5293 1966 5349 oculis

326 5358 555 5433 uxoris,
584 5376 686 5413 seu
719 5377 918 5433 cavere
950 5380 1020 5416 ne
1045 5362 1184 5433 quis
1215 5361 1286 5433 ad
1341 5358 1583 5433 uxorem
1648 5365 1963 5430 accederet,

327 5428 498 5506 cujus
521 5429 715 5506 forma
742 5430 902 5506 illius
934 5428 1131 5506 oculos
1160 5431 1482 5506 pelliceret;
1515 5432 1731 5489 locutio
1759 5428 1966 5506 parum

328 5497 642 5553 admodum
665 5501 899 5565 usitata,
932 5503 1032 5557 sed
1066 5497 1481 5558 hic'communi
1515 5520 1656 5560 mss.
1703 5497 1776 5561 ac
1826 5506 1961 5562 edit.

328 5584 393 5628 su
404 5566 607 5639 tl’ragigo
637 5578 879 5626 asserta.

397 5637 725 5725 ί25)1²ὶοιῃἔ
765 5641 928 5715 edit.,
985 5657 1093 5700 non
1154 5643 1525 5702 remissionem
1572 5660 1742 5707 cum.
1815 5647 1965 5708 Reli-

2081 3293 2235 3346 hunc
2287 3291 2511 3345 abnuit.
2574 3292 2644 3345 Et
2691 3292 2817 3345 ideo
2861 3290 2970 3345 iste
3014 3289 3358 3361 exspoliavit
3415 3305 3474 3343 se
3534 3290 3732 3361 potius

2082 3370 2257 3451 quam
2291 3380 2552 3445 nudavit,
2579 3379 2674 3450 qui
2711 3379 3047 3449 incorrupta
3075 3378 3358 3433 virtutum
3389 3379 3739 3433 vestimenta

2083 3469 2365 3539 servabat,
2398 3467 2728 3540 exspolians
2757 3484 2816 3522 se.
2846 3472 3093 3522 veterem
3119 3466 3419 3522 hominem
3439 3484 3574 3521 cum
3599 3466 3747 3534 acti_

2082 3557 2191 3611 bus
2224 3556 2372 3625 eius,
2395 3561 2470 3610 ut
2498 3555 2765 3611 indueret
2794 3572 3030 3623 novum,
3060 3555 3158 3628 qui
3183 3556 3508 3611 secundum
3530 3555 3743 3627 imagi-

2082 3662 2210 3700 nem
2242 3644 2528 3700 Creatoris
2560 3645 2616 3698 in
2653 3644 2949 3717 agnitione
2998 3650 3325 3700 renovatur.
3387 3644 3490 3699 ille
3539 3650 3736 3699 autem

2082 3734 2278 3788 nudus
2301 3735 2598 3799 remansit,
2635 3734 2733 3805 qui
2766 3750 2829 3788 se
2861 3733 3073 3788 iterum
3120 3733 3332 3789 vestire
3376 3749 3489 3788 non
3525 3732 3737 3803 potuit,

2083 3821 2365 3893 singulari
2414 3821 2598 3892 spolio
2645 3821 2879 3876 virtutis
2928 3826 3156 3876 exutus.
3209 3822 3374 3877 Unde
3424 3820 3733 3893 pelliceam

2082 3910 2301 3982 accepit
2324 3909 2581 3964 tunicam
2608 3927 2620 3976 ;
2654 3911 2792 3981 quia
2825 3914 3094 3982 peccator
3122 3909 3334 3966 habere
3366 3927 3479 3965 non
3514 3913 3741 3982 poterat

2083 3998 2427 4071 spiritalem.
2466 3997 2720 4069 Reliquit
2772 3988 2951 4071 igitur
2989 3997 3337 4054 vestimenta
3386 3997 3628 4070 Joseph,
3679 4003 3737 4052 et

2083 4087 2324 4142 nudavit
2350 4085 2624 4141 adulterae
2654 4086 3151 4154 inverecundiam,
3184 4102 3311 4158 qua:
3334 4092 3537 4158 postea
3554 4085 3737 4141 latere

2084 4192 2196 4229 non
2244 4174 2449 4246 potuit.

2150 4265 2241 4319 26.
2293 4263 2548 4335 Denique
2607 4264 2781 4319 exivit
2822 4264 2998 4331 foras,
3031 4268 3089 4320 et
3145 4264 3273 4335 ipsa
3315 4261 3587 4318 adulterii
3639 4262 3734 4317 sui

2081 4355 2442 4406 tentamenta
2487 4352 2764 4423 vulgavit,
2816 4351 3078 4407 exaltans
3128 4368 3326 4407 vocem
3378 4368 3592 4415 suam;
3664 4364 3735 4404 eo

2083 4444 2235 4512 quod
2281 4440 2497 4497 relictis
2545 4441 2827 4505 vestibus,
2879 4441 3152 4497 Hzebreus
3217 4440 3547 4513 aufugerat.
3599 4440 3735 4510 Ipsa

2082 4532 2261 4605 igitur
2290 4531 2441 4602 quod
2476 4530 2662 4585 celare
2686 4531 2984 4598 debuerat,
3018 4529 3336 4601 prodebat:
3373 4533 3439 4583 ut
3494 4543 3731 4597 compo~

2082 4621 2195 4677 sito
2227 4619 2471 4675 crimine
2493 4618 2726 4673 laederet
2756 4619 3145 4674 innocentem.
3178 4618 3389 4673 Justus
3421 4623 3611 4672 autem
3631 4630 3733 4670 ac-

2079 4724 2284 4764 cusare
2311 4725 2424 4762 non
2455 4707 2645 4775 novit;
2696 4714 2752 4762 et
2801 4707 2929 4763 ideo
2976 4707 3218 4779 impune
3260 4706 3372 4761 hoc
3431 4702 3727 4777 impudica

2078 4795 2341 4851 faciebat.
2378 4794 2542 4850 Illam
2585 4795 2766 4868 igitur
2803 4812 2933 4850 vere
2964 4800 3199 4852 exutam
3230 4794 3504 4863 dixerim,
3552 4792 3729 4848 etiam

2077 4884 2266 4940 aliena
2294 4884 2641 4940 vestimenta
2673 4888 3021 4953 servantem,
3064 4900 3193 4955 quae
3222 4883 3424 4938 omnia
3453 4881 3733 4939 amiserat

2074 4972 2364 5028 velamina
2415 4971 2738 5028 castitatis:
2791 4972 2958 5027 illum
3008 4972 3151 5027 satis
3194 4974 3495 5037 ornatum,
3580 4966 3726 5023 satis

2076 5063 2402 5125 defensum,
2435 5062 2604 5132 cujus
2638 5078 2744 5115 vox
2777 5078 2890 5116 non
2914 5059 3279 5125 audiebatur,
3304 5064 3368 5114 et
3397 5055 3730 5113 innocentia

2075 5150 2439 5221 loquebatur.
2475 5150 2568 5204 Sic
2600 5149 2872 5205 Susanna
2903 5153 3102 5222 postea
3132 5149 3272 5203 dum
3295 5151 3448 5202 tacet
3477 5147 3531 5200 in
3553 5142 3724 5212 judi-

2076 5307 2386 5365 quzeeum
2438 5308 2581 5347 mss.
2633 5292 2931 5365 omnibus,
2996 5307 3103 5345 mm
3144 5291 3540 5365 _remissi_onem
3566 5286 3725 5365 irim.-

2074 5354 2199 5430 φῖίεε,
2228 5363 2335 5419 hoc
2357 5368 2462 5429 est,
2488 5379 2601 5418 non
2642 5354 3045 5418 remissionem
3104 5361 3177 5417 ab
3220 5359 3445 5415 incuria
3498 5354 3721 5428 profec-

2076 5441 2258 5582 taat)
2290 5505 2425 5559 Post
2452 5520 2647 5582 vocem
2673 5505 2890 5582 elapsus
2918 5512 3012 5572 est,
3034 5502 3195 5582 __addi
3238 5499 3411 5582 edit._
3439 5496 3721 5582 Remum

2074 5564 2385 5707 nitidque?
2441 5564 2845 5634 vestimenta'z‘n
2886 5564 3142 5635 manibus
3196 5571 3315 5645 ejus
3375 5572 3536 5643 fugit.
3586 5564 3717 5624 Non

2075 5664 2108 5709 υ
2136 5663 2271 5709 um.
2294 5663 2325 5709 θ
2355 5663 2404 5705 c.

2073 5664 2271 5730 pium,
2294 5664 2404 5709 etc.
