3830 6206
235 311 358 372 685

1301 309 1531 369 LIBER
1573 309 1675 368 DE
1719 308 2005 370 JOSEPll
2064 309 2578 370 l-A'l‘ltIAltCHA.

3517 309 3632 368 686

237 443 354 507 cio,
387 440 601 498 melius
633 441 828 496 locuta
857 445 945 496 est
975 439 1208 496 oraculo
1236 457 1249 508 ;
1295 447 1352 494 et
1409 441 1536 495 ideo
1595 440 1886 512 propheta:
1916 444 1964 507 Α
2004 441 2156 510 quod
2187 441 2562 511 cupiditabus
2596 441 2720 496 suis
2751 439 2960 496 obsisti
2991 439 3306 507 videbat,et
3345 439 3636 495 desideria

237 531 461 586 meruit
493 529 912 595 defensionem,
943 545 1070 600 qua:
1096 529 1340 600 propriae
1372 528 1529 583 vocis
1562 544 1675 582 non
1735 545 1888 599 qua:-

232 618 376 676 sivit
405 617 710 674 auxilium.
743 615 914 672 Illum
945 633 1081 690 ergo
1110 617 1424 672 beatiorem
1458 617 1724 684 dixerim,
1753 632 1888 671 cum

233 707 296 763 in
327 723 620 763 carcerem
651 706 984 762 mitteretur
1014 723 1026 774 ;
1061 706 1200 782 quia
1229 705 1465 760 subibat
1493 721 1595 777 pro
1625 704 1890 760 castitate

233 794 612 867 martyrium.
673 793 900 849 Bonum
957 793 1112 849 enim
1173 809 1392 848 munus
1449 791 1726 864 pudicita,
1787 792 1888 847 sed

233 882 490 939 minoris
535 881 726 938 meriti
781 897 914 936 cum
973 881 1299 953 periculum
1354 896 1470 934 non
1522 880 1741 936 habet:
1790 880 1888 935 ubi

228 988 373 1028 vero
401 971 580 1027 etiam
613 969 824 1025 salutis
849 969 1109 1042 periculo
1141 967 1496 1036 defenditur,
1529 967 1609 1022 ibi
1659 967 1890 1040 plenius

231 1063 573 1116 coronatur.
607 1059 742 1127 (25).

305 1151 402 1203 27.
437 1148 502 1204 In
533 1147 734 1203 audita
763 1163 962 1214 causa,
998 1144 1361 1218 inexplorata
1385 1145 1506 1214 .ﬁde
1560 1145 1700 1216 veri,
1758 1151 1884 1201 tan-

230 1253 420 1310 quam
453 1253 586 1292 reus
619 1234 884 1291 criminis
914 1233 974 1290 in
1005 1251 1296 1290 carcerem
1327 1233 1543 1306 Joseph
1592 1235 1844 1290 mittitur
1871 1252 1883 1290 :

231 1326 342 1382 sed
376 1341 514 1382 eum
546 1323 833 1380 Dominus
863 1339 969 1378 nec
997 1321 1056 1377 in
1112 1339 1340 1378 carcere
1386 1323 1710 1378 deserebat.
1763 1324 1886 1379 Non

227 1413 553 1469 turbentur
574 1411 936 1476 innocentes,
968 1427 1102 1466 cum
1138 1409 1302 1466 falsis
1331 1409 1677 1466 criminibus
1708 1428 1887 1484 appe-

229 1507 448 1556 tuntur
476 1520 492 1567 ;
523 1517 657 1556 cum
691 1517 970 1572 oppressa
989 1499 1224 1570 justitia
1253 1499 1574 1554 truduntur
1593 1499 1651 1553 in
1697 1516 1886 1556 carce-

229 1607 385 1645 rem.
419 1589 627 1644 Visitat
654 1589 808 1644 Deus
839 1593 896 1642 et
928 1589 983 1642 in
1014 1604 1245 1643 carcere
1286 1605 1424 1643 suos
1461 1605 1473 1654 ;
1507 1592 1565 1642 et
1623 1587 1749 1643 ideo
1807 1589 1886 1644 ibi

229 1683 326 1734 est
355 1677 488 1750 plus
515 1676 737 1742 auxilii,
771 1677 867 1732 ubi
897 1682 986 1731 est
1017 1675 1147 1748 plus
1178 1674 1442 1748 periculi.
1464 1677 1572 1730 Sed
1616 1675 1754 1747 quid
1779 1676 1885 1730 mi-

229 1783 370 1821 rum
402 1765 453 1820 si
482 1764 680 1820 visitat
709 1763 977 1820 Christus
1006 1764 1063 1818 in
1111 1779 1338 1819 carcere
1392 1763 1635 1836 positos,
1685 1763 1784 1835 qui
1824 1781 1886 1820 se
1917 1802 1962 1866 Β

226 1855 432 1926 ipsum
467 1855 524 1909 in
559 1852 681 1910 suis
713 1853 772 1908 in
800 1869 1028 1908 carcere
1061 1852 1356 1908 inclusum
1415 1869 1542 1908 esse
1601 1870 1884 1910 memora-

225 1943 334 2010 vit,
371 1943 523 1998 sicut
553 1941 739 1998 halies
769 1941 1051 2014 scriptum
1088 1959 1100 1996 :
1169 1964 1194 1991 ‹‹
1258 1943 1317 1995 In
1353 1958 1580 1997 carcere
1611 1958 1792 2006 eram,
1826 1947 1884 1998 et

229 2049 352 2088 non
381 2031 625 2086 venistis
656 2031 725 2086 ad
761 2047 854 2087 me
894 2033 1103 2099 (Matth.
1139 2048 1266 2097 xxv,
1324 2031 1414 2098 43)
1445 2031 1472 2084 ?
1504 2053 1531 2080 ››
1590 2031 1712 2094 Quo
1766 2049 1881 2087 non

231 2123 504 2194 penetrat
525 2120 719 2174 divina
749 2119 1149 2175 misericordia
1177 2119 1204 2173 ?
1241 2119 1460 2174 Invenit
1500 2119 1714 2191 Joscph
1781 2120 1882 2174 liu-

219 2207 494 2280 jusmodi
525 2208 796 2280 gratiam,
841 2214 904 2262 ut
961 2210 1116 2264 494
1171 2207 1269 2279 qui
1335 2209 1525 2263 fuerat
1555 2207 1792 2264 clausus
1822 2209 1881 2264 in

231 2313 488 2365 carcere,
516 2295 642 2368 ipse
670 2297 863 2368 potius
893 2296 1144 2351 carceris
1161 2297 1415 2351 claustra
1437 2302 1710 2365 servaret,
1741 2314 1882 2352 con-

230 2387 466 2442 cederet
497 2401 736 2441 munere
769 2383 1193 2451 clavicularius,
1227 2384 1486 2440 inclusos
1533 2401 1736 2440 omnes
1788 2403 1884 2457 po-

229 2475 431 2530 testati
466 2473 595 2544 ejus
625 2475 968 2529 comitteret.
1005 2475 1208 2546 Itaque
1244 2473 1460 2546 Joseph
1525 2491 1637 2528 non
1691 2474 1879 2528 solum

231 2579 525 2619 carcerem
557 2579 669 2617 non
711 2562 1018 2632 sentiebat,
1057 2563 1155 2618 sed
1213 2563 1388 2617 etiam
1450 2562 1594 2618 alios
1653 2579 1881 2635 quoque

234 2650 489 2708 carceris
521 2649 750 2706 levabat
776 2667 1077 2706 aerumma.

229 2813 361 2867 Post
387 2811 605 2866 brevem
631 2811 956 2866 invectivam
989 2811 1044 2864 in
1087 2811 1470 2873 mulierem,ad
1491 2811 1753 2882 spadones
1777 2811 1880 2866 hu-

294 2883 390 2951 jus
420 2883 584 2937 etiam
617 2885 866 2936 auctores
887 2883 1118 2952 injuria?
1148 2884 1343 2936 transit
1373 2898 1392 2941 ,·
1439 2885 1491 2936 et
1519 2883 1880 2938 demonstrato

302 2969 472 3024 quam
496 2953 717 3024 fragilis
743 2954 816 3007 sit
853 2968 1041 3008 eorum
1094 2957 1282 3020 status,
1325 2954 1556 3007 alterius
1605 2955 1880 3008 somnium

302 3025 528 3095 ejusque
555 3025 946 3093 expositionem
971 3025 1158 3095 refert.
1194 3025 1329 3078 Hinc
1357 3025 1550 3078 saeculi
1571 3027 1880 3094 potentiam

301 3094 508 3149 somnii
533 3095 768 3148 similem
797 3109 909 3148 esse
935 3094 1187 3150 ostendit.
1222 3095 1424 3150 Deinde
1469 3097 1698 3165 mystice
1753 3097 1874 3150 lau-

2001 544 2106 581 sua
2136 529 2309 584 vetita
2339 529 2710 584 assenssione
2740 527 2995 584 fraudari
3026 527 3054 582 ?
3098 529 3178 584 Eu
3210 534 3443 600 propter
3475 527 3631 600 quod

1998 615 2293 688 aperiatur
2323 633 2536 683 carcer,
2566 622 2630 672 ut
2654 617 2932 688 suscipiat
2963 617 3299 672 innocentes
3331 633 3346 671 :
3406 615 3633 672 solvan-

1998 707 2096 758 tur
2123 713 2336 760 calena:
2366 705 2500 773 reis,
2534 711 2601 760 ut
2641 705 3018 778 imponantur
3073 703 3346 762 ﬁdelibus
3379 721 3391 758 :
3445 703 3637 759 dimit-

1997 797 2200 847 tantur
2229 793 2490 849 veritatis
2522 793 2793 861 adulteri,
2826 798 2891 848 ut
2972 793 3269 848 incluatur
3340 793 3442 865 qui
3498 792 3634 848 ﬁdei

1999 880 2352 936 adulterium
2387 882 2690 937 recusavit.

2067 969 2156 1024 29.
2191 969 2270 1025 De
2297 969 2427 1025 istis
2456 987 2586 1025 vero
2625 971 2982 1042 spadonibus
3015 972 3126 1042 (27)
3186 971 3328 1042 quid
3389 971 3578 1028 dicam
3607 971 3635 1024 ?

1998 1057 2096 1128 qui
2131 1056 2392 1130 exemplo
2419 1058 2632 1113 debent
2657 1075 2786 1114 esse
2815 1059 3174 1131 spadonibus
3205 1059 3448 1126 caeteris,
3479 1059 3634 1130 quod

1997 1149 2186 1202 status
2215 1163 2416 1202 eorum
2449 1146 2672 1218 fragilis
2703 1163 2768 1202 ac
2797 1147 3010 1214 tenuis,
3043 1148 3174 1203 etin
3206 1147 3520 1216 voluntate,
3545 1163 3634 1202 re-

1995 1233 2092 1304 gia
2122 1251 2254 1305 spes
2287 1233 2500 1302 omnis,
2533 1234 2750 1306 quibus
2781 1233 2920 1290 levis
2950 1235 3172 1291 oﬂ'ensa
3199 1248 3500 1290 summum
3531 1251 3634 1307 pe-

1998 1322 2246 1377 riculum
2280 1323 2357 1377 sit
2390 1341 2402 1378 :
2431 1324 2699 1379 secundae
2731 1328 2925 1378 autem
2958 1341 3050 1379 res
3083 1323 3193 1380 vile
3241 1323 3636 1380 ministerium

1997 1409 2372 1466 Gloriabatur
2399 1411 2545 1467 alter
2583 1413 2735 1484 quod
2769 1417 2923 1468 esset
2951 1412 3067 1467 vini
3096 1411 3462 1486 praepositus,
3495 1412 3638 1468 alter

1997 1499 2150 1568 quod
2185 1505 2340 1554 esset
2368 1499 2676 1571 pistorum.
2741 1499 2991 1572 Uterque
3037 1501 3298 1566 oﬁ‘endit,
3352 1501 3637 1572 missique

1996 1587 2054 1641 in
2089 1604 2402 1654 carcerem,
2435 1593 2492 1644 et
2521 1589 2912 1644 commendati
2949 1595 3150 1645 sancto
3178 1588 3415 1660 Joseph,
3439 1590 3510 1644 ab
3545 1589 3637 1661 ip-

1996 1691 2060 1730 so
2101 1675 2347 1730 carceris
2378 1675 2767 1742 claviculario,
2795 1693 2927 1732 cum
2959 1680 3156 1732 essent
3186 1677 3302 1732 illic
3334 1677 3456 1732 dies
3487 1694 3639 1732 com-

1996 1763 2212 1835 plures,
2247 1765 2515 1820 viderunt
2547 1765 2840 1821 somnium
2887 1785 2899 1834 ;
2952 1771 3008 1821 et
3037 1783 3166 1820 cum
3228 1765 3502 1822 reviseret
3539 1782 3636 1822 eos

1991 1853 2230 1924 Joseph,
2265 1853 2460 1909 tristes
2493 1855 2874 1926 turbatosque
2917 1854 3094 1909 animi
3154 1855 3394 1910 offendit
3427 1871 3439 1910 :
3501 1855 3640 1926 quia

1991 1941 2381 1996 turbabantur
2465 1943 2715 2006 somnio,
2801 1943 2971 2014 cujus
3071 1943 3443 2014 interpretem
3522 1959 3635 1999 non

1993 2029 2320 2084 invenirent
2353 2047 2364 2085 :
2401 2054 2420 2078 α
2474 2031 2675 2086 Nonne
2706 2049 2808 2102 per
2839 2037 3040 2096 Deum,
3088 2031 3300 2103 inquit,
3354 2031 3634 2102 interpre-

1992 2118 2136 2172 tatio
2167 2118 2382 2174 somnii
2417 2124 2506 2174 est
2535 2119 2563 2172 ?
2594 2120 2836 2175 Narrate
2861 2137 2997 2192 ergo
3029 2119 3193 2174 mihi.
3256 2121 3324 2175 Et
3381 2119 3638 2175 narravit

1993 2211 2314 2278 praepostus
2344 2207 2460 2261 vini
2495 2209 2789 2263 somnium
2825 2225 2998 2264 suum
3034 2226 3046 2264 :
3082 2209 3220 2264 Erat
3247 2207 3380 2264 vitis
3411 2209 3469 2263 in
3499 2225 3635 2263 con-

1991 2299 2190 2366 spectu
2225 2313 2374 2350 meo:
2406 2298 2464 2350 in
2495 2297 2610 2352 vite
2639 2303 2836 2352 autem
2862 2303 2980 2352 tres
3011 2297 3274 2353 radices:
3307 2301 3363 2352 et
3390 2295 3519 2368 ipsa
3540 2297 3638 2352 ﬂo-

1992 2401 2083 2438 res
2105 2385 2296 2439 ferens
2324 2385 2675 2456 germinavit
2735 2391 2998 2442 maturos
3030 2387 3343 2457 botryones
3391 2402 3636 2441 uvarum

1992 2475 2102 2544 (28)
2129 2489 2140 2526 :
2165 2480 2220 2527 et
2251 2472 2399 2527 calix
2422 2473 2640 2528 Pharao
2675 2474 2731 2527 in
2757 2491 2934 2529 manu
2958 2491 3104 2530 mea.
3139 2475 3206 2529 Et
3227 2473 3453 2546 sumpsi
3484 2491 3636 2540 eam,

1991 2566 2045 2615 et
2078 2561 2332 2632 expressi
2366 2578 2491 2616 eam
2520 2562 2578 2616 in
2611 2563 2873 2629 calicem,
2907 2567 2963 2617 et
2995 2563 3126 2618 dedi
3158 2562 3397 2618 calicem
3430 2563 3488 2617 in
3523 2579 3640 2618 ma-

1992 2666 2104 2705 nus
2137 2649 2380 2706 Pharao.
2416 2650 2484 2704 Et
2515 2651 2660 2706 dixit
2694 2650 2776 2704 illi
2804 2651 3056 2722 Joseph:
3090 2652 3218 2708 Haec
3239 2651 3636 2724 interpretatio

1992 2739 2121 2808 ejus
2155 2755 2168 2792 :
2203 2740 2346 2794 Tres
2373 2739 2617 2808 radices,
2647 2745 2764 2796 tres
2793 2741 2918 2796 dies
2965 2746 3122 2796 sunt.
3155 2740 3364 2796 Adhuc
3419 2739 3635 2810 triduo,

1988 2832 2040 2881 et
2074 2828 2130 2881 in
2165 2832 2416 2884 mentem
2450 2827 2688 2884 habebit
2722 2829 2944 2884 Pharao
2991 2829 3384 2900 principatum
3441 2835 3634 2898 tuum,

1988 2919 2040 2969 et
2078 2916 2343 2970 restituet
2373 2923 2430 2972 te
2461 2935 2638 2989 super
2663 2919 2924 2973 ofﬁcium
2956 2922 3123 2973 tuum
3183 2918 3524 2990 pristinum,
3583 2923 3640 2974 et

1997 3004 2166 3059 dﬂltlS
2197 3004 2436 3060 calicem
2469 3006 2524 3061 in
2552 3023 2763 3062 manus
2794 3005 3038 3062 Pharao.
3071 3009 3178 3063 Sed
3239 3023 3466 3064 memor
3517 3011 3640 3063 esto

1989 3109 2090 3164 per
2120 3093 2518 3164 temetipsum,
2549 3111 2684 3150 cum
2719 3095 2820 3150 tibi
2856 3098 3000 3151 bene
3030 3095 3180 3152 495
3215 3097 3344 3164 erit,
3377 3100 3435 3152 et
3463 3093 3638 3150 facies

301 3165 428 3250 dato
454 3165 676 3250 μίξιν·ᾶο
707 3167 1020 3250 interprete,
1054 3166 1333 3250 invenitur
1363 3167 1418 3250 ἐξ
1449 3167 1760 3250 eunuchum
1793 3167 1881 3222 ὁε-
1915 3165 1958 3230 C
1999 3183 2055 3235 in
2091 3198 2181 3236 me
2214 3181 2696 3250 miscricordiam,
2729 3188 2784 3239 et
2816 3201 3040 3239 memor
3069 3183 3182 3240 eris
3216 3184 3328 3239 mei
3359 3185 3431 3238 ad
3489 3183 3636 3238 Pha-

301 3237 490 3306 neﬁcii
505 3237 896 3308 immemorem.
929 3237 1154 3292 Demum
1181 3239 1343 3292 tacite
1376 3236 1724 3307 Calligonum
1752 3253 1878 3308 per-

301 3310 598 3378 stringens,
626 3323 805 3379 pauca
833 3306 898 3361 de
927 3309 1203 3379 regiorum
1233 3306 1620 3363 ministrorum
1647 3306 1794 3363 statu.
1817 3327 1882 3365 ac

303 3377 614 3458 tractatae
628 3377 933 3458 subiungit:

309 3454 401 3508 28.
438 3449 624 3518 Hujus
655 3449 832 3520 igitur
861 3449 1088 3520 injuriae
1118 3453 1319 3504 auctor
1345 3449 1646 3516 mulierjet
1674 3451 1881 3522 spado-

237 3554 348 3593 nes
379 3542 520 3594 sunt
549 3537 684 3608 (26),
725 3536 824 3592 sed
859 3536 1070 3593 mulier
1099 3538 1521 3610 .Egyptiorum,
1567 3555 1693 3610 qum
1753 3557 1883 3611 pro-

235 3641 407 3682 caces
439 3642 574 3684 cum
604 3624 742 3680 viris
775 3623 945 3681 solita
978 3626 1221 3682 miscere
1249 3643 1570 3694 sermones,
1603 3625 1887 3682 lacessere

233 3713 622 3781 verecundos,
651 3713 1005 3786 refugientes
1059 3713 1309 3786 insequi,
1344 3715 1630 3786 pudentes
1683 3732 1883 3786 perur-

233 3819 396 3876 gere,
425 3819 556 3858 cum
587 3801 730 3858 vitia
756 3819 866 3862 sua
897 3819 1010 3858 non
1044 3808 1243 3875 posset
1271 3803 1596 3870 defendere,
1620 3804 1888 3861 innoxios

235 3891 685 3958 criminabatur,
719 3890 1023 3962 perﬁdiam
1045 3891 1380 3947 admiscens
1406 3887 1680 3962 perﬁdiae,
1699 3893 1890 3948 aliena

235 3984 470 4044 tenens,
497 3983 553 4036 et
583 3978 728 4034 alios
759 3979 890 4052 ipsa
918 3981 1338 4046 condemnans,
1375 3980 1614 4036 modum
1660 3980 1888 4036 nullum

235 4084 468 4140 ponens
496 4066 700 4123 furori.
733 4069 866 4132 Qua
900 4069 1057 4124 enim
1105 4085 1283 4124 causa
1340 4067 1722 4138 crudelitatis,
1776 4069 1890 4126 nisi

308 4184 430 4252 (25)
461 4182 626 4238 Rom.
661 4182 798 4239 edit.
835 4183 958 4239 voci
987 4192 1284 4240 coronatur
1308 4183 1633 4254 subjungit,
1668 4189 1891 4242 Factum

237 4263 318 4309 est
347 4257 558 4319 autem,
573 4254 860 4326 utaudivit
887 4255 1139 4310 dominus
1153 4259 1270 4326 ejus
1289 4258 1456 4310 verba
1472 4259 1662 4311 uxoris
1680 4273 1818 4314 suae.
1831 4300 1841 4312 .
1854 4299 1865 4312 .
1877 4300 1889 4312 .

239 4327 532 4398 Accipiens
559 4325 754 4398 Ioseph
776 4327 962 4398 injecit
989 4343 1114 4382 eum
1144 4329 1202 4381 in
1231 4343 1522 4382 carcerem.

315 4396 433 4520 (26)
467 4395 550 4450 Ita
581 4395 692 4452 vet;
725 4395 862 4452 edit.
897 4402 964 4452 et-
985 4399 1170 4452 concti
1205 4414 1371 4463 mss.,
1395 4397 1652 4468 exceptis
1672 4398 1888 4456 Theod.

327 4471 415 4520 Va
446 4508 481 4520 ..
515 4467 613 4520 ubi
646 4467 876 4520 legitur.
909 4469 1080 4520 Huius
1105 4471 1278 4520 initur
1307 4470 1535 4520 iniurim
1565 4478 1752 4520 auctor
1777 4487 1888 4520 mu-

240 4472 301 4521 et
327 4467 481 4532 \’al.,
501 4467 613 4539 _ut)i
646 4467 876 4538 legitur,
909 4469 1080 4537 Hujus
1105 4471 1278 4536 igitur
1307 4467 1752 4539 injurizeauctor
1777 4487 1894 4525 mu-

241 4539 355 4592 lier
378 4529 641 4612 spadonis
663 4529 792 4612 fuit.
824 4529 1306 4612 A'pertussEnsus
1340 4529 1377 4594 ε’
1398 4541 1590 4612 agitur
1611 4541 1768 4596 enim
1823 4542 1894 4597 de
1923 4529 1968 4594 Ι)

241 4625 426 4681 uxore
458 4608 791 4681 Putipharis
819 4608 992 4680 quem
1021 4610 1341 4666 Pharaonis
1364 4608 1700 4668 eunuchum
1732 4618 1896 4668 vocat

241 4680 570 4754 Scriptura.
595 4680 756 4736 'Edit.
793 4686 988 4754 autem
1034 4683 1195 4737 Rom.
1231 4699 1358 4754 quae
1415 4689 1590 4754 caput
1620 4683 1892 4754 quintum

241 4750 516 4826 producit
548 4767 733 4826 usque
763 4751 833 4807 ad
855 4769 1066 4826 vocem,
1088 4750 1465 4826 recusavit,sic
1487 4750 1688 4826 habet,
1725 4756 1896 4826 Hujus

240 4823 430 4902 tamen
458 4823 684 4902 injuriae
715 4831 903 4878 auctor
949 4825 1166 4902 mulier
1207 4833 1315 4902 est1
1367 4824 1458 4902 sed
1513 4823 1742 4902 vitaliter1
1779 4823 1890 4881 etc.

249 4894 480 4948 Rursus
513 4892 730 4970 ibidem
763 4969 767 4970 ί
795 4911 998 4970 omnes
1057 4895 1218 4962 edit.,
1278 4895 1381 4970 Sed
1427 4897 1632 4970 mulier
1675 4900 1891 4970 (Egypt.

243 4966 696 5038 quae....._solita,
723 4969 831 5019 etc.
864 4966 1002 5022 Mss.
1039 4983 1217 5038 prope
1245 4967 1316 5021 ad
1342 4983 1553 5038 unum,
1607 4968 1709 5023 Sed
1746 4966 1893 5023 inu-

245 5035 413 5090 lieres
442 5035 916 5107 rEgyptsquse..."
949 5035 1283 5102 solentfetc.
1339 5037 1440 5092 Hic
1499 5041 1695 5094 autem
1750 5040 1898 5094 solet

247 5107 431 5178 quaeri
464 5106 922 5179 dePuthiphare
956 5113 1151 5162 utrum
1185 5109 1236 5163 is
1267 5125 1398 5162 cum
1474 5109 1781 5165 eunuchus
1839 5115 1897 5166 et

245 5177 434 5250 spado
465 5177 714 5260 dicitur,
735 5177 1096 5260 signiﬁcetur
1124 5180 1316 5260 reip_sa
1359 5179 1556 5260 fuisse.
1593 5181 1894 5260 eviratus_;

247 5249 320 5330 an
353 5265 496 5334 vero.
519 5249 629 5305 hoc
660 5249 964 5334 dignitatis
993 5249 1468 5334 nomen'fuerit?
1493 5250 1750 5334 Qtraque
1770 5253 1895 5334 opi-

249 5321 346 5376 nio
380 5322 642 5376 fautores
674 5337 814 5374 suos
838 5320 1029 5394 habet
1061 5339 1075 5376 :
1111 5337 1357 5394 quorum
1391 5321 1440 5376 si
1475 5320 1695 5394 placet:
1721 5320 1894 5394 ratio-

248 5409 352 5449 nes
374 5407 750 5466 cognoscere,
780 5392 875 5446 adi
916 5392 1246 5466 Augustino
1259 5394 1562 5466 m,7Quée§t,
1584 5392 1796 5466 ingeri.
1817 5393 1897 5450 1.1

247 5462 600 5539 quiest.’t36
630 5480 643 5530 ;
677 5462 1171 5539 Hieronymumjn
1205 5465 1426 5539 T‘radit.
1453 5483 1468 5539 ξ
1492 5463 1704 5539 Nobilii
1729 5470 1898 5520 notas

243 5534 301 5594 in
335 5537 502 5609 hunc
526 5535 725 5609 locum
771 5534 936 5609 apud
979 5534 1168 5609 LXX;
1229 5536 1784 5609 Corqhgansenium
1837 5539 1897 5593 in

239 5610 383 5679 Gen.
421 5627 436 5689 ς
469 5605 632 5668 Guil.
666 5604 912 5686 Estiu'm,
958 5604 1171 5672 Annot.
1233 5607 1294 5670 in
1345 5604 1524 5670 difﬁc.
1587 5605 1897 5691 Scriptura

1989 3286 2248 3339 raonem,
2281 3276 2336 3325 et
2365 3272 2577 3326 educes
2611 3289 2700 3326 me
2729 3273 2800 3327 de
2831 3289 3056 3329 carcere
3088 3273 3198 3328 isto
3231 3290 3245 3339 ;
3287 3271 3427 3343 quia
3473 3271 3628 3326 furto

1989 3358 2278 3414 involatus
2309 3377 2440 3414 sum
2473 3361 2586 3430 (29)
2617 3361 2686 3416 de
2711 3366 2862 3416 terra
2892 3363 3288 3428 Hebraeorum,
3318 3365 3375 3418 et
3415 3360 3508 3414 hic
3541 3359 3625 3414 ni-

1991 3447 2074 3502 hil
2108 3447 2257 3502 male
2286 3449 2412 3518 feci,
2443 3449 2542 3504 sed
2575 3449 2861 3505 miserunt
2891 3469 2983 3506 me
3024 3452 3080 3506 in
3137 3451 3328 3506 lacum
3385 3449 3630 3505 carceris

1993 3535 2172 3606 hujus
2203 3536 2353 3608 (Gen.
2396 3555 2484 3604 XL,
2515 3538 2681 3608 8-15).
2720 3561 2747 3588 ››

2063 3624 2152 3680 30.
2189 3623 2441 3680 Alterius
2471 3626 2768 3680 somnium
2802 3643 2916 3682 non
2948 3627 3088 3684 libet
3119 3629 3326 3685 dicere.
3368 3628 3632 3685 Memini-

1995 3713 2070 3768 sti
2101 3719 2254 3769 certe
2276 3714 2578 3769 verborum
2613 3732 2898 3786 meorum,
2933 3718 3088 3788 quod
3111 3718 3286 3773 etiam
3319 3723 3460 3774 tunc
3489 3719 3638 3772 refu-

1997 3800 2180 3874 gerim
2207 3802 2334 3873 ejus
2365 3801 2902 3874 interpretationem
2933 3805 2990 3859 in
3044 3821 3131 3874 eo,
3192 3807 3361 3878 Cujus
3418 3806 3637 3862 exitum

1999 3890 2239 3962 refugio,
2277 3895 2523 3947 mortem
2585 3894 2980 3964 perhorresco.
3013 3895 3092 3949 De
3158 3895 3269 3950 isto
3329 3895 3494 3967 prius
3550 3895 3636 3950 di-

2000 3994 2224 4046 camus,
2258 3979 2355 4050 qui
2389 3979 2437 4034 si
2470 3979 2674 4035 beatus
2730 3981 3054 4051 videbatur,
3116 3999 3250 4037 cum
3309 3990 3462 4040 esset
3517 3983 3639 4038 vini

2001 4066 2384 4139 praepositus;
2452 4068 2692 4122 ethunc
2723 4085 3025 4124 summum
3091 4070 3362 4126 credebat
3413 4072 3637 4144 apicem

1999 4181 2128 4237 loca
2163 4201 2174 4244 ;
2225 4182 2372 4254 Hug.
2403 4181 2689 4251 Grotium,
2723 4188 2780 4238 et
2812 4183 2973 4240 alios.

2071 4253 2182 4329 (27)
2213 4253 2409 4329 tlap’ut
2429 4261 2658 4308 sextum
2691 4255 2782 4329 hic
2827 4256 2964 4310 edit.
2999 4255 3182 4329 Rom.
3225 4257 3642 4329 auspicabatur

1999 4323 2118 4400 illis
2150 4323 2312 4400 vebis
2343 4341 2354 4378 :
2393 4327 2570 4380 Iratus
2597 4335 2677 4380 est
2705 4327 2920 4400 Pharao
2943 4344 3106 4398 super
3149 4323 3354 4384 duobus
3382 4328 3612 4400 spadoni
3623 4359 3638 4368 ο

2003 4397 2262 4471 bussuis,
2295 4413 2458 4467 super
2481 4399 2771 4469 praeposito
2799 4397 3190 4469 pineernarum
3216 4404 3268 4454 et
3297 4397 3458 4471 super
3489 4415 3638 4470 pra:-

1999 4468 2172 4540 posito
2191 4469 2486 4540 pistorum,
2518 4473 2570 4523 et
2594 4468 2779 4540 posuit
2800 4468 2893 4526 eos
2922 4471 2982 4524 in
2997 4471 3298 4526 custodiam
3320 4468 3378 4526 in
3404 4468 3636 4527 carcere.

2003 4537 2141 4605 Quid
2167 4539 2232 4593 de
2263 4541 2380 4594 istis
2407 4537 2612 4595 duobus
2641 4541 2989 4610 spadonibus.
3033 4548 3138 4598 etc.

2075 4610 2188 4681 (28)
2218 4610 2365 4664 Edit.
2399 4617 2541 4676 ant.,
2571 4613 2774 4681 ﬂorene
2796 4616 2868 4683 [ei
2881 4629 2993 4679 ens,
3023 4615 3275 4685 germina
3320 4619 3562 4679 matura,
3593 4618 3643 4670 et

2004 4681 2592 4756 botryones_uvarum.,
2631 4681 2814 4750 Noun,
2849 4681 3047 4756 ﬂorens
3102 4687 3315 4756 ferebat
3369 4689 3640 4754 germina,

2001 4760 2247 4806 maturos
2277 4753 2560 4823 botryones
2592 4772 2842 4808 utan-um.
2880 4755 3018 4810 Mss.
3053 4753 3117 4810 ut
3174 4757 3230 4812 in
3289 4753 3468 4821 textu,
3529 4757 3642 4811 nisi

2004 4823 2158 4894 quod
2193 4824 2731 4879 nonnullimelioris
2765 4831 2912 4879 notae
2945 4827 3400 4893 habent,maturi
3429 4828 3644 4897 botryo-

2001 4910 2100 4968 nes
2122 4911 2140 4946 :
2171 4910 2344 4960 unus,
2376 4902 2426 4948 et
2452 4899 2678 4961 maturi,
2713 4901 2846 4962 etc.,
2879 4897 3116 4968 optime,
3151 4899 3320 4952 modo
3353 4897 3642 4952 subintel-

2005 4965 2156 5036 ligas
2185 4973 2321 5019 erat.

2076 5035 2206 5106 (29).
2245 5037 2327 5090 lta
2376 5051 2518 5110 mss.
2581 5036 2778 5107 plures
2807 5054 2872 5092 ac
2931 5037 3206 5109 potiores.
3261 5037 3372 5110 Alii
3431 5039 3644 5110 partim

2005 5122 2139 5180 cum
2172 5109 2289 5180 ant.
2324 5107 2484 5172 edit.,
2516 5110 2719 5176 furtive
2745 5107 2948 5179 captus
2995 5125 3116 5164 sum
3139 5127 3160 5162 .'
3227 5107 3449 5180 partim
3508 5126 3645 5180 cum

2007 5177 2198 5248 Rom.,
2229 5179 2376 5248 furto
2404 5177 2844 5248 surreptuss'un,
2879 5181 3017 5247 sive,
3049 5177 3292 5236 sublatus
3317 5197 3458 5236 sum.
3505 5179 3572 5235 ΙΝ
3583 5199 3644 5236 u-

2007 5247 2130 5302 lum
2162 5247 2233 5300 in
2258 5247 2347 5302 bis
2361 5249 2514 5308 quod
2532 5247 2600 5302 ad
2629 5266 2866 5305 sensum
2893 5251 3648 5308 discrimeanvolarcenim

2006 5319 2220 5374 dicitur
2249 5336 2282 5373 a
2310 5319 2436 5373 vola
2454 5335 2674 5391 manus
2705 5337 2822 5391 qua
2851 5323 3009 5378 fures
3039 5325 3107 5378 ad
3141 5323 3333 5378 aliena
3363 5323 3647 5379 sulfuran-

2007 5391 2082 5445 da
2110 5395 2283 5459 atque
2312 5388 2655 5444 occultanda
2687 5388 2768 5444 uti
2801 5391 3008 5447 solent.
3043 5394 3206 5449 Rom.
3229 5395 3366 5450 edit.
3399 5395 3647 5450 nonnul-

2007 5459 2229 5542 l_a"l_iuic
2259 5460 2568 5542 Scripturse
2601 5461 2781 5542 textui
2813 5461 3080 5542 inseruit,
3125 5482 3241 5537 quo
3271 5468 3461 5539 magis
3514 5483 3648 5542 cum

2009 5531 2518 5663 bXXtconveniret,
2549 5533 2652 5591 sed
2709 5531 2830 5592 haec
2861 5534 2932 5590 ad
2996 5531 3236 5596 sensum
3296 5531 3506 5614 parum
3563 5539 3652 5600 fa.-

2009 5620 2146 5666 omn
2178 5645 2190 5666 .
