3830 6206
323 322 439 381 687

1778 328 1841 384 S.
1888 326 2255 387 AMBlltlSll

3571 342 3666 402 688

325 452 516 542 omnis
546 453 838 525 potentiae,
870 454 1024 525 quod
1051 456 1167 527 regi
1201 454 1435 509 calicem
1468 456 1661 510 dabat.
1688 456 1816 511 llzec
1847 455 1963 528 glo-
1994 457 2044 523 Α
2079 457 2427 529 loquebatur
2456 463 2656 519 dicens
2678 465 2749 519 ad
2792 482 2964 520 eum:
3027 489 3055 516 ι(
3091 466 3308 523 Memor
3335 473 3453 524 esto
3480 486 3570 542 per
3593 477 3666 530 te-

326 542 411 595 ria
442 541 624 610 illius,
657 542 776 597 haec
810 543 1239 615 magniﬁcentia
1270 543 1327 597 in
1364 544 1472 598 hoc
1532 543 1744 599 sazculo
1780 562 1794 599 :
1856 545 1962 598 hac

322 630 701 687 defraudatus
729 632 961 687 dolebat
993 651 1005 699 ;
1042 631 1174 686 huic
1204 633 1464 688 redditus
1531 633 1960 705 gratulabatur.

322 718 433 775 Sed
460 718 571 776 hoe
598 721 893 776 somnium
925 725 1031 786 est,
1065 726 1122 775 et
1184 722 1378 777 omnis
1444 722 1701 793 potentia
1763 720 1958 776 szeculi

321 808 639 876 somnium,
672 825 788 864 non
818 810 1029 864 veritas
1059 814 1169 865 est.
1216 810 1474 882 Denique
1506 827 1607 882 per
1663 810 1961 865 somnium

318 897 464 953 vidit
491 897 654 952 reddi
682 898 1073 969 principatum
1108 915 1305 954 suum.
1334 900 1404 953 Et
1460 898 1641 955 Isaias
1679 899 1825 954 dicit
1884 899 1965 953 ita

313 998 446 1041 esse
484 984 823 1056 hujusmodi
854 986 1148 1055 homines,
1177 988 1278 1059 qui
1308 987 1369 1042 in
1400 987 1509 1042 hoc
1539 986 1750 1043 saeculo
1780 986 1963 1042 delec-

317 1077 517 1131 tantur
544 1075 822 1131 secundis
851 1076 1049 1145 rebus,
1077 1076 1231 1131 sicut
1269 1077 1371 1147 qui
1402 1077 1461 1130 in
1519 1076 1740 1131 somnis
1797 1093 1961 1131 man-

320 1162 497 1218 daeat
523 1167 582 1219 et
612 1163 778 1220 bibit.
811 1164 1043 1221 videtur
1080 1165 1193 1221 sibi
1253 1166 1380 1219 cibo
1439 1168 1541 1219 aut
1596 1169 1760 1235 potu,
1819 1165 1959 1219 dum

320 1251 558 1318 dormit,
591 1251 798 1323 repleri
835 1269 847 1306 :
881 1253 984 1308 sed
1013 1268 1151 1308 cum
1182 1252 1557 1324 evigilaverit,
1591 1252 1795 1323 incipit
1824 1269 1960 1307 esu-

319 1340 437 1396 rire
465 1339 722 1412 amplius
755 1359 768 1406 ;
801 1346 857 1395 et
886 1346 990 1395 tun
1024 1341 1332 1413 cintelligit
1373 1357 1549 1412 quam
1612 1341 1806 1395 inanis
1864 1340 1961 1395 ille

318 1428 484 1482 cibus
524 1433 582 1483 et
630 1433 799 1500 potus
870 1430 1039 1483 fuerit
1095 1430 1441 1484 somniantis
1498 1432 1605 1499 (Im
1662 1447 1814 1491 xxxx,
1857 1432 1957 1499 8):

319 1517 403 1571 sic
435 1517 531 1587 qui
566 1517 781 1571 dormit
810 1518 863 1571 in
925 1518 1031 1572 hoc
1093 1517 1324 1582 sarculo,
1395 1535 1496 1572 nec
1562 1518 1760 1572 oculos
1827 1535 1962 1589 ape-

317 1606 390 1661 rit
445 1605 517 1659 ad
577 1607 853 1677 mysteria
909 1606 1123 1672 divina,
1186 1608 1442 1677 quandiu
1503 1624 1709 1661 somno
1762 1624 1961 1678 grava-

314 1698 411 1747 tur
439 1695 718 1765 corporis,
751 1699 918 1767 putat
947 1695 1197 1766 alicujus
1230 1696 1653 1751 momentiesse
1678 1696 1825 1750 hanc
1858 1713 1960 1750 saa-

2077 547 2416 617 metipsum,
2454 574 2479 597 η
2512 550 2619 605 hoc
2650 556 2758 617 est,
2791 550 2877 608 vel
2909 553 3085 609 ofﬁcii
3116 553 3200 608 tui
3253 558 3666 629 comtemplatio-

2075 650 2147 688 ne
2175 636 2313 706 quid
2346 639 2604 694 audieris
2634 641 2955 697 recordare.
2989 642 3102 697 Sed
3148 644 3254 698 etsi
3286 661 3435 700 nunc
3486 647 3667 706 oblitus

2073 739 2156 787 es,
2191 740 2416 780 memor
2442 728 2557 782 eris
2587 729 2695 782 mei
2733 747 2746 787 ;
2781 733 2843 783 ut
2871 731 3085 785 evadas
3115 731 3669 807 periculum,quiobli-

2074 815 2168 865 tus:
2199 830 2260 867 es
2293 814 2661 871 beneﬁcium.
2695 818 2913 873 Tamen
2943 817 3133 874 elatus
3172 819 3422 891 potentia
3446 839 3547 878 non
3597 843 3665 881 re-

2072 900 2441 957 cordabatur.
2473 904 2540 957 Et
2569 910 2784 976 quanta
2806 905 2937 975 haec
2969 907 3245 980 potentia,
3277 909 3377 963 ubi
3424 910 3533 966 vini
3579 915 3667 969 mi-

2072 989 2379 1044 nisterium
2416 992 2550 1061 (32).
2586 992 2666 1047 En
2701 994 2854 1049 unde
2885 995 3550 1070 omnisjactantia;quia
3568 1007 3668 1058 erat

2073 1078 2400 1147 spadonum
2443 1081 2939 1154 praepositus,qui
2994 1083 3199 1139 vinum
3254 1084 3472 1157 poculis
3523 1089 3666 1162 regiis

2074 1165 2505 1222 ministrabant.

2139 1255 2229 1308 33.
2266 1277 2294 1303 ‹‹
2330 1256 2397 1309 Et
2429 1257 2647 1313 factum
2663 1263 2771 1323 est,
2802 1258 3016 1332 inquit,
3069 1265 3201 1332 post
3224 1261 3513 1318 biennium
3540 1265 3664 1335 (Gen.

2072 1359 2183 1407 xu,
2218 1344 2289 1409 1).
2327 1365 2348 1394 ι
2387 1344 2633 1401 Mentior
2662 1346 2731 1401 de
2760 1347 2865 1403 hoc
2896 1348 3078 1403 nostri
3115 1350 3391 1421 spadonis
3422 1356 3664 1426 tempore,

2074 1432 2181 1484 nisi
2211 1437 2265 1485 et
2296 1432 2419 1486 dies
2452 1435 2715 1489 convenit
2746 1437 2896 1505 (33);
2945 1437 3083 1509 quia
3111 1443 3244 1509 post
3272 1439 3552 1495 biennium
3596 1459 3663 1496 re-

2073 1520 2219 1588 ciapit
2252 1522 2529 1589 ofﬁcium,
2564 1539 2668 1577 nec
2704 1526 3038 1580 recordatus
3068 1532 3177 1592 est,
3217 1529 3317 1582 sed
3373 1529 3666 1585 admonitus

2072 1610 2350 1677 Cognovit
2379 1612 2531 1664 enim
2567 1612 2720 1682 quod
2749 1614 2924 1667 etiam
2964 1631 3205 1685 regnum
3239 1615 3428 1687 ipsum
3481 1618 3531 1671 in
3581 1617 3665 1673 hoc

2074 1697 2284 1751 saeculo
2316 1703 2467 1752 esset
2500 1701 2820 1767 somnium,
2850 1702 2949 1772 qui
2977 1719 3083 1757 suo
3116 1704 3343 1759 somnio
3371 1722 3478 1760 non
3518 1706 3664 1761 credi-

317 1782 573 1838 cularem
615 1786 955 1855 potentiam,
1008 1786 1174 1855 quasi
1207 1785 1263 1837 in
1310 1786 1533 1839 somnis
1577 1801 1704 1839 eam
1756 1785 1909 1839 videt
1944 1802 1954 1839 :
1992 1821 2037 1885 Β
2075 1786 2159 1839 dit
2196 1803 2208 1839 :
2242 1787 2445 1839 didicit
2476 1789 2649 1842 etiam
2683 1806 2930 1861 regnum
2955 1807 3081 1847 esse
3116 1793 3365 1859 somnia,
3397 1811 3492 1849 nec
3545 1796 3667 1866 ipso-

320 1872 415 1926 ubi
450 1871 827 1944 evigilaverit,
874 1873 1255 1944 deprehendit
1300 1892 1475 1945 quam
1534 1874 1724 1928 inanis
1778 1874 1953 1943 hujus

319 1960 510 2015 saeculi
541 1961 805 2032 voluptas
834 1962 929 2016 sit.

387 2050 476 2105 3|.
499 2050 814 2106 Considera
844 2066 997 2106 nunc
1030 2050 1196 2105 illum
1228 2067 1425 2105 verum
1461 2051 1764 2105 Hebraeum
1823 2051 1955 2119 (30),

319 2138 483 2195 illum
516 2156 631 2195 non
663 2140 902 2207 somnii,
935 2139 1034 2194 sed
1069 2139 1328 2194 veritatis
1357 2144 1412 2193 et
1469 2138 1755 2210 praeclarae
1786 2139 1955 2193 visio-

318 2228 411 2282 nis
443 2229 841 2299 interpretem,
872 2227 973 2299 qui
1001 2228 1073 2282 de
1104 2227 1423 2281 divinitatis
1457 2227 1556 2281 illa
1601 2227 1959 2299 plenitudine

318 2333 354 2372 ι
380 2316 646 2372 libertate
683 2316 935 2371 caelestis
967 2316 1163 2389 gratiae
1190 2316 1246 2369 in
1282 2316 1433 2370 hunc
1465 2331 1804 2387 corporeum
1842 2333 1960 2369 car-

317 2421 509 2461 cerem
544 2405 783 2470 venerit,
811 2422 985 2476 quem
1019 2421 1134 2459 non
1169 2404 1357 2476 potuit
1379 2404 1572 2459 saeculi
1606 2404 1785 2474 hujus
1834 2403 1953 2459 ille-

317 2495 491 2550 cebra
514 2499 763 2561 mutare,
799 2511 911 2548 non
947 2493 1069 2548 ulla
1097 2494 1421 2565 corruptela
1453 2493 1762 2548 mundanae
1794 2492 1956 2547 volu-

315 2584 495 2655 ptatis
523 2588 794 2651 evertere,
826 2583 923 2654 qui
960 2587 1217 2637 tentatus
1248 2599 1360 2636 non
1392 2582 1626 2646 decidit,
1667 2583 1959 2653 appetitus

316 2689 432 2727 non
463 2673 759 2745 appetivit,
793 2679 1086 2743 postremo
1115 2670 1444 2725 adulterina
1473 2671 1726 2742 quadam
1776 2675 1955 2741 Syna-

315 2776 475 2833 gogaa
502 2778 677 2816 manu
719 2764 878 2816 veste
928 2758 1189 2831 corporis
1239 2759 1661 2831 apprehensus,
1721 2775 1955 2814 carnem

315 2850 493 2915 exuit,
527 2849 674 2905 liber
704 2848 911 2904 mortis
941 2848 1221 2903 ascendit.
1255 2848 1625 2902 Calumniata
1653 2852 1742 2902 est
1771 2864 1955 2903 mere-

316 2938 450 3005 trix,
484 2937 581 2992 ubi
609 2953 741 2992 eum
774 2940 970 2991 tenere
1002 2953 1116 2991 non
1151 2936 1358 3008 potuit,
1391 2951 1563 3007 quem
1598 2952 1792 2991 carcer
1842 2954 1957 2990 non

320 3024 545 3092 terruit,
578 3041 694 3080 non
724 3024 951 3079 interna
979 3028 1292 3080 tenuerunt
1317 3042 1330 3080 :
1363 3026 1505 3097 quin
1531 3024 1705 3079 etiam
1729 3041 1844 3096 quo
1865 3041 1957 3079 ve-

321 3116 429 3171 luti
458 3115 791 3187 puniendus
827 3114 1226 3181 descenderat,
1261 3114 1394 3169 inde
1451 3113 1598 3169 alios
1651 3114 1955 3169 liberavit:

2070 1892 2197 1929 rum
2234 1881 2545 1946 potestates
2576 1894 2704 1932 esse
2737 1883 3070 1950 perpetuas.
3107 1881 3217 1935 Sed
3250 1881 3365 1937 cito
3420 1882 3559 1939 hunc
3602 1882 3666 1939 lo-

2065 1980 2199 2018 curr.
2234 1969 2532 2034 praetereat
2553 1966 2734 2031 dolor,
2770 1984 2841 2021 ne
2860 1967 2989 2038 ipsa
3002 1971 3543 2026 commemoratione
3561 1989 3664 2027 cru-

2067 2050 2263 2104 descat
2295 2067 2307 2104 :
2344 2069 2411 2104 ne
2444 2050 2629 2122 ipsius
2660 2052 2898 2123 quidem
2932 2056 3228 2111 sermonis
3253 2058 3361 2113 mei
3412 2060 3664 2113 meminis-

2069 2155 2129 2193 se
2162 2139 2425 2205 delectat,
2461 2156 2635 2211 quem
2670 2145 2809 2196 tunc
2842 2145 3123 2215 temporis
3153 2145 3243 2199 vel
3301 2146 3548 2202 effuderit
3586 2148 3664 2203 do-

2070 2227 2176 2291 lor,
2208 2228 2295 2281 vel
2326 2230 2630 2282 extorserit
2666 2229 2935 2285 Ecclesia:
2984 2234 3361 2289 contumelia.
3632 2283 3652 2301 .,

2137 2318 2226 2372 34.
2261 2317 2607 2371 Admonitus
2638 2334 2774 2390 ergo
2806 2320 2894 2373 sui
2930 2336 3032 2392 per
3060 2322 3360 2378 somnium
3400 2324 3541 2397 regis
3573 2324 3662 2379 ait:

2070 2429 2097 2455 ‹‹
2131 2406 2436 2459 Peccatum
2482 2423 2676 2461 meum
2724 2409 2995 2463 recordor
3024 2411 3661 2484 (lbid.9).»Seraquidem

2070 2495 2181 2548 ista
2204 2500 2313 2557 est,
2336 2495 2435 2549 sed
2470 2496 2693 2551 utinam
2733 2512 2866 2551 vera
2897 2498 3187 2553 confessio
3215 2500 3226 2554 l
3252 2500 3386 2556 Post
3415 2506 3662 2573 peccatum

2070 2583 2285 2648 fateris,
2313 2584 2465 2654 quod
2500 2589 2630 2638 ante
2656 2590 2960 2655 peccatum
2994 2603 3197 2643 cavere
3217 2590 3659 2655 debueras.0uam

2068 2672 2180 2726 cito
2210 2672 2428 2726 oblitus
2460 2678 2649 2727 l‘ueras
2684 2690 2695 2725 :
2732 2698 2757 2722 ‹‹
2806 2674 3026 2729 Memor
3055 2680 3180 2731 esto
3244 2677 3353 2732 mei
3413 2678 3547 2748 (Gen.
3592 2694 3659 2745 ιι,

2068 2761 2177 2831 Η).
2207 2784 2233 2809 ››
2260 2760 2385 2814 Seis
2420 2776 2626 2832 nempe
2685 2767 2823 2816 tunc
2878 2765 3158 2835 temporis
3190 2765 3349 2821 hunc
3391 2766 3550 2821 fuisse
3574 2782 3663 2821 ser-

2069 2864 2300 2903 monem
2326 2849 2445 2902 :sed
2465 2848 2667 2904 btusas
2685 2866 2854 2904 aures
2885 2850 3141 2907 habebas
3174 2853 3327 2909 fastu
3359 2853 3608 2926 potentia,
3625 2857 3665 2908 et

2067 2937 2183 2993 vini
2215 2937 2412 2992 ebrius
2436 2954 2549 2992 non
2562 2938 2839 2994 audiebas
2864 2942 3038 2995 verba
3052 2941 3404 2998 sobrietatis.
3428 2944 3517 2997 Vel
3540 2958 3662 2997 nunc

2070 3032 2363 3082 memento
2398 3026 2531 3091 mei,
2564 3028 2663 3098 qui
2698 3033 2997 3098 peccatum
3026 3045 3153 3084 sero
3186 3030 3403 3086 fateris.
3451 3031 3543 3096 Qui
3585 3046 3655 3084 ro-

2074 3131 2177 3186 gas
2210 3114 2503 3169 servulum
2537 3116 2771 3181 Christi,
2805 3133 2910 3171 cur
2938 3117 3257 3174 Dominum
3307 3120 3523 3192 negas?
3570 3118 3660 3172 lue-

325 3204 425 3260 ubi
458 3182 566 3275 ipsi
598 3204 1040 3275 stringebantur
1071 3204 1276 3259 mortis
1319 3202 1570 3269 vincula,
1623 3202 1701 3257 ibi
1752 3202 1963 3259 laxavit
1992 3182 2035 3248 C
2077 3182 2266 3258 briare
2289 3205 2415 3274 jam
2448 3220 2563 3259 non
2596 3207 2749 3273 vino,
2778 3206 2878 3259 sed
2911 3206 3130 3276 Spiritu
3173 3182 3410 3263 sancto:
3431 3206 3659 3262 Recorda-

325 3296 450 3368 ipse
479 3291 711 3348 vincula
750 3298 1135 3349 mortuorum.

398 3385 487 3439 32.
521 3382 837 3439 Considera
864 3399 1001 3454 ergo
1031 3365 1539 3437 istum'Hebraeum
1562 3380 1851 3435 dicentem
1877 3379 1961 3435 illi

322 3475 699 3551 praepositum
732 3472 1079 3544 spadonum,
1115 3471 1214 3542 qui
1263 3476 1626 3526 contraxerat
1682 3472 1961 3526 otl'ensam

1742 3560 1963 3615 Memor

324 3566 567 3638 regiam,
601 3578 775 3634 quem
820 3561 1148 3614 restituerat
1192 3560 1415 3615 muneri
1450 3576 1555 3615 suo
1591 3577 1603 3613 :
1657 3582 1685 3609 «ι

325 3660 448 3711 esto
478 3670 580 3725 per
608 3651 1005 3720 temetipsum,
1033 3666 1167 3703 cum
1198 3650 1304 3703 tibi
1337 3650 1479 3703 bene
1507 3651 1616 3702 erit
1643 3664 1655 3703 :
1690 3653 1744 3702 et
1785 3648 1959 3704 facies

318 3744 378 3800 in
410 3758 504 3798 me
543 3737 1028 3802 misericordiam,
1060 3745 1115 3792 et
1162 3755 1384 3792 memor
1446 3737 1561 3791 eris
1629 3738 1739 3791 mei
1796 3740 1950 3808 (Cen.

304 3848 385 3898 xl,
429 3833 530 3903 16).
568 3853 595 3878 ››
622 3814 753 3884 Ideo
780 3827 1036 3882 secundo
1068 3828 1351 3896 repetivit,
1395 3828 1534 3896 quia
1564 3827 1781 3881 sciebat
1836 3844 1948 3882 non

304 3922 741 3978 recordaturum
774 3916 913 3988 quid
947 3914 1224 3970 evasisset
1263 3914 1513 3985 injurias,
1562 3932 1695 3969 cum
1748 3921 1950 3986 poten-

300 4013 445 4067 tiam
472 4006 944 4080 recepisset.ldeo
967 4004 1223 4060 secundo
1250 4003 1720 4075 admonuit,quia
1742 4020 1946 4059 secun-

299 4100 373 4155 do
395 4092 1426 4167 liberaverit;utsipriorisbeneﬁcii
1477 4109 1612 4147 eum
1664 4094 1946 4148 memoria

301 4204 415 4243 non
439 4190 680 4250 teneret,
710 4188 798 4239 vel
846 4182 1184 4255 posterioris
1206 4182 1451 4250 subiret,
1484 4199 1599 4236 non
1622 4182 1943 4257 despiceret

299 4282 592 4332 auctorem
625 4273 835 4329 salutis
870 4290 1009 4338 sure,
1045 4289 1159 4326 non
1207 4272 1428 4343 perﬁda
1472 4271 1942 4341 praevaricatione

297 4364 553 4419 violaret.
581 4362 691 4417 Sed
725 4362 877 4433 quod
912 4362 1078 4433 pejus
1108 4366 1217 4425 est,
1254 4361 1366 4414 cito
1417 4360 1679 4414 beneﬁcii
1741 4360 1941 4430 irrepit

294 4452 451 4508 496
469 4450 677 4506 oblivio
711 4448 983 4504 secundis
1015 4449 1207 4503 rebus.
1242 4448 1525 4503 Redditus
1584 4447 1773 4501 ol’ﬁcio
1832 4463 1937 4501 suo

2078 3310 2136 3349 re
2168 3293 2305 3365 quid
2337 3311 2548 3364 passus
2578 3293 2674 3357 sit,
2707 3310 2841 3347 cum
2874 3310 2987 3365 quo
3013 3295 3285 3352 dormisti
3318 3313 3565 3353 somnum
3590 3300 3660 3348 tu-

2078 3400 2199 3449 um,
2232 3387 2287 3438 et
2316 3382 2619 3438 somniasti
2654 3383 3183 3455 somnium.Etipse
3204 3385 3529 3458 praepositus
3545 3389 3651 3443 erat.

2075 3477 2130 3527 et
2161 3471 2504 3544 praepositus
2535 3470 2838 3543 epularum
2863 3472 3034 3544 regis,
3069 3489 3201 3544 quas
3232 3475 3305 3530 ad
3343 3492 3481 3546 opus
3519 3474 3657 3545 pisto-

2071 3562 2224 3616 rium
2260 3560 2644 3631 pertinebant.
2680 3560 3002 3616 Sublimem
3026 3578 3087 3615 se
3117 3578 3251 3618 esse
3279 3559 3655 3630 credebat,quia

2070 3650 2128 3705 in
2162 3653 2445 3721 potestate
2492 3647 2743 3703 habebat
2809 3666 3016 3721 panem
3087 3650 3359 3722 regium:
3417 3648 3655 3706 nesciebat

2070 3741 2287 3794 multos
2317 3737 2617 3792 anfractus
2641 3754 2769 3792 esse
2815 3738 2993 3809 hujus
3049 3741 3347 3810 potentiae.
3382 3737 3655 3795 Minabatur

2065 3828 2216 3895 aliis,
2251 3828 2373 3898 ipse
2402 3843 2537 3881 mox
2560 3825 2847 3897 supplicio
2878 3825 3181 3881 dedendus
3208 3832 3491 3892 extremo;
3527 3820 3651 3880 audi-
3750 3852 3751 3898 ί

2062 3918 2143 3970 vit
2170 3933 2327 3981 eum,
2362 3915 2462 3987 qui
2491 3915 2623 3970 licet
2651 3915 2918 3971 servulus
2948 3915 3209 3984 Domini,
3260 3921 3449 3972 tamen
3500 3914 3654 3983 loque-

2060 4007 2235 4061 batur
2265 4004 2566 4059 oraculum
2601 4020 2615 4057 ε
2651 4003 2806 4075 quod
2838 4002 3027 4075 ipsius
3057 4005 3229 4074 iussu
3265 4004 3433 4076 regis,
3463 4003 3524 4058 de
3563 4013 3653 4071 quo

2059 4094 2169 4150 sibi
2204 4092 2528 4166 plurimum
2559 4090 2988 4158 blandiebatur,
3021 4098 3201 4164 caput
3244 4094 3550 4149 amissurus
3585 4103 3653 4142 es-

2056 4188 2166 4245 set,
2198 4199 2333 4237 esca
2364 4181 2566 4237 avibus
2588 4179 3101 4252 derelinquendus.
3136 4180 3242 4237 Vel
3274 4181 3379 4237 hoc
3409 4184 3458 4235 te
3499 4191 3651 4234 exem-

2054 4271 2216 4343 plum
2249 4287 2518 4327 revocare
2538 4270 2807 4334 debebat,
2844 4274 2907 4324 ut
2934 4268 3194 4341 perﬁdiae
3227 4287 3340 4325 non
3372 4267 3615 4324 crederes.

2122 4362 2209 4415 35.
2244 4360 2393 4414 Sunt
2422 4362 2480 4413 et
2512 4357 2625 4413 alia
2655 4356 2921 4429 exempla
2962 4358 3034 4414 de
3084 4358 3238 4413 fastu
3269 4362 3326 4413 et
3379 4352 3639 4428 fragilitate

2051 4449 2455 4504 ministrorum
2499 4446 2805 4518 regalium,
2840 4462 2968 4517 quae
3025 4445 3364 4518 posterioris
3418 4437 3646 4514 temporis

3754 3662 3755 3733 l

295 4557 412 4597 non
441 4546 531 4595 est
563 4554 785 4593 memor
819 4539 1004 4593 factus
1036 4536 1389 4608 interpretis,
1422 4536 1522 4591 sed
1573 4535 1789 4591 oblitus
1846 4542 1933 4591 est
1960 4543 2008 4608 υ
2042 4538 2288 4595 historia
2317 4538 2513 4593 habet.
2551 4538 2618 4591 Et
2652 4535 2836 4591 llocch
2870 4536 3220 4607 praepositus
3251 4539 3394 4602 erat,
3440 4536 3491 4587 et
3538 4543 3644 4602 prat-

290 4644 425 4685 eum
457 4628 589 4699 (31).
624 4628 731 4681 Sed
763 4625 873 4681 etsi
897 4625 991 4680 ille
1012 4625 1482 4691 obliviscebatur,
1515 4624 1779 4679 Christus
1815 4641 1927 4680 non

292 4716 746 4775 obliviscebatur
776 4730 790 4769 :
826 4715 924 4769 sed
952 4713 1301 4784 loquebatur
1331 4714 1403 4779 ei,
1437 4719 1493 4768 et
1514 4730 1616 4785 per
1631 4715 1926 4769 servulum

330 4834 469 4907 '(30)
500 4832 646 4907 Edit.
681 4846 883 4907 omnes
914 4847 1044 4907 cum
1091 4830 1319 4907 duobus
1354 4846 1549 4907 mss.,_
1580 4846 1764 4907 verum
1821 4832 1925 4886 lie-

285 4901 507 4963 brirunz.
542 4904 681 4960 Mss.
716 4904 936 4969 decem,
971 4904 1150 4956 virum
1178 4903 1484 4957 Hebraeum.
1514 4902 1579 4955 Et
1602 4901 1773 4972 paulo
1801 4909 1928 4969 post

284 4979 384 5034 ubi
420 4979 584 5033 Rom.
618 4976 790 5041 edit.,
823 4992 886 5028 ac
917 4975 1178 5039 ubertate,
1208 4979 1382 5042 atque
1412 4972 1549 5027 edit.
1598 4978 1816 5027 veteres
1868 4980 1926 5029 et

281 5051 398 5106 duo
430 5066 572 5104 mss.
602 5047 931 5111 nobiscum,
963 5062 996 5099 ιι
1029 5047 1295 5108 libertate,
1331 5044 1526 5097 dorem
1563 5042 1656 5123 alii
1709 5045 1924 5099 habent

280 5123 351 5177 ad
379 5122 706 5176 libertatem.

352 5194 483 5263 (31).
518 5190 697 5245 Addit
729 5190 893 5263 Rom.
927 5186 1091 5263 edit.,
1124 5187 1306 5256 lnquit
1336 5187 1483 5263 enim
1517 5201 1529 5238 :
1588 5186 1655 5263 βε
1698 5202 1923 5263 nonre-

277 5257 526 5319 cordatus
556 5269 633 5316 est
656 5262 981 5332 prwpositus
1008 5261 1398 5329 pincernarum
1416 5257 1637 5327 Ioseph,
1658 5258 1747 5311 sed
1777 5258 1919 5313 obli-

279 5343 364 5389 tus
393 5343 471 5389 est
496 5335 632 5395 ejus.
666 5332 943 5395 Rediitus,
965 5336 1074 5384 etc.

349 5408 482 5474 (32).
512 5399 608 5457 Sic
634 5404 773 5457 edit.
808 5400 970 5464 Gill..
1005 5401 1170 5474 Rom.
1200 5400 1549 5474 etquinqu_e
1614 5415 1752 5474 mss.
1809 5399 1920 5455 Alii

277 5470 410 5530 vero
435 5479 678 5546 septem.
712 5474 808 5527 ubi
838 5474 957 5546 vini
997 5472 1363 5546 ministerium
1397 5474 1433 5546 ?_
1481 5471 1545 5524 Et
1577 5470 1757 5546 unde,
1818 5480 1915 5526 etc.

277 5547 350 5602 At
378 5541 521 5601 edit:
541 5549 668 5598 Am.
695 5549 869 5614 atque
903 5543 1122 5598 Era.....
1156 5543 1527 5614 ministerium
1564 5541 1808 5597 inundet.

349 5614 616 5689 (33)_Vet.
651 5613 816 5689 edit.,
850 5614 911 5665 Et
930 5614 1135 5689 factum
1164 5614 1260 5689 est,
1294 5613 1505 5685 inquit,
1536 5616 1657 5689 post
1702 5614 1916 5689 bienni-

276 5682 391 5753 νηὶ.
422 5682 620 5746 Manlio
649 5683 712 5745 de
742 5684 839 5740 hoc
868 5683 1045 5740 nostri
1071 5682 1310 5757 spadone
1342 5682 1601 5761 temporis
1640 5699 1749 5744 non
1781 5685 1916 5745 alia.

2043 4628 2269 4700 positus
2291 4626 2446 4697 regis
2468 4623 2817 4680 animalium
2857 4623 2931 4678 ad
2977 4623 3349 4695 disciplinam
3395 4618 3637 4677 mulorum

2037 4715 2285 4787 (31;),hoc
2305 4713 2748 4785 est,spadonum
2766 4711 3246 4767 animalium.Hic
3260 4723 3482 4782 quoque
3497 4717 3627 4762 sacer

2035 4833 2101 4887 de
2127 4847 2311 4897 causa,
2342 4830 2455 4884 nisi
2482 4827 2622 4897 quod
2659 4836 2708 4883 et
2730 4827 2843 4883 dies
2906 4828 3182 4897 convenit.
3244 4826 3417 4888 Rom.,
3439 4893 3447 4897 _
3469 4820 3641 4873 Factum

2034 4909 2109 4959 est
2132 4893 2316 4958 autern
2338 4909 2457 4972 post
2485 4893 2791 4964 biennium,
2815 4896 3031 4972 Pharao
3080 4896 3218 4952 uidit
3274 4893 3636 4972 somnium,

2035 4956 2458 5032 olentiode'hoc
2488 4972 2666 5025 nostri
2718 4956 2979 5041 spadonis
3032 4974 3307 5041 tempore,
3359 4980 3459 5041 non
3510 4956 3635 5041 aliti}

2035 5027 2178 5100 Hes.
2220 5027 2351 5117 vero
2385 5040 2530 5095 utin
2562 5027 2881 5117 textu:n_isi
2942 5039 3096 5112 quod
3143 5027 3213 5093 'in
3276 5027 3503 5117 duobus.
3533 5027 3635 5117 Ῑίξξξς

2032 5098 2197 5171 tur...
2232 5115 2297 5169 de
2328 5122 2424 5169 hoc
2454 5114 2630 5168 nostri
2674 5098 2914 5183 spadone
2960 5098 3242 5182 temporis,
3300 5108 3413 5183 nisi
3461 5104 3504 5157 et
3548 5098 3632 5183 αἰξί

2031 5188 2336 5243 conveniat.
2370 5184 2472 5239 Hic
2503 5200 2676 5255 porro
2704 5179 3081 5255 Calligouum
3105 5179 3439 5236 eunuchum
3470 5190 3504 5255 a.
3527 5181 3632 5255 ,θεῷ’

2032 5265 2123 5315 cto
2157 5255 2403 5329 praesule
2430 5244 2807 5329 designatum
2839 5244 2992 5329 haud
3025 5254 3151 5308 sine
3204 5266 3379 5307 causa
3432 5244 3628 5329 arbitr:-

2034 5311 2212 5386 initi:
2248 5327 2388 5399 quia
2414 5326 2483 5399 de
2517 5311 2884 5399 rejconsulas
2939 5324 3074 5380 licet
3101 5329 3362 5378 nostram
3392 5317 3456 5373 ad
3508 5311 3623 5366 hunc

2030 5396 2343 5456 tractatum
2370 5396 2867 5453 Admonitionem.

2102 5418 2343 5455 multum
2370 5418 2867 5453 Λαῐῐιυωιιυῐιειιι.

2102 5472 2213 5552 (34)
2244 5472 2325 5524 Ita
2351 5485 2496 5552 .mss.
2534 5473 2779 5552 sep_tem_
2815 5465 3074 5552 melioris
3123 5469 3289 5552 notae.
3353 5460 3484 5552 Qui
3522 5460 3621 5552 02$
3718 5418 3721 5513 Α

2029 5514 2503 5619 εάὶῖ.τί,ξ;ιῑιίξ;ιῑξ;
2535 5514 2779 5606 intra
2803 5514 3323 5613 {zac'a'sue'raa
3356 5514 3504 5594 Tres,
3553 5514 3621 5575 at
3716 5522 3719 5619 φ

2019 5616 2221 5688 jiciam
2244 5612 2546 5671 mutorum.
