3830 6206
146 465 252 529 689

1166 457 1398 524 LIBER
1441 461 1542 523 DE
1582 454 1872 526 JOSEPH
1912 456 2454 526 PATRIARCHA.‘

3384 457 3506 525 690

146 599 318 658 dotem
349 592 573 653 Domini
604 590 830 665 detulit,
863 596 920 651 et
961 592 1164 652 ﬁrsude
1205 612 1398 666 regem
1441 595 1755 653 commovit
1780 600 1836 669 Α
1865 599 2037 668 patus
2082 593 2172 653 sui
2206 598 2459 654 servaret
2487 593 2662 667 artati,
2694 593 2917 672 reliquo
2963 610 3197 671 quoque
3240 593 3505 671 tempore

144 688 194 744 in
222 683 526 743 sacerdotis
562 682 905 757 periculum,
937 687 994 739 et
1040 683 1136 740 hic
1184 686 1331 740 491
1383 688 1560 757 Syrus
1608 690 1750 740 erat.

144 778 275 834 Num
299 773 558 841 mentior,
581 773 814 845 quando
835 775 891 828 et
912 772 1099 844 patria
1118 777 1175 828 et
1195 774 1345 829 facta
1366 774 1753 829 conveniunt?

142 871 305 922 Aman
346 878 572 935 quoque
602 858 870 917 cubiculo
902 859 1056 932 regis
1105 865 1163 917 et
1208 861 1333 934 ipse
1382 862 1750 933 praepositus,

144 956 264 1011 dum
293 953 558 1007 invadere
579 948 857 1005 ecclesias
876 950 1105 1005 Domini
1138 950 1405 1021 improba
1425 951 1754 1006 temeritate

139 1032 429 1106 contendit,
475 1038 875 1112 populumque
907 1037 1135 1093 ﬁdelem
1169 1039 1420 1110 spoliare
1451 1056 1516 1094 ac
1560 1056 1750 1111 perse-

138 1126 239 1204 qui,
268 1129 534 1202 gravibus
566 1126 873 1199 sacrilegia
901 1126 1207 1199 suppliciis
1238 1127 1532 1198 expendit.

737 1216 967 1272 CAPUT
1004 1216 1124 1271 VII.

137 1306 311 1363 Educta
330 1306 520 1377 Ioseph
549 1304 613 1360 de
639 1320 855 1360 carcere
894 1306 1039 1373 regis
1087 1307 1363 1377 somnium
1408 1305 1751 1375 proponitur,

190 1396 217 1433 a
246 1394 340 1448 quo
367 1385 417 1432 et
448 1374 786 1448 explicatur.
821 1379 928 1431 Hoc
974 1378 1287 1431 Ambrosius
1318 1374 1433 1431 tum
1478 1374 1637 1430 rebus
1665 1376 1757 1429 sui

187 1450 448 1520 temporis,
480 1456 597 1503 tum
638 1450 902 1518 praesenti
928 1455 979 1502 et
1008 1450 1199 1518 futuro
1219 1448 1423 1502 amulo
1448 1461 1753 1520 accommo-

334 1522 531 1575 Postea
581 1517 795 1589 Iosephi
845 1521 1096 1590 prwmia,
1145 1520 1480 1590 conjugium,
1537 1517 1753 1590 liberos,

188 1593 442 1662 frumenti
488 1589 929 1662 distributionem
958 1592 1184 1662 mystice
1229 1589 1294 1644 de
1330 1590 1560 1662 Christo
1584 1589 1750 1662 inter-

180 1660 568 1734 pretatur;_ae
615 1661 833 1717 tandem
886 1676 982 1716 nos
1031 1660 1100 1715 ad
1148 1660 1434 1716 emendum
1477 1660 1753 1731 spiritalia

186 1732 437 1788 alimenta
465 1732 736 1787 hortatur.

185 1822 263 1876 36.
296 1822 401 1876 Sed
436 1824 800 1877 revertamur
829 1819 899 1876 ad
945 1819 1124 1875 istum
1175 1819 1292 1874 vini
1346 1818 1750 1891 prepositum,

133 1909 217 1982 qui
247 1909 406 1981 quasi
452 1909 639 1965 multo
685 1910 883 1965 ebrius
933 1925 1091 1964 mero
1139 1908 1403 1964 beneﬁcii
1451 1910 1748 1964 auctorem

131 1998 321 2054 oblitus
350 2004 435 2055 est
466 1998 569 2054 diu
602 2015 616 2054 :
649 1998 962 2069 aliquando
1002 2002 1220 2064 tamen,
1270 2002 1335 2052 ut
1382 1996 1504 2069 regi
1551 1995 1746 2068 provi-

130 2087 268 2144 deret
296 2088 691 2161 interpretem,
718 2104 834 2143 non
856 2087 1023 2159 quasi
1046 2090 1268 2159 gratus,
1296 2087 1396 2142 sed
1429 2086 1598 2158 quasi
1629 2084 1744 2141 cal-

129 2176 262 2233 lidus
290 2177 581 2232 intimavit
609 2175 817 2231 seriem
864 2176 942 2231 rei
984 2180 1178 2248 gestze.
1212 2177 1334 2241 Quo
1365 2174 1614 2247 cognito,
1649 2189 1746 2229 rex

128 2281 333 2338 quoque
359 2281 493 2321 eum
538 2264 723 2336 jussit
762 2263 1052 2329 accersiri,
1102 2269 1453 2335 erutumque
1501 2263 1572 2318 de
1621 2279 1744 2317 car-

128 2369 236 2409 cere
264 2354 656 2427 interrogavit,
690 2352 740 2407 si
772 2357 969 2425 posset
1015 2351 1379 2425 interpretari
1429 2352 1541 2408 sibi
1590 2367 1745 2406 som-

130 2443 292 2497 nium.
314 2443 493 2514 Cujus
529 2441 931 2514 explanatione
952 2440 1294 2507 delectatus,
1323 2438 1567 2497 removit
1592 2440 1744 2511 inju-

129 2528 274 2599 riam,
306 2530 590 2587 honorem
631 2529 857 2585 detulit.
894 2531 1095 2602 Itaque
1140 2529 1328 2585 videte
1356 2530 1404 2584 si
1438 2546 1551 2584 non
1602 2545 1744 2600 prse-

128 2620 367 2675 sentibus
393 2624 447 2675 et
478 2619 599 2674 ista
622 2619 990 2675 conveniunt.
1026 2617 1249 2690 Injuria
1278 2617 1439 2673 illata
1468 2621 1555 2673 est
1584 2616 1747 2689 prius

129 2725 284 2780 quam
315 2712 764 2782 cognosceretur
793 2724 824 2763 a
857 2724 989 2779 rege
1019 2725 1031 2762 :
1061 2707 1248 2780 gratia
1268 2707 1468 2774 relata,
1493 2707 1591 2762 ubi
1624 2706 1745 2777 regi

128 2802 203 2852 est
227 2798 527 2873 cognitus;
545 2798 628 2852 Ita
656 2814 756 2851 rex
792 2801 956 2852 vacat
985 2796 1184 2867 culpa;
1218 2796 1356 2867 quia
1382 2800 1441 2851 et
1482 2795 1539 2850 id
1592 2794 1747 2867 quod

128 2885 331 2957 excepit
374 2885 463 2941 vir
509 2889 752 2941 sanctus
803 2884 1049 2956 injuriae,
1092 2884 1346 2940 alienum
1400 2884 1508 2940 fuit
1541 2902 1553 2938 :
1588 2888 1645 2939 et
1688 2884 1747 2939 id

129 2976 264 3045 quod
295 2974 509 3047 recepit
541 2974 760 3046 gratiae,
795 2974 947 3046 regis
978 2977 1066 3029 est
1096 2973 1416 3045 preprium.

187 3064 269 3117 37.
302 3063 611 3119 Somnium
662 3066 856 3118 autem
906 3063 1056 3132 eius,
1089 3067 1145 3117 et
1190 3060 1592 3133 interpretatio
1641 3059 1748 3114 hu-

125 3151 363 3218 jusmodi
394 3157 484 3208 est
517 3152 630 3223 (35)
665 3169 677 3205 :
705 3174 733 3200 ‹‹
765 3152 1154 3221 Quaecunque.
1178 3149 1391 3220 inquit,
1417 3149 1551 3204 facit
1576 3149 1750 3215 Deus,

132 3240 359 3295 ostendit
389 3241 637 3295 Pharao.
663 3240 893 3311 Septem
925 3254 1109 3293 vacem
1152 3239 1335 3305 bonae,
1360 3241 1582 3308 septem
1613 3237 1751 3291 anni

1863 684 2027 758 larga
2058 686 2316 743 donandi
2363 685 2662 744 afﬂuentia
2701 685 3105 745 redundasset.
3140 684 3250 744 Sed
3292 686 3504 743 immo-

1863 774 1993 829 dica
2021 775 2120 829 aevi
2166 774 2484 847 superioris
2514 775 2720 831 eil‘usio
2750 776 2928 832 etiam
2976 776 3298 848 posteriora
3326 774 3503 832 desti-

1863 862 1994 927 tuit,
2030 868 2086 917 et
2130 862 2396 917 homines
2418 863 2757 935 diripientes
2798 865 3087 932 universa,
3120 863 3374 935 aliquem
3405 864 3505 920 Jo-

1863 949 2004 1021 seph
2038 949 2312 1006 adhibere
2343 950 2636 1008 nolebant.
2672 953 2790 1007 Etsi
2822 970 2937 1009 non
2968 968 3073 1025 ego
3102 951 3318 1025 Joseph
3347 952 3506 1026 (quis

1862 1037 2017 1093 enim
2076 1037 2255 1103 istud)
2313 1038 2639 1095 clamabam
2690 1041 2824 1111 (3G),
2876 1046 3069 1097 tamen
3114 1057 3318 1097 vaccas
3374 1038 3506 1097 illas

1864 1125 2110 1197 pingues
2142 1143 2256 1182 non
2290 1126 2482 1182 solum
2520 1126 2840 1194 lasciviam,
2864 1129 2967 1185 sed
2998 1129 3172 1183 etiam
3212 1128 3502 1185 incuriam

1865 1213 2071 1269 divinae
2103 1214 2436 1287 signiﬁcare
2475 1215 2802 1271 reverentiae
2834 1217 2926 1289 (de
2958 1217 3196 1288 perﬁdis
3226 1216 3383 1274 enim
3410 1217 3501 1272 di-

1865 1305 2021 1357 ctum
2064 1308 2152 1358 est
2186 1320 2198 1357 :
2232 1324 2258 1357 α
2288 1304 2464 1359 Tauri
2512 1304 2760 1377 pingues
2808 1305 3161 1360 obsederunt
3205 1320 3297 1360 me
3328 1304 3495 1375 (Psal.

1863 1407 1976 1458 χχι,
2013 1391 2192 1461 13);››
2225 1395 2276 1447 et
2312 1392 2381 1447 de
2429 1391 2762 1448 Judteorum
2811 1392 3027 1465 populo
3077 1393 3358 1464 scriptum
3413 1395 3502 1449 est

1864 1478 2038 1548 (Deut.
2081 1497 2256 1546 xxxix,
2291 1480 2377 1550 t5)
2412 1498 2423 1535 :
2457 1502 2484 1530 α
2516 1480 2940 1553 Impinguatus,
2990 1481 3143 1537 498
3190 1485 3246 1536 et
3288 1481 3501 1538 obesus

1863 1565 2071 1633 factus,
2107 1571 2163 1621 et
2191 1566 2469 1624 dilatatus
2499 1572 2606 1636 est,
2638 1572 2695 1623 ct
2731 1568 3042 1640 dereliquit
3070 1585 3202 1624 eum
3238 1568 3334 1640 qui
3366 1569 3502 1625 fecit

1862 1654 2040 1725 eum),
2071 1678 2099 1702 ››
2130 1658 2185 1710 et
2214 1654 2341 1710 ideo
2372 1656 2667 1712 somnium
2707 1654 2852 1711 illud
2892 1655 3289 1712 redundantia;
3319 1672 3500 1713 seacu-

1861 1740 2002 1797 laris
2032 1746 2378 1814 perpetuum
2409 1760 2537 1799 esse
2566 1761 2681 1800 non
2722 1761 2893 1817 posse
2926 1761 2938 1799 :
2972 1744 3092 1801 fore
3120 1748 3350 1817 tempus
3384 1760 3500 1818 quo

1860 1829 1952 1886 his
1984 1830 2167 1886 fames
2198 1832 2345 1886 dura
2375 1832 2727 1889 succederet.

1929 1918 2017 1973 39.
2050 1919 2165 1974 Nec
2196 1923 2390 1976 tamen
2419 1920 2530 1976 hoc
2559 1921 2854 1977 somnium
2887 1922 2988 1977 uni
3019 1924 3119 1977 aut
3148 1921 3379 1978 duobus
3410 1921 3502 1977 de-

1855 2010 2245 2063 monstratum
2275 2009 2546 2077 arbitror,
2572 2010 2672 2065 sed
2702 2010 2974 2065 omnibus
3006 2010 3401 2081 propositum;
3433 2026 3500 2066 eo

1854 2096 2009 2168 quod
2043 2100 2265 2168 septem
2297 2097 2435 2152 anni
2465 2098 2637 2153 istius
2678 2098 2884 2154 mundi
2933 2098 3201 2170 pingues,
3230 2102 3285 2154 et
3314 2114 3501 2154 saecu-

1852 2183 1959 2239 lari
1991 2184 2251 2240 ubertate
2290 2185 2490 2258 opimi,
2522 2186 2949 2241 absorbeantur
2982 2186 3053 2241 ab
3104 2184 3222 2241 illis
3268 2184 3500 2242 saeculis

1855 2290 1981 2344 qua:
2014 2274 2211 2328 futura
2241 2279 2399 2340 sunt,
2425 2274 2486 2329 in
2512 2273 2729 2346 quibus
2748 2279 3028 2346 perpetua
3057 2274 3244 2345 quies,
3270 2278 3327 2330 et
3356 2272 3501 2346 legis

1854 2361 2221 2417 observantia
2277 2361 2579 2433 spiritalis,
2612 2378 2793 2434 quam
2850 2362 3118 2435 Ephrzem
3164 2361 3263 2418 illa
3310 2361 3502 2419 tribus

1854 2453 2085 2520 patrum
2119 2450 2249 2504 Deo'
2274 2450 2571 2505 fructuosa
2620 2450 2898 2507 custodit.
2951 2451 3111 2505 Bona
3156 2465 3351 2519 vacca,
3387 2466 3501 2506 non

1855 2536 1952 2592 illa
1983 2554 2257 2610 corporeo
2290 2538 2547 2593 distenta
2569 2539 2745 2594 ubere
2767 2539 2867 2594 sed
2893 2539 3201 2594 abundans
3222 2537 3501 2610 spiritalis

1855 2624 2025 2681 lactis
2050 2628 2108 2680 et
2131 2625 2353 2697 gratiae,
2378 2642 2556 2698 super
2576 2626 2745 2697 cujus
2767 2626 3035 2681 decorem
3059 2624 3299 2681 cervicis
3321 2625 3502 2693 Deus,

1858 2714 2059 2769 sedere
2091 2730 2151 2768 se
2185 2712 2344 2781 dicit,
2371 2717 2435 2768 ut
2478 2714 2762 2786 scriptum
2796 2717 2883 2769 est
2914 2729 2926 2768 :
2954 2738 2980 2762 ‹‹
3018 2713 3281 2786 Ephrem
3331 2730 3505 2770 vacca

1858 2802 2028 2857 docta
2058 2800 2297 2874 diligere
2328 2800 2649 2857 victoriam.
2686 2803 2802 2874 Ego
2832 2804 3026 2857 autem
3057 2800 3298 2857 transivi
3328 2817 3506 2873 super

1858 2891 2125 2945 decorem
2162 2889 2397 2945 cervicis
2440 2890 2567 2960 ejus
2598 2890 2751 2961 (Osee
2780 2908 2835 2955 χ,
2871 2892 2894 2943 1
2941 2890 2977 2961 ).
3005 2912 3030 2938 ››
3066 2890 3191 2945 Non
3224 2906 3361 2962 ergo
3394 2891 3501 2945 im-

1858 2977 2101 3051 pinguet
2132 2978 2605 3049 caputznostrum
2633 2977 2823 3033 oleum
2858 2977 3199 3050 peccatoris,
3233 2994 3338 3034 nec
3370 2977 3503 3034 falsi

1861 3068 2085 3121 tractus
2117 3066 2401 3122 delectare
2432 3083 2538 3122 nos
2581 3066 2815 3137 debent,
2849 3083 2919 3121 ne
2958 3066 3187 3122 dicatur
3215 3070 3271 3122 et
3300 3066 3371 3123 de
3402 3083 3503 3123 no-

1860 3155 1952 3211 bis
1987 3173 2053 3210 ;‹‹
2085 3154 2428 3211 Seminastis
2477 3155 2839 3226 impietatem
2888 3156 3019 3225 (37),
3063 3160 3119 3209 et
3166 3154 3506 3227 iniquitates

1860 3244 1988 3314 ejus
2046 3241 2472 3297 vindemiastis.
2535 3241 2896 3297 Manducasti
2956 3240 3205 3295 fructum
3267 3240 3500 3311 falsum,

133 3333 278 3395 sunt;
309 3333 365 3384 et
410 3333 635 3400 septem
686 3326 859 3399 spicae
912 3327 1095 3392 bonas,
1129 3330 1349 3398 septem
1401 3326 1539 3381 anni
1587 3330 1747 3380 sunt.

1933 3330 2003 3386 lia
2031 3330 2274 3402 sperasti
2310 3330 2364 3384 in
2413 3330 2684 3384 curribus
2716 3329 2832 3385 tuis
2863 3328 3021 3400 (Ibid.
3056 3329 3164 3399 t3).
3194 3350 3214 3375 ι
3250 3328 3364 3384 Nec
3412 3346 3504 3386 me

131 3414 406 3472 Somnium
437 3416 667 3471 Pharao
699 3432 880 3470 unum
919 3418 1026 3470 est.
1052 3415 1122 3469 Et
1165 3418 1387 3486 septem
1419 3429 1601 3469 vacca:
1634 3429 1752 3467 ma-

133 3518 245 3571 crae,
267 3521 388 3576 quae
414 3507 553 3577 post
580 3502 711 3558 illas
733 3502 1143 3568 ascendebant,
1164 3507 1390 3574 septem
1423 3501 1559 3556 anni
1583 3504 1750 3567 sunt;

132 3596 175 3646 et
205 3597 412 3666 septem
444 3592 622 3665 spica
665 3608 894 3658 macrae,
928 3595 983 3647 et
1013 3608 1045 3644 a
1073 3596 1241 3647 vento
1285 3594 1591 3662 corruptae,
1623 3605 1752 3661 sep-

134 3682 232 3735 tem
260 3683 389 3737 anni
422 3685 585 3739 sunt.
621 3680 743 3735 Erit
787 3684 1009 3752 septem
1041 3680 1212 3740 annis
1263 3679 1465 3735 fames.
1499 3678 1753 3734 Verbum

135 3774 306 3825 autem
337 3771 492 3843 quod
530 3769 648 3824 dixi
682 3786 695 3823 :
729 3769 1099 3840 Quaecunque
1131 3768 1267 3824 facit
1297 3768 1471 3834 Deus,
1505 3766 1758 3823 ostendit

136 3856 353 3913 Pharao.
384 3860 534 3915 Ecce
566 3861 785 3930 septem
837 3856 974 3911 anni
1006 3856 1246 3911 veniunt
1294 3855 1578 3911 ubertatis
1628 3871 1757 3909 mn-

137 3960 245 4016 gnm
274 3946 329 4002 in
360 3952 545 4003 totam
577 3950 790 4001 terram
822 3944 1288 4017 EgyptiNeniet
1316 3945 1509 3998 autem
1537 3951 1756 4014 septem

138 4035 289 4090 annis
319 4036 503 4092 fames
538 4038 668 4106 post
712 4034 853 4099 haec,
886 4038 944 4088 et
972 4030 1388 4087 obliviscantur
1435 4032 1760 4086 ubertatem

140 4120 188 4175 in
215 4126 329 4179 tota
358 4127 600 4197 Egypto
630 4140 643 4177 :
674 4126 729 4177 et
758 4125 1064 4178 consumet
1097 4121 1278 4175 fames
1307 4124 1489 4175 totam
1521 4124 1759 4183 terram,

139 4215 185 4264 et
211 4229 317 4268 non
356 4215 709 4286 agnoscetur
757 4211 993 4266 ubertas
1042 4214 1206 4266 terrae
1238 4227 1272 4264 a
1300 4210 1453 4264 fame
1502 4225 1629 4280 quae
1673 4208 1762 4262 fu-

142 4303 257 4354 tura
282 4306 369 4356 est
398 4306 534 4375 post
563 4299 927 4355 haec.Valida
955 4300 1112 4355 enim
1161 4297 1433 4353 nimium.
1467 4297 1627 4363 Quod
1661 4313 1762 4351 au-

143 4389 241 4442 tem
271 4389 498 4445 iteravit
530 4388 826 4444 somnium
851 4388 1073 4443 Pharao
1106 4386 1226 4453 bis;
1263 4387 1401 4457 quia
1423 4402 1627 4441 verum
1659 4384 1769 4440 erit

142 4477 360 4532 verbum
393 4496 427 4534 a
455 4478 597 4545 Deo,
626 4481 684 4533 et
714 4475 1009 4532 festinabit
1041 4475 1194 4530 Deus
1226 4476 1412 4529 facere
1443 4473 1588 4529 illud
1611 4473 1764 4543 (Gen.

144 4580 240 4631 xu,
268 4568 475 4640 25-32).

204 4654 284 4708 38.
315 4655 494 4710 Vetus
546 4655 863 4719 somnium,
905 4670 998 4708 res
1030 4656 1308 4707 recentes.
1346 4651 1768 4707 Posterioribus

148 4740 325 4810 priora
362 4746 712 4815 consumpta
743 4746 916 4797 sunt:
950 4744 1007 4795 et
1037 4740 1136 4795 ubi
1168 4744 1289 4794 crat
1331 4744 1461 4794 ante
1493 4739 1774 4794 ubertatis

148 4830 314 4900 copia,
364 4831 442 4887 ibi
505 4847 698 4886 rerum
759 4828 1022 4885 omnium
1080 4830 1231 4883 facta
1285 4831 1374 4883 est
1430 4827 1774 4899 indigentia.

148 4916 292 4978 Quod
326 4919 375 4974 si
408 4920 542 4992 quis
582 4918 923 4991 hujusmodi
975 4916 1094 4989 regi
1136 4916 1445 4972 consilium
1497 4915 1773 4983 dedisset,

150 5009 208 5058 ut
233 5005 444 5079 aliquid
478 5009 550 5063 de
580 5007 864 5079 superiori
916 5006 1179 5061 ubertate
1208 5005 1510 5076 posteriori
1560 5005 1777 5077 princi-

216 5130 320 5201 (35)
352 5131 515 5187 Rom.
552 5132 715 5199 edit.,
751 5134 824 5186 Et
852 5131 997 5187 dixit
1037 5130 1231 5201 Ioseph
1273 5130 1556 5184 Pharaoni
1583 5148 1601 5183 :
1630 5126 1782 5186 Som-

156 5202 297 5273 nium
350 5204 657 5259 Pharaonis
715 5219 890 5257 unum
940 5209 1037 5273 est,
1071 5210 1121 5257 et
1167 5202 1549 5273 interpretatio
1591 5202 1779 5272 hujus-

156 5272 308 5395 godi.
335 5273 541 5330 Totum
577 5275 770 5330 locum
802 5290 871 5329 ex
899 5272 1037 5328 edit.
1070 5276 1183 5327 vet.
1210 5288 1275 5327 ac
1306 5272 1451 5327 mss.
1475 5288 1785 5342 repraesen-

213 5359 358 5395 mus.

213 5359 358 5400 mus.

223 5413 329 5496 (36)
358 5415 499 5497 Mss.
520 5413 775 5497 aliquot,
820 5419 878 5497 et
916 5413 1191 5497 quaedam
1241 5413 1394 5497 edit.‘
1417 5412 1783 5497 Paris.,nQuis

159 5484 296 5557 Enim
314 5484 480 5541 sum?
511 5484 841 5542 Clamabunt
857 5484 1081 5557 (aliqui,
1105 5484 1399 5555 clamabat)
1430 5493 1612 5557 tamen
1627 5486 1655 5539 ?
1673 5490 1780 5557 etc.

161 5551 349 5625 Plures
376 5574 516 5613 mss.
551 5574 616 5613 ac
646 5562 757 5613 vet.
796 5551 958 5624 ed‘it.,
977 5551 1125 5625 Quis
1152 5557 1300 5610 enim
1328 5551 1492 5622 istud,
1516 5561 1625 5611 etc.
1648 5555 1787 5609 Sub-

160 5622 426 5711 intelligo,
457 5632 527 5711 _de
554 5646 620 5711 se
650 5629 825 5711 dicat.
853 5622 952 5711 vel
973 5622 1119 5711 quid
1154 5625 1366 5711 simile.

226 5696 804 5773 (37)'Vulgat_a_edit.,
826 5696 1038 5773 Arastis
1068 5700 1422 5773 impietatem,
1446 5696 1790 5773 videtur_au-

164 5768 268 5821 tem
298 5765 533 5828 sanctis
561 5771 666 5827 Vir
705 5765 939 5828 secutus
980 5765 1517 5841 interpretationem
1547 5765 1788 5839 Aquilae,

1862 3423 2051 3475 movet
2102 3419 2254 3491 quod
2304 3418 2478 3474 habet
2532 3417 2725 3489 Spicas
2773 3433 3020 3482 macrae,
3054 3420 3111 3471 et
3157 3419 3325 3473 vento
3372 3433 3503 3473 cor-

1861 3513 2064 3579 ruptas
2115 3507 2252 3579 quia
2299 3510 2356 3561 et
2403 3505 2581 3562 David
2634 3510 2775 3561 tunc
2826 3503 3031 3561 melior
3075 3508 3218 3571 erat,
3266 3506 3503 3577 quando

1863 3596 2014 3652 sicut
2057 3611 2268 3650 aranea
2298 3595 2633 3650 tabescebat
2667 3610 2678 3649 :
2714 3598 2770 3649 et
2808 3593 3049 3666 spiritus
3078 3592 3501 3649 contribulatus

1864 3684 2216 3742 sacriﬁcium
2248 3683 2349 3738 Dei
2400 3686 2509 3752 est,
2542 3687 2597 3738 et
2636 3682 2716 3738 illi
2770 3682 3200 3755 praestantiores
3230 3683 3503 3751 evadunt,

1864 3790 2011 3846 quos
2043 3773 2100 3827 in
2133 3772 2241 3828 hoc
2287 3770 2496 3827 saeculo
2528 3770 2801 3844 gravibus
2833 3769 3066 3843 injuriis
3113 3769 3355 3843 spiritus
3380 3786 3505 3825 ma-

1865 3861 2062 3934 lignus
2095 3860 2369 3917 exercuit.

1938 3951 2026 4005 40.
2052 3950 2214 4005 Unde
2238 3949 2425 4022 magis
2446 3949 2693 4021 mystica
2716 3947 3000 4003 meruisse
3029 3945 3268 4018 praemia
3292 3945 3510 4019 Joseph

1868 4037 2136 4102 arbitror,
2189 4037 2329 4108 quia
2375 4037 2444 4091 de
2492 4035 2754 4106 mysticis
2802 4041 2892 4090 est
2939 4033 3169 4089 locutus
3199 4032 3331 4104 (38).
3364 4032 3513 4099 Quid

1870 4126 2024 4183 enim
2058 4125 2169 4181 sibi
2196 4124 2318 4179 vult
2347 4123 2603 4179 annulus
2630 4122 2811 4194 digito
2841 4123 2970 4191 ejus
2999 4121 3275 4186 insertus,
3305 4120 3418 4176 nisi
3451 4125 3518 4176 ut

1872 4213 2272 4286 intelligamus
2303 4212 2707 4284 pontiﬁcatum
2741 4210 2791 4266 ei
2822 4209 2957 4264 ﬁdei
2989 4225 3116 4264 esse
3146 4208 3429 4279 delatum,
3453 4211 3521 4264 ut

1874 4302 2020 4360 alios
2058 4303 2183 4373 ipse
2235 4299 2535 4373 signaret?
2566 4299 2707 4369 quid
2758 4297 2928 4365 stola,
2959 4313 3085 4369 quae
3130 4297 3380 4353 amictus
3427 4300 3519 4354 est

1876 4391 2188 4463 sapientiae,
2224 4388 2335 4445 nisi
2368 4388 2655 4443 tributum
2677 4386 2729 4442 ei
2758 4387 2828 4442 ab
2851 4385 2951 4441 illo
2974 4401 3107 4458 rege
3127 4383 3367 4451 caelesti,
3389 4402 3522 4458 pru-

1876 4480 2085 4536 dentia:
2129 4477 2563 4551 principatum?
2592 4476 2853 4547 Torques
2902 4490 3119 4530 aureus
3160 4471 3520 4531 intellectum

1878 4570 2094 4624 bonum
2128 4568 2356 4622 videtur
2403 4565 2746 4635 exprimere.
2789 4564 3008 4620 Curras
3058 4578 3290 4634 quoque
3338 4561 3520 4636 signi-

1880 4658 2017 4712 ﬁcat
2047 4655 2345 4727 fastigium
2377 4653 2630 4708 sublime
2662 4653 3022 4708 meritorum.
3052 4650 3191 4716 Quis
3220 4654 3414 4707 autem
3437 4654 3524 4707 est

1883 4745 1984 4817 qui
2014 4762 2082 4800 ex
2110 4744 2382 4817 gentibus
2414 4741 2631 4813 accepit
2654 4757 2911 4808 uxorem,
2936 4739 3047 4796 nisi
3079 4739 3181 4811 qui
3210 4738 3523 4795 Ecclesiam

1884 4851 1952 4888 ex
1982 4833 2319 4888 nationibus
2370 4830 2480 4886 sibi
2529 4830 2920 4903 congregavit,
2954 4833 3009 4883 et
3040 4827 3299 4897 suscepit
3346 4842 3413 4880 ex
3461 4843 3527 4880 ea

1885 4922 2073 4976 ﬁlium
2106 4922 2435 4988 Manassen,
2470 4935 2573 4990 per
2602 4934 2775 4990 quem
2805 4916 3022 4972 oblitus
3061 4918 3150 4970 est
3191 4928 3394 4970 omnes
3425 4912 3524 4968 do-

1888 5009 2038 5066 lores
2072 5026 2209 5064 suos
2240 5024 2386 5079 quos
2418 5006 2625 5061 habuit
2664 5006 2735 5060 de
2785 5001 3103 5073 sacrilegiis
3150 5000 3529 5056 Iudaeorum?

1888 5128 1978 5184 vel
2006 5128 2363 5200 Symmachi.
2399 5128 2716 5200 Nam_LXX
2753 5127 2968 5200 habent
2993 5131 3183 5200 'flvafti
3221 5132 3530 5200 παρασιωπή-

1891 5222 2008 5260 σατε
2052 5195 2314 5266 ’ἀσέϐειαη
2374 5198 2565 5268 utquid
2630 5199 2925 5252 reticuistis
2982 5195 3350 5268 impietatem,
3419 5198 3526 5268 etc.

1892 5263 2309 5340 Hieronymus,
2359 5263 2501 5340 Quid
2553 5269 2787 5323 reticetis
2850 5263 3171 5340 impietdtes.
3224 5263 3421 5340 Illum_
3461 5265 3533 5321 de

1894 5335 2319 5414 signiﬁcatione
2349 5335 2507 5393 verbi
2536 5341 2761 5395 reticere
2808 5338 2903 5393 adi
2928 5335 3268 5392 'Gomment.
3296 5335 3356 5391 in
3386 5335 3532 5393 Osee

1894 5427 2253 5551 θθῗέθῗροδι
2304 5495 2501 5534 vocem
2551 5480 2781 5551 locutus,
2827 5478 3009 5551 addit.
3061 5477 3228 5551 Rom.
3282 5476 3421 5551 edit.
3467 5479 3535 5533 Et

1895 5548 2164 5623 accipiens
2216 5551 2431 5605 Pharao
2486 5550 2758 5605 annulum
2796 5549 2876 5623 de
2932 5566 3061 5615 sua,
3120 5548 3358 5623 inseruit
3411 5563 3537 5623 eum

1896 5619 2060 5752 sittper
2094 5640 2327 5678 manum
2353 5623 2563 5693 Ioseph,
2614 5625 2668 5677 et
2712 5620 2893 5676 induit
2935 5637 3061 5676 eum
3105 5619 3244 5675 stola
3287 5619 3530 5689 byssina,

1896 5714 1927 5753 e
1956 5712 2003 5751 c.
