3830 6206
315 414 425 479 691

313 650 633 720 profectum
667 649 876 705 claruit
908 651 1059 721 quod
1094 656 1364 720 suscepta
1410 651 1462 703 in
1510 668 1680 704 carne
1712 651 1948 704 humili-

313 742 403 793 tas
433 742 489 793 et
519 739 879 793 divinitatem
915 756 1027 793 non
1069 739 1419 805 humiliavit,
1450 746 1506 794 et
1552 740 1797 812 gloriam
1843 758 1948 794 cu-

312 826 576 881 mulavit.

380 915 468 969 41.
501 915 761 987 Denique
808 918 1141 989 quicunque
1193 918 1406 972 famem
1434 918 1825 989 patiebantur,
1876 920 1946 972 ad

304 1001 517 1076 Joseph
568 1005 968 1061 mittebantur.
1002 1006 1107 1072 Qui
1144 1012 1281 1060 sunt
1322 1007 1431 1071 isti,
1468 1007 1579 1059 nisi
1612 1007 1683 1060 de
1732 1008 1947 1078 quibus

305 1091 525 1146 dictum
554 1099 642 1148 est
668 1111 723 1147 :u
750 1094 1170 1148 Convertentnr
1200 1094 1267 1148 ad
1304 1112 1622 1165 vesperam,
1648 1099 1703 1148 et
1737 1096 1945 1149 famem

306 1183 603 1254 patientur
647 1187 707 1237 ut
756 1200 927 1237 canes
978 1185 1149 1239 ('Psrll.
1196 1184 1466 1253 L\'III,7)?
1495 1207 1520 1232 η
1569 1185 1703 1238 Erat
1751 1190 1943 1239 autem

306 1271 489 1327 fames
521 1281 648 1325 non‘
666 1273 841 1326 unius
890 1272 1020 1336 loci,
1054 1273 1152 1325 sed
1206 1273 1384 1325 totius
1417 1276 1578 1325 terra":
1613 1289 1626 1327 :
1660 1273 1796 1342 quin
1832 1290 1942 1327 non

303 1365 427 1414 erat
475 1360 575 1431 qui
629 1361 836 1414 faceret
886 1362 1225 1414 bonitatem.
1262 1362 1392 1415 Ideo
1449 1362 1727 1415 Dominus
1774 1361 1945 1417 Jesus

294 1448 525 1519 jejunia
554 1450 853 1502 mundana
886 1450 1193 1503 miseratus
1232 1450 1459 1519 aperuit
1489 1450 1697 1504 horrea
1729 1467 1853 1515 sua,
1890 1455 1944 1504 et

305 1537 713 1607 mysteriorum
747 1536 1068 1591 crelestium
1104 1537 1407 1591 thesauros
1438 1539 1690 1591 scientiae
1723 1539 1945 1608 sapien-

305 1625 513 1695 tiaeque
565 1626 835 1695 patefecit
891 1626 1294 1689 absconditos;
1342 1631 1405 1679 ut
1463 1626 1605 1680 nulli
1668 1626 1943 1681 alimenta

304 1714 592 1768 deessent.
650 1713 799 1767 Dixit
855 1714 1008 1769 enim
1068 1715 1459 1785 Sapientiaza
1508 1715 1731 1777 Venite,
1790 1715 1941 1769 edite

303 1818 483 1873 panes
514 1818 675 1856 meos
706 1804 885 1873 (Prov.
920 1820 996 1867 1x,
1026 1803 1101 1873 5).
1130 1827 1155 1851 ››
1191 1804 1256 1856 Et
1289 1804 1417 1857 ideo
1459 1804 1527 1857 ab
1572 1803 1668 1857 illo
1700 1804 1822 1858 solo
1853 1803 1940 1857 di-

303 1891 455 1947 citur
486 1911 549 1947 ευ
585 1892 867 1947 Dominus
898 1892 1083 1962 pascit
1124 1908 1237 1957 me,
1268 1896 1325 1945 et
1372 1892 1515 1945 nihil
1564 1892 1707 1946 mihi

303 1982 473 2052 (Psal.
522 1998 660 2048 xxii,
716 1982 785 2051 1),
826 1980 923 2050 qui
976 1983 1274 2035 saturatur
1321 1996 1353 2033 a
1399 1980 1649 2033 Christo.
1705 1979 1940 2051 Aperuit

300 2087 437 2143 ergo
489 2070 697 2125 horrea
743 2087 851 2124 sua
895 2068 1180 2134 Christus,
1223 2072 1279 2121 et
1326 2068 1632 2129 vendebat,
1666 2085 1778 2122 non
1830 2086 1943 2122 aera

299 2158 577 2231 pecuniae,
611 2159 710 2213 sed
760 2157 889 2211 ﬁdei
926 2156 1199 2228 pretium,
1251 2160 1307 2210 et
1354 2157 1678 2211 devotionis
1724 2157 1939 2227 stipen-

300 2248 463 2302 dium
493 2264 778 2318 quasrens.
811 2246 1110 2299 Vendebat
1140 2250 1332 2299 autem
1368 2263 1479 2299 non
1516 2246 1718 2317 paucis
1750 2246 1807 2300 in
1836 2251 1940 2300 Ju-

301 2337 427 2391 daaa
460 2354 472 2392 :
507 2336 606 2391 sed
640 2335 922 2390 vendebat
970 2334 1267 2399 omnibus,
1299 2338 1363 2388 ut
1401 2334 1474 2388 ab
1507 2336 1792 2415 universis
1842 2353 1940 2391 na-

300 2424 559 2480 tionibus
589 2425 936 2478 crederetur.

370 2514 524 2568 499
555 2514 640 2567 42.
663 2535 688 2559 ‹‹
728 2513 789 2566 Et
816 2528 1019 2567 omnes
1065 2512 1328 2582 regiones
1371 2516 1647 2565 venerunt
1683 2512 1738 2565 in
1771 2513 1936 2586 Egy-

299 2607 468 2675 ptum
499 2601 568 2657 ad
617 2601 831 2672 Joseph
877 2617 1068 2656 emere
1100 2600 1251 2671 (Gen.
1285 2618 1374 2665 xL,
1402 2602 1521 2671 57);
1554 2624 1578 2649 ››
1612 2602 1941 2656 obtinuerat

302 2690 455 2746 enim
487 2690 692 2745 fames.
726 2690 939 2744 Omnes
992 2690 1148 2743 enim
1195 2689 1483 2754 esuriunt,
1514 2706 1663 2759 quos
1692 2706 1805 2743 non
1840 2708 1937 2761 pa-

303 2779 447 2833 verit
476 2778 762 2833 Christus.
796 2779 1074 2831 Emamus
1110 2794 1245 2845 ergo
1290 2777 1585 2844 alimenta,
1619 2778 1831 2848 quibus
1863 2778 1941 2833 fa-

304 2882 456 2920 mem
492 2868 788 2937 possimus
836 2864 1129 2934 repellere.
1180 2865 1357 2918 Nemo
1417 2865 1773 2934 paupertatis
1822 2883 1938 2920 sua:

302 2953 791 3025 contemplatione
842 2958 1159 3017 revocetur,
1190 2969 1359 3007 nemo
1406 2959 1672 3007 vereatur
1718 2955 1815 3025 qui
1847 2972 1938 3009 ar-

300 3048 543 3116 gentum
576 3060 688 3097 non
720 3042 913 3096 habet.
936 3042 1059 3096 Non
1088 3041 1293 3111 quazrit
1313 3040 1579 3096 Christus
1610 3048 1938 3113 argentum,

299 3132 401 3186 sed
434 3131 606 3186 ﬁdem
640 3132 751 3201 (39)
784 3147 910 3200 quae
951 3134 1189 3198 argento
1230 3129 1512 3200 pretiosor
1540 3134 1647 3182 est.
1682 3130 1939 3201 Denique

297 3221 439 3275 emit
466 3236 593 3275 eam
626 3219 849 3285 Petrus,
879 3217 978 3289 qui
1011 3234 1123 3271 non
1158 3217 1404 3271 habebat
1429 3225 1753 3289 argentum.
1784 3238 1810 3267 α
1837 3225 1936 3271 Ar-

296 3313 559 3381 gentum,
594 3308 803 3379 inquit,
854 3311 909 3362 et
958 3322 1164 3360 aurum
1220 3322 1330 3360 non
1381 3305 1564 3359 habeo
1598 3324 1610 3360 :
1645 3306 1742 3361 sed
1777 3309 1927 3378 quod

296 3396 501 3463 habeo,
535 3397 607 3451 do
656 3397 781 3451 tibi.
816 3396 877 3450 ln
925 3394 1158 3450 nomine
1210 3396 1344 3448 Jesu
1391 3393 1603 3448 Christi
1654 3412 1847 3466 surge,
1883 3402 1938 3451 et

296 3484 537 3539 ambula
582 3486 715 3554 (Act.
762 3501 844 3551 ιιι,
876 3486 953 3553 6).
1003 3506 1026 3530 υ
1076 3484 1145 3536 Et
1194 3482 1475 3553 propheta
1522 3482 1699 3538 Isaias
1746 3483 1931 3538 dicit:

297 3596 325 3623 ι(
359 3574 467 3636 Qui
516 3572 716 3639 sititis,
762 3572 836 3626 ite
890 3572 961 3626 ad
1020 3588 1232 3642 aquam
1267 3587 1280 3624 :
1315 3575 1372 3625 et
1429 3571 1764 3643 quicunque
1818 3590 1932 3628 non

293 3662 524 3717 habetis
563 3666 889 3733 argentum,
923 3660 1018 3725 ite,
1051 3660 1245 3723 emite,
1280 3664 1334 3713 et
1363 3659 1564 3721 bibite,
1594 3664 1649 3714 et
1681 3662 1932 3715 mandu-

294 3754 419 3804 cate
445 3767 457 3805 :
482 3749 656 3804 emite
677 3748 801 3802 sine
832 3753 1071 3819 argento
1093 3752 1147 3800 et
1175 3747 1357 3818 pretio
1377 3746 1598 3812 vinum,
1620 3754 1676 3802 et
1699 3749 1929 3821 adipem

288 3840 416 3913 (lsa.
444 3855 530 3907 LV,
557 3838 626 3908 1).
658 3859 684 3884 ››
715 3836 911 3907 Neque
960 3834 1114 3889 enim
1166 3836 1415 3906 pretium
1468 3836 1734 3907 quzesivit
1761 3855 1793 3891 a
1824 3855 1929 3891 no-

284 3928 396 3989 bis.
430 3926 529 4000 qui
574 3943 676 3999 pro
724 3924 891 3979 nobis
940 3923 1247 3995 sanguinis
1296 3924 1385 3977 sui
1437 3925 1683 3996 pretium
1734 3925 1913 3987 solvit

283 4018 423 4090 quia
453 4033 567 4071 non
618 4031 759 4071 auro
790 4018 845 4067 ct
875 4017 1135 4084 argento,
1170 4013 1267 4067 sed
1302 4013 1553 4084 pretioso
1605 4030 1708 4067 nos
1759 4015 1922 4068 rede-

282 4107 389 4162 mit
429 4104 733 4178 sanguine.
761 4105 905 4175 Ergo
936 4102 991 4156 id
1026 4102 1275 4174 pretium
1319 4102 1494 4156 debes
1534 4118 1647 4172 quo
1686 4108 1922 4174 emptus

277 4212 341 4251 es
374 4213 386 4249 :
421 4198 477 4250 et
507 4194 557 4248 si
590 4192 686 4248 ille
725 4209 838 4246 non
872 4208 1102 4263 semper
1130 4190 1341 4261 exigat,
1366 4194 1427 4243 tu
1475 4195 1666 4245 tamen
1720 4192 1915 4245 debes.

274 4284 415 4339 Eme
447 4283 624 4355 igitur
668 4281 770 4335 tibi
804 4280 1097 4335 Christum
1132 4296 1244 4332 non
1295 4295 1361 4332 eo
1411 4279 1562 4349 quod
1614 4280 1782 4349 pauci
1818 4279 1914 4333 ha-

274 4373 433 4439 bent,
457 4372 556 4427 sed
580 4388 645 4425 eo
675 4371 826 4441 quod
851 4386 1054 4424 omnes
1078 4368 1311 4422 habent.
1338 4367 1551 4422 Omnes
1578 4367 1791 4422 habent
1816 4385 1917 4438 per

271 4464 565 4525 naturam,
600 4458 767 4530 pauci
816 4457 1065 4511 otl'erunt
1115 4472 1215 4526 per
1260 4456 1531 4509 timorem
1592 4456 1773 4510 Suum
1825 4461 1913 4509 est

272 4549 427 4619 quod
463 4552 581 4601 ate
611 4546 875 4600 Christus
925 4544 1191 4615 reposcit.
1229 4546 1353 4615 Ipse
1404 4544 1583 4598 vitam
1634 4543 1909 4599 omnibus

270 4636 453 4702 dedit,
487 4636 609 4706 ipse
666 4651 766 4705 pro
818 4633 1091 4686 omnibus
1147 4637 1388 4686 mortem
1447 4649 1613 4685 suam
1674 4633 1903 4687 obtulit.
1942 4649 1984 4712 D

267 4722 436 4780 Solve
484 4739 588 4795 pro
638 4727 888 4785 auctore,
940 4721 1092 4791 quod
1148 4720 1445 4774 soluturus
1494 4736 1556 4776 es
1604 4720 1748 4793 lege.
1782 4722 1904 4776 Non

265 4810 575 4868 mediocris
608 4812 717 4865 iste
767 4813 1099 4864 contractus
1128 4814 1233 4862 est.
1268 4808 1389 4862 Non
1423 4825 1626 4864 omnes
1655 4826 1786 4863 eum
1824 4810 1902 4864 fa-

260 4900 367 4957 cile
400 4900 599 4955 vident
619 4901 749 4970 (ω).
783 4897 1035 4969 Denique
1067 4897 1177 4951 illae
1205 4897 1460 4968 virgines
1492 4898 1547 4951 in
1575 4898 1900 4969 Evangelio,

259 5006 407 5062 quas
445 4989 681 5044 veniens
732 5004 985 5060 sponsus
1030 4986 1293 5053 exclusit,
1323 4986 1450 5040 ideo
1501 4987 1640 5040 foris
1689 4987 1899 5042 relictae

1777 423 1839 485 S.
1886 422 2258 490 AMBROSII

315 559 583 633 Suscepit
620 557 800 616 alium
832 575 1061 633 quoque
1103 559 1283 615 ﬁlium
1331 559 1614 632 Ephrem,
1649 577 1750 632 per
1779 560 1949 633 cujus
1980 563 2032 628 Λ

3591 434 3689 499 692

2675 563 2904 624 CAPUT
2940 565 3087 625 VIII.

2059 653 2375 731 Erhortatio
2402 656 2559 710 Iacob
2603 658 2678 711 ad
2723 658 2884 723 ﬁlios,
2916 663 2977 713 ut
3006 660 3061 713 in
3094 659 3403 731 ﬁgyptumg
3439 657 3511 714 ad
3555 674 3689 715 escas

2126 728 2440 802 cocmmidus
2498 744 2611 781 sese
2673 735 2974 797 con/erant,
3032 728 3515 802 quidqsigniﬁcel,
3571 731 3689 802 quid

2129 801 2255 873 item
2303 799 2483 853 decem
2530 815 2737 865 cormn,
2787 802 2979 856 relicto
3022 799 3171 856 domi
3217 803 3536 872 Benjamin,
3576 799 3689 873 pro-

2125 872 2227 936 fert
2235 872 2305 923 io.

2128 978 2214 1029 43.
2248 977 2315 1030 Et
2343 978 2521 1031 Jacob
2564 977 2708 1031 dixit
2748 977 2882 1032 ﬁliis
2914 977 3036 1032 suis
3073 995 3086 1032 :
3117 1001 3137 1025 ι
3174 979 3364 1041 Quare
3417 979 3564 1051 pigri
3610 996 3689 1034 es-

2056 1064 2174 1118 tis?
2204 1066 2342 1119 Ecce
2372 1067 2564 1120 audivi
2596 1067 2735 1136 quia
2782 1067 3145 1122 frumentum
3195 1072 3283 1121 est
3314 1066 3374 1121 in
3403 1067 3640 1138 Egypto
3675 1087 3686 1123 :

2055 1153 2385 1208 descendite
2414 1154 2531 1217 illo,
2567 1161 2623 1207 et
2662 1155 2836 1209 emite
2882 1156 3051 1209 nobis
3095 1171 3259 1209 escas
3291 1155 3449 1223 (Gen,
3482 1173 3611 1221 xui,
3641 1161 3685 1223 1,

2053 1242 2127 1301 2).
2158 1264 2184 1289 ››
2216 1243 2337 1296 Non
2368 1243 2546 1296 semel
2588 1242 2696 1298 hoc
2726 1243 2906 1297 Jacob
2946 1243 3113 1307 dixit,
3138 1244 3398 1314 quotidie
3430 1244 3689 1299 omnibus

2054 1328 2188 1382 ﬁliis
2222 1331 2347 1384 suis
2372 1331 2532 1393 dicit,
2557 1332 2655 1401 qui
2689 1332 2879 1385 serius
2907 1331 3147 1385 veniunt
3168 1331 3239 1385 ad
3272 1331 3524 1401 gratiam
3545 1331 3689 1386 Chri-

2052 1417 2126 1471 sti
2162 1434 2173 1469 :
2203 1442 2229 1465 u
2266 1421 2452 1482 Quare
2484 1419 2629 1489 pigri
2658 1419 2838 1473 estis?
2869 1420 3007 1473 Ecce
3038 1419 3235 1473 audivi
3266 1419 3409 1489 quia
3438 1420 3685 1474 frumen-

2051 1512 2175 1558 tum
2218 1512 2307 1561 est
2355 1507 2413 1560 in
2458 1508 2719 1577 .Egypto.
2750 1529 2775 1553 η
2808 1508 2886 1561 Ex
2938 1507 3044 1561 hoc
3100 1508 3395 1562 frumento
3448 1524 3683 1581 granum

2050 1597 2139 1647 est
2168 1594 2319 1663 quod
2356 1596 2623 1665 resurgit.
2651 1596 2755 1657 Qui
2790 1595 2970 1666 igitur
3009 1596 3224 1650 famem
3271 1596 3546 1661 sustinet,
3580 1613 3686 1651 sua:

2051 1682 2308 1752 segnitiae
2366 1683 2537 1737 debet
2592 1684 2903 1737 ascribere.
2931 1708 2956 1731 ‹‹
3005 1684 3147 1738 Ecce
3205 1683 3422 1743 audivi.
3480 1684 3685 1755 inquit,

2049 1771 2187 1839 quia
2247 1772 2606 1827 frumentum
2656 1777 2745 1826 est
2796 1774 2850 1826 in
2904 1773 3218 1845 rEgypto.»
3260 1773 3449 1827 Citius
3502 1774 3689 1844 utique

1757 1893 1938 1947 dcem
1974 1926 2016 1947 ἢ
2041 1858 2308 1928 jnniores
2341 1860 2561 1931 aliquid
2589 1877 2767 1930 quam
2795 1861 3055 1915 seniores
3082 1866 3444 1915 consuerunt
3476 1860 3689 1931 audire,

1972 1926 2018 1990 Β
2046 1926 2190 2001 dum
2223 1948 2363 2002 foris
2396 1926 2563 2018 positi
2589 1926 2776 2003 multa
2797 1950 3185 2004 circumeunt.
3209 1949 3319 2003 Sed
3343 1947 3499 2003 hanc
3529 1926 3690 2020 nego;

2049 2035 2349 2090 tiationem
2383 2038 2546 2107 prius
2575 2054 2751 2093 senex
2790 2038 2975 2101 audit,
3007 2037 3109 2092 sed
3144 2036 3241 2092 ille
3283 2053 3462 2092 senex
3495 2038 3552 2092 in
3584 2054 3687 2109 quo

2050 2128 2138 2178 est
2178 2124 2309 2177 ﬁdei
2360 2124 2615 2195 longaeva
2660 2126 2924 2181 canities.
2960 2126 3124 2181 Prior
3172 2141 3351 2180 senex
3402 2124 3687 2199 intelligit,

2050 2213 2149 2266 sed
2183 2212 2279 2266 ille
2326 2229 2501 2268 senex
2530 2214 2587 2267 in
2620 2231 2735 2285 quo
2784 2219 2874 2269 est
2919 2214 3270 2269 venerabilis
3318 2220 3611 2281 senectus,
3639 2220 3689 2270 et

2049 2307 2189 2355 aetas
2220 2303 2539 2357 senectutis
2564 2303 2681 2357 vita
2708 2302 3111 2357 immaculata.

2118 2391 2207 2445 44.
2242 2390 2356 2444 Nec
2386 2407 2590 2445 omnes
2638 2391 2788 2446 hanc
2837 2390 3290 2462 negotiationem
3340 2390 3680 2463 suscipiunt,

2049 2477 2163 2531 nisi
2186 2478 2266 2531 ﬁli
2285 2478 2559 2544 Jacob,et
2581 2478 2690 2549 ipsi
2713 2479 3085 2550 provectioris
3106 2478 3312 2533 astatis.
3337 2478 3473 2534 Ideo
3494 2480 3680 2535 decem

2050 2572 2318 2638 pergunt,
2354 2585 2467 2621 non
2502 2569 2689 2639 pergit
2712 2569 2932 2639 junior.
2966 2568 3089 2622 Non
3126 2567 3289 2623 misit
3316 2584 3455 2623 eum
3488 2574 3679 2639 pater:

2050 2679 2077 2703 ‹‹
2110 2654 2191 2709 Ne
2220 2657 2539 2727 contingat,
2579 2657 2788 2727 inquit,
2822 2673 2957 2711 eum
2998 2656 3313 2711 inﬁrmitas
3347 2656 3504 2711 500
3534 2657 3676 2728 (Ibid.

2049 2745 2171 2811 4).»
2225 2744 2429 2799 Adhuc
2485 2746 2772 2800 obnoxius
2817 2749 2941 2800 erat
2998 2744 3327 2799 inﬁrmitati
3387 2745 3679 2816 Benjamin

2040 2832 2262 2901 junior.
2298 2833 2635 2888 Patriarcha
2677 2833 2913 2905 quidem
2964 2832 3177 2905 legitur
3222 2821 3553 2902 Bénjamin,
3592 2833 3680 2888 sed

2048 2920 2145 2974 ille
2176 2938 2244 2975 ex
2274 2922 2428 2976 tribu
2461 2922 2763 2990 Benjamin
2800 2921 3011 2976 Paulus
3042 2922 3546 2992 praeﬁgurabatur.
3577 2921 3679 2975 Me-

2049 3010 2159 3064 rito
2190 3009 2367 3065 Jacob
2414 3011 2484 3065 de
2522 3014 2650 3078 ejus
2699 3010 3037 3065 inﬁrmitate
3067 3009 3395 3064 dubitabat.
3440 3009 3681 3081 Denique

2048 3098 2380 3154 inﬁrmatus
2434 3104 2544 3167 est,
2596 3105 2657 3153 ut
2712 3105 3019 3153 sanaretur
3052 3115 3065 3152 :
3102 3098 3423 3152 caecitatem
3484 3114 3681 3169 passus

2046 3191 2153 3250 est,
2186 3187 2285 3242 sed
2335 3187 2457 3242 hinc
2505 3187 2818 3242 inﬁrmitas
2848 3187 2917 3241 ad
2966 3186 3235 3242 salutem.
3289 3186 3553 3258 Denique
3592 3185 3682 3242 illa

1963 3286 2007 3352 ρ
2045 3276 2275 3330 czecitaa
2304 3274 2493 3330 lucem
2526 3276 2741 3330 attulit.

2116 3365 2202 3417 45.
2240 3364 2583 3434 Accepimus
2630 3364 2954 3431 historiam,
2997 3380 3423 3436 cognoscamus
3473 3372 3681 3437 myste-

2045 3450 2219 3506 rium.
2262 3452 2397 3507 Sine
2453 3452 2753 3523 Benjamin
2807 3452 3146 3524 patriarcha:
3195 3453 3384 3523 primo
3425 3470 3677 3524 perrexe-

2045 3546 2216 3595 runt:
2251 3541 2375 3596 sine
2402 3541 2578 3596 Paulo
2606 3540 2873 3612 apostoli.
2902 3542 3147 3612 Uterque
3179 3557 3293 3595 non
3328 3540 3559 3611 primus
3587 3541 3677 3595 ad-

2042 3628 2220 3697 venit,
2252 3629 2353 3683 sed
2404 3630 2724 3684 accessitns
2765 3647 2790 3684 ι
2830 3628 3036 3701 primis
3086 3628 3416 3683 uberiorem
3470 3644 3678 3683 merce-

2040 3716 2171 3771 dem
2204 3718 2464 3787 priorum
2496 3734 2602 3771 suo
2644 3718 2776 3773 fecit
2822 3718 3092 3772 adventu.
3119 3740 3147 3767 ‹‹
3172 3717 3294 3780 Est,
3317 3717 3534 3789 inquit,
3567 3720 3679 3771 fru-

2040 3812 2299 3861 mentum
2349 3806 2407 3861 in
2453 3808 2717 3879 Egypto,
2746 3830 2773 3856 »
2805 3807 2912 3862 hoc
2955 3814 3062 3871 est,
3086 3807 3185 3869 ubi
3239 3808 3431 3875 major
3478 3808 3676 3871 fames,

2035 3892 2114 3948 ibi
2165 3896 2353 3964 major
2407 3896 2643 3950 ubertas
2698 3901 2806 3951 est.
2869 3896 3147 3966 Magnum
3207 3895 3574 3950 frumentum
3622 3896 3673 3948 in

2032 3982 2296 4053 Egypto.
2331 3982 2585 4053 Denique
2614 3989 2670 4037 et
2703 3984 2852 4038 Deus
2897 3983 3065 4038 Pater
3111 3982 3255 4037 dicit
3289 3999 3355 4035 τι(
3388 3984 3471 4038 Ex
3514 3983 3673 4055 [Egy-

2032 4074 2128 4140 pto
2186 4072 2380 4124 vocavi
2442 4070 2651 4133 Filium
2710 4088 2904 4126 meum
2956 4071 3108 4142 (Osee
3145 4088 3221 4136 xu,
3278 4072 3407 4140 1).»
3444 4072 3521 4125 Ex
3570 4072 3672 4126 isto

2028 4174 2211 4231 grano
2269 4159 2369 4214 illa
2425 4159 2765 4215 fecunditas.
2812 4160 3007 4231 Neque
3063 4159 3219 4214 enim
3281 4161 3495 4215 messis
3551 4176 3670 4214 esse

2029 4248 2335 4318 potuisset.
2381 4248 2494 4303 nisi
2551 4248 2801 4319 Egyptii
2863 4264 3111 4319 granum
3169 4253 3302 4302 ante
3364 4248 3663 4302 sevissent.

2026 4336 2123 4390 Est
2153 4352 2288 4405 ergo
2320 4341 2675 4392 frumentum
2725 4337 2878 4407 quod
2911 4352 3082 4390 nemo
3113 4342 3249 4390 ante
3296 4352 3428 4390 esse
3476 4335 3664 4391 crede-

2020 4424 2140 4483 bat.
2174 4425 2228 4477 in
2280 4425 2388 4479 hoc
2441 4428 2730 4479 frumento
2784 4426 3154 4497 negotiantur
3203 4422 3567 4494 patriarchas.
3604 4424 3663 4477 Et

2022 4511 2105 4566 illi
2137 4512 2370 4583 quidem
2423 4519 2728 4584 argentum
2779 4511 3113 4568 detulerunt
3151 4529 3163 4565 :
3200 4514 3297 4566 sed
3355 4513 3544 4567 bonus
3571 4512 3661 4565 Jo-

2018 4601 2159 4671 seph
2220 4602 2575 4656 frumentum
2637 4601 2817 4666 dedit,
2863 4606 3170 4671 argentum
3222 4600 3493 4655 reddidit.
3542 4600 3658 4655 Non

2016 4690 2171 4743 enim
2234 4690 2477 4761 pecunia
2531 4689 2747 4744 emitur
2775 4689 3067 4755 Christus,
3120 4690 3220 4744 sed
3272 4690 3480 4759 gratia.
3533 4691 3657 4742 Pre-

2014 4776 2161 4831 tium
2203 4783 2368 4831 tuum
2418 4778 2561 4832 ﬁdes
2607 4784 2716 4833 est.
2768 4778 2883 4833 Hac
2938 4783 3219 4833 emuntur
3265 4778 3462 4832 divina
3507 4792 3654 4848 mys-

2012 4867 2175 4920 teria.
2210 4866 2405 4921 Portat
2461 4872 2657 4921 autem
2718 4868 3074 4921 frumentum
3138 4865 3248 4919 hoc
3306 4866 3507 4921 asinus
3562 4861 3653 4917 ille

2010 4959 2144 5009 ante
2200 4954 2547 5008 immundus
2603 4953 2662 5009 in
2720 4954 2883 5026 lege;
2942 4954 3043 5008 sed
3095 4955 3221 5023 jam
3284 4953 3539 5008 mundus
3594 4949 3644 5003 in

2008 5042 2216 5114 gratia.

255 5083 414 5148 sunt,
450 5077 589 5151 quia
616 5078 813 5132 venale
845 5076 1036 5131 oleum
1082 5091 1197 5130 non
1244 5078 1527 5129 emerunt.
1565 5075 1725 5129 Unde
1754 5076 1889 5130 dici-

251 5169 349 5220 tur
375 5166 459 5221 eis
489 5185 501 5221 :
532 5188 552 5214 ι
590 5167 670 5220 Ite
702 5165 899 5236 potius
940 5164 1008 5217 ad
1040 5164 1373 5229 vendentes,
1406 5167 1461 5215 et
1506 5162 1681 5217 emite
1731 5164 1897 5219 vobis

250 5254 468 5321 (Matth.
503 5271 631 5309 xxv.
664 5254 740 5324 9).
766 5276 793 5302 »
817 5254 886 5307 Et
916 5253 1242 5323 negotiator
1270 5268 1383 5304 non
1419 5251 1718 5305 immerito
1751 5268 1893 5323 prm-

250 5341 497 5411 dicatur,
521 5342 621 5413 qui
652 5342 911 5396 vendidit
949 5341 1148 5395 omnia
1191 5357 1318 5406 sua,
1354 5345 1407 5393 ct
1437 5340 1579 5393 emit
1612 5341 1893 5411 margari-

246 5429 368 5481 tam
400 5428 604 5498 (Matth.
639 5446 760 5500 xm,
794 5430 903 5499 46).

2644 5130 2873 5185 CAPUT
2917 5130 3007 5185 IX.

2004 5219 2368 5290 Irtvttlescenle
2394 5221 2559 5288 fame,
2593 5220 2702 5288 filii
2745 5221 2905 5275 Iacob
2957 5217 3183 5273 redeunt
3231 5219 3291 5290 in
3338 5221 3634 5290 ngypIum_.

2074 5235 2368 5273 mitescente
2394 5235 2559 5288 Itone.
2593 5235 2699 5288 nm
2745 5235 2905 5275 Jacoo
2957 5235 3183 5273 rcacunt
3231 5236 3291 5272 ιη
3338 5235 3470 5290 mgy
3507 5235 3633 5276 mm,

2074 5288 2229 5343 ducto
2252 5306 2433 5343 secum
2467 5292 2756 5362 Benjamin
2785 5307 2848 5345 ac
2876 5289 3197 5362 muneribus
3218 5289 3430 5345 delatis.
3453 5235 3633 5362 11388ρῂ

2073 5363 2299 5415 comiter
2340 5364 2545 5431 fratres
2569 5357 2892 5432 alloquitur,
2925 5363 3023 5433 qui
3049 5359 3120 5433 ad
3162 5357 3630 5433 conviviumgim'i-

2074 5433 2197 5496 lati,
2234 5434 2584 5503 suspicantur
2611 5431 2720 5487 sibi
2760 5431 2957 5504 parari
3004 5432 3369 5488 calumniam.
3400 5431 3560 5486 Iidem
3602 5440 3629 5477 (ι

2001 5606 2179 5644 sensu
2210 5590 2504 5645 diversum
2540 5596 2648 5646 est.

2070 5662 2188 5785 (/10)!
2241 5662 2405 5718 Rom.
2466 5662 2603 5717 edit.
2668 5662 2813 5730 sola,
2872 5664 2986 5718 Non
3043 5678 3229 5717 omnes
3296 5678 3421 5716 eum
3478 5653 3631 5729 facile

2070 5748 2208 5785 mn.
2474 5755 2486 5768 -

1996 5747 2208 5786 emunt.
2474 5755 2486 5768 ‘

318 5584 432 5666 (39)
463 5585 730 5666 Itaumss.
764 5603 988 5666 omnes.
1034 5591 1276 5666 gxcepto
1326 5587 1570 5666 Theod:
1604 5588 1703 5666 qui
1754 5605 1889 5643 cum

245 5655 383 5711 edit.
418 5655 694 5727 omnibus
744 5659 992 5727 praefert.
1026 5656 1141 5727 Non
1184 5655 1456 5727 quaeritur
1506 5655 1749 5713 Christus
1795 5677 1887 5712 ar-

244 5729 417 5793 gento,
450 5726 542 5781 sed
589 5726 711 5793 ﬁde.
746 5725 907 5791 Quod
943 5725 1414 5794 quidem‘verbis
1464 5728 1659 5797 potius
1708 5745 1884 5799 quam
