3830 6206
108 390 211 453 693

167 520 362 605 majore
390 516 581 578 domus
610 516 1027 605 conﬁrmantur.
1062 519 1188 591 Quae
1218 523 1404 605 omnia
1451 520 1516 578 de
1557 523 1721 605 Pauli
1746 522 1803 593 Α

168 592 426 651 vocatione
451 609 518 648 ac
545 592 952 664 praedicatione,
984 609 1187 650 necnon
1239 594 1554 651 Iudaeorum
1592 596 1716 665 inﬁ-

167 666 370 722 delitate
391 672 756 736 exponuntur.

164 790 242 845 56.
273 789 601 844 Tenebatur
627 791 821 843 tamen
855 789 1155 859 Benjamin
1185 789 1405 859 junior,
1438 794 1495 845 et
1535 788 1720 860 patrio

109 878 272 935 adhuc
300 876 629 931 adhaerebat
651 877 880 932 affectu.
915 878 1212 932 Tenebant
1242 894 1374 932 eum
1403 876 1547 949 legis
1592 878 1718 931 vin-

107 966 234 1035 cuia,
265 981 387 1020 mos
418 968 698 1035 paternus
745 966 878 1035 (41).
916 965 1119 1020 Fames
1170 965 1556 1021 invalescebat
1585 967 1718 1036 (42),

106 1055 222 1127 quia
280 1069 406 1108 sero
472 1052 757 1108 veniebat.
837 1052 1210 1108 Intercedunt
1275 1071 1376 1125 pro
1450 1071 1515 1109 eo
1580 1055 1716 1116 duo.

104 1144 279 1199 Ruben
330 1145 386 1196 et
440 1141 626 1196 Judas
683 1140 834 1212 (Gen.
870 1158 1027 1209 xum,
1096 1142 1264 1211 ι-Η),
1308 1142 1415 1196 hoc
1465 1146 1573 1209 est,
1615 1142 1721 1197 hu-

103 1230 293 1286 milites
340 1232 515 1299 atque
564 1229 873 1284 confessio.
935 1230 1037 1285 His
1098 1231 1343 1285 vadibus
1402 1232 1556 1301 apud
1616 1248 1717 1302 pa-

102 1325 224 1374 trem
271 1318 469 1386 utitur,
507 1316 599 1371 his
649 1318 1056 1384 committitur,
1108 1335 1357 1389 quorum
1408 1336 1560 1373 unus
1610 1320 1721 1390 pri-

101 1406 329 1471 mitivus,
362 1405 512 1459 alius
568 1405 970 1460 resuscitatus.
1022 1406 1135 1460 Lex
1192 1406 1488 1475 primitivi,
1536 1407 1716 1461 Evan-

100 1493 288 1565 gelium
339 1492 669 1548 resuscitati
719 1494 852 1563 (43).
908 1493 1009 1547 His
1057 1494 1364 1549 deducitur
1416 1495 1715 1563 Benjamin

93 1582 282 1650 junior,
312 1586 369 1636 et
419 1581 591 1636 bonis
641 1580 918 1636 odoribus
966 1582 1279 1637 comitatus
1325 1582 1557 1638 advenit
1586 1600 1715 1654 por-

96 1673 207 1725 tans
234 1685 425 1724 secum
458 1669 740 1737 resinam,
770 1685 887 1740 qua
916 1667 1137 1739 lapides
1170 1687 1532 1725 marmorum
1578 1687 1717 1726 con-

96 1762 409 1825 nectuntur;
444 1774 511 1812 eo
545 1758 700 1829 quod
735 1757 1142 1829 praedicatione
1173 1758 1408 1830 propria
1435 1763 1715 1830 tanquam

95 1846 311 1917 spiritali
359 1846 560 1900 resina
604 1846 765 1901 vivos
811 1845 1037 1917 lapides
1093 1847 1268 1901 etiam
1328 1847 1452 1918 ipse
1508 1864 1716 1903 conne-

94 1939 244 1988 cteret
276 1951 288 1988 :
322 1939 567 2004 portans
594 1934 771 1989 etiam
805 1933 940 1999 mel,
974 1950 1089 2005 quo
1122 1934 1293 1990 noxia
1324 1934 1581 1990 vulneris
1624 1937 1711 1990 in-

93 2021 245 2077 terius
272 2024 602 2077 exeduntur
631 2023 755 2076 sine
805 2021 1004 2092 aliqua
1058 2023 1369 2078 acerbitate
1416 2024 1707 2080 sectionis.

90 2110 221 2165 Talis
264 2110 416 2165 enim
467 2110 634 2165 Pauli
687 2110 1037 2180 praedicatio,
1078 2115 1143 2165 ut
1193 2116 1421 2182 putrem
1457 2112 1714 2167 aboleret

91 2199 826 2269 aliectum,corruptumque
856 2204 1161 2253 evacuaret
1188 2198 1493 2254 humorem
1516 2201 1712 2271 dispu-

88 2286 293 2342 tationis
348 2304 467 2341 sua:
530 2285 756 2355 aculeo,
803 2302 972 2341 urere
1030 2286 1218 2357 magis
1275 2302 1437 2357 aegrae
1496 2288 1712 2343 mentis

88 2374 279 2429 viscera
307 2373 573 2447 cupiens,
605 2390 782 2444 quam
816 2390 1029 2429 secare.
1065 2374 1376 2429 incensum
1405 2375 1710 2443 orationis,

88 2467 133 2515 et
153 2463 376 2531 casiam,
397 2468 455 2517 et
481 2467 716 2534 guttam
747 2461 1056 2533 sepultura:
1087 2461 1346 2534 insignia
1378 2479 1506 2517 esse
1537 2463 1708 2518 David

88 2551 339 2621 propheta
397 2568 502 2606 nos
562 2550 757 2604 docuit
803 2551 1050 2605 dicens:
1088 2551 1381 2620 «Myrrha
1433 2557 1489 2606 et
1545 2558 1710 2623 gutta

87 2644 129 2693 et
154 2639 297 2695 casia
325 2658 357 2694 a
386 2638 758 2695 vestimentis
806 2639 923 2693 tuis
972 2639 1142 2708 (Psal.
1178 2657 1325 2707 κων,
1357 2641 1431 2710 9).
1476 2663 1505 2689 »
1536 2640 1711 2697 Venit

84 2726 214 2781 enim
235 2727 371 2783 ὅθι
397 2725 624 2781 Paulus
642 2742 872 2781 crucem
897 2727 1125 2781 Domini
1149 2728 1478 2797 praedicare,
1511 2727 1705 2784 ilicem

82 2830 283 2887 semper
308 2816 619 2879 virentem,
664 2820 721 2869 et
763 2831 941 2870 nuces
988 2831 1238 2886 quarum
1288 2822 1438 2871 testa
1485 2817 1703 2882 durior,

80 2902 275 2959 fruetus
337 2903 594 2959 tenerior
651 2919 663 2956 :
733 2903 1057 2973 meritoque
1123 2904 1284 2974 virga
1334 2905 1707 2961 sacerdotalis

78 2993 237 3047 Aaron
294 2992 536 3057 nucina,
596 2994 661 3045 ut
708 2990 975 3047 Jercmiae
1034 2990 1279 3047 baculus
1338 2992 1701 3063 hujusmodi.

81 3084 365 3150 Argentum
400 3096 639 3151 quoque
669 3077 901 3150 duplex,
932 3095 1045 3133 non
1082 3079 1267 3134 otiosa
1299 3097 1540 3135 munera
1579 3097 1705 3135 esse

82 3169 191 3238 quis
217 3169 460 3236 dubitet;
495 3185 637 3223 cum
687 3172 743 3222 et
790 3168 1132 3238 patriarcha:
1181 3169 1315 3230 vita,
1359 3173 1415 3223 et
1462 3168 1706 3240 apostoli

1144 388 1373 452 LiBElt
1415 387 1516 452 DE
1558 387 1849 456 JOSEPH
1892 389 2418 458 PATRIARCHA.

3352 384 3469 450 694

1831 525 1979 582 dura
2007 526 2157 598 (Gen.
2189 543 2324 595 XLII,
2356 524 2432 597 7),
2486 547 2513 576 »
2568 522 2708 600 quia
2753 521 2865 599 ipsi
2910 537 3027 581 non
3075 518 3470 594 agnoscebant

1830 632 1985 681 eum,
2036 633 2070 671 a
2118 633 2233 688 quo
2284 616 2766 687 agnoscebantur.
2817 612 2978 669 Pauli
3039 610 3218 683 igitur
3261 610 3467 665 merito

1830 705 2216 776 profecerunt,
2250 720 2423 776 quem
2455 703 2736 760 Dominus
2764 704 2938 759 Jesus
2969 706 3253 771 tanquam
3276 696 3470 770 junio-

1830 809 1952 849 rem
1984 793 2218 848 fratrem
2248 810 2317 849 ex
2345 793 2547 848 eadem
2595 795 2780 847 matre
2837 794 3176 864 generatum
3211 786 3468 859 amplius

1829 882 2049 937 caeteris
2098 882 2374 937 fratribus
2432 880 2656 951 diligat.
2689 881 3002 935 Advertant
3055 876 3241 931 Judaei
3292 889 3469 946 quem

1828 969 2140 1025 Dominum
2199 974 2576 1041 negaverunt,
2628 969 2727 1039 qui
2778 968 2953 1037 etiam
3007 964 3340 1029 crucifixus,
3400 978 3468 1018 ex

1828 1074 2124 1131 synagoga
2154 1062 2347 1112 tamen
2398 1073 2598 1111 eorum
2649 1060 2929 1126 tanquam
2962 1071 3029 1109 ex
3056 1052 3259 1107 eadem
3307 1054 3467 1105 ortus

1828 1151 2064 1218 parente
2119 1144 2252 1217 plus
2300 1162 2398 1199 eos
2446 1144 2638 1215 diligit
2675 1144 2807 1213 (44),
2842 1144 2889 1197 si
2934 1142 3020 1196 vel
3068 1156 3195 1196 sero
3249 1155 3467 1210 cogno-

1827 1240 1995 1289 scant
2016 1251 2132 1288 sum
2152 1233 2359 1288 salutis
2390 1232 2824 1288 auctorem.Sed
2859 1229 3225 1303 propriorum
3247 1225 3462 1282 conscii

1828 1320 2190 1387 delictorum,
2226 1339 2336 1376 non
2370 1322 2614 1377 credunt
2641 1324 2865 1375 tantam
2913 1316 3127 1373 Christi
3174 1332 3303 1371 esse
3350 1314 3467 1370 mi-

1827 1411 2293 1471 sericordiam,ut
2327 1410 2501 1463 donet
2531 1412 2852 1478 peccatum,
2878 1405 3134 1461 remittat
3162 1403 3461 1472 injuriam.

1828 1499 2076 1569 Ideoque
2106 1498 2629 1569 praeﬁgurabantur
2659 1496 2715 1549 in
2747 1492 3095 1566 patriarchis
3126 1490 3326 1563 Quales
3374 1507 3463 1545 es-

1826 1591 1956 1641 sent
1986 1586 2184 1641 futuri.
2221 1585 2621 1639 lnvitabantur
2667 1584 2737 1637 ad
2787 1582 3055 1654 gratiam,
3090 1579 3160 1633 ad
3192 1576 3464 1632 salutaris

1826 1691 2041 1729 mensae
2072 1674 2425 1729 vocabantur
2455 1670 2813 1736 convivium;
2846 1673 2903 1725 et
2949 1665 3302 1724 calumniam
3350 1664 3462 1719 sibi

1825 1762 2039 1835 parari,
2062 1762 2307 1817 insidias
2340 1759 2463 1816 fieri
2497 1759 2966 1831 suspicabantur.

1895 1853 1983 1906 48.
2020 1855 2084 1906 Et
2133 1854 2433 1921 coeperunt
2480 1848 2549 1902 ad
2599 1847 2920 1911 hominem,
2969 1845 3069 1916 qui
3117 1846 3241 1899 erat
3287 1858 3466 1912 supra

1823 1940 2064 1995 domum
2107 1939 2165 1993 in
2207 1940 2393 2007 janua
2416 1938 2627 1992 domus
2659 1952 2894 1991 causam
2922 1949 3088 1989 suam
3123 1947 3293 2004 agere
3320 1928 3467 1986 velle

1822 2027 1973 2096 (Gen.
2006 2043 2162 2090 κων,
2216 2027 2324 2093 19).
2381 2025 2587 2079 Adhuc
2645 2023 2915 2079 dubitant
2982 2019 3240 2086 introire,
3295 2023 3351 2074 et
3395 2035 3463 2072 ex

1820 2114 2091 2185 operibus
2114 2115 2237 2170 suis
2268 2112 2495 2168 malunt
2513 2110 2845 2180 justiﬁcari,
2879 2110 2979 2181 qui
3019 2124 3260 2165 causam
3292 2122 3459 2162 suam

1818 2203 2020 2258 volunt
2063 2208 2345 2267 astruere,
2377 2218 2555 2272 quam
2603 2199 2848 2271 gratiam
2900 2198 3177 2268 accipere,
3218 2200 3276 2251 et
3330 2195 3459 2249 ideo

1817 2291 1874 2345 in
1908 2291 2092 2363 portis
2120 2292 2570 2361 redarguuntur.
2604 2287 2710 2351 Qui
2758 2291 2951 2343 autem
3005 2285 3260 2339 fructum
3309 2283 3458 2337 uteri

1816 2378 2116 2450 virginalis
2164 2382 2476 2450 exspectat,
2508 2381 2565 2432 et
2612 2376 2999 2431 hazreditatem
3049 2370 3301 2437 Domini,
3354 2369 3457 2425 lilii

1818 2484 2071 2523 mercem
2137 2466 2486 2538 negotiatur,
2545 2481 2660 2518 non
2716 2464 3018 2519 erubescet
3082 2461 3139 2514 in
3207 2463 3373 2532 porta
3442 2476 3454 2513 :

1817 2557 1917 2611 sed
1977 2557 2037 2610 in
2097 2556 2250 2610 exitu
2302 2557 2431 2607 vitae
2490 2552 2668 2621 hujus
2728 2550 2957 2623 repellit
3009 2548 3337 2615 inimicum,
3385 2562 3458 2601 ne

1816 2645 1886 2699 ad
1917 2643 2121 2700 altiora
2152 2642 2480 2715 properanti
2514 2640 2783 2697 conscius
2812 2639 2995 2711 culpae
3027 2636 3308 2709 gravioris
3354 2635 3455 2690 ob-

1816 2734 2008 2788 sistat.

1885 2822 1974 2876 49.
2009 2820 2170 2876 Unde
2201 2818 2443 2890 mystice
2483 2817 2599 2872 illis
2644 2816 2943 2887 respondit
2990 2815 3176 2883 major
3223 2812 3453 2867 domus.

1816 2910 1885 2964 Et
1915 2909 1966 2965 is
1995 2908 2091 2980 qui
2121 2909 2198 2963 sit
2228 2906 2485 2977 intellige
2532 2922 2665 2960 cum
2714 2903 2923 2973 legeris
2962 2903 3194 2974 Moysen
3228 2899 3456 2955 fidelem

1816 2999 1875 3053 in
1907 3002 2028 3053 tota
2061 2997 2232 3051 domo
2258 2997 2405 3064 ejus.
2442 2995 2691 3063 Majores
2734 2991 2889 3047 enim
2938 2992 3171 3056 domus,
3207 2989 3452 3059 Moyses.

1816 3086 2018 3141 Petrus
2048 3089 2104 3140 et
2135 3084 2369 3149 Paulus,
2402 3087 2459 3138 et
2498 3081 2687 3137 caeteri
2736 3079 2923 3136 sancti
2974 3082 3113 3134 sunt
3145 3095 3157 3133 :
3191 3076 3457 3132 Christus

1816 3179 2013 3229 autem
2063 3172 2223 3227 solus
2272 3177 2361 3227 est
2409 3170 2704 3225 dominus.
2765 3169 3058 3239 Scriptum
3107 3170 3196 3220 est
3244 3182 3257 3219 :
3319 3165 3457 3235 quia

82 3272 245 3312 sermo
274 3274 503 3328 semper
539 3257 784 3311 virescat
816 3257 874 3310 in
907 3256 1242 3327 pectoribus
1296 3256 1700 3329 singulorum],
1733 3251 1775 3316 C
1815 3261 2044 3333 Moyses
2075 3258 2263 3315 ﬁdelis
2296 3259 2354 3313 in
2384 3263 2505 3313 tota
2534 3258 2706 3313 domo
2737 3257 2864 3325 eius
2888 3260 3171 3325 tanquam
3194 3251 3455 3307 famulus

82 3349 126 3397 et
150 3344 428 3417 eloquium
463 3348 829 3413 sanctorum,
863 3345 1015 3398 sicut
1059 3348 1364 3415 argentum
1396 3346 1528 3416 igne
1571 3363 1700 3400 exa-

1808 3348 1867 3403 in
1902 3347 2306 3403 testimonium
2336 3362 2535 3400 eorum
2567 3362 2693 3416 qua:
2725 3343 2877 3397 dicta
2906 3345 3101 3397 essent
3142 3340 3333 3410 (Hebr.
3367 3354 3450 3406 In,

83 3432 359 3502 minatum,
394 3433 668 3505 praecepti
721 3431 973 3487 salubris
1017 3432 1241 3504 fulgore
1290 3434 1703 3504 resplendeat?
1806 3438 1909 3504 5):
1944 3436 2209 3492 Christus
2240 3440 2433 3489 autem
2463 3438 2745 3504 tanquam
2793 3430 2949 3487 filius
2996 3430 3054 3483 in
3104 3428 3277 3483 domo
3323 3444 3449 3494 sua,

82 3516 173 3573 Nec
194 3518 476 3577 immerito
513 3518 728 3591 duplex
760 3527 1065 3591 argentum
1100 3521 1358 3575 referunt
1400 3522 1460 3575 in
1489 3521 1703 3592 quibus

84 3604 220 3662 Pauli
282 3610 768 3682 praeﬁgurabatur
842 3609 1147 3676 adventus,
1209 3609 1307 3680 qui
1369 3608 1704 3665 laborantes

84 3697 415 3769 presbyteros
438 3699 501 3753 in
536 3696 708 3752 verbo
740 3700 912 3769 atque
942 3696 1208 3752 doctrina
1238 3696 1455 3768 duplici
1486 3697 1703 3753 honore

84 3785 323 3842 donabat.

142 3874 217 3928 47.
252 3897 278 3925 ‹‹
306 3875 463 3930 Vidit
492 3878 692 3929 autem
726 3872 856 3929 illos
884 3872 1124 3945 Joseph,
1158 3878 1213 3928 et
1246 3874 1548 3945 Benjamin
1591 3875 1705 3929 fra-

84 3962 208 4017 trem
260 3981 431 4019 suum
491 3981 567 4019 ex
613 3963 816 4017 eadem
867 3966 1051 4017 matre
1100 3962 1251 4032 (Gen.
1304 3980 1458 4028 χλιιι,
1514 3966 1624 4032 29).
1678 3986 1703 4011 ››

86 4046 192 4105 iam
234 4054 503 4107 videnlur
551 4051 794 4118 Hebraei,
826 4056 884 4106 et
940 4051 1212 4105 videntur
1263 4068 1297 4105 a
1344 4052 1572 4107 Christo
1604 4052 1703 4122 qui

87 4152 230 4194 verus
257 4140 468 4213 Joseph
504 4146 617 4205 est,
646 4140 878 4211 quando
908 4156 1039 4193 cum
1075 4139 1235 4193 Pauli
1263 4139 1504 4193 veniunt
1534 4145 1703 4211 typo:

88 4225 399 4299 etloquitur
436 4228 563 4285 illis
608 4228 772 4284 mitia
820 4238 989 4299 atque
1038 4235 1365 4294 mansueta,
1402 4233 1465 4282 ut
1497 4232 1709 4299 pariter

89 4312 257 4371 cibum
287 4322 548 4373 sumant.
583 4320 772 4388 Supra
820 4323 1015 4371 autem
1065 4317 1203 4388 quia
1238 4317 1362 4371 sine
1402 4317 1705 4385 Benjamin

87 4410 353 4472 venerunt,
404 4407 762 4479 agnoscebat
810 4405 1046 4476 quidem
1097 4422 1195 4459 eos
1228 4421 1241 4459 :
1277 4405 1375 4459 sed
1411 4405 1480 4458 ab
1520 4404 1614 4459 his
1647 4422 1708 4460 se

89 4495 370 4559 avertebat,
416 4501 482 4549 ut
532 4493 816 4565 scriptum
869 4498 1003 4548 est:
1042 4514 1067 4541 ‹‹
1115 4493 1179 4547 Et
1233 4488 1583 4565 loquebatur
1616 4492 1708 4548 bis

1811 3543 1937 3597 quia
1967 3525 2178 3580 domus
2209 3540 2312 3577 nos
2344 3540 2571 3587 sumus,
2614 3521 2664 3577 si
2711 3521 3041 3576 libertatem
3089 3521 3148 3572 et
3202 3515 3447 3588 gloriam

1812 3613 1932 3685 spei
1963 3611 2327 3667 tenuerimus
2356 3610 2514 3680 (Ibid.
2544 3612 2620 3675 6).

1879 3702 1968 3756 50.
2004 3700 2105 3755 Hic
2134 3715 2269 3770 ergo
2303 3700 2488 3769 major
2515 3699 2725 3753 domus
2754 3696 3054 3769 respondit
3081 3694 3198 3750 illis
3229 3711 3279 3750 :«
3313 3694 3454 3749 Pro-

1812 3789 1993 3859 pitius
2038 3788 2114 3842 sit
2157 3785 2318 3842 vobis
2368 3786 2541 3851 Deus,
2575 3785 2751 3839 nolite
2797 3785 3037 3851 timere;
3102 3785 3251 3839 Deus
3298 3781 3455 3837 enim

1809 3881 2019 3942 vester,
2073 3880 2129 3930 et
2180 3875 2332 3929 Deus
2386 3879 2618 3944 patrum
2690 3878 3019 3928 vestrorum
3074 3871 3237 3926 dedit
3294 3869 3458 3925 vobis

1812 3965 2121 4019 thesauros
2153 3964 2210 4016 in
2243 3962 2393 4017 502
2427 3960 2676 4016 sacculis
2726 3961 2931 4015 vestris
2982 3976 2994 4012 :
3045 3964 3104 4013 at
3151 3962 3457 4030 argentum

1813 4060 2071 4107 vestrum
2106 4051 2352 4122 probum
2386 4057 2686 4120 acceptum
2721 4048 2903 4102 habeo
2936 4048 3086 4111 (Gen.
3114 4064 3265 4110 Lxm,
3289 4046 3401 4109 23).
3432 4066 3459 4094 ››

1818 4141 1901 4195 11ιί
1934 4138 2090 4193 enim
2146 4138 2411 4192 dixerant
2444 4155 2456 4191 :
2494 4160 2521 4185 ‹‹
2553 4141 2872 4207 Argentum
2903 4134 3370 4203 uniuscujusque
3400 4133 3458 4187 in

1816 4228 2065 4284 sacculis
2101 4226 2313 4281 nostris
2363 4224 2713 4288 invenimus,
2747 4224 2817 4277 ad
2869 4223 3100 4293 pondus
3154 4226 3459 4293 argentum

1816 4322 2083 4373 nostrum
2117 4314 2424 4369 retulimus
2450 4313 2607 4381 (Ibid.
2641 4312 2751 4382 21).
2788 4334 2815 4361 ››
2844 4312 2887 4366 Ο
2921 4326 3133 4381 magna
3163 4308 3457 4380 mysteria,

1817 4412 1873 4460 et
1922 4404 2218 4461 evidenter
2263 4401 2561 4472 expressa!
2617 4400 2733 4455 Hoc
2781 4405 2868 4454 est
2913 4399 3104 4454 dicere
3154 4413 3165 4450 :
3213 4397 3328 4451 Cur
3375 4396 3460 4449 in-

1819 4492 2078 4549 ﬂamini?
2138 4495 2253 4547 Cur
2298 4500 2604 4561 argentum
2661 4506 2760 4543 vos
2815 4488 3027 4543 habere
3085 4490 3341 4541 vestrum
3404 4484 3461 4538 in

151 4635 407 4706 {il)Cum
446 4636 524 4693 ibi
561 4637 764 4691 doceat
794 4633 1488 4706 Ambrosiusgnenjamin
1514 4638 1714 4706 typum
1749 4618 1788 4680 Π
1826 4650 1965 4706 num
2017 4633 2321 4704 utriusque
2363 4631 2471 4706 lib.
2525 4637 2600 4687 De
2649 4631 2844 4706 Bened.
2896 4630 3363 4706 Patriafcharum,
3412 4632 3467 4706 et

90 4698 198 4759 esas
226 4697 403 4772 Pauli,
437 4707 649 4763 alludit
698 4708 766 4762 ad
821 4706 1014 4760 locum
1066 4704 1243 4774 Epist.
1280 4697 1347 4758 ad
1392 4704 1510 4760 (ial.
1538 4697 1593 4769 ἰζ
1626 4706 1713 4773 14,

93 4775 141 4829 Et
166 4779 506 4847 proﬁciebam
539 4780 597 4833 in
627 4778 924 4834 Judaismo.
971 4820 983 4830 .
1030 4817 1042 4829 .
1084 4776 1451 4830 abundantius
1488 4778 1713 4831 minuta-

91 4854 165 4923 ιδῃ
185 4852 436 4923 exstiteris
457 4854 819 4923 paternarum
844 4863 1087 4903 mearum
1118 4847 1499 4923 tnaditionum.

152 4916 250 4989 (42)
299 4916 466 4977 Rom.
518 4922 655 4975 edit.
708 4925 841 4975 ante
894 4934 1092 4973 vocem
1150 4920 1362 4984 Fames,
1422 4918 1719 4989 praemittit

94 4984 243 5065 hunc
278 4992 615 5065 Scripturee
645 5007 898 5065 versum.
930 4990 995 5045 Αι
1039 4984 1500 5065 [ὶυηοεᾼίηυαῑῐιὶἰ
1556 5005 1720 5060 super

96 5059 295 5127 terram,
328 5059 435 5119 etc'.
468 5064 542 5118 Et
570 5063 653 5117 sic
683 5061 982 5118 exorditur
1012 5071 1187 5130 caput
1216 5061 1269 5114 9.

125 5131 258 5206 .(i3)
290 5133 426 5190 Mss.
462 5134 687 5205 aliquot
712 5150 845 5187 cum
878 5131 1348 5206 edit._omnibu_s,
1380 5135 1494 5206 Lee:
1520 5131 1719 5206 primi-

96 5199 996 5273 tivaﬁvangelium'resuscifalum.
1032 5201 1255 5273 Benig..
1292 5203 1478 5273 l*‘ulg.,
1523 5204 1716 5255 Germ.

97 5275 145 5347 εἰ
196 5274 373 5347 Colla,
448 5278 559 5331 Lee:
612 5277 920 5347 primitiva,
986 5275 1353 5347 lzvangelium
1417 5276 1718 5347 resuscitat.

97 5336 246 5398 Corb.
309 5336 373 5402 ac
437 5336 661 5401 'l‘ornf.
702 5390 713 5403 .
754 5390 765 5402 .
805 5388 817 5401 .
878 5336 1210 5400 resuscitati.
1273 5344 1374 5398 His
1436 5345 1723 5398 accedunt

100 5407 377 5494 Eb'rulphv
413 5417 675 5494 Mich._et
724 5415 917 5494 Albin.
955 5414 1068 5469 nisi
1120 5415 1275 5486 quod
1326 5414 1562 5481 habent,
1602 5415 1726 5494 _Le.v

95 5485 577 5559 primitivi,quam
609 5488 916 5545 lectionem
957 5485 1322 5559 germanam;
1349 5502 1503 5559 esse;
1526 5485 1721 5540 existi-

100 5565 332 5637 mamus.
367 5557 508 5637 V:ult
551 5562 707 5637 enim
742 5560 828 5637 vir
857 5557 1095 5637 sanctus
1128 5558 1185 5637 in
1220 5558 1423 5637 Ruben
1477 5557 1723 5637 figuram

100 5627 369 5704 gastitisse
398 5629 543 5702 legis
576 5648 639 5686 ac
669 5631 1039 5704 Judaiorum;
1067 5629 1309 5704 in‘Juda
1345 5627 1727 5704 Evangeliirt

104 5690 567 5758 Christianorum.
602 5701 849 5759 Consule
897 5690 1317 5771 sXpositionem
1371 5690 1722 5755 benedictio-

1825 4705 1933 4759 hoc
1964 4700 2599 4775 apertius'explicatum
2632 4704 2901 4775 reperies.
2939 4702 3096 4768 Quod
3126 4718 3262 4775 vero
3288 4700 3466 4775 paulo

1826 4771 2099 4845 superius
2133 4771 2339 4830 Ruben
2365 4775 2578 4829 dicitur
2603 4771 2916 4838 humilitas,
2958 4790 3070 4827 non
3123 4772 3234 4826 ista
3285 4771 3468 4845 inter-

1827 4842 2073 4918 pretatio
2108 4847 2360 4901 nominis
2392 4853 2499 4911 est,
2535 4846 2636 4900 sed
2691 4845 2898 4900 allusio
2947 4845 3017 4897 ad
3067 4846 3258 4918 locum
3298 4842 3465 4904 Gen.,

1826 4917 1976 4982 xxxx,
2027 4920 2118 4985 32,
2171 4918 2266 4972 ubi
2318 4918 2389 4972 de
2441 4918 2540 4971 Lia
2587 4918 2855 4971 dicitur:
2910 4917 3220 4984 vocavitque
3274 4928 3472 4966 nomen

1826 4989 1943 5059 ejus
1976 4990 2152 5043 Ruben
2185 4990 2401 5043 dicens:
2423 4988 2561 5043 Vidit
2592 4989 2849 5043 Dominus
2879 4985 3252 5040 Humilitatem
3272 4999 3469 5049 meam,

1829 5066 1938 5115 etc.

1900 5131 2013 5193 (lli)
2062 5128 2278 5181 Omnes
2328 5128 2465 5183 edit.
2500 5146 2572 5182 ex
2625 5129 2809 5183 eadem
2868 5132 3012 5181 orla:
3068 5122 3474 5196 parente‘plus

1829 5201 2037 5270 diligit.
2075 5199 2209 5252 Mss.
2244 5206 2436 5253 autem
2472 5200 2663 5263 Corb.,
2700 5200 2920 5270 Benig.,
2955 5193 3172 5270 'l‘heod.
3206 5193 3475 5270 e_t_\"alc_.,

1831 5216 2037 5270 amgzr.
2075 5216 2209 5252 mss.
2244 5216 2436 5253 aurem
2472 5216 2663 5263 UOK‘D.,
2700 5216 2833 5254 ueni
2886 5240 2920 5261 .,
2955 5216 3172 5252 'i'neon.
3206 5216 3262 5249 et
3301 5216 3475 5263 \'aic.,

1831 5289 1899 5327 ea:
1929 5270 2117 5325 eadem
2148 5274 2296 5324 ortus
2320 5274 2552 5340 parente
2570 5272 2697 5339 plus
2720 5287 2807 5326 eos
2835 5216 3051 5342 siligit.
3104 5268 3179 5342 Et
3225 5266 3286 5321 hi
3348 5266 3477 5336 qui-

1833 5344 1966 5397 dem
1997 5342 2266 5394 videntur
2295 5338 2358 5394 eo
2393 5338 2754 5410 praeferendi,
2789 5338 3035 5411 quod'in
3064 5338 3196 5411 aliis
3226 5342 3480 5411 quatuor

1833 5413 2046 5483 legitur
2074 5417 2320 5464 mortuus
2352 5409 2597 5483 parente.
2624 5412 2718 5465 ubi
2753 5409 2907 5466 haud
2935 5410 3111 5466 dubie
3144 5409 3475 5481 legendum,

1834 5490 1985 5540 ortus
2010 5486 2235 5553 parente
2263 5499 2281 5534 :
2314 5481 2409 5535 alii
2454 5485 2647 5553 tamen
2700 5483 2814 5535 duo
2858 5486 3191 5552 praeferunt,
3240 5488 3480 5553 mortuos

1871 5550 2106 5617 arentes,
2143 5553 2292 5623 quod
2330 5552 2501 5604 editis
2531 5550 2704 5605 etiam
2740 5550 2907 5606 favet.
2941 5554 3050 5607 Sed
3107 5552 3304 5606 minus
3335 5551 3481 5623 bene

1871 5573 2106 5617 ανεηῑθκ,
2143 5573 2292 5623 ψιυη
2330 5573 2501 5604 C(llllS
2531 5573 2704 5605 cuum
2741 5573 2907 5606 ῐᾶγθι.
2941 5573 3050 5607 aeu
3107 5573 3304 5606 minus
3336 5573 3481 5605 υεῐιυ

1831 5573 1957 5681 ἷζωο
1988 5626 2153 5680 lectio
2185 5625 2292 5677 sibi
2326 5627 2616 5677 constaret
2646 5623 2717 5676 ob
2748 5639 2944 5678 vocem
2978 5640 3186 5687 eorum,
3207 5638 3333 5691 quae
3367 5622 3482 5676 fere

1839 5700 1896 5754 in
1931 5714 2072 5752 mss.
2105 5695 2380 5752 omnibus
2416 5693 2723 5748 invenitur.
