3830 6206
217 471 323 535 697

1251 467 1485 532 LIBER
1527 467 1628 530 ne
1669 464 1961 529 Josepa
2003 462 2528 529 PATRIARCHA.
2578 416 2585 419 A

3466 461 3588 526 698

276 605 359 660 58.
388 601 621 676 Mystiee
641 604 858 659 autem.
884 600 1042 658 Vidit
1062 600 1348 659 Dominus
1367 600 1538 656 Jesus
1557 598 1823 662 Paulum,
1859 600 1909 663 Α
1942 601 2026 656 ad.
2045 599 2442 657 suti'erendum
2471 616 2680 657 nomen
2708 614 2904 656 meum
2934 613 3130 655 coram
3153 595 3422 672 gentibus
3446 597 3579 669 (Act.

215 691 353 751 oculi
388 690 541 748 enim
568 691 799 747 Domini
829 707 1005 763 super
1042 691 1261 762 justus,
1321 694 1378 744 et
1433 688 1607 745 dixit:
1667 712 1693 736 ι(
1729 687 1831 742 Hic

214 782 375 835 frater
406 784 583 835 vester
628 785 718 835 est
775 778 1196 834 adolescentior
1251 778 1430 850 (Ibid).
1491 778 1579 847 29)
1612 777 1639 831 ‘?
1663 800 1689 825 ››
1720 775 1833 832 Ad-

211 869 314 924 huc
342 866 752 924 adolescentior
789 867 1021 935 dicitur,
1063 866 1161 938 qui
1219 866 1480 923 nondum
1540 872 1833 922 maturam

211 973 353 1012 caute
382 955 510 1011 fidei
542 957 778 1027 gerebat
832 960 1081 1023 aetatem,
1114 957 1375 1011 nondum
1399 956 1457 1009 in
1487 956 1677 1010 virum
1710 970 1835 1026 per-

210 1045 409 1099 fectum
464 1048 806 1111 excreverat,
842 1066 871 1094 (ί
927 1045 986 1098 in
1035 1043 1218 1112 illam,
1256 1068 1276 1093 η
1359 1044 1513 1100 sicut
1566 1043 1690 1115 ipse
1731 1041 1831 1108 ait,

212 1155 235 1182 ι(
268 1148 593 1188 mensuram
625 1133 810 1187 aetatis
842 1131 1219 1204 plenitudinis
1250 1133 1497 1204 Christi(
1525 1133 1721 1204 Ephes.
1755 1150 1830 1199 ιν,

212 1220 366 1290 13).»
428 1220 682 1291 Denique
737 1220 1073 1276 adolescens
1130 1220 1344 1294 legitur
1408 1224 1637 1276 tantum
1730 1220 1830 1285 ibi,

210 1308 296 1363 ubi
327 1306 710 1380 lapidantium
756 1308 1116 1380 Stephanum
1172 1309 1516 1365 vestimenta
1569 1310 1835 1364 servabat

208 1396 333 1464 (Act.
363 1412 458 1462 vu,
491 1398 603 1466 57).
638 1397 706 1451 Et
738 1396 865 1452 ideo
923 1396 1321 1452 Philemonem
1358 1396 1831 1471 nonadolescen—

208 1482 290 1538 tiae
320 1500 456 1551 suae,
497 1484 599 1539 sed
632 1484 947 1540 senectutis
980 1485 1234 1541 similem
1262 1503 1389 1541 esse
1420 1485 1708 1557 cupiebat,
1770 1490 1833 1539 ut

208 1572 433 1644 scripsit
456 1588 506 1626 ;‹‹
544 1572 729 1644 Magis
760 1573 1022 1640 obsecro,
1054 1591 1188 1629 cum
1220 1574 1303 1629 sis
1331 1574 1466 1629 talis
1499 1580 1563 1629 ut
1614 1574 1833 1630 Paulus

206 1675 368 1716 senex
424 1660 680 1731 (Philem.
740 1662 817 1731 9).
855 1684 880 1709 ››
934 1661 1067 1717 Ideo
1098 1661 1581 1719 adolescentiores
1628 1663 1836 1718 viduas

204 1748 467 1820 praedicat
506 1749 885 1806 deelinandas
915 1751 963 1822 (I
992 1751 1122 1806 Tim.
1165 1769 1220 1818 v,
1257 1751 1362 1823 11),
1420 1769 1532 1806 non
1604 1756 1838 1824 propter

203 1842 440 1906 aetatem,
472 1838 577 1894 sed
620 1843 853 1910 propter
882 1840 1198 1911 quamdam
1241 1841 1687 1912 pubescentium
1736 1841 1834 1897 de-

202 1924 460 1981 lictorum
491 1924 814 1997 lasciviam,
848 1928 999 1985 504
1059 1928 1662 2001 immaturitatemque
1717 1930 1830 1984 vir-
1866 1964 1914 2029 B

204 2014 354 2069 tutis.
387 2014 677 2070 Caeterum
730 2016 918 2085 major
966 2017 1022 2071 in
1070 2018 1303 2087 juvene,
1347 2033 1522 2089 quam
1582 2017 1641 2072 in
1699 2035 1836 2073 sene

201 2100 321 2158 laus
349 2103 636 2158 castitatis
666 2108 772 2159 est.
809 2103 950 2159 Puto
998 2111 1192 2160 autem
1246 2106 1403 2176 quod
1459 2124 1491 2162 a
1540 2123 1673 2161 vero
1722 2124 1836 2161 non

201 2190 271 2244 sit
295 2190 554 2246 alienum
588 2191 753 2257 illud,
788 2192 836 2247 si
888 2190 1289 2265 intelligamus
1344 2194 1482 2265 quia
1536 2211 1671 2249 cum
1729 2193 1837 2251 hoc

200 2277 407 2335 Paulus
437 2279 683 2335 haberet
711 2285 768 2336 et
812 2280 1074 2337 horreret
1132 2282 1244 2354 (50)
1303 2287 1630 2355 correptus,
1680 2285 1833 2355 quod

200 2367 417 2424 caecitas
460 2368 778 2425 accidisset
833 2369 906 2436 ei,
966 2369 1248 2443 inciperet
1279 2374 1469 2426 tamen
1532 2372 1838 2444 appropin-

198 2471 365 2526 quare
423 2457 707 2512 dieendo:
772 2480 799 2507 «
832 2445 1101 2529 Dom-ine,
1164 2458 1299 2530 quid
1371 2477 1462 2515 me
1518 2459 1604 2515 vis
1650 2461 1837 2516 facere

198 2544 323 2611 (Act.
383 2562 461 2611 ix,
531 2546 626 2611 6);
673 2568 699 2593 ››
758 2545 885 2602 ideo
945 2545 1369 2604 adolescentior
1445 2547 1749 2604 dicebatur
1805 2568 1839 2605 a

197 2630 444 2701 Christo,
481 2637 548 2688 ut
587 2633 687 2703 qui
730 2635 1045 2689 vocabatur
1097 2653 1130 2690 a
1194 2635 1405 2708 gratia,
1462 2642 1839 2693 excusaretur

197 2736 228 2774 a
258 2719 442 2792 culpa,
476 2721 637 2793 quod
669 2738 735 2777 ea
769 2721 1003 2778 lubrica:
1052 2724 1259 2779 fuisset
1313 2725 1522 2780 aetatis.
1578 2725 1838 2798 Denique

196 2807 333 2864 vidit
361 2826 495 2865 eum
532 2808 822 2876 Christus,
859 2810 956 2866 ubi
991 2810 1091 2867 lux
1121 2811 1512 2869 circumfulsit
1560 2831 1715 2871 eum.
1770 2816 1840 2871 Et

196 2897 327 2966 quia
352 2896 758 2954 adolescentes
798 2899 987 2971 magis
1020 2904 1199 2967 metu,
1232 2918 1407 2973 quam
1441 2902 1663 2958 ratione
1684 2920 1839 2959 revo-

195 2991 397 3041 cantur
426 3003 461 3041 a
493 2985 657 3055 vitio,
691 2986 960 3042 adhibuit
1017 2987 1341 3058 stimulum,
1403 2994 1460 3044 et
1525 2991 1838 3048 miseratus

195 3074 518 3142 admonuit,
562 3091 634 3129 ne
652 3075 929 3131 adversus
950 3075 1279 3146 stimulum,
1312 3078 1656 3135 calcitraret.

257 3163 339 3217 59.
377 3163 681 3218 Turbatus
715 3168 803 3218 est
846 3169 1064 3230 autem,
1090 3166 1239 3220 sicut
1268 3166 1450 3222 habes
1476 3166 1535 3222 in
1580 3168 1837 3240 Evange-

189 3248 467 3321 lio(loan.
503 3268 582 3315 xu,
622 3251 734 3320 33),
788 3252 925 3324 quia
982 3254 1239 3308 turbavit
1296 3271 1357 3309 se
1414 3254 1644 3326 spiritu,
1703 3275 1836 3312 cum

1944 706 2019 754 Ix,
2053 689 2160 760 l5).
2194 690 2240 744 A
2263 689 2543 762 principio
2576 688 2897 751 inebriatur
2916 688 3213 756 ebrietate,
3232 686 3329 742 sed
3347 685 3543 743 sobria
3567 703 3581 753 ;

1943 783 2009 833 ut
2027 783 2082 833 et
2113 778 2236 850 ipse
2267 795 2400 834 cum
2423 777 2642 834 sanctis
2666 778 2881 834 diceret
2913 795 2925 832 :
2953 801 2979 826 ‹‹
3016 777 3083 831 Et
3116 774 3391 849 poculum
3415 780 3584 831 tuum

1943 865 2262 934 inebrians,
2302 883 2477 937 qaum
2500 866 2839 937 praeclarum
2871 869 2958 921 est
2999 866 3169 934 (Psul.
3230 880 3367 930 xxu,
3414 865 3469 935 5)
3504 861 3517 918 l
3556 885 3583 913 ι)

2012 956 2101 1008 61.
2136 956 2204 1010 Et
2234 954 2489 1026 scyphus
2520 960 2830 1026 argenteus
2862 954 2967 1010 soli
3003 955 3132 1025 ejus
3154 970 3321 1010 sacco
3374 952 3586 1009 inseri-

1943 1047 2042 1099 tur
2071 1044 2180 1115 (5l)
2212 1044 2362 1112 (Gen.
2395 1060 2543 1108 κων,
2584 1044 2661 1115 2).
2712 1043 3015 1098 Nesciebat
3071 1042 3180 1097 hoc
3236 1043 3581 1113 Benjamin:

1943 1131 2250 1188 fallebatur
2279 1132 2515 1199 Paulus,
2549 1131 2648 1186 sed
2674 1132 3001 1187 vocabatur.
3037 1130 3284 1186 Mittitur
3302 1136 3433 1202 post
3451 1147 3584 1186 eum

1943 1238 2132 1277 mane.
2165 1222 2286 1277 Nox
2333 1222 2490 1277 enim
2523 1223 2896 1293 praecesserat
2924 1219 3219 1285 caecitatis,
3274 1219 3396 1274 dies
3453 1219 3585 1275 fidei

1943 1310 2474 1382 apprOpinquabat.

2012 1399 2101 1453 62..
2134 1399 2241 1453 Per
2278 1399 2540 1453 ordinem
2573 1396 2940 1470 singulorum
2971 1396 3134 1467 prius
3195 1396 3589 1469 inspiciuntur

1944 1486 2162 1544 saeculi
2191 1487 2346 1553 (Ibid.
2384 1490 2491 1553 t2).
2518 1487 2693 1542 Docet
2722 1492 2777 1541 te
2808 1484 3225 1541 mortalitatem
3284 1486 3589 1558 Scriptura

1943 1576 2159 1633 divina.
2185 1580 2291 1632 Per
2320 1574 3172 1631 ordinemantediscubuerant
3218 1574 3275 1639 in
3323 1573 3587 1629 convivio

1944 1670 2146 1720 contra
2163 1681 2297 1720 eum
2323 1666 2452 1736 (52),
2482 1664 2812 1737 primitivus
2834 1663 3156 1718 secundum
3181 1667 3408 1718 aetatem
3433 1663 3583 1735 (Gen.

1943 1770 2097 1819 xun,
2131 1753 2241 1824 33).
2274 1752 2449 1809 Vides
2480 1753 2637 1825 quod
2668 1751 2881 1809 seniori
2916 1751 3078 1806 locus
3102 1749 3199 1805 ille
3230 1751 3304 1806 sit
3329 1751 3586 1807 deferen-

1944 1841 2074 1896 dus.
2110 1841 2214 1897 Per
2242 1842 2508 1897 ordinem
2540 1841 2751 1896 iterum
2792 1840 3171 1912 requiruntur
3190 1839 3407 1896 saeculi
3462 1841 3589 1896 sin-

1944 1929 2236 2002 gulorum,
2272 1934 2336 1984 ut
2366 1928 2516 1985 scias
2554 1928 2804 1986 electum
2832 1927 3079 1983 Paulum
3113 1926 3330 1984 emlesti
3357 1929 3591 2000 esseju-

1946 2018 2114 2074 dicio.
2149 2017 2437 2075 Diseussit
2466 2023 2723 2081 caeteros,
2758 2018 2913 2073 hunc
2939 2015 3213 2090 praetulit.
3247 2016 3310 2072 In
3367 2016 3589 2073 nullius

1947 2107 2186 2163 alterius
2220 2108 2368 2165 505
2420 2123 2587 2163 sacco
2636 2106 2889 2178 scyphus
2942 2110 3252 2177 argenteus
3319 2104 3590 2162 inventus

1947 2200 2054 2260 est,
2088 2197 2202 2253 nisi
2232 2196 2426 2253 istius.
2460 2196 2606 2260 Quid
2639 2195 2751 2250 sibi
2797 2193 2923 2250 vult
2979 2195 3135 2265 quod
3190 2194 3448 2250 insertus
3504 2198 3593 2250 est

1948 2284 2228 2341 sacculo?
2273 2283 2490 2357 Joseph
2541 2284 2779 2356 quidem
2840 2283 3150 2341 inebriavit
3204 2287 3268 2338 ut
3326 2281 3587 2339 falleret:

1947 2374 2233 2447 scyphum
2286 2373 2448 2429 misit
2504 2378 2569 2428 ut
2609 2373 2849 2427 fratrem
2884 2388 3060 2444 quem
3127 2370 3428 2443 diligebat,
3496 2369 3594 2444 pia

1948 2463 2151 2517 fraude
2183 2466 2510 2518 revocaret:
2544 2462 2646 2516 sed
2680 2460 2969 2532 refulgent
3027 2460 3307 2534 mysteria
3373 2459 3589 2516 divina.

2016 2553 2106 2607 63.
2182 2551 2299 2606 Hoc
2344 2551 2564 2606 invenit
2602 2549 2659 2604 in
2708 2550 2876 2605 nobis
2933 2549 3201 2605 Christus
3260 2552 3588 2622 argentum,

1948 2640 2103 2711 quod
2144 2639 2267 2712 ipse
2296 2637 2618 2695 donaverit.
2653 2638 2948 2693 Habemus
2981 2642 3197 2692 naturas
3257 2641 3591 2709 argentum,

1947 2727 2234 2784 habemus
2264 2733 2323 2783 et
2369 2727 2587 2801 gratiae.
2649 2726 2871 2783 Natura
2929 2742 3076 2798 opus
3130 2730 3219 2780 est
3275 2726 3587 2785 creatoris:

1947 2817 2136 2890 gratia
2167 2833 2387 2872 munus
2416 2820 2504 2872 est
2525 2815 2930 2887 redemptoris.
2965 2816 3030 2870 Et
3061 2814 3109 2871 si
3136 2831 3249 2870 non
3273 2830 3589 2886 possumus

1946 2905 2139 2961 videre
2178 2906 2331 2962 dona
2363 2903 2613 2966 Christi;
2650 2903 2742 2959 ille
2772 2907 2969 2959 tamen
2999 2904 3197 2970 donat,
3231 2908 3288 2959 et
3316 2906 3592 2975 operatur

1948 2992 2192 3061 occulte,
2239 2996 2417 3051 donat
2472 2993 2786 3049 omnibus:
2821 2992 2920 3047 sed
2980 3008 3211 3047 servare
3269 3007 3587 3064 paucorum

1947 3089 2054 3150 est,
2084 3100 2198 3139 non
2230 3083 2518 3138 amittere.
2550 3082 2674 3137 Non
2735 3081 3012 3136 omnibus
3041 3085 3159 3136 tam
3231 3080 3408 3135 donat
3464 3096 3588 3136 om-

1947 3173 2062 3229 nia.
2085 3170 2366 3226 Triticum
2396 3168 2599 3226 multis
2628 3169 2821 3234 datur,
2853 3168 3069 3240 scyhus
3117 3169 3240 3237 uni,
3297 3168 3395 3239 qui
3456 3185 3588 3240 pro-

1950 3260 2178 3334 phetico
2210 3265 2268 3315 et
2296 3257 2639 3314 sacerdotali
2673 3258 2923 3311 donatur
2954 3270 3215 3310 munere.
3268 3256 3391 3312 Non
3430 3256 3588 3311 enim

194 3336 468 3394 Lazarum
505 3340 914 3396 resuscitaret:
948 3348 1005 3396 et
1038 3341 1115 3397 ibi
1150 3342 1325 3410 ﬂevit,
1358 3349 1422 3397 ut
1442 3344 1605 3416 prius
1652 3345 1834 3418 lacry-
1865 3330 1907 3396 ί]
1948 3330 2171 3417 omnes,
2204 3349 2304 3404 sed
2363 3347 2645 3419 Propheta
2702 3345 2880 3400 dicit:
2942 3366 2968 3393 ‹‹
3003 3343 3254 3398 Calicem
3314 3341 3589 3400 salutaris

192 3428 298 3482 mis
328 3429 453 3484 suis
487 3429 706 3483 mortui
739 3428 952 3485 delicta
980 3429 1216 3485 lavaret.
1251 3431 1359 3486 Sed
1392 3431 1545 3488 intra
1570 3450 1630 3488 se
1656 3432 1831 3500 flevit,

186 3519 238 3569 et
276 3515 412 3571 lavit
436 3517 653 3571 faciem
705 3534 894 3572 suam.
964 3518 1199 3574 Caecitas
1269 3519 1455 3587 Pauli,
1512 3521 1681 3577 ﬂetus
1747 3529 1837 3579 est

184 3601 423 3660 Christi:
470 3604 624 3660 lavat
654 3605 859 3660 faciem
899 3623 1089 3675 suam,
1125 3607 1225 3662 ubi
1257 3606 1455 3663 lumen
1486 3609 1536 3663 ei
1598 3627 1832 3683 repara-

183 3694 273 3746 tur
301 3692 622 3749 amissum.
657 3693 834 3748 Lavat
865 3692 1069 3749 faciem
1102 3712 1268 3750 suam
1301 3696 1587 3765 Christus,
1615 3699 1713 3755 ubi
1740 3700 1833 3755 ba-

184 3779 430 3851 ptizatus
468 3786 560 3836 est
588 3781 828 3850 Paulus,
862 3799 963 3854 per
999 3799 1171 3854 quem
1232 3784 1515 3840 Dominus
1572 3785 1743 3842 Jcsus
1802 3807 1836 3843 a

186 3867 443 3940 pluribus
483 3870 793 3926 videretur.
828 3871 896 3925 Et
924 3870 1052 3927 ideo
1098 3871 1157 3926 in
1200 3873 1458 3928 convivio
1526 3891 1661 3945 pars
1706 3877 1834 3948 ejus

187 3957 626 4032 quintupliciter
659 3960 848 4030 major
885 3961 1087 4015 effecta
1117 3964 1225 4029 est,
1260 3962 1416 4033 quod
1449 3961 1689 4018 haberet
1728 3982 1832 4021 su-

184 4046 515 4116 perioribus
543 4047 835 4116 anteferri,
871 4065 985 4103 non
1018 4047 1208 4104 solum
1259 4050 1469 4105 mentis
1501 4052 1829 4122 prudentia,

186 4136 281 4190 sed
307 4136 493 4192 etiam
528 4135 737 4191 militia
767 4140 1050 4209 corporis,
1082 4142 1138 4193 et
1158 4138 1347 4211 gratia
1384 4140 1693 4196 castitatis.

825 4225 1055 4281 CAPUT
1095 4225 1189 4280 XI.

184 4310 536 4389 Inebriaptur
561 4329 745 4389 omnes
762 4315 965 4384 fratres
993 4331 1117 4389 eum
1148 4325 1330 4370 sancto
1356 4317 1549 4389 Ioseph
1570 4334 1590 4379 ,'
1648 4328 1705 4374 at
1742 4337 1826 4376 so~

247 4383 353 4467 lius
376 4384 699 4467 Benjamini
725 4401 873 4467 sacco
906 4387 1169 4467 inseritur
1214 4383 1489 4467 scyphusf
1520 4391 1827 4467 Inspieiun—

245 4459 339 4509 tur
367 4446 570 4511 ordine
600 4458 849 4511 omnium
877 4460 1041 4525 sacci,
1075 4465 1127 4511 et
1150 4446 1372 4513 tamtam
1397 4476 1494 4514 uas
1538 4446 1680 4515 illud
1737 4464 1825 4517 in-

244 4528 491 4604 venitur,
536 4529 946 4604 utquefis‘toru‘m
974 4530 1242 4604 mysteria
1256 4534 1547 4604 eruuntur,
1575 4533 1671 4587 ubi
1687 4550 1827 4604 pm:-

242 4599 398 4723 ciquf
428 4598 499 4653 de
526 4597 684 4653 donis
708 4598 941 4665 divinis,
973 4597 1047 4654 ae
1065 4600 1131 4655 de
1159 4601 1326 4655 Pauli
1380 4597 1656 4659 vocatione
1687 4597 1821 4660 "dis-

242 4679 363 4723 nuta
395 4685 487 4723 ur.

233 4679 487 4736 putatur.

1943 3438 2249 3509 accipiam,
2263 3440 2319 3492 et
2334 3452 2542 3491 nomen
2559 3434 2786 3489 Domini
2820 3432 3100 3488 invocabo
3114 3431 3539 3504 (Psal.exv,13).
3557 3455 3585 3482 ››

2015 3528 2108 3584 64.
2142 3526 2203 3580 [ιι
2235 3541 2473 3596 corpore
2502 3520 2855 3596 igiturPauli
2867 3523 2994 3592 jam
3029 3520 3304 3576 doctrina)
3336 3519 3588 3576 cmlestis

1943 3614 2266 3687 alloquium
2295 3611 2634 3685 refulgebat,
2668 3628 2803 3667 eum
2848 3614 3003 3666 esset
3033 3610 3302 3666 eruditus
3331 3608 3387 3663 in
3437 3609 3581 3681 lege,

1943 3703 2054 3760 Sed
2086 3702 2222 3774 quia
2244 3702 2432 3757 adhuc
2456 3700 2701 3771 justitize
2742 3698 2840 3755 Dei
2897 3700 3198 3768 subjectus
3259 3715 3372 3753 non
3436 3702 3581 3765 erat,

1941 3792 2095 3848 intra
2124 3808 2357 3847 saccum
2389 3794 2511 3845 erat
2541 3787 2815 3861 scyphus,
2851 3787 3116 3843 doctrina
3163 3786 3317 3842 intra
3374 3787 3581 3859 legem.

1940 3880 2179 3936 lucerna
2207 3879 2359 3934 intra
2385 3877 2667 3933 modium.
2703 3874 2918 3933 Missus
2947 3880 3140 3931 tamen
3165 3878 3253 3930 est
3302 3873 3580 3942 Ananiae,

1942 3969 2042 4040 qui
2065 3966 2525 4024 benedictionem
2556 3965 2741 4031 daret,
2785 3980 3027 4019 manum
3059 3963 3401 4034 imponeret,
3453 3978 3581 4018 sac-

1940 4073 2075 4112 cum
2107 4054 2389 4111 solveret:
2423 4070 2591 4109 saeco
2625 4053 2852 4120 soluto,
2880 4051 3089 4106 reluxit
3145 4055 3474 4123 argentum,
3526 4055 3583 4106 et

1938 4144 2343 4200 decidentibus
2371 4142 2637 4213 squamis
2668 4140 2827 4195 velut
2855 4139 3208 4211 quibusdam
3249 4138 3402 4192 sacci
3450 4139 3579 4194 vin-

1937 4234 2106 4299 culis,
2139 4231 2338 4287 statim
2370 4230 2513 4285 vidit
2542 4231 2676 4297 (Act.
2715 4246 2790 4295 Ix,
2826 4229 2911 4294 17,
2945 4227 3056 4298 l8).
3084 4226 3403 4281 Vinculum
3447 4228 3577 4297 ejus

1936 4321 2181 4395 perﬁdia
2218 4325 2376 4375 erat:
2411 4317 2699 4374 absolutio
2745 4319 2873 4387 ejus
2930 4316 3074 4371 fides
3142 4317 3291 4370 facta
3346 4319 3457 4370 est.
3510 4315 3579 4371 Et

1935 4412 2061 4467 ideo
2082 4416 2363 4481 tanquam
2392 4406 2619 4463 solutus
2650 4421 2837 4471 sacco,
2871 4405 2979 4460 hoc
3010 4409 3117 4472 est,
3143 4403 3405 4476 deposito
3429 4402 3575 4478 legis

1933 4499 2217 4555 velamine
2246 4497 2400 4568 quod
2435 4495 2688 4568 positum
2723 4499 2812 4549 est
2836 4511 3016 4565 supra
3056 4510 3156 4548 eor
3214 4493 3572 4559 Judworum,

1932 4603 2245 4643 conversus
2277 4585 2348 4641 ad
2388 4582 2716 4652 Dominum,
2783 4582 2932 4638 liber
2996 4600 3031 4637 a
3086 4599 3258 4650 nexu,
3327 4582 3574 4654 adeptus

1851 4695 1897 4759 Ι)
1929 4677 2177 4750 gratiam
2206 4673 2498 4730 libertatis
2529 4672 2649 4728 ait:
2686 4696 2713 4722 ιι
2746 4672 2862 4727 Nos
2890 4671 3086 4743 itaque
3128 4669 3377 4727 revelata
3431 4670 3575 4726 facie

242 4756 330 4813 60.
363 4780 391 4806 ‹‹
426 4755 710 4812 Biberunt
740 4763 957 4824 autem,
986 4763 1040 4814 et
1084 4759 1353 4815 inebriati
1412 4766 1552 4815 sunt
1602 4763 1821 4834 pariter
1851 4755 1887 4759 —
1929 4766 2174 4839 gloriam
2201 4763 2302 4819 Dei
2334 4760 2721 4834 speculantes,
2755 4761 2827 4816 ad
2849 4762 3112 4815 eamdem
3135 4759 3451 4830 imaginem
3484 4776 3571 4814 re-

174 4858 302 4898 cum
334 4861 403 4901 eo
437 4844 591 4917 (Gen.
649 4863 803 4913 xuu,
834 4845 945 4918 34).
980 4870 1007 4897 ‹‹
1041 4849 1085 4903 Α
1115 4847 1399 4920 principio
1440 4850 1575 4904 fidei
1634 4853 1822 4924 major

175 4928 349 4989 Paulo
372 4935 756 5008 praerogativa
780 4936 1058 5003 defertur,
1092 4936 1162 4991 de
1189 4952 1303 5008 quo
1337 4938 1555 4994 dictum
1591 4945 1679 4995 est
1743 4944 1815 4997 ad

172 5022 463 5078 Ananiam
488 5039 501 5077 :
536 5046 563 5073 (ι
587 5023 766 5093 Vade,
791 5025 1069 5096 quoniam
1091 5040 1192 5080 vas
1205 5023 1503 5081 electionis
1533 5033 1621 5084 est
1646 5028 1812 5099 mihi,

188 5194 462 5273 §0)_Edi_t.
496 5215 699 5257 omnes
731 5205 788 5256 et
817 5218 958 5258 mss.
992 5202 1120 5257 Vat.
1152 5206 1208 5257 et
1238 5201 1481 5273 Theod.,
1535 5205 1670 5261 Cum
1726 5208 1815 5264 hic

212 5270 372 5350 auius
402 5271 964 5350 hareretmthurrore
985 5278 1267 5345 correptus
1320 5270 1481 5350 quod,
1540 5282 1648 5333 etc.
1717 5280 1807 5336 At.

165 5340 731 5420 nobi_scum_faciunt
760 5361 901 5420 mss,
945 5349 1073 5420 octo
1096 5362 1109 5400 :
1135 5340 1151 5345 ’
1174 5340 1342 5420 ᾳῃρέ
1378 5345 1509 5420 aliis
1567 5353 1809 5420 antepo-

165 5412 386 5489 nendos
420 5411 661 5489 minime
692 5416 955 5489 negabis,
989 5417 1038 5472 si
1078 5411 1414 5489 consideres
1444 5417 1566 5475 haec
1608 5411 1805 5489 verba,

164 5479 296 5560 Cum
325 5483 427 5537 hoc
454 5482 664 5560 Paulus
710 5479 953 5560 haberet,
1010 5488 1229 5560 optime
1288 5489 1487 5543 relerri
1545 5491 1615 5545 ad
1672 5479 1809 5549 vitia

160 5551 588 5634 adolescentiae,
621 5557 903 5613 lasciviam
923 5551 1266 5626 delictorum,
1318 5567 1476 5630 atque
1534 5564 1807 5620 immatu-

159 5626 373 5680 ritatem
398 5626 631 5684 virtutis.

227 5696 345 5765 (51)
402 5695 567 5754 Rom.
629 5699 749 5755 edit
796 5700 941 5766 sola,
997 5702 1222 5766 Implete
1280 5703 1452 5757 saccis
1517 5702 1805 5761 hominum

156 5779 322 5828 escas.
358 5782 693 5841 qwrcunque
718 5774 994 5841 potuerint
1019 5774 1229 5839 tollere,
1260 5776 1311 5828 et
1344 5775 1556 5844 injicite
1606 5778 1801 5831 unius-

1928 4857 2252 4909 formamur
2281 4850 2355 4920 (II
2383 4851 2503 4907 Cor.
2540 4865 2630 4918 ιιι,
2665 4852 2774 4917 18).
2810 4873 2837 4899 ››
2872 4850 3075 4905 Soluto
3133 4848 3290 4903 enim
3348 4847 3569 4902 calcea-

1927 4946 2122 4998 mento
2152 4939 2318 5013 legis,
2353 4940 2510 4995 nudo
2537 4938 2782 5010 vestigio
2816 4937 2979 4992 liberi
3014 4936 3569 5006 sermonisEvange-

1922 5030 2068 5086 lium
2099 5027 2469 5100 praedicabat.
2494 5027 2939 5083 Tenebauteum
2968 5024 3178 5088 Judaei,
3202 5027 3260 5079 et
3284 5022 3566 5095 impedire

1920 5210 2185 5280 cujusque
2204 5201 2596 5280 ‘argentumin
2625 5216 2717 5256 ore
2745 5203 2889 5280 sacci
2911 5218 2929 5255 :
2956 5202 3013 5280 et
3043 5198 3327 5280 sci/guunt
3381 5214 3566 5256 meum

1918 5270 2241 5349 arbenieum
2267 5270 2812 5349 iujieitejnsaceum
2831 5273 3096 5349 juniorir.
3160 5270 3383 5336 Quibus
3412 5288 3564 5349 ler-

1917 5342 2006 5406 bis
2037 5351 2215 5420 caput
2246 5342 2682 5420 auspicabatur.
2718 5342 2943 5420 lterum
2983 5343 3186 5398 eadem
3218 5358 3356 5420 cum
3401 5343 3560 5420 _Gili.,

1917 5424 2034 5477 Non
2060 5414 2611 5491 fallebatur‘Paulus.
2644 5416 2864 5491 Amet
2904 5414 3033 5470 Era.
3076 5430 3210 5491 cum
3268 5414 3564 5488 plerisque

1918 5483 2069 5547 mss:
2096 5488 2411 5545 Fallebetur
2447 5486 2671 5541 Paulus.
2702 5485 2814 5540 Sed
2848 5501 2993 5541 mss.
3029 5501 3131 5540 sex
3189 5483 3354 5541 bonae
3414 5483 3561 5542 nota:

1913 5562 2296 5635 Infullebatur,
2332 5557 2486 5630 quod
2535 5558 2774 5612 verbum
2818 5557 3193 5635 _etsi__minus
3252 5557 3560 5635 usitatum,

1914 5627 2564 5709 significatione-tamen
2598 5645 2632 5684 a
2657 5644 2763 5709 suo
2786 5627 3038 5709 simplici
3070 5646 3185 5684 non
3245 5628 3554 5701 discrepat.

1980 5701 2098 5778 (52)
2129 5705 2296 5761 Rom.
2334 5702 2495 5768 edit,
2530 5702 2585 5755 in
2604 5701 2848 5756 convivio
2877 5716 3060 5756 coram
3087 5717 3167 5759 eo.
