3830 6206
302 361 421 426 699

1746 366 1809 427 S.
1858 363 2232 428 AMBROSII

3542 371 3639 434 700

298 495 648 569 cupiebant:
681 495 782 554 sed
813 496 914 554 ubi
935 496 993 554 in
1015 496 1143 572 ejus
1163 515 1331 556 sacco
1352 502 1659 573 argentum
1682 496 1932 572 respleno
1964 497 2019 566 Α
2045 496 2248 556 Adhuc
2275 514 2410 573 ergo
2441 496 2696 574 populus
2724 514 2890 558 meus
2918 494 3075 568 vivit,
3134 495 3206 556 de
3249 500 3406 573 cujus
3461 503 3636 576 populi

295 586 442 653 duit,
477 589 776 643 sciderunt
822 589 1165 644 vestimenta
1193 607 1322 655 sua,
1353 595 1409 645 et
1437 589 1651 645 reversi
1679 594 1818 644 sunt
1849 605 1937 644 re-

298 680 409 731 tro.
443 677 653 732 Libera
682 677 834 732 enim
868 695 970 747 pro
1001 677 1229 733 Christo
1269 678 1431 734 Pauli
1461 678 1791 750 przedicatio
1839 696 1943 732 nu-

296 765 455 819 davit
487 765 771 837 populum
799 766 1163 833 Judaeorum,
1197 772 1251 821 et
1282 784 1516 822 omnem
1540 784 1743 823 eorum
1765 767 1943 823 resci-

297 853 383 909 dit
410 856 680 925 gratiam.

364 944 453 997 65.
489 943 735 1015 Ideoque
768 949 918 998 retro
953 946 1201 1016 regressi
1230 950 1387 1011 sunt,
1422 945 1520 1016 qui
1557 950 1690 1000 ante
1728 962 1790 999 se
1853 944 1943 998 vi-

295 1031 429 1086 dere
461 1049 573 1086 non
607 1038 869 1103 poterant
896 1036 907 1075 ι’
945 1033 1073 1088 Cen.
1106 1050 1256 1099 XLIV,
1322 1035 1405 1101 t3)
1461 1035 1631 1088 Retro
1680 1034 1942 1102 redeunt,

296 1120 395 1192 qui
428 1121 721 1176 Christum
756 1122 1053 1177 amittunt.
1098 1123 1359 1194 Denique
1405 1128 1461 1177 et
1517 1123 1575 1176 in
1633 1121 1942 1192 Evangelio

298 1209 474 1264 (Ιοαη.
510 1227 667 1275 xviii,
700 1212 753 1279 6}
786 1227 918 1265 cum
953 1211 1307 1281 corriperent
1340 1211 1409 1264 ad
1438 1215 1684 1265 mortem
1745 1210 1939 1265 Domi-

298 1315 437 1351 num
469 1302 694 1364 Jesum,
728 1300 1035 1354 redeuntes
1064 1306 1213 1354 retro
1244 1300 1578 1353 ceciderunt
1602 1300 1656 1353 in
1702 1304 1935 1353 terram.

298 1386 501 1441 Merito
534 1394 685 1441 retro
719 1389 1175 1451 revertebantur,
1209 1389 1307 1459 qui
1334 1388 1392 1442 in
1425 1394 1713 1443 terrenam
1749 1387 1937 1442 labem

294 1476 366 1529 ab
398 1474 496 1529 illa
522 1474 734 1529 cu-lesti
768 1476 956 1547 gratia
1009 1475 1363 1530 recidebant.
1423 1475 1710 1530 Nolebant
1763 1475 1940 1545 igitur

293 1562 594 1617 moraliter
626 1564 813 1619 redire
845 1565 970 1619 sine
1000 1564 1195 1629 fratre,
1221 1564 1465 1636 mystice
1497 1565 1623 1619 sine
1655 1563 1831 1618 Paulo
1857 1580 1940 1618 re-

291 1650 472 1705 verti:
508 1667 624 1722 quo
656 1652 897 1717 amisso,
929 1653 1267 1707 asserebant
1300 1652 1357 1706 in
1397 1668 1703 1707 mmrorem
1762 1651 1938 1706 dedu-

292 1740 535 1795 cendam
568 1742 829 1811 parentis
862 1741 1059 1813 populi
1091 1745 1475 1797 senectutem.

2054 588 2279 645 familia
2329 591 2568 646 fratrem
2598 589 2744 646 mihi
2775 588 2975 663 elegi?
3007 610 3035 638 »

2139 686 2227 739 68.
2265 707 2285 732 ι
2316 680 2580 737 Accedite
2605 680 2676 735 ad
2709 679 2972 750 me(Cen.
3006 696 3134 743 xcv,
3170 678 3256 748 li);
3291 678 3564 752 nquiaego
3581 682 3639 737 ad

2052 791 2153 829 vos
2183 768 2666 844 apprOpinquavi,
2705 773 2762 824 et
2785 785 2852 824 eo
2883 784 3070 841 usque
3100 768 3545 840 appropinquavi,
3591 775 3639 824 ut

2053 879 2156 934 per
2183 860 2376 916 carnis
2399 856 2829 928 susceptionem
2850 856 3097 911 facerem
3122 872 3212 910 me
3231 860 3419 911 vestrae
3446 872 3640 911 consor-

2052 957 2169 1006 tem
2200 954 2441 1005 naturae.
2474 946 2663 1002 Nolite
2699 945 2787 1001 vel
2844 946 3185 1016 participem
3244 944 3430 1016 fugere
3471 950 3640 999 vestrae

2053 1038 2373 1103 societatis,
2404 1036 2590 1091 sinon
2616 1033 2934 1106 agnoscitis
2964 1040 3261 1088 auctorem
3289 1032 3497 1087 salutis.

2120 1138 2211 1191 69.
2246 1158 2272 1186 ιι
2307 1136 2372 1189 Bt
2409 1136 2799 1199 accesserunt,
2820 1130 3035 1203 inquit,
3061 1131 3132 1185 ad
3166 1128 3348 1197 illum,
3394 1135 3446 1184 et
3486 1128 3639 1183 dixit:

2051 1226 2169 1296 Ego
2201 1241 2335 1279 sum
2367 1220 2583 1293 Joseph
2618 1221 2795 1275 frater
2821 1224 3029 1285 vester,
3045 1234 3218 1290 quem
3236 1235 3331 1273 vos
3363 1216 3642 1271 tradidistis

2048 1314 2110 1368 in
2156 1314 2487 1384 :Egyptum.
2520 1311 2684 1366 Nunc
2705 1326 2841 1381 ergo
2874 1307 3053 1363 nolite
3083 1306 3274 1362 maesti
3298 1322 3437 1370 esse,
3476 1320 3633 1375 neque

2049 1402 2211 1457 vobis
2244 1402 2458 1455 durum
2490 1399 2775 1459 videatur,
2810 1397 3087 1468 quoniam
3122 1396 3235 1449 huc
3281 1410 3368 1448 me
3419 1391 3640 1448 vendidi-

2048 1492 2174 1545 stis.
2206 1489 2290 1544 Ad
2320 1488 2501 1543 vitam
2531 1487 2687 1542 enim
2717 1490 2970 1541 vestram
3002 1483 3164 1538 misit
3194 1498 3283 1537 me
3332 1481 3474 1543 Deus
3533 1486 3641 1534 ante

2045 1596 2148 1634 vos
2180 1577 2336 1647 (Ibid.
2372 1578 2401 1631 4
2431 1578 2577 1642 etS).
2618 1598 2644 1624 ››
2693 1574 2877 1638 Quam
2935 1574 3192 1628 fraterna
3246 1570 3441 1642 pietas,
3496 1584 3642 1639 quam

2046 1666 2236 1723 dulcis
2265 1663 2657 1739 germanitas!
2692 1667 2757 1717 ut
2783 1662 2961 1717 etiam
2990 1657 3333 1732 parricidale
3384 1659 3646 1713 excusaret

2046 1756 2399 1819 admissum,
2431 1752 2633 1808 dicens
2662 1750 2870 1805 divinae
2899 1748 3042 1804 illud
3066 1745 3427 1820 providentiae
3472 1744 3643 1805 fuisse,

361 1829 553 1934 θέλει
584 1829 711 1883 ide"
751 1829 1119 1934 JllIdaS‘aPUd
1144 1829 1360 1934 ᾇςεθριῖ
1395 1846 1693 1934 "Tinam"?
1739 1829 1935 1927 φῶθ’
1968 1869 2015 1934 Β
2050 1862 2163 1899 non
2198 1842 2514 1914 impietatis
2542 1840 2851 1895 humana:
2910 1835 3379 1910 quandoquidem
3433 1850 3537 1888 non
3586 1831 3643 1886 ab

292 1916 565 1985 bat(Gen.
598 1916 977 1988 xuv,lS-34),
1014 1934 1085 1972 ne
1109 1917 1323 1972 videret
1370 1916 1526 1972 mala
1581 1934 1708 1987 quae
1780 1915 1937 1970 inve-

291 2003 483 2059 nirent
512 2009 730 2076 patrem
766 2023 962 2073 suum,
995 2006 1102 2061 hoc
1140 2010 1250 2072 est,
1299 2006 1425 2075 jam
1457 2006 1823 2077 praevidebat,
1881 2010 1940 2060 et

290 2109 489 2148 cavere
519 2095 795 2166 cupiebat
824 2095 981 2150 mala
1019 2112 1147 2167 qua:
1194 2099 1440 2149 ventura
1495 2100 1661 2148 erant
1724 2094 1937 2165 populo

288 2180 645 2237 Judseorum.
680 2184 789 2238 Sed
824 2200 956 2237 cum
988 2183 1180 2239 adhuc
1207 2182 1329 2237 haec
1359 2182 1489 2254 ipsa
1508 2199 1622 2237 non
1654 2187 1809 2237 esset
1874 2184 1935 2235 in

288 2273 426 2341 typo
464 2269 563 2325 illo
594 2270 924 2343 principum
950 2270 1507 2343 populiJudeorum
1556 2270 1739 2326 libera
1793 2287 1935 2342 pra:-

289 2358 462 2427 catio,
493 2359 649 2414 ﬂevit
676 2359 918 2432 Joseph,
948 2360 1057 2415 hoc
1083 2364 1190 2426 est,
1224 2359 1281 2414 in
1314 2358 1411 2415 illo
1440 2358 1687 2431 ploravit
1738 2359 1933 2416 Jesus.

819 2484 970 2540 506
1018 2484 1248 2539 CAPUT
1278 2484 1399 2538 XII.

288 2573 496 2645 losephi
515 2573 783 2642 fratribus
811 2590 869 2627 se
898 2575 1011 2645 ipse
1036 2575 1418 2640 manifestans,
1451 2589 1515 2626 ac
1542 2588 1629 2627 eos
1657 2572 1727 2627 ad
1782 2589 1933 2645 acce-

358 2642 593 2697 dendum
625 2646 884 2706 inritans.
914 2642 1081 2715 atque
1100 2646 1267 2699 etiam
1300 2660 1585 2703 excusans,
1616 2661 1778 2713 quem
1834 2644 1933 2697 ad-

358 2731 542 2769 versus
596 2716 808 2769 Judcros
853 2715 1204 2770 adhibiturus
1259 2718 1377 2769 erat
1436 2716 1683 2769 Clu-istas
1736 2715 1936 2783 agendi

358 2785 583 2838 modum
649 2788 931 2856 erprimit.
1009 2788 1088 2840 Ibi
1169 2786 1573 2855 elegantissima
1642 2786 1932 2839 verborum

359 2859 650 2925 utriusque
705 2858 1023 2910 instituitur
1077 2859 1435 2926 comparatio,
1492 2861 1547 2909 et
1599 2864 1720 2926 post
1775 2857 1932 2911 illam

365 2928 678 3050 Blenjllimini
705 2928 1020 2998 complexus
1049 2945 1083 2982 a
1109 2929 1314 2999 Ioseph
1343 2928 1417 2983 de
1444 2928 1616 2982 Paulo
1644 2928 1817 2983 obiter
1843 2944 1935 2982 ex-

365 3015 392 3050 n
420 3014 501 3050 ica
526 3014 612 3050 ur.

355 3000 612 3068 plicatur.

356 3105 445 3158 67.
483 3104 548 3157 Et
570 3104 751 3175 jussit
783 3120 988 3159 omnes
1018 3106 1301 3170 recedere,
1336 3109 1400 3159 ut
1427 3110 1876 3175 cognosceretur
1899 3122 1933 3159 a

287 3192 573 3247 tratribus
604 3193 737 3263 (53).
764 3193 888 3248 Non
921 3198 1155 3248 venerat
1207 3194 1385 3260 enim,
1443 3191 1594 3247 sicut
1646 3192 1773 3264 ipse
1827 3192 1930 3257 ait,
1960 3232 2004 3298 Ο

290 3280 401 3336 nisi
426 3282 499 3335 ad
530 3298 666 3337 oves
715 3299 843 3353 quae
902 3283 1205 3354 perierunt
1250 3282 1463 3337 domus
1528 3282 1727 3337 Israel.
1798 3305 1825 3330 «
1859 3282 1927 3336 Et

285 3370 561 3425 emittens
586 3386 781 3425 vocem
796 3387 930 3425 cum
949 3371 1109 3435 fletu,
1132 3372 1247 3443 Ego
1268 3388 1421 3436 sum,
1445 3369 1887 3441 inquit,Joseph
1911 3388 1923 3436 ;

287 3458 479 3512 adhuc
511 3464 675 3528 pater
703 3476 874 3514 meus
898 3459 1035 3514 vivit
1066 3460 1222 3530 (Gen.
1254 3477 1382 3527 XLV,
1411 3463 1448 3514 2
1490 3464 1541 3515 et
1595 3459 1694 3528 3)?
1723 3480 1751 3508 »
1811 3458 1928 3513 Hoc

285 3552 397 3611 est,
427 3547 703 3616 expandit
733 3564 946 3602 manus
973 3565 1111 3604 suas
1141 3549 1211 3603 ad
1246 3548 1527 3620 populum
1548 3565 1661 3603 non
1696 3548 1929 3603 creden-

286 3638 403 3688 tem
435 3639 492 3688 et
518 3634 1013 3690 contradicentem
1049 3654 1062 3691 :
1097 3654 1212 3691 non
1238 3636 1497 3707 legatum
1543 3653 1732 3707 neque
1775 3653 1926 3690 nun-

288 3721 435 3776 tium
467 3738 754 3793 quaerens,
794 3723 896 3777 sed
940 3724 1065 3794 ipse
1120 3724 1402 3780 Dominus
1459 3724 1687 3780 salvum
1740 3725 1927 3780 facere

285 3809 484 3865 volens
506 3810 788 3882 populum
820 3828 1032 3867 suum:
1071 3836 1097 3862 ‹‹
1121 3813 1249 3884 Ipse
1280 3814 1380 3885 qui
1439 3814 1737 3884 loquebar,
1797 3828 1929 3867 ecce

286 3900 519 3965 adsum,
553 3900 891 3970 inquit(lxa.
926 3919 1018 3967 ιιι,
1060 3903 1135 3971 6}.
1174 3925 1201 3949 ››
1258 3902 1327 3956 Et
1359 3920 1372 3956 :
1418 3923 1446 3951 ‹‹
1478 3900 1673 3956 Palam
1741 3900 1929 3956 factus

286 4005 399 4043 non
429 3990 827 4060 quaerentibus
859 4006 975 4055 me,
1004 3991 1451 4062 appareoiisqui
1485 4007 1576 4045 me
1606 4006 1721 4044 non
1749 3990 1929 4044 inter-

285 4077 716 4149 rogabant(lsa.
752 4095 877 4143 va,
935 4080 1005 4149 1).
1073 4079 1273 4144 «Quid
1334 4079 1518 4150 igitur
1573 4078 1732 4133 aliud
1789 4083 1929 4133 tunc

284 4164 576 4227 clamavit,
611 4166 762 4221 nisi:
810 4192 830 4215 ι
870 4168 983 4238 Ego
1008 4184 1139 4223 sum
1197 4168 1372 4223 Jesus
1413 4170 1592 4233 (Joan.
1649 4184 1811 4236 xvm,
1851 4168 1927 4236 (6,

285 4271 417 4309 cum
453 4254 815 4325 principibus
834 4254 1171 4310 Judaeorum
1198 4254 1729 4326 interrogantibus:
1766 4276 1795 4303 «
1842 4256 1928 4310 Tu

286 4359 348 4398 es
380 4342 535 4397 [ilius
569 4342 731 4397 cDei?
762 4367 782 4392 ι
847 4345 1259 4416 responderet:
1296 4367 1323 4393 ‹‹
1378 4344 1493 4399 Vos
1549 4344 1745 4399 dicitis
1793 4344 1932 4415 quia

286 4448 392 4500 ego
425 4447 580 4494 sum,
617 4453 643 4479 »
674 4448 809 4485 cum
844 4432 1026 4488 Pilato
1055 4433 1308 4488 diceret:
1342 4457 1367 4479 α
1398 4437 1481 4487 Tu
1513 4433 1660 4487 dicis
1686 4433 1930 4503 quiarex

288 4535 420 4572 sum
455 4534 582 4589 ;ego
616 4520 673 4571 in
710 4519 814 4573 hoc
847 4525 1021 4575 natus
1050 4538 1206 4585 sum,
1242 4526 1306 4575 ut
1365 4521 1769 4575 testimonium
1802 4538 1928 4591 per-

286 4606 520 4661 hibeam
554 4607 780 4661 veritati
804 4608 961 4675 (Ibid.
992 4610 1122 4679 37);
1155 4631 1181 4655 »
1211 4625 1348 4662 cum
1388 4608 1640 4679 principi
1670 4608 1929 4663 sacerdo—
1959 4599 2005 4663 D
2107 4609 2197 4662 71.
2231 4605 2393 4669 Quod
2418 4608 2612 4658 autem
2644 4599 2896 4656 habetur
2921 4597 2982 4652 in
3005 4596 3219 4652 Genesi
3264 4614 3279 4650 :

287 4699 413 4749 tum
444 4694 656 4749 dicenti
682 4711 696 4747 :
733 4688 761 4743 (ἒ
791 4696 1011 4764 Adjuro
1040 4704 1097 4752 te
1126 4714 1227 4768 per
1248 4699 1429 4753 Deum
1450 4698 1738 4768 vivum,ut
1757 4698 1938 4753 dicas-

286 4782 460 4839 nobis
490 4782 541 4836 si
576 4787 638 4837 tu
672 4799 733 4837 es
763 4782 1037 4839 Christus
1060 4786 1240 4841 Filius
1270 4787 1394 4851 Dei,
1429 4810 1457 4835 »ι
1491 4788 1766 4841 referret:
1808 4807 1828 4833 ι
1851 4791 1933 4839 Tu

286 4872 509 4927 dixisti.
540 4877 727 4927 Amen
760 4873 890 4927 dico
910 4874 1097 4939 vobis,
1144 4876 1352 4930 amodo
1399 4875 1672 4931 videbitis
1724 4874 1935 4930 Filium

286 4960 526 5016 homnis
557 4961 857 5017 sedentem
890 4963 960 5018 ad
991 4964 1288 5019 dexteram
1319 4963 1551 5019 virtutis
1581 4963 1705 5030 Dei,
1737 4968 1795 5018 et
1839 4981 1933 5019 ve~

287 5050 542 5105 nientem
573 5066 705 5105 cum
740 5051 997 5106 nubibus
1018 5050 1144 5106 coeli
1200 5053 1385 5122 (Matth
1433 5069 1586 5117 xxvi.
1618 5053 1709 5118 63,
1756 5055 1868 5122 6.1).
1904 5074 1931 5101 »

287 5138 404 5193 Hoc
434 5144 525 5194 est
552 5156 690 5211 ergo
721 5141 878 5211 quod
909 5141 1027 5196 ait:
1064 5164 1091 5189 ››
1118 5142 1233 5213 Ego
1271 5158 1403 5197 sum
1461 5141 1701 5212 Joseph,
1748 5166 1775 5189 ››
1826 5158 1933 5211 ego

285 5242 417 5279 sum
448 5226 656 5281 divinae
690 5229 981 5299 potentiae.
1015 5253 1042 5279 «
1077 5230 1280 5283 Adhuc
1303 5235 1468 5301 pater
1496 5245 1663 5284 meus
1693 5229 1881 5283 vivit?
1904 5253 1931 5278 ››

287 5313 403 5367 Hoc
433 5318 541 5379 est,
600 5318 719 5387 Ego
759 5322 983 5388 patrem
1045 5335 1160 5373 non
1209 5334 1316 5391 ego
1384 5319 1589 5373 fratres
1658 5336 1931 5391 agnosco,

287 5400 337 5455 si
368 5407 470 5455 aut
498 5418 602 5457 vos
633 5404 893 5473 fratrem,
926 5411 1029 5461 aut
1083 5410 1248 5478 pater
1312 5406 1501 5462 ﬁlium
1532 5413 1927 5480 recognoscat.

361 5595 471 5676 ’53‘l
516 5595 607 5647 Sic
638 5612 808 5676 omne
840 5616 981 5653 mss.
1021 5605 1191 5669 atjue
1237 5601 1400 5664 edit.,
1440 5608 1676 5676 excepta
1736 5604 1927 5676 Rom.,

291 5681 416 5732 qur
458 5652 613 5717 hunc
662 5652 970 5738 Scriptura:
1246 5652 1684 5743 “praemii—tit?
1716 5652 1933 5747 £673.56:

2047 1932 2390 1987 hominibus
2419 1930 2651 1985 oblatus
2672 1929 2741 1983 ad
2776 1925 3167 1989 mortem,sed
3199 1942 3234 1979 a
3261 1921 3491 1978 Domino
3527 1922 3645 1975 mis-

2050 2039 2154 2077 sus
2193 2021 2269 2076 sit
2298 2020 2369 2075 ad
2402 2020 2602 2074 vitam.
2632 2016 2781 2080 Quid
2810 2014 2968 2071 aliud
3001 2014 3178 2069 habet
3197 2012 3295 2067 illa
3320 2009 3531 2066 Domini
3560 2023 3644 2062 no-

2048 2110 2154 2166 stri
2182 2110 2322 2165 Jesu
2353 2106 2590 2172 Christi,
2617 2105 2719 2176 qui
2748 2104 2955 2159 fratres
2982 2118 3190 2158 omnes
3222 2102 3424 2172 pietate
3446 2113 3646 2168 supera-

2044 2200 2147 2265 vit,
2182 2198 2238 2252 in
2271 2212 2441 2253 cruce
2466 2194 2636 2266 positi
2670 2191 3011 2248 intercessio
3041 2206 3146 2262 pro
3168 2189 3333 2262 plebe
3395 2183 3641 2242 dicentis:

2045 2311 2072 2337 (ι
2110 2288 2298 2353 Pater,
2330 2284 2558 2340 dimitte
2580 2281 2696 2338 illis
2719 2300 2734 2349 ;
2757 2297 2873 2336 non
2898 2279 3055 2335 enim
3078 2279 3279 2334 sciunt
3298 2276 3430 2348 quid
3461 2273 3647 2329 faciunt

2044 2380 2196 2439 (Luc.
2224 2391 2386 2441 χχιιι,
2415 2373 2486 2426 34
2530 2370 2559 2424 ?
2592 2394 2619 2419 ››
2648 2370 2798 2434 Quid
2828 2367 2987 2424 aliud
3018 2367 3120 2422 illa
3178 2363 3477 2438 appellatio
3533 2377 3643 2415 san-

2043 2464 2263 2521 ctitatis
2346 2463 2405 2517 in
2458 2460 2651 2516 medio
2704 2457 3094 2530 dicipulorum
3151 2454 3433 2511 dicentis:
3488 2474 3513 2499 «ί
3550 2449 3644 2503 Pax

2042 2538 2245 2610 vobis:
2278 2569 2384 2625 ego
2416 2567 2570 2618 sum,
2620 2547 2796 2604 nolite
2822 2546 3030 2602 timere
3074 2546 3228 2611 (Luc.
3287 2559 3434 2607 xxw,
3485 2536 3640 2607 36)?»

2042 2645 2274 2700 Etcum
2312 2638 2643 2695 conturbati
2708 2642 2767 2692 et
2819 2634 3113 2691 conterriti
3163 2632 3549 2689 existimarent
3596 2638 3645 2678 se

2042 2731 2318 2803 spiritum
2349 2728 2561 2792 videre,
2592 2726 2805 2781 iterum
2835 2724 2981 2779 dixit
3009 2723 3081 2778 ad
3112 2721 3249 2778 illos
3274 2738 3287 2776 :
3320 2744 3347 2770 ‹‹
3380 2717 3518 2782 Quid
3546 2721 3645 2803 tur-

2042 2800 2163 2877 bati
2193 2818 2358 2882 estis,
2389 2821 2446 2871 et
2473 2830 2653 2887 quare
2673 2811 3054 2886 cogitationes
3079 2810 3406 2865 ascendunt
3426 2806 3480 2860 in
3501 2800 3648 2859 corda

2040 2912 2233 2963 vestra
2261 2906 2290 2961 ?
2314 2905 2536 2969 Videte,
2567 2918 2699 2958 ecce
2729 2917 2938 2956 manus
2969 2915 3153 2965 meas,
3185 2904 3245 2954 et
3272 2897 3442 2969 pedes
3493 2904 3648 2951 meos.

2043 2996 2182 3069 quia
2208 3011 2314 3068 ego
2343 3009 2476 3049 sum
2507 2992 2653 3063 ipse.
2686 2988 2941 3061 Palpate,
2971 2993 3028 3043 et
3056 2985 3423 3057 videte,quia
3441 2979 3649 3053 spiritus

2039 3101 2274 3140 carnem
2301 3088 2361 3138 et
2389 3097 2525 3137 ossa
2554 3097 2669 3136 non
2692 3079 2887 3145 habet,
2919 3077 3074 3132 sicut
3103 3093 3200 3131 me
3230 3073 3436 3129 videtis
3472 3069 3650 3125 habere

2043 3173 2201 3245 (Ibid.
2235 3170 2460 3239 38,39).
2496 3192 2524 3218 ››
2554 3168 2685 3223 Haec
2712 3181 2849 3240 ergo
2889 3166 3018 3237 jam
3076 3165 3228 3220 ειη
3294 3168 3431 3217 tunc
3485 3158 3650 3212 futura

2044 3259 2465 3335 posterioribus
2494 3255 2857 3328 temporibus
2905 3253 3190 3326 mysteria
3219 3251 3467 3308 revelata
3517 3246 3647 3300 sunt.

2105 3360 2195 3412 70.
2221 3356 2483 3427 Denique
2511 3353 2633 3409 haec
2660 3352 2805 3422 ipsis
2841 3351 3257 3423 exprimuntur
3284 3343 3647 3403 sermonibus;

2036 3452 2102 3502 ut
2122 3447 2319 3518 ipsum
2349 3460 2479 3500 esse
2505 3440 2927 3511 intelligamus,
2957 3444 3015 3494 et
3043 3438 3145 3510 qui
3177 3442 3313 3493 ante
3341 3436 3400 3491 in
3442 3427 3650 3518 Joseph.

2036 3541 2095 3592 et
2130 3517 2332 3607 postea
2351 3533 2412 3586 in
2438 3529 3135 3599 suolocutusestcorpore
3162 3545 3179 3593 ;
3212 3517 3651 3610 quandoquidem

2036 3642 2144 3682 nec
2171 3623 2344 3679 verba
2365 3620 2632 3677 mutavit.
2664 3619 2760 3674 Ait
2787 3618 2945 3673 enim
2973 3622 3111 3672 tunc
3145 3633 3159 3670 :
3197 3640 3227 3665 ‹‹
3260 3613 3448 3670 Nolite
3491 3608 3654 3664 incesti

2037 3731 2186 3771 esse.
2219 3736 2248 3763 ››
2290 3713 2360 3766 Et
2386 3710 2575 3765 infra:
2619 3730 2648 3758 ‹‹
2676 3706 2988 3764 Ascendite
3046 3706 3117 3760 ad
3166 3709 3397 3776 patrem
3466 3708 3653 3755 meum.

2035 3808 2094 3861 et
2121 3802 2296 3859 dicite
2323 3799 2447 3854 illi:
2482 3798 2611 3853 Haec
2631 3796 2774 3852 dicit
2818 3794 2976 3850 ﬁlius
3029 3799 3173 3849 tuus
3218 3790 3473 3862 Josepb:
3529 3780 3659 3841 Fecit

2039 3909 2132 3947 me
2165 3891 2315 3946 Deus
2345 3885 2653 3942 dominum
2683 3882 2864 3939 totius
2894 3887 3059 3937 terra;
3089 3880 3325 3954 Egypti
3348 3878 3494 3948 (Gen.
3549 3884 3654 3927 xw.

2036 3982 2115 4047 9).
2150 4001 2178 4027 »
2208 3979 2280 4033 Et
2308 3975 2367 4030 in
2400 3972 2706 4046 Evangelia
2736 3972 2855 4027 ait:
2892 3994 2921 4021 «
2951 3970 3143 4026 Nolite
3174 3971 3407 4024 timere.
3434 3965 3659 4020 Ite.nun-

2038 4070 2179 4124 tiate
2211 4065 2487 4122 fratribus
2513 4062 2660 4118 meis
2688 4066 2753 4117 ut
2781 4064 2917 4115 eant
2942 4058 3004 4114 in
3036 4058 3367 4120 Galilaeam,
3399 4058 3453 4109 et
3482 4050 3555 4105 ibi
3583 4060 3659 4100 me

2037 4156 2319 4213 videbunt
2346 4151 2557 4223 (Matth.
2591 4166 2791 4215 XXVIII,
2818 4150 2925 4217 10).
2964 4170 2990 4196 ››
3026 4147 3090 4201 Et
3120 4146 3284 4201 intra
3317 4144 3435 4199 ait:
3474 4163 3499 4190 ‹‹
3540 4136 3661 4223 Data

2038 4251 2127 4303 est
2158 4243 2299 4299 mihi
2332 4221 2527 4297 omnis
2556 4242 2815 4311 potestas
2847 4237 2907 4291 in
2934 4236 3077 4291 cmlo
3108 4242 3168 4289 et
3217 4234 3276 4288 in
3324 4238 3477 4288 terra
3524 4221 3657 4311 (Ibid-

2044 4337 2152 4404 18),
2184 4356 2212 4383 υ
2246 4332 2355 4387 hoc
2374 4334 2464 4386 est
2491 4309 2719 4383 dicere:
2751 4326 2958 4380 divina:
2989 4324 3098 4379 hoc
3131 4323 3249 4378 fuit
3277 4309 3662 4393 dispositionis

2040 4427 2106 4477 ut
2125 4421 2449 4491 acciperem
2470 4419 2837 4488 potestatem,
2851 4428 2968 4468 non
2989 4411 3368 4467 accerbitatis
3400 4408 3661 4462 humanm.

2038 4511 2166 4567 Non
2196 4508 2397 4577 objicit
2421 4503 2634 4566 scelus,
2666 4503 2764 4574 qui
2795 4506 3103 4557 enumerat
3151 4499 3489 4571 praemium.

3310 4619 3333 4644 α
3374 4594 3459 4649 Ad
3512 4588 3662 4642 vitam

2043 4697 2200 4753 enim
2229 4697 2480 4749 vestram
2504 4689 2663 4744 misit
2691 4704 2784 4743 me
2813 4687 2968 4743 Deus
2988 4692 3123 4741 ante
3151 4701 3281 4750 vos,
3318 4706 3346 4732 ››
3390 4676 3572 4737 reddit
3618 4672 3665 4724 in

2044 4782 2354 4856 Evangelio
2400 4779 2637 4834 dicens:
2672 4800 2700 4825 ‹‹
2734 4776 2943 4831 Docete
2973 4791 3179 4829 omnes
3219 4778 3446 4847 gentes,
3504 4759 3668 4856 bapti-

2042 4850 2244 4929 zantes
2273 4886 2374 4927 eos
2403 4869 2463 4922 in
2492 4864 2730 4922 nomine
2761 4863 2969 4930 Patris,
3008 4868 3065 4918 et
3119 4861 3273 4929 Filii,
3326 4864 3386 4915 et
3441 4850 3667 4927 Spiritus

2042 4962 2228 5021 sancti
2251 4957 2409 5031 (Ibid.
2440 4955 2551 5023 19).
2579 4976 2607 5004 ››
2626 4953 2756 5009 Haec
2787 4952 2943 5008 enim
2975 4956 3066 5007 est
3086 4966 3318 5006 merces
3348 4952 3408 5004 et
3428 4945 3543 5001 vita
3562 4952 3670 4996 san-

2042 5055 2291 5113 ctorum,
2323 5044 2479 5117 quod
2508 5041 2685 5098 etiam
2714 5039 2862 5097 alios
2900 5040 3304 5096 redemerunt.

2109 5150 2199 5201 72.
2241 5144 2384 5199 illud
2443 5155 2677 5214 quoque
2732 5139 2985 5204 adverte,
3016 5153 3131 5192 non
3164 5136 3359 5191 otiose
3415 5130 3670 5214 scriptum

2039 5237 2100 5292 in
2127 5232 2373 5291 Genesi:
2409 5210 2539 5285 «Et
2565 5210 2681 5283 eris
2707 5243 2888 5299 prope
2936 5242 3050 5294 me,
3097 5228 3165 5280 tu
3206 5229 3269 5280 et
3318 5220 3424 5277 filii
3472 5215 3572 5281 tui,
3615 5210 3669 5262 ἐἰ

2041 5324 2142 5381 ﬁlii
2178 5322 2433 5377 filiorum
2463 5323 2703 5373 tuorum
2734 5314 2886 5387 (Gen.
2918 5331 3047 5381 xcv,
3080 5313 3173 5383 40)
3196 5335 3227 5362 ι»
3258 5313 3382 5368 Hoc
3412 5312 3499 5365 est
3539 5300 3670 5359 enim

2040 5413 2196 5487 quod
2218 5409 2364 5466 dixit
2384 5407 2444 5462 in
2473 5403 2783 5477 Evangelio
2819 5420 2832 5458 :
2869 5426 2897 5453 ››
2927 5403 3071 5458 Ecce
3090 5417 3200 5474 ego
3231 5399 3532 5457 vobiscum
3560 5398 3669 5445 sum

2039 5611 2145 5665 iuit
2172 5606 2363 5678 Ioseph
2415 5602 2652 5659 tolerare
2699 5615 2885 5678 omnes
2925 5601 3184 5678 astantes
3242 5599 3322 5665 ei,
3378 5591 3471 5678 sed
3514 5586 3673 5643 dixit;

2042 5671 2493 5735 Emittite'omnes
2521 5691 2557 5728 α
2587 5688 2694 5740 me,
2717 5673 2887 5729 Iussit
2910 5671 3097 5742 Ioseph
3127 5684 3349 5735 omnes,
3384 5671 3490 5723 etc.
