3830 6206
110 436 216 526 τοι
1110 446 1343 512 mssa
1386 448 1487 511 ns
1528 440 1819 510 JOSEPH
1865 441 2392 508 PATRIARCHA.
3336 447 3453 513 702

110 588 344 653 omnibus
364 585 562 644 diebus
592 600 777 658 usque
808 581 880 640 ad
913 580 1478 638 consummationem
1511 595 1681 635 saecu-
1725 578 1782 647 Α
1883 580 1973 635 76.
2007 576 2288 636 ΡτωεειΙΙίῐ
2325 578 2506 652 igitur
2552 576 2769 636 Paulus
2799 583 2856 636 et
2886 578 3014 652 ejus
3044 581 3323 640 exuberat
3353 601 3458 655 por

107 683 139 739 li
160 679 341 755 (Matth.
372 693 562 743 xxvm,
594 675 705 743 20).
746 697 766 723 η
1804 670 1883 725 tio
1920 687 1932 725 :
1967 669 2066 725 sed
2094 668 2522 725 tamenhabent
2542 672 2598 725 et
2624 667 2723 723 alii
2746 670 3153 741 praedicatores
3178 672 3457 746 gratiam-

161 772 235 825 73.
263 770 436 834 Quam
466 764 699 820 evidens
731 778 959 835 quoque
990 760 1133 816 illud
1165 758 1693 833 mysterium,quod
1806 775 1997 814 suam.
2028 759 2205 813 Binas
2236 757 2414 813 stolas
2444 757 2756 830 accipiunt.
2802 759 2957 823 Quas
3010 759 3140 816 illas
3171 761 3199 816 ‘I
3244 762 3457 835 Utique

108 858 250 916 veluti
279 853 552 926 completo
582 851 740 908 omni
776 850 1071 918 mandato,
1093 849 1329 904 fratrem
1362 864 1537 903 suum
1557 847 1696 901 Ben-
1807 848 1877 904 dc
1907 847 2122 919 quibus
2155 847 2421 902 dubitare
2447 864 2560 903 non
2594 848 2790 912 debes,
2823 848 2961 919 quia
3000 848 3197 922 legisti
3242 852 3312 907 de
3362 854 3460 909 Sa-

100 947 256 1019 jamin
280 940 673 1014 complectitur
708 939 947 1012 Jeseph,
970 943 1027 994 et
1084 937 1295 992 cecidit
1340 953 1518 1009 super
1574 933 1696 989 col—
1808 936 2028 1008 pientia
2059 935 2283 991 dictum
2309 952 2321 990 :
2356 959 2383 987 «
2410 936 2585 991 Binas
2614 942 2803 991 vestes
2836 938 2969 992 fecit
2996 938 3118 994 viro
3140 956 3247 996 suo
3269 943 3454 1010 (Prov.

106 1038 204 1091 tum
230 1035 347 1105 ejus
375 1030 523 1101 (Gen.
556 1032 706 1097 XLV),
740 1028 893 1084 sicut
921 1028 1097 1083 etiam
1130 1025 1416 1099 completo
1450 1026 1699 1095 Evange-
1806 1042 1959 1093 xxx1,
1992 1027 2105 1093 22).
2145 1048 2171 1073 »
2204 1024 2327 1080 Una
2357 1028 2446 1080 est
2494 1024 2756 1096 mystica,
2792 1026 3029 1081 moralis
3081 1026 3265 1084 altera
3321 1031 3455 1102 (5.5).

104 1124 164 1179 lio
188 1121 432 1178 Christus
452 1119 696 1174 Paulum
731 1116 1103 1190 amplectitur
1136 1115 1494 1188 quibusdam
1529 1112 1698 1167 mise-
1808 1115 1918 1169 Sed
1952 1132 2067 1168 non
2099 1130 2302 1169 omnes
2337 1113 2603 1184 apostoli,
2638 1130 2751 1168 non
2784 1130 2985 1170 omnes
3018 1117 3455 1188 prophettemon

106 1209 328 1268 ricordize
356 1226 470 1264 suae
498 1207 754 1263 brachiis
786 1207 919 1274 (Act.
951 1206 1181 1276 xx,37);
1222 1209 1286 1260 ut
1316 1203 1548 1259 interna
1578 1200 1686 1271 opiv
1809 1220 2012 1260 omnes
2042 1207 2326 1275 pastores,
2361 1220 2475 1257 non
2525 1219 2729 1258 omnes
2777 1203 3043 1274 virtutes,
3095 1222 3209 1260 non
3254 1224 3458 1264 omnes

106 1304 244 1358 nione
272 1302 585 1361 curvatum,
615 1296 772 1351 velut
798 1314 829 1350 a
859 1295 1003 1350 collo
1033 1296 1093 1349 in
1128 1293 1338 1349 coelum
1367 1290 1697 1364 erigat.Un-
1810 1291 2024 1347 habent
2074 1291 2324 1363 gratiam
2370 1290 2763 1358 curationum,
2813 1309 2928 1347 non
2976 1310 3181 1350 omnes
3236 1295 3460 1369 linguis

105 1391 160 1445 de
184 1393 231 1442 et
253 1386 346 1455 ille
375 1390 597 1440 erectus
620 1402 652 1439 a
683 1384 911 1440 Christo
955 1385 1071 1438 ait:
1139 1408 1158 1431 οι
1222 1384 1434 1438 Nostra
1502 1383 1700 1435 autem
1810 1380 2151 1452 loquuntur.
2187 1379 2294 1434 Ubi
2327 1380 2554 1434 diversa
2585 1380 2811 1447 merita,
2844 1385 3082 1452 prtemia
3105 1383 3351 1441 diversa.

103 1474 417 1533 conversatio
447 1474 504 1528 in
537 1472 696 1528 oculis
725 1477 813 1528 est
844 1473 1106 1544 (Philipp.
1139 1487 1204 1539 Il,
1236 1472 1349 1539 20).
1388 1492 1415 1519 »

1943 1472 1968 1522 '.
2003 1469 2069 1523 Et
2099 1468 2534 1539 praemittuntur
2563 1468 2711 1539 patri
2749 1486 2990 1524 munera
3023 1471 3173 1541 (Gen.
3208 1475 3455 1545 xcv,25).

679 1579 909 1634 CAPUT
965 1579 1110 1634 XHL
1809 1556 1990 1612 Filius
2013 1557 2259 1612 honorat
2284 1561 2529 1627 patrem,
2563 1556 2832 1612 Christus
2862 1559 3140 1630 pupulum
3176 1578 3350 1616 suum
3376 1564 3459 1617 in-

102 1671 313 1725 Inventos
332 1687 363 1723 a
389 1667 585 1738 Ioseph
613 1670 816 1738 fratres
846 1668 1043 1736 gaudet
1064 1667 1303 1738 Pharao,
1360 1666 1515 1736 cujus
1574 1680 1614 1719 ei

1946 1645 2316 1717 :promissis,
2351 1645 2559 1700 invitat
2611 1645 2973 1703 muneribus.
3043 1648 3284 1704 Portant
3337 1650 3458 1706 haec

156 1741 337 1797 eosdem
367 1732 678 1794 humanitus
706 1732 1035 1810 applicatur.
1083 1737 1224 1806 Quid
1282 1732 1532 1799 munera,
1580 1732 1705 1806 quae
1814 1751 2062 1789 munera
2091 1732 2240 1789 asini
2264 1732 2347 1788 illi
2379 1732 2636 1799 inutiles,
2671 1737 2727 1789 et
2784 1734 3060 1791 laboriosi
3120 1741 3253 1793 ante
3304 1755 3460 1794 nunc

154 1811 332 1898 Ioseph.
348 1811 618 1881 fratribus
642 1819 692 1898 ςι
721 1812 993 1898 prmcipue
1019 1810 1305 1898 Benjam‘in
1339 1810 1666 1898 (Ᾱοηίςνιησαι

1947 1840 1987 1878 es
2020 1840 2031 1876 :
2067 1827 2301 1894 portant
2331 1823 2387 1876 in
2422 1827 2556 1893 typo
2600 1821 2814 1878 Christi
2852 1840 3115 1894 munera,
3169 1829 3459 1898 portaturi

154 1878 1702 1984 tif.“ﬁ,fftﬁ€’lt.i“fit"fi-iitﬁ’iﬁi’iﬁ...9.’f.”‘n.f’2“.iif
1735 1950 1779 1984 ι,
1815 1914 1871 1967 in
1905 1912 2214 1984 Evangelia
2595 1912 2953 1984 largitorem.

152 1950 271 2023 quod
297 1950 417 2007 mes
446 1951 775 2007 discedentes
804 1952 871 2005 ad
901 1968 1085 2020 pacem
1104 1953 1445 2006 exhortatur.
1472 1951 1606 2023 Quae
1626 1964 1708 2023 re~_
1735 1950 1781 2013 Β
1815 1950 2214 2023 ’κζ’-ι·’ξζῖζζ
2227 1950 2953 2023 ξςξαξξ-,ις’,ζῖξξδ-’ζυζῖξλζ
2983 2006 3029 2023 Α

1272 2000 1708 2091 πω
1738 2000 1780 2013 υ
1887 2002 1975 2055 78.
2011 2024 2036 2048 ‹‹
2067 2000 2300 2055 Dimisit
2329 2004 2525 2055 autem
2560 2000 2767 2055 fratres
2798 2018 2937 2057 suos
2977 2006 3035 2057 et
3067 2003 3357 2061 abierunt.
3395 2005 3461 2061 Et

154 2088 342 2150 awlivit
370 2093 557 2165 ﬁlium
588 2096 781 2158 vivere,
814 2094 1110 2149 admiratio
1148 2088 1523 2162 consequitur.
1819 2089 1963 2145 dixit
1992 2088 2107 2143 illis
2136 2088 2349 2161 Jeseph
2386 2107 2398 2144 :
2448 2089 2635 2145 Nolite
2668 2090 2839 2146 irasci
2892 2090 2951 2145 in
2984 2090 3074 2146 via
3130 2094 3297 2161 (Ibid.
3346 2096 3461 2166 24).

154 2184 232 2237 74.
259 2183 323 2237 Et
379 2182 617 2255 gavisus
647 2186 734 2236 est
763 2181 1008 2248 Pharao,
1044 2181 1198 2252 quod
1256 2179 1474 2249 Joseph
1533 2195 1709 2249 agno-
1821 2179 2002 2243 Quam
2036 2178 2181 2233 bene
2211 2178 2378 2233 docet
2407 2178 2480 2233 ab
2511 2178 2815 2233 iracundia
2836 2181 3464 2255 prtecavendum,quod

101 2271 250 2327 visset
276 2271 477 2326 fratres
515 2287 677 2325 suos.
712 2269 874 2324 Unde
900 2274 957 2324 et
986 2268 1222 2341 vulgata
1253 2273 1341 2322 est
1371 2285 1478 2323 vox
1507 2268 1565 2321 in
1610 2266 1709 2320 do-
1821 2285 1888 2323 ea
1915 2268 2099 2339 possit
2127 2266 2301 2322 etiam
2333 2271 2599 2323 amantes
2640 2268 2731 2322 sui
2790 2285 3060 2340 separare
3100 2287 3414 2342 germanos
3452 2289 3463 2329 :

103 2376 178 2414 mo
203 2359 434 2414 Pharao.
468 2360 541 2435 Et
571 2358 838 2414 hortatus
883 2362 972 2414 est
1026 2362 1293 2413 sanctum
1347 2355 1588 2428 Joseph,
1652 2358 1715 2407 ut
1823 2361 1877 2412 et
1909 2356 2159 2410 maxime
2192 2355 2251 2410 in
2292 2355 2383 2410 via
2416 2355 2748 2423 fugiendam
2782 2374 2910 2413 esse
2955 2358 3331 2425 discordiam,
3365 2360 3466 2416 ubi

104 2448 279 2503 fratres
308 2464 443 2504 suos
475 2446 683 2502 invitet
714 2451 777 2501 ut
806 2446 1040 2501 veniant
1068 2462 1200 2501 cum
1234 2449 1434 2517 patre:
1466 2449 1523 2499 et
1556 2460 1717 2498 man-
1824 2448 1949 2515 ipse
1980 2444 2170 2499 viandi
2204 2445 2516 2500 comitatus
2549 2446 2717 2500 debet
2750 2446 3102 2504 inviolabilis
3134 2449 3331 2521 gratiae
3363 2448 3469 2505 ha-

107 2536 191 2590 dat
223 2535 439 2608 impleri
471 2552 676 2591 eorum
710 2535 970 2590 sarcinas
999 2534 1210 2600 tritico,
1245 2538 1299 2589 et
1328 2532 1593 2588 vehicula
1613 2532 1715 2587 da-
1824 2534 1960 2588 bere
1990 2532 2371 2588 consortium.
2405 2533 2548 2599 Quid
2584 2539 2778 2590 autem
2839 2535 3019 2601 aliud,
3052 2534 3134 2591 ait
3181 2537 3468 2594 Dominus

107 2625 144 2679 ri
170 2624 309 2694 (Gen.
345 2641 471 2692 XLV,
509 2624 720 2694 16-20).
755 2623 917 2679 Unde
948 2623 1068 2678 haec
1110 2622 1449 2678 humanitas
1508 2621 1714 2676 barba-
1826 2625 2023 2677 noster
2049 2622 2242 2685 Jesus,
2275 2638 2342 2676 ex
2374 2622 2483 2678 hoc
2513 2639 2751 2694 corpore
2782 2640 3141 2691 recessurus,
3173 2642 3305 2681 cum
3344 2626 3470 2682 dis-

106 2730 173 2779 ro,
203 2713 305 2768 nisi
343 2713 489 2768 illud
542 2713 946 2766 ostenderetur
1001 2727 1283 2784 magnum
1345 2710 1713 2783 mysterium,
1826 2709 2051 2782 cipulos
2082 2710 2401 2766 dimitteret
2430 2728 2587 2778 suos,
2621 2712 2732 2767 nisi
2762 2729 2831 2766 ne
2863 2714 3252 2769 irascerentur
3270 2714 3327 2769 in
3354 2714 3468 2780 via,

104 2801 367 2873 quodjam
401 2819 519 2857 non
556 2800 773 2854 invi‘let
818 2800 1092 2867 Ecclesia,
1154 2815 1287 2855 cum
1348 2800 1720 2855 redimuntur
1828 2799 2028 2854 dicens
2062 2815 2074 2851 :
2118 2821 2143 2847 ‹‹
2182 2798 2384 2854 Pacem
2418 2800 2681 2872 relinquo
2714 2802 2897 2865 vobis,
2932 2818 3133 2873 pacem
3157 2819 3346 2858 meam
3393 2804 3466 2859 do

100 2888 279 2956 Judazi,
311 2895 366 2945 et
396 2889 653 2962 populus
683 2888 1052 2944 Christianus
1084 2888 1191 2943 hac
1222 2888 1597 2959 adjunctione
1629 2888 1720 2941 lae-
1826 2886 2193 2958 vobis(Joan.
2220 2903 2334 2954 xiv,
2366 2890 2455 2959 27)
2486 2889 2513 2943 ?
2539 2910 2567 2938 ››
2600 2888 2707 2944 Ubi
2729 2890 2885 2945 enim
2932 2907 3041 2962 pax
3065 2896 3172 2957 est,
3232 2890 3464 2947 iracun-

104 2981 251 3048 tatur,
284 2983 337 3034 et
368 2979 588 3052 quibus
622 2982 810 3050 potest
841 2976 1122 3033 subsidiis
1176 2978 1363 3049 juvat,
1423 2982 1480 3031 et
1539 2976 1720 3032 mittit
1828 2976 1923 3031 dia
1952 2975 2144 3031 locum
2179 2993 2294 3031 non
2327 2975 2522 3041 habet,
2546 2976 2847 3050 ablegatur
2878 2979 3172 3035 discordia
3215 2980 3349 3051 (56),
3386 2981 3474 3036 fu-

106 3067 541 3140 evangelizantes
575 3083 819 3138 regnum
854 3066 972 3135 Dei,
1009 3083 1124 3138 quo
1156 3065 1443 3121 maturius
1488 3081 1719 3121 evocen-
1828 3069 2002 3136 gatur
2039 3064 2346 3120 dissensio.
2377 3065 2492 3120 Hoc
2524 3071 2613 3121 est
2640 3082 2776 3138 ergo
2806 3067 2961 3137 quod
2995 3067 3075 3122 ait
3107 3084 3121 3123 :
3180 3090 3207 3118 ‹‹
3267 3068 3487 3124 Pacem-

103 3155 227 3210 tur‘?
256 3157 478 3222 Quibus
502 3157 723 3211 dantur
751 3155 898 3210 bina:
932 3155 1090 3211 stolae
1122 3155 1274 3223 (Gen.
1307 3173 1434 3221 xcv,
1459 3156 1572 3225 2'2).
1829 3169 2019 3208 meam
2048 3154 2120 3208 do
2151 3153 2314 3208 vobis
2348 3172 2361 3220 ;
2398 3177 2424 3202 υ
2451 3154 2504 3208 id
2538 3158 2643 3220 est,
2680 3178 2706 3203 ‹‹
2739 3154 2926 3211 Nolite
2956 3156 3129 3211 i'rasci
3178 3156 3238 3211 in
3297 3158 3410 3212 via.
3447 3180 3473 3206 ››

151 3232 304 3299 73.Et
331 3243 548 3317 allegat
577 3242 822 3298 Paulum
859 3244 1136 3314 (54),cum
1168 3243 1297 3313 ejus
1328 3242 1482 3297 dicta
1512 3243 1717 3313 depro-
1760 3313 1787 3317 μ
1830 3241 1898 3296 Et
1923 3242 2053 3297 vide
2078 3259 2149 3297 ne
2181 3242 2238 3297 in
2271 3241 2379 3298 hac
2413 3243 2504 3298 via
2535 3243 2710 3309 dicat,
2743 3243 2851 3298 hoc
2881 3248 2991 3309 est,
3031 3245 3087 3298 in
3134 3244 3242 3300 hoc
3295 3262 3471 3302 cursu

103 3330 207 3399 mit,
232 3332 319 3387 cui
349 3313 595 3388 trecenti
629 3331 810 3397 aurei,
843 3313 897 3386 et
923 3331 1183 3403 quinque
1205 3330 1368 3386 stolae
1406 3331 1562 3399 (Ibid.
1624 3331 1713 3400 23)
1749 3313 1790 3377 Ο
1833 3330 2009 3386 totius
2039 3331 2167 3385 vitae
2198 3330 2658 3404 indignationem
2693 3333 3030 3400 cavendam,
3067 3334 3223 3405 quod
3256 3333 3341 3389 ira
3372 3352 3473 3389 sze-

100 3418 284 3476 diversi
323 3420 538 3477 coloris
592 3420 963 3475 conferantur
1019 3437 1052 3475 a
1101 3419 1344 3475 Christo.
1408 3420 1719 3474 Trecentos
1829 3436 1899 3491 pe
1927 3419 2035 3492 (11,
2070 3424 2272 3491 quaesi.
2306 3420 2357 3474 3.
2391 3422 2479 3475 Ira
2508 3423 2668 3492 sirpe)
2701 3420 2878 3475 etiam
2908 3420 3328 3478 innocentesin
3361 3424 3471 3478 eri-

101 3522 279 3564 aureos
307 3509 503 3575 habet,
538 3508 640 3580 qui
672 3524 901 3563 crucem
940 3507 1215 3579 praedicat
1261 3508 1497 3563 Christi.
1552 3508 1718 3563 Ideo-
1829 3524 1962 3562 men
1994 3508 2245 3563 adducat
2273 3526 2284 3563 :
2310 3509 2450 3579 quia
2468 3510 2609 3564 dum
2654 3510 2808 3579 iusto
2853 3508 3110 3581 amplius
3140 3510 3470 3579 irascimur,

100 3612 193 3665 que
213 3598 357 3654 508
384 3598 468 3653 ait
506 3614 519 3652 :
556 3620 583 3645 ‹‹
614 3596 811 3668 Neque
840 3596 995 3652 enim
1019 3597 1274 3667 judicavi
1310 3613 1401 3652 me
1434 3597 1581 3652 scire
1613 3596 1718 3652 ali-
1828 3600 1883 3652 et
1914 3596 2186 3652 volumus
2216 3596 2473 3651 alienum
2508 3614 2769 3653 coercere
2823 3604 3148 3668 peccatum,
3209 3599 3473 3671 graviora

98 3684 215 3752 quid
246 3686 391 3740 inter
421 3685 670 3747 vos,nisi
697 3684 994 3740 Christum
1025 3684 1251 3749 Jesum,
1274 3690 1329 3739 et
1358 3685 1514 3739 hunc
1542 3685 1719 3741 cruci-
1828 3690 2065 3757 peccata
2089 3684 2534 3741 committimus.
2570 3687 2701 3742 Ideo
2733 3685 3049 3758 Apostolus
3083 3704 3096 3743 :
3133 3711 3159 3737 ‹‹
3194 3688 3318 3743 Non
3371 3706 3474 3744 vos

97 3769 307 3844 fixum(I
334 3774 455 3829 Cor.
502 3790 563 3840 ιι,
592 3774 669 3845 2).
707 3794 734 3821 ››
764 3773 834 3828 Et
865 3774 1010 3828 bene
1040 3789 1247 3828 aureos
1292 3773 1523 3845 accipit,
1581 3775 1721 3844 quia
1830 3775 2008 3846 ipsos,
2043 3773 2257 3845 inquit,
2306 3773 2688 3839 vindicantes,
2748 3774 3081 3831 charissimi
3116 3793 3129 3832 :
3182 3777 3282 3831 sed
3341 3776 3473 3832 date

97 3875 191 3916 non
221 3863 272 3917 in
306 3861 600 3919 suasoriis
630 3861 899 3916 humanas
921 3861 1219 3933 sapientiae
1251 3861 1462 3929 verbis,
1524 3862 1625 3917 sed
1658 3863 1717 3917 in
1829 3862 2022 3918 locum
2054 3864 2150 3917 ira:
2183 3864 2355 3934 (Rom.
2386 3879 2487 3927 xu,
2533 3863 2633 3930 l9),
2668 3862 2775 3919 hoc
2806 3864 3286 3929 est,declinemus
3320 3882 3471 3931 eam,

97 3950 397 4007 ostensione
446 3949 701 4022 spiritus
758 3949 1125 4021 praedicabat.
1198 3950 1465 4021 Quinque
1523 3955 1718 4006 autem
1830 3968 1899 4006 ne
1928 3967 2038 4007 nos
2062 3951 2163 4006 illa
2193 3951 2485 4023 corripiat.
2521 3952 2682 4007 Unde
2705 3953 2992 4010 Dominus
3048 3953 3225 4008 Jesus
3278 3953 3473 4007 dimit-

98 4036 249 4093 stolas
279 4040 518 4112 accipit,
550 4037 638 4093 vel
672 4037 967 4109 sapientize
1000 4037 1354 4109 multiplices
1378 4037 1717 4110 disciplinas
1826 4043 1978 4105 teus,
2011 4040 2082 4095 ad
2116 4040 2629 4112 evangelizandum
2663 4040 3003 4112 discipulos,
3040 4039 3198 4095 misit
3228 4058 3325 4096 eos
3349 4042 3475 4096 sine

98 4123 168 4178 vel
191 4129 333 4199 quod
356 4128 548 4183 nullis
579 4143 819 4182 sensum
850 4126 1237 4198 corporalium
1272 4118 1475 4198 captes
1521 4127 1717 4183 illece-
1827 4145 1988 4195 auro,
2023 4128 2147 4183 sine
2170 4133 2427 4200 argento,
2483 4129 2610 4183 sine
2642 4130 2906 4199 pecunia,
2942 4129 3068 4183 sine
3128 4145 3285 4200 pera,
3348 4129 3476 4184 sine

95 4211 214 4282 bris,
246 4218 342 4272 ubi
374 4216 516 4273 aliis
540 4214 887 4288 periculum,
922 4213 1039 4269 illic
1092 4219 1312 4270 teneret
1363 4215 1664 4272 victoriam
1700 4235 1713 4285 ;
1824 4216 2005 4287 virga,
2030 4216 2084 4270 id
2116 4220 2222 4281 est,
2259 4221 2321 4270 ut
2349 4221 2407 4271 et
2435 4216 2725 4271 incentiva
2775 4216 2913 4284 litis,
2947 4221 3003 4272 et
3072 4217 3473 4273 instrumenta

98 4303 179 4369 qui
208 4321 406 4362 omnes
438 4304 770 4376 voluptates
800 4304 991 4359 carnis
1040 4303 1326 4375 singulari
1359 4306 1717 4362 continentia
1825 4304 2069 4374 eriperet
2110 4303 2368 4359 ultionis.

97 4396 142 4444 et
162 4393 363 4450 virtute
394 4397 723 4466 superaret,
756 4394 925 4463 cujus
976 4392 1273 4464 ingenium
1334 4393 1715 4465 studiumque
1894 4394 1980 4448 79.
2023 4414 2044 4440 α
2073 4393 2141 4447 Et
2168 4393 2576 4459 ascenderunt,
2614 4392 2831 4464 inquit,
2863 4394 2935 4448 de
2967 4394 3231 4467 :Egypto,
3260 4398 3317 4449 et
3373 4412 3471 4449 ve-

97 4478 235 4535 nulla
261 4482 527 4555 corporis
557 4481 856 4537 hebetaret
886 4480 1220 4546 infirmitas,
1258 4482 1357 4552 qui
1390 4498 1525 4537 cum
1558 4488 1713 4538 esset
1826 4485 2039 4536 nerunt
2072 4483 2223 4538 509
2254 4483 2311 4536 in
2344 4486 2555 4537 terram
2598 4482 2871 4538 Chanaan
2906 4484 2976 4539 ad
3009 4484 3188 4539 Jacub
3248 4490 3472 4556 patrem

93 4563 141 4620 in
168 4584 418 4643 corpore,
445 4587 663 4640 corpus
695 4586 756 4624 se
787 4570 998 4625 habere
1030 4568 1565 4642 nesciret.Denique
1591 4589 1716 4643 rap-
1825 4587 1997 4625 suum
2033 4589 2046 4640 ;
2080 4576 2137 4626 et
2168 4571 2586 4626 nuntiaverunt
2620 4570 2698 4625 illi
2733 4572 2990 4628 dicentes
3026 4590 3038 4626 :
3077 4574 3225 4638 Quia
3253 4572 3468 4646 Joscph

93 4659 173 4710 tus
200 4658 253 4714 in
285 4661 654 4731 paradisum,
699 4659 819 4714 sive
848 4659 906 4712 in
939 4674 1198 4729 corpore,
1232 4658 1350 4713 sive
1380 4664 1543 4715 extra
1590 4677 1714 4716 cor-
1749 4681 1793 4744 ι)
1825 4658 1981 4713 filius
2012 4663 2149 4714 tuus
2179 4660 2316 4713 vivit
2349 4664 2405 4714 et
2439 4660 2561 4732 ipse
2591 4665 2678 4715 est
2710 4661 2981 4734 princeps
3051 4663 3230 4716 totius
3306 4666 3467 4717 terra:

92 4758 186 4814 pus
214 4749 479 4804 nesciens
512 4748 732 4802 audivit
763 4748 939 4802 verba
986 4745 1319 4807 ineffabilia,
1380 4763 1506 4817 quae
1556 4744 1714 4817 loqui
1823 4748 2047 4821 Egypti
2084 4751 2238 4819 (Gen.
2272 4766 2395 4813 κων,
2421 4750 2511 4817 ‘35,
2543 4751 2655 4820 26).
2692 4771 2720 4799 ››
2756 4750 2890 4815 Quae
2922 4756 3011 4817 est
3044 4757 3195 4805 terra
3239 4750 3473 4806 Chana-

93 4829 291 4890 homini
322 4853 440 4892 non
469 4836 675 4891 liceret
708 4853 720 4890 :
753 4835 853 4906 qui
896 4838 1188 4906 postremo
1218 4832 1364 4888 nihil
1423 4842 1714 4890 terrenum
1822 4853 1895 4890 an
1919 4837 1946 4891 ἱ)
1973 4837 2107 4900 Qua:
2130 4837 2393 4893 nutabat.
2431 4836 2576 4904 Quid
2605 4838 2786 4909 igitur
2813 4843 2931 4893 tam
2986 4840 3243 4902 evidens,
3291 4855 3467 4909 quam

92 4918 250 4978 oleret
278 4924 334 4979 in
361 4924 559 4994 terris,
598 4924 749 4979 sicut
780 4925 905 4996 ipse
936 4923 1102 4977 docet
1149 4923 1348 4978 dicens
1410 4941 1421 4978 :
1483 4947 1511 4972 «
1571 4925 1718 4990 Quia
1822 4925 2218 4996 apostolorum
2246 4926 2856 4998 temporadesignari?
2876 4927 2982 4993 Qui
3012 4926 3260 4999 ingressi
3283 4926 3472 4982 Judae-

90 5006 278 5067 Christi
310 5014 503 5069 bonus
572 5014 715 5069 odor
769 5029 977 5068 sumus
1027 5011 1142 5066 Deo
1188 5010 1243 5065 in
1312 5011 1383 5066 iis
1414 5014 1513 5085 qui
1572 5012 1715 5068 salvi
1823 5030 1990 5068 orum
2025 5030 2350 5085 synagogas
2383 5018 2675 5078 nutantes,
2710 5015 2939 5070 Domini
2971 5014 3113 5069 Jesu
3149 5015 3468 5085 potentiam

93 5095 221 5155 fiunt
247 5102 319 5173 (II
338 5103 462 5159 Cor.
496 5121 558 5170 ιι,
594 5104 704 5173 15).
1823 5100 2394 5171 przedicabant,sicut
2416 5102 2703 5158 habemus
2726 5102 2783 5156 in
2808 5102 3053 5158 Actibus
3069 5104 3468 5173 apostolorum

150 5260 252 5331 (55)
273 5261 492 5335 Omnes
521 5262 660 5318 edit.
689 5278 755 5335 ac
787 5277 928 5316 mss.
959 5260 1199 5333 aliquot,
1234 5262 1298 5315 Et
1337 5262 1535 5329 alligat
1570 5263 1715 5317 Pau-
1898 5262 2010 5335 (55)
2044 5261 2149 5314 Per
2179 5260 2483 5335 mysticam
2517 5259 2885 5335 et_moralem
2947 5260 3157 5335 stolam
3213 5260 3473 5335 intellige

90 5326 213 5406 tum,
237 5326 504 5406 "Aliinon
537 5334 741 5406 pauci,
763 5349 865 5406 nec
896 5326 1202 5406 postremae
1235 5336 1407 5406 notae,
1435 5326 1496 5388 Et
1515 5334 1717 5401 allegat
1827 5326 2134 5404 mysticam
2167 5339 2223 5385 et
2243 5326 2537 5386 'moralem
2571 5332 3009 5403 Scripturarum
3037 5326 3468 5405 interpretatio-

88 5399 325 5476 Paulum.
356 5405 477 5476 Hoc
505 5399 699 5476 autem
728 5404 863 5476 ideo
887 5399 1165 5476 duximus
1198 5402 1329 5458 aliis
1360 5399 1717 5476 antepenén-
1831 5399 1985 5460 nem.

90 5468 198 5536 dos,
222 5474 373 5544 quod
410 5475 737 5546 Benjamin,
770 5475 869 5546 qui
894 5474 1053 5546 Pauli
1083 5475 1269 5546 figura
1288 5483 1430 5541 erat,
1463 5468 1579 5531 non
1602 5494 1721 5532 me-
1901 5475 2011 5545 (56)
2045 5474 2184 5546 Mss.
2221 5472 2427 5546 majori
2463 5489 2704 5546 numero
2736 5478 2791 5529 et
2849 5474 3212 5542 auctoritate,
3272 5476 3475 5544 alliga-

90 5550 338 5620 moratur
370 5551 503 5620 post
526 5544 692 5602 hanc
724 5544 1103 5620 agnitionem_
1123 5544 1388 5606 mutuam
1418 5546 1715 5620 alligatus;
1829 5544 1921 5603 tur
1942 5544 2228 5620 _discordia_
2251 5563 2273 5609 ;
2301 5544 2546 5620 fl‘heed.,
2591 5546 2971 5601 misericordia
3000 5547 3289 5620 ,‘hBenigq
3347 5564 3473 5620 coa-

86 5612 524 5689 etPaulus-ipse
548 5635 672 5673 cum
710 5612 825 5689 ejus
872 5616 1016 5672 dicta
1073 5617 1486 5689 iepromun‘lur,
1520 5612 1719 5676 minus
1827 5617 2035 5673 cordia.
2071 5616 2231 5689 Quod
2263 5614 2531 5689 ultimum
2583 5634 2951 5688 nequaquam
3010 5612 3300 5689 displicét.
3360 5618 3473 5689 Alii

86 5689 223 5760 recte
254 5687 548 5760 diceretur
576 5687 826 5759 alligari,
862 5705 1038 5759 quam
1072 5687 1328 5757 allegari,
1361 5687 1601 5756 hoeest,
1639 5690 1716 5746 Ie-
1830 5696 2025 5745 tamen
2055 5687 2297 5759 aliquot,
2324 5695 2378 5742 et
2409 5687 2546 5739 edit.
2586 5687 2809 5756 omnes,
2851 5687 3134 5760 obtegatur
3180 5688 3472 5744 discordia.

88 5759 243 5822 gntus
274 5759 447 5813 mitti.
1832 5762 1899 5815 Et
1920 5760 2029 5816 hoc
2062 5760 2546 5833 magiscongruit
2576 5777 2710 5816 cum
2751 5759 3153 5832 sequentibus.
