3830 6206
334 411 457 479 ’103

336 550 563 607 dicente
584 549 752 608 Petro
785 565 799 605 :
833 572 861 602 ‹‹
895 548 1060 608 Hunc
1076 563 1212 624 ergo
1242 547 1447 606 Jesum
1478 547 1844 606 resuscitavit
1874 549 1979 606 De-
2009 569 2065 638 Α

337 655 429 705 us,
461 639 634 708 cujus
676 655 783 696 nos
839 642 1017 696 testes
1070 655 1299 695 sumus.
1359 639 1603 695 Dextera
1657 638 1840 711 igitur
1879 638 1979 694 Dei

337 714 644 795 eraltatus,
679 729 1129 800 repromissione
1158 728 1411 802 Spiritus
1443 727 1630 784 sancti
1682 733 1921 800 accepta
1950 745 1985 783 a

336 816 521 881 Patre,
555 815 756 873 effudit
789 817 897 872 hoc
926 818 1148 872 donum
1180 818 1334 889 quod
1371 834 1470 873 vos
1501 817 1711 873 videtis
1757 817 1890 887 (Aet.
1918 834 1979 885 ιι,

335 906 425 969 32,
456 906 567 971 33).
605 928 632 954 »
662 907 1037 963 Advertimus
1070 911 1224 962 certe
1249 906 1542 979 quomodo
1559 910 1617 961 et
1634 906 1823 960 vivere
1845 922 1981 961 eum

334 999 391 1050 et
419 999 586 1050 terra:
615 995 798 1051 totius
830 994 1153 1067 principem
1199 996 1373 1055 dicat.
1408 995 1506 1067 qui
1540 995 1806 1066 aperiens
1844 994 1983 1050 bor—

332 1100 430 1138 rea
456 1099 584 1143 sua.
612 1083 941 1155 spiritatilis
967 1085 1166 1155 gratia:
1197 1085 1374 1138 donet
1421 1084 1696 1139 omnibus
1754 1084 1985 1139 uberta-

330 1176 471 1227 tem.
506 1172 637 1227 Haec
666 1171 939 1227 dicebant
969 1172 1239 1244 apostoli,
1272 1173 1372 1228 sed
1403 1172 1589 1227 Judaei
1621 1189 1737 1227 non
1791 1174 1985 1229 crede-

335 1260 478 1315 bant
514 1277 526 1314 :
561 1261 660 1315 sed
694 1260 1035 1331 injiciebant
1068 1278 1278 1316 manus
1324 1261 1379 1314 in
1413 1276 1512 1315 eos
1565 1260 1699 1330 (Aet.
1755 1277 1807 1326 ν,
1869 1262 1980 1332 48),

336 1348 436 1404 sed
461 1349 850 1404 tradebantin
904 1350 1227 1403 custodiam
1262 1350 1667 1420 pradicaiores
1718 1349 1947 1404 salutis.

406 1438 493 1491 80.
530 1437 694 1491 Unde
724 1441 781 1493 et
809 1438 879 1493 de
906 1437 1090 1493 Jacob
1124 1437 1404 1509 scriptum
1450 1442 1539 1492 est
1601 1454 1612 1491 :
1662 1458 1683 1484 α
1746 1438 1984 1509 Expavit

337 1528 532 1581 mente
564 1525 713 1595 (Gen.
749 1544 876 1592 XLV,
908 1527 998 1592 36)
1029 1545 1042 1595 ;
1076 1548 1103 1575 »
1136 1543 1248 1581 non
1282 1526 1438 1580 enim
1470 1526 1741 1582 credebat
1768 1527 1982 1581 eisEx-

336 1613 491 1685 pavit
549 1614 756 1669 affectu
825 1614 1013 1686 plebis
1066 1613 1397 1677 incredulae,
1439 1613 1536 1668 sed
1597 1618 1979 1686 posteaquam

335 1701 545 1759 Christi
579 1708 743 1776 gesta
774 1703 1061 1773 cognovit,
1096 1704 1276 1758 tantis
1309 1702 1608 1758 beneﬁciis
1629 1706 1686 1758 et
1706 1702 1981 1774 operibus

334 1790 610 1846 delinitus
643 1792 962 1864 resumpsit
1006 1793 1283 1864 spiritum
1351 1792 1549 1848 dicens
1583 1809 1596 1845 :
1631 1814 1659 1841 ‹‹
1701 1791 1977 1863 Magnum

335 1879 478 1935 mihi
512 1884 620 1948 est,
653 1880 699 1935 si
734 1880 926 1935 adhuc
967 1879 1122 1936 ﬁlius
1154 1897 1323 1936 meus
1352 1880 1565 1951 Joseph
1618 1880 1756 1935 vivit
1789 1897 1800 1936 :
1862 1881 1978 1946 ibo,

1794 416 1858 477 S.
1906 414 1983 477 Al

2165 414 2284 480 lSll
3620 411 3713 477 704

2094 548 2280 618 Petro,
2314 545 2511 618 Paulo,
2541 544 2789 617 Joanne,
2820 543 3074 623 populus
3090 544 3433 606 Judaei-um
3453 543 3712 604 invitetur

2092 638 2162 693 ad
2198 638 2472 710 gratiam.

2161 729 2252 784 83.
2286 728 2419 801 Ipse
2445 744 2678 801 quoque
2707 728 2862 784 Deus
2883 730 3081 784 noster
3110 726 3346 801 proprio
3378 742 3516 782 cum
3552 724 3714 783 horta-

2092 820 2191 871 tur
2219 816 2479 884 oraculo,
2512 817 2761 889 spondet
2790 816 2842 873 ei
2895 816 3226 889 profectum
3283 814 3418 871 fidei
3478 816 3712 871 muneris

2092 904 2183 961 sui
2201 906 2477 972 fructum,
2512 906 2712 962 dicens
2743 905 2793 961 ei
2829 923 2843 961 :
2877 905 3097 977 Joseph
3133 904 3323 959 mittet
3357 920 3598 960 manum
3634 921 3712 960 su-

2093 1011 2194 1065 per
2214 994 2413 1051 oculos
2434 998 2567 1051 tuos
2587 995 2747 1067 (Ibid.
2783 995 2857 1066 4).
2894 1016 2922 1043 ››
2952 993 3078 1049 Non
3110 993 3316 1065 utique
3345 996 3589 1048 sanctus
3633 1009 3713 1067 pa-

2091 1084 2345 1139 triarcha
2368 1082 2653 1139 sollicitus
2669 1087 2849 1138 erata
2867 1099 2982 1156 quo
3013 1084 3066 1138 ei
3096 1082 3248 1138 oculi
3282 1081 3711 1148 clauderentur;

2090 1170 2225 1227 licet
2249 1172 2423 1227 etiam
2457 1171 2749 1228 intellectu
2780 1170 3033 1245 simplici
3076 1168 3317 1226 moralis
3375 1167 3716 1240 exprimatur

2092 1260 2350 1314 affectus.
2381 1260 2525 1316 Nam
2560 1260 2609 1316 si
2640 1276 2739 1317 eos
2769 1276 2916 1332 quos
2979 1258 3305 1331 diligimus,
3327 1256 3602 1329 cupimus
3631 1256 3717 1312 fre-

2089 1352 2331 1418 quenter
2360 1348 2654 1422 amplecti,
2686 1352 2904 1421 quanto
2936 1347 3128 1421 magis
3159 1346 3447 1405 recessuri
3507 1361 3574 1401 ex
3629 1344 3718 1403 hoc

2091 1454 2348 1509 corpore,
2383 1438 2509 1509 ipso
2541 1438 2852 1494 charorum
2900 1436 3213 1509 pignorum
3271 1438 3429 1491 tactu
3490 1433 3716 1489 delecta-

2093 1544 2226 1582 mur
2281 1532 2556 1593 extremo,
2582 1530 2639 1581 et
2680 1526 2789 1581 hoc
2814 1525 3143 1581 mulcemur
3206 1522 3462 1578 viatico!
3516 1522 3715 1577 Tamen
3779 1550 3783 1555 ~

2093 1615 2337 1688 mystice
2355 1614 2490 1670 licet
2521 1614 2690 1670 nobis
2715 1614 3041 1686 intelligere
3066 1612 3220 1685 quod
3244 1614 3449 1685 postea
3469 1610 3716 1682 cognitu-

2092 1720 2193 1758 rus
2222 1702 2406 1758 Deum
2448 1703 2526 1759 sit
2553 1701 2809 1776 populus
2864 1701 3224 1758 Judteorum.
3292 1700 3407 1755 Hoc
3437 1702 3530 1756 est
3580 1697 3718 1754 enim

2090 1792 2457 1864 mysterium,
2491 1792 2644 1864 quod
2695 1806 2868 1849 verus
2923 1788 3142 1862 Joseph
3197 1788 3481 1864 immittet
3529 1802 3719 1843 manus

2089 1896 2265 1952 super
2292 1879 2492 1936 oculos
2523 1879 2652 1952 ejus
2686 1897 2699 1947 ;
2732 1883 2798 1935 ut
2829 1879 2930 1951 qui
2977 1892 3091 1933 non
3153 1876 3388 1932 videbat
3413 1878 3570 1942 ante,
3610 1875 3717 1946 jam

334 1933 392 2023 .1
420 1933 627 2024 ma
659 1933 1454 2041 amensamens
1483 1933 1835 2039 ξιδίιιεὲὴζ»
1868 1933 1983 2023 ea:
2012 1933 2057 1998 Β
2088 1933 3002 2042 essent;tensam,
3048 1962 3175 2039 lege
3234 1933 3713 2037 quemadmodum

337 2073 500 2112 mum
535 2060 591 2113 et
613 2058 935 2113 maximum
970 2058 1104 2114 ﬁdei
1164 2058 1639 2123 fundamentum,
1670 2058 1747 2113 in'
1786 2074 1981 2113 resur-

335 2145 646 2202 rectionem
677 2146 889 2201 Christi
922 2146 1175 2203 credere.
1208 2146 1550 2218 Quicunque
1580 2147 1735 2201 enim
1797 2146 1979 2203 credi-

334 2234 486 2289 derit
506 2234 943 2299 resuscitatum,
981 2234 1227 2290 festinus
1252 2234 1516 2306 requirit,
1551 2236 1790 2290 devotus
1821 2250 1978 2292 acre-

336 2323 441 2392 dit,
474 2327 531 2377 et
560 2322 770 2377 intima
799 2322 983 2378 Deum
1018 2328 1210 2379 mente
1239 2328 1567 2379 veneratur.
1602 2323 1795 2379 Credit
1824 2323 1979 2378 enim

337 2411 492 2483 quod
523 2411 648 2483 ipse
679 2428 794 2466 non
827 2412 1132 2479 moriatur,
1165 2412 1213 2466 si
1257 2412 1456 2467 credat
1488 2413 1545 2467 in
1605 2412 1980 2469 resurrectio-

337 2498 431 2556 nis
459 2504 777 2556 auctorem.

913 2589 1145 2646 CAPUT
1230 2589 1373 2645 XIV.

335 2679 505 2734 Israel
527 2679 745 2734 elevans
774 2695 831 2733 se
862 2680 1007 2733 venit
1034 2678 1105 2733 ad
1133 2686 1354 2749 puteum
1378 2680 1706 2742 Juramenti,
1722 2680 1819 2735 ubi
1836 2682 1983 2735 ειεαρ

405 2751 630 2822 criﬁcat.
660 2751 816 2822 Hunc
847 2755 989 2806 Deus
1010 2751 1295 2819 promissis
1316 2752 1811 2820 consolatur,eique
1828 2766 1982 2822 spon-

407 2820 624 2891 det/ore
652 2825 713 2875 ut
740 2821 859 2891 ejus
886 2822 1032 2876 oculi
1051 2838 1222 2876 manu
1247 2822 1465 2892 Iosephi
1507 2820 1861 2877 claudantur.
1893 2821 1982 2876 1η-

405 2892 737 2965 grediuntur
747 2894 806 2965 in
822 2894 1121 2965 Egyptum
1139 2894 1483 2962 septuaginta
1505 2895 1745 2965 quinque
1773 2894 1986 2965 animae

409 2979 475 3018 ac
499 2962 714 3018 demum
743 2963 885 3032 ﬁlios
913 2962 984 3018 ad
1012 2978 1069 3017 se
1102 2967 1357 3019 convocat
1410 2964 1580 3019 Israel
1612 2982 1625 3019 :
1655 2962 1735 3020 ’σι
1788 2964 1984 3020 horum

408 3049 533 3089 omn
541 3036 656 3089 ium
686 3050 801 3105 quae
830 3036 1113 3107 mysteria.

408 3139 497 3193 81.
515 3162 542 3188 ‹‹
577 3139 646 3194 Et
674 3137 907 3195 elevans
935 3153 996 3194 se
1026 3138 1223 3205 Israel,
1254 3138 1412 3195 venit
1440 3141 1510 3195 ad
1545 3144 1786 3212 puteum
1811 3141 1981 3197 Jure-

340 3228 544 3290 menti,
577 3226 1020 3299 immolavitque
1050 3228 1277 3284 hostem
1311 3229 1425 3284 Deo
1459 3229 1641 3301 patris
1672 3229 1762 3286 sui
1820 3230 1982 3286 Isaac

2090 2074 2277 2113 caecus
2306 2056 2402 2112 ille
2427 2061 2668 2114 sanatus
2699 2057 2798 2121 sit,
2819 2054 2911 2112 cui
2936 2054 3109 2112 Jesus
3135 2070 3377 2110 manum
3431 2051 3711 2124 imposuit,

2090 2150 2147 2202 et
2176 2148 2305 2219 ejus
2336 2146 2578 2202 abstulit
2602 2145 2917 2202 cecitatem
2950 2144 3127 2217 (Joan.
3164 2160 3236 2207 IX,
3268 2142 3345 2211 6).
3394 2141 3522 2196 Non
3581 2140 3715 2195 enim

2090 2234 2411 2303 morituris,
2444 2234 2709 2290 Christus
2739 2249 2981 2289 manum
3013 2230 3285 2303 imponit,
3319 2229 3424 2285 sed
3456 2228 3711 2283 victuris:

2091 2326 2192 2378 aut
2222 2323 2270 2377 si
2303 2322 2623 2390 morituris,
2657 2326 2827 2388 recte,
2861 2320 3001 2393 quia
3028 2320 3194 2392 prius
3225 2317 3537 2385 morimur,
3566 2321 3626 2371 ut
3643 2332 3715 2372 re-

2088 2411 2462 2467 viviscamus.
2494 2411 2618 2466 Non
2650 2410 2807 2465 enim
2838 2424 3157 2482 possumne
3188 2407 3305 2462 Deo
3346 2406 3559 2470 vivere,
3612 2404 3710 2460 nisi

2092 2502 2328 2572 peccato
2358 2503 2493 2556 ante
2522 2497 2865 2555 moriamur.

2161 2598 2249 2653 85.
2284 2597 2659 2654 Descendunt
2684 2594 2867 2668 igitur
2893 2594 2953 2648 in
2996 2594 3305 2667 Egyptum
3364 2588 3713 2663 septuaginta

2094 2686 2354 2759 quinque
2383 2685 2616 2753 anima,
2648 2684 2801 2741 sicut
2829 2683 3113 2755 scriptum
3142 2686 3252 2749 est,
3285 2684 3344 2736 et
3372 2679 3485 2736 hoc
3527 2678 3706 2752 mysti‘

2092 2791 2170 2830 cae
2201 2791 2447 2831 numero
2469 2772 3004 2845 remissionis,quia
3035 2776 3165 2844 post
3191 2774 3417 2826 tantam
3435 2768 3710 2830 duritiam,

2093 2866 2224 2936 post
2252 2867 2416 2920 tanta
2444 2866 2682 2935 peccata
2710 2862 3067 2918 haberentur
3094 2859 3344 2931 indigni,
3387 2858 3503 2914 nisi
3550 2856 3706 2912 dona-

2091 2956 2254 3008 retur
2281 2951 2377 3008 bis
2407 2951 2674 3009 remissio
2705 2952 3096 3024 peccatorum.
3130 2946 3397 3004 Occurrit
3424 2944 3508 3000 illi
3527 2944 3705 3010 Judas,

2092 3039 2202 3097 hoc
2229 3044 2321 3096 est
2350 3040 2641 3097 confessio
2664 3038 2902 3096 erroris.
2934 3038 3101 3093 Hunc
3121 3035 3212 3092 sui
3243 3040 3526 3091 venturus
3542 3033 3708 3090 Juda—

2093 3145 2261 3184 orum
2292 3129 2546 3202 populus
2567 3127 2962 3202 prenuntium
3003 3124 3202 3183 mittit.
3237 3124 3370 3180 Ideo
3402 3128 3461 3179 et
3512 3119 3706 3192 Joseph

2091 3235 2282 3284 verus,
2316 3218 2371 3275 id
2404 3221 2494 3274 est
2522 3217 2739 3275 arbiter
2762 3220 2823 3277 et
2852 3216 3138 3288 interpres
3169 3212 3706 3278 Divinitatis,oceur-

336 3316 486 3387 (Gen.
520 3335 666 3385 xm,
699 3317 771 3387 4).
807 3338 835 3367 ››
868 3297 1071 3374 Merito
1137 3317 1393 3373 elevatur
1457 3297 1558 3391 qui
1627 3319 1862 3375 festinat
1907 3319 1980 3375 ad
2012 3297 2055 3365 (Σ
2092 3307 2169 3362 rit
2201 3325 2215 3369 :
2248 3307 2388 3379 quia
2409 3306 2835 3380 praeceditjam
2867 3302 3177 3372 confessio,
3219 3305 3565 3391 quassatas
3591 3313 3703 3391 porj

336 3404 661 3462 Christum.
695 3404 865 3462 Fides
890 3406 1162 3479 prmcedit
1192 3407 1578 3463 devotionem.
1598 3407 1768 3463 Prius
1785 3422 1847 3465 se
1875 3408 1985 3463 ele-

336 3493 510 3561 vavit,
545 3498 746 3567 postea
775 3494 1117 3550 immolavit.
1153 3494 1252 3550 Ille
1277 3495 1432 3553 enim
1489 3496 1638 3553 bene
1694 3496 1981 3562 immolat,

340 3581 437 3654 qui
470 3582 861 3654 cognitionem
891 3582 1216 3640 divinitatis
1248 3584 1696 3657 investigaverit.

407 3673 498 3725 82.
534 3693 562 3719 ‹‹
595 3670 751 3726 Dixit
780 3675 976 3727 autem
1006 3672 1163 3728 Deus
1196 3673 1265 3727 ad
1310 3672 1489 3728 Israel
1529 3673 1587 3728 in
1637 3673 1767 3728 visu
1816 3677 1987 3729 nocte

338 3758 539 3814 dicens
573 3775 586 3812 :
619 3759 821 3825 Jacob,
854 3760 1059 3815 Jacob.
1093 3759 1202 3826 Qui
1232 3760 1374 3815 dixit
1410 3777 1423 3814 :
1456 3760 1605 3824 Quid
1638 3761 1773 3818 est?
1801 3762 1989 3817 EtDo-

338 3848 537 3903 minus
568 3847 693 3902 ait:
732 3848 850 3920 Ego
913 3865 1044 3903 sum
1089 3848 1246 3904 Deus
1285 3853 1515 3921 patrum
1557 3854 1815 3917 tuorum,
1870 3850 1990 3906 noli
2037 3912 2043 3917 ,

336 3937 566 4001 timere,
592 3936 878 3992 descende
908 3937 967 3991 in
999 3941 1319 4010 Egyptum
1355 3954 1368 3990 :
1422 3937 1480 3993 in
1538 3942 1767 4010 gentem
1832 3939 1990 3996 enim

338 4042 613 4097 magnam
649 4025 858 4081 faciam
891 4030 947 4081 te
976 4025 1079 4081 ibi.
1113 4027 1233 4099 Ego
1279 4026 1629 4082 descendam
1681 4031 1872 4083 tecum
1930 4028 1990 4084 in

336 4115 672 4187 Egyptum,
706 4119 763 4169 et
790 4130 897 4187 ego
928 4115 1217 4170 deducam
1248 4120 1303 4169 te
1333 4114 1391 4170 in
1424 4119 1771 4189 perpetuum
1832 4118 1988 4189 (Gen.

2092 3396 2234 3451 fidis.
2290 3394 2645 3467 possidebat.
2703 3395 2995 3466 Interpres
3048 3391 3205 3448 enim
3266 3386 3592 3447 Divinitatis
3630 3388 3707 3440 est

2092 3484 2391 3554 Christus;
2436 3484 2575 3557 quia
2604 3484 2787 3540 Deum
2844 3498 3016 3539 nemo
3073 3480 3223 3536 vidit
3272 3493 3557 3550 unquam,
3609 3473 3706 3528 nisi

2092 3573 2431 3647 unigenitus
2452 3571 2632 3629 Filius
2652 3572 2753 3644 qni
2772 3571 2935 3628 estin
2964 3569 3097 3627 sinu
3128 3566 3472 3638 Patris,ipse
3491 3579 3703 3621 enarra-

2093 3662 2303 3718 vit.Hic
2323 3660 2528 3718 senilis
2545 3662 2671 3733 jam
2689 3660 2960 3729 aetatis,et
2973 3659 3193 3715 fessum
3216 3654 3502 3728 suscipiet
3515 3650 3714 3709 ultimis

2095 3750 2456 3825 temporibus
2477 3748 2759 3823 populum
2776 3749 3255 3816 Judaorummon
3280 3744 3603 3801 secundum
3616 3739 3707 3795 illi-

2097 3857 2168 3895 us
2186 3839 2519 3908 merita,sed
2538 3838 2866 3895 secundum
2888 3836 3229 3894 electionem
3254 3832 3458 3907 gratias
3482 3848 3495 3887 :
3549 3835 3604 3886 et
3622 3830 3713 3884 im-

2100 3932 2273 4001 ponet
2291 3944 2500 3985 manus
2521 3944 2698 4003 super
2717 3925 2917 3984 oculos
2937 3926 3088 3998 ejus,
3114 3927 3178 3979 ut
3221 3921 3541 3977 cascitatem
3578 3916 3717 3973 auto-

2101 4018 2402 4090 rat..Cujus
2425 4017 2555 4073 ideo
2578 4015 2809 4073 distulit
2830 4014 3163 4081 sanitatem,
3188 4017 3252 4067 ut
3273 4014 3603 4084 postremus
3614 4020 3713 4061 cre-

2101 4108 2281 4174 deret,
2315 4105 2416 4178 qui
2446 4110 2581 4162 ante
2609 4121 2725 4162 non
2782 4103 3010 4178 putavit
3060 4117 3190 4158 esse
3246 4098 3622 4162 credendum,
3668 4096 3717 4148 et

2102 4194 2546 4268 praerogativam
2572 4192 2899 4267 superioris
2927 4189 3229 4248 electionis
3254 4180 3715 4244 amittereLUmle

334 4220 487 4269 XLVI,
513 4203 656 4274 2-4).
694 4225 714 4251 ι
751 4204 1260 4270 Quemadmodum
1295 4220 1420 4276 quae
1454 4204 1565 4277 ipsi
1619 4204 1843 4279 legunt,
1877 4223 1993 4263 non

338 4268 680 4363 intelligunt
713 4309 726 4358 ;
758 4268 815 4346 et
857 4292 1096 4363 Moysen
1149 4268 1330 4365 quem
1383 4268 1646 4362 laudant,
1677 4268 1995 4367 vabnegant
2100 4289 2158 4341 et
2186 4284 2500 4357 ΑΡοεΐΟῙυΒ
2530 4284 2612 4340 ait
2644 4301 2657 4340 ε
2691 4305 2721 4334 α
2754 4281 2905 4347 Qu“
2930 4279 3159 4336 οωοῖῐαε
3189 4295 3256 4333 ω(
3276 4280 3453 4367 Parte
3508 4268 3718 4366 conligit

339 4396 470 4435 cum
503 4380 632 4450 ejus
662 4379 897 4452 scriptis
927 4381 1161 4437 credere
1193 4380 1422 4437 nolunt.
1460 4382 1609 4449 Quid
1670 4382 1995 4439 evidentius

342 4484 518 4540 quam
552 4468 707 4540 quod
738 4467 847 4523 hoc
872 4468 998 4526 loco
1030 4468 1371 4535 invitantur,
1401 4474 1468 4526 ut
1498 4471 1564 4525 ad
1593 4475 1858 4527 sanctam
1890 4472 1994 4527 Ec-

342 4555 584 4611 clesium
621 4556 715 4611 Dei
756 4561 1071 4625 transeant,
1105 4562 1160 4613 et
1189 4557 1292 4630 qui
1324 4562 1457 4615 ante
1489 4559 1866 4614 intraJudaza:
1891 4564 1996 4615 ter-

2102 4374 2161 4429 in
2195 4356 2394 4441 Israel,
2428 4374 2612 4430 donec
2633 4370 2947 4445 plenitudo
2979 4368 3242 4443 gentium
3271 4366 3538 4431 intraret,
3567 4366 3619 4417 et
3656 4356 3719 4413 sic

2102 4462 2294 4519 omnis
2327 4461 2506 4518 Israel
2536 4459 2735 4519 salvus
2762 4460 2929 4516 ﬁeret
2951 4460 3125 4527 (Rom.
3156 4472 3237 4526 ιι,
3268 4453 3385 4525 25).
3422 4476 3449 4504 ››

2173 4563 2261 4617 85.
2331 4560 2510 4617 Gesta
2571 4560 2754 4633 igitur
2844 4555 3335 4631 patriarcharum,
3422 4553 3721 4607 futurorum

343 4644 1021 4733 minoscoarctabantur
1059 4647 1213 4703 510
1242 4651 1548 4719 angustos,
1580 4648 1650 4703 ad
1711 4648 1992 4720 populum
2027 4668 2072 4733 ι)
2106 4650 2385 4724 mysteria
2406 4653 2566 4707 sunt.
2600 4648 2866 4721 Denique
2891 4647 3017 4720 ipse
3042 4645 3227 4733 Jacobi
3254 4642 3340 4699 sic
3370 4642 3453 4698 ait
3473 4640 3551 4733 ad
3597 4634 3719 4692 ﬁlios

344 4732 447 4788 Dei
480 4732 752 4806 migrent,
785 4732 883 4804 qui
915 4750 982 4789 ex
1008 4739 1128 4790 toto
1159 4736 1314 4801 orbe,
1334 4752 1402 4792 ex
1433 4736 1711 4792 omnibus
1741 4737 1994 4793 nationi-

2107 4756 2286 4797 suos:
2323 4760 2351 4789 ‹‹
2382 4736 2850 4811 Congregamini,
2884 4741 2949 4792 ut
2989 4732 3333 4792 aununtiem
3400 4728 3559 4786 vobis
3618 4736 3721 4795 qus

345 4823 456 4878 bus
486 4825 543 4878 et
573 4821 807 4894 populis
836 4826 1223 4896 congregatus
1252 4823 1313 4880 in
1344 4841 1619 4897 magnam
1677 4826 1867 4882 factus
1907 4831 1999 4883 est
2107 4843 2425 4884 occursuro.
2446 4829 2587 4882 sunt
2610 4827 2779 4884 vobis
2800 4826 2862 4882 in
2892 4821 3226 4881 novissimis
3255 4820 3487 4876 diebus.
3505 4816 3724 4885 (Zeugm-

345 4910 637 4985 gentem?
704 4909 961 4984 Denique
1020 4911 1078 4968 in
1137 4928 1371 4969 omnem
1415 4916 1630 4970 terram
1688 4915 1865 4971 exivit
1902 4931 1995 4972 so-

2104 4915 2348 4989 gamini,
2381 4921 2437 4972 et
2466 4916 2668 4973 audite
2697 4914 2872 4973 Israel
2904 4918 3127 4988 patrem
3155 4914 3415 4966 vestrum
3441 4907 3718 4981 (ασκεω.

346 5017 460 5057 nus
492 5016 712 5058 eorum.
741 4999 994 5057 Vocatur
1022 5017 1160 5074 ergo
1189 5018 1225 5057 a
1246 5000 1384 5057 ﬁliis
1405 5001 1743 5071 suisJacob,
1781 5003 1838 5059 id
1856 5008 2001 5060 este
2108 5007 2133 5060 1
2170 5009 2228 5061 et
2255 5005 2331 5077 2).
2358 5027 2386 5055 »
