3830 6206
103 327 199 387 7υὸ
528 325 754 387 LIBER
797 325 899 387 DE
942 325 1653 386 BENEDIC'I‘IONIBUS
1701 327 1794 385 PA
1822 326 2394 387 l‘BlAltCHAltUM.
2431 361 2503 368 -—
2536 325 3002 386 ADMONITIO.
3343 326 3460 386 706

2087 513 3464 541 π

468 710 566 800 IN
626 710 1003 801 LIBRUM
1061 710 1195 800 DE
1250 710 2146 800 BENEDIGTIONIBUS
2204 710 3063 800 PATRIARCHARUM

1533 916 1995 978 ADMONITIO.

163 1287 515 1343 Ambrosium
563 1288 622 1343 in
655 1289 1053 1360 superioribus
1081 1287 1247 1344 libris
1269 1289 1396 1359 jam
1428 1288 1864 1344 observavimus
1893 1288 2115 1359 aliquid
2147 1287 2467 1342 inseruisse
2489 1288 2560 1341 de
2585 1287 3090 1344 Benedictionibus
3114 1290 3470 1345 Patriarcba-

107 1392 234 1440 rum,
281 1375 383 1430 hoc
412 1379 520 1443 est,
569 1376 638 1430 de
669 1375 1174 1432 benedictionibus
1204 1374 1321 1430 illis
1353 1376 1568 1446 quibus
1597 1375 1775 1430 Jacob
1802 1375 1861 1429 in
1893 1375 2165 1429 extremis
2216 1374 2460 1444 positus,
2513 1373 2648 1427 filiis
2696 1374 2819 1428 suis
2870 1376 2969 1446 qui
3027 1387 3150 1444 μετὰ
3204 1384 3472 1447 ἀντονομαο

112 1475 218 1530 ain,
249 1463 580 1535 patriarhcae
612 1465 906 1531 dicuntur,
939 1463 1134 1520 omnia
1162 1465 1354 1519 fausta
1383 1469 1787 1535 comprecatus
1817 1465 1924 1518 est.
1957 1461 2172 1516 Verum
2205 1461 2312 1515 has
2344 1461 2440 1515 ille
2487 1462 2671 1516 obiter
2719 1469 2945 1516 tantum
2997 1464 3285 1536 attigerat,
3333 1466 3473 1519 ube-

106 1553 404 1624 rioremque
434 1570 635 1608 earum
669 1554 1208 1626 interpretationem
1243 1552 1426 1608 alium
1460 1553 1516 1606 in
1552 1552 1867 1618 locum,ubi
1901 1551 2095 1605 dedita
2128 1566 2301 1620 opera
2331 1551 2401 1604 de
2431 1550 2549 1604 illis
2579 1551 3294 1621 disputaret,rojecerat.ld
3316 1570 3475 1609 exse-

106 1641 279 1711 quitur
304 1641 360 1696 in
393 1641 502 1696 hac
534 1658 642 1696 sua
673 1642 988 1714 scriptione
1019 1647 1260 1697 sanctus
1288 1641 1514 1696 Doctor.

165 1732 345 1800 Itaque
375 1730 635 1800 primum
673 1730 919 1786 utilitate
947 1735 1198 1801 paternae
1230 1729 1653 1786 benedictionis
1686 1728 1933 1784 breviter
1961 1727 2242 1798 exposita,
2274 1727 2442 1782 docet
2470 1729 2619 1798 (cap.
2659 1730 2707 1797 1)
2735 1728 3058 1800 Joseplium
3100 1733 3478 1800 properanter

103 1817 294 1872 liberos
321 1835 462 1874 suos
497 1819 808 1874 Manassen
844 1825 1018 1890 atque
1045 1817 1308 1890 Ephraem
1345 1819 1416 1872 ad
1443 1817 1644 1885 Iacob,
1678 1822 1745 1871 ut
1791 1818 1918 1886 ejus
1969 1816 2369 1872 benedictione
2435 1817 2816 1884 donarentur,
2867 1833 3065 1872 secum
3121 1815 3474 1874 adduxisse:

106 1922 251 1960 avum
279 1912 471 1960 autem
507 1905 800 1978 adoptatis
829 1907 948 1962 illis
979 1906 1172 1962 locum
1202 1905 1354 1961 inter
1384 1905 1647 1977 proprios
1703 1905 1853 1960 filios
1897 1903 2253 1959 attribuisse.
2305 1903 2526 1958 Dehinc
2573 1905 2884 1973 Scriptum
2927 1910 3165 1960 secutus
3212 1905 3478 1961 ordinem

107 2009 229 2064 quas
255 1993 426 2049 Jacob
461 1993 602 2049 ﬁliis
630 1994 757 2049 suis
787 1994 1106 2067 impertivit
1135 1992 1570 2049 benedictiones
1599 1991 1867 2048 enucleat
1896 1997 2046 2063 (cap,
2069 1997 2103 2046 2
2123 1997 2180 2047 et
2201 1993 2364 2063 seq.).
2390 1993 2658 2046 Rimatur
2679 1993 2738 2046 in
2764 1993 2832 2047 iis
2860 1994 3137 2048 omnibus
3165 1995 3478 2065 mysticum

109 2098 341 2148 sensum,
375 2098 596 2153 easque
626 2099 741 2137 non
769 2087 888 2136 tam
919 2081 1355 2137 benedictiones
1380 2097 1509 2137 esse
1537 2082 1748 2136 asserit
1778 2085 1925 2152 (cap.
1977 2085 2031 2147 2,
2088 2083 2300 2136 num.7
2350 2087 2407 2136 et
2455 2080 2638 2144 alibi),
2692 2099 2870 2152 quam
2925 2083 3307 2154 propheties:
3360 2081 3480 2139 imo

106 2169 410 2240 prophetiae
441 2186 594 2239 esse,
629 2174 688 2224 at
715 2169 890 2224 variis
914 2169 1382 2224 benedictionum
1415 2169 1621 2241 gratiis
1651 2169 2000 2224 cumulatas.
2029 2169 2418 2233 Quamobrem
2451 2169 2590 2240 quid
2623 2171 2698 2224 sit
2718 2170 2978 2241 ipsarum
3003 2170 3255 2244 singulis
3277 2172 3481 2228 adum-

106 2257 330 2321 bratum,
363 2257 572 2330 aperit,
606 2258 855 2330 exempli
887 2275 1064 2314 causa
1093 2257 1494 2313 benedictione
1523 2257 1811 2312 Manassis
1843 2262 2018 2327 atque
2050 2257 2132 2327 Ep
2147 2257 2332 2310 hI'tBIIl
2357 2257 2576 2312 Judeos
2605 2265 2663 2312 et
2691 2258 3054 2314 Christianos
3084 2264 3233 2331 (cap.
3262 2260 3340 2330 4),
3383 2260 3480 2321 be-

107 2345 401 2401 nedictione
432 2347 561 2402 Dan
592 2346 1014 2402 Antichristum
1048 2346 1200 2418 (cap.
1231 2347 1308 2416 7),
1342 2346 1742 2402 benedictione
1775 2344 2078 2414 Benjamin
2110 2349 2378 2399 sanctum
2405 2345 2648 2400 Paulum
2685 2348 2832 2417 (cap.
2864 2349 2950 2418 42)
2978 2365 2990 2402 :
3022 2340 3327 2403 Christum
3350 2363 3483 2404 vero

107 2434 419 2490 earumdem
451 2433 752 2507 plerisque
781 2434 1098 2507 designari,
1132 2435 1385 2489 maxime
1409 2434 1574 2488 Iudae
1603 2450 1671 2488 ac
1697 2432 1938 2505 Iosephi
1971 2432 2480 2488 benedictionibus
2511 2435 2660 2506 (cap.
2695 2437 2725 2488 4
2758 2441 2812 2490 et
2847 2436 2954 2506 11),
2979 2454 3124 2508 quas
3155 2454 3222 2492 ea
3253 2437 3322 2493 de
3354 2453 3484 2492 cau-

105 2538 159 2576 sa
186 2521 363 2577 fusius
392 2527 576 2594 atque
606 2521 936 2577 accuratius
965 2538 1144 2593 quam
1175 2521 1321 2576 alias
1339 2521 1629 2577 edisserit.
1881 2531 1895 2540 '

165 2609 324 2664 Porro
357 2615 419 2664 ut
450 2611 739 2680 majorem
771 2609 843 2665 iis
865 2627 1041 2682 quam
1072 2610 1362 2682 proponit,
1383 2609 1844 2681 expositionibus
1866 2610 1980 2664 vim
2007 2609 2529 2680 auctoritatemque
2550 2610 2838 2680 conciliet,
2862 2613 3037 2668 verba
3057 2613 3225 2684 queis
3255 2614 3482 2685 Moyses

101 2699 383 2768 jamjame
423 2699 575 2754 vivis
633 2699 903 2754 abiturus
955 2698 1232 2754 tribubus
1253 2715 1321 2754 ex
1369 2699 1707 2754 eorumdem
1768 2698 2231 2769 patriarcharum
2287 2697 2508 2754 semine
2555 2700 2821 2754 oriundis
2866 2701 3013 2756 bene
3067 2707 3336 2772 precatus
3394 2708 3486 2758 est

105 2786 258 2853 (Deut.
289 2805 482 2856 χχχιιι,
515 2790 554 2841 6
583 2794 640 2842 et
671 2805 794 2859 seq.
829 2788 867 2858 ),
903 2789 961 2842 in
998 2787 1257 2846 medium
1291 2789 1529 2859 profert.
1594 2787 1942 2842 Addendum
1973 2793 2168 2842 tamen
2201 2792 2290 2842 est
2315 2792 2584 2843 sanctum
2619 2789 2925 2860 praasulem
2954 2806 3069 2846 non
3103 2789 3318 2862 ubique
3365 2807 3484 2848 me-

115 2875 336 2930 moratis
364 2892 546 2932 nsum
579 2892 706 2931 esse
736 2876 1123 2941 testimoniis;
1159 2893 1291 2932 cum
1322 2881 1440 2932 tres
1471 2894 1501 2932 e
1540 2877 1812 2934 Mosaicis
1839 2876 2346 2931 benedictionibus
2377 2878 2831 2947 praetermiserit.
2863 2877 3010 2933 lllud
3038 2881 3231 2934 autem
3270 2880 3329 2934 in
3379 2879 3488 2936 hac

105 2962 269 3033 opella
294 2963 620 3037 singulare,
650 2981 716 3020 ac
746 2981 953 3035 parum
986 2964 1266 3020 usitatum
1299 2965 1629 3032 Ambrosio,
1663 2965 1818 3036 quod
1850 2964 1900 3018 is
1933 2965 2047 3018 illic
2083 2965 2577 3034 interpretatione,
2622 2964 2901 3036 mysticae
2939 2966 3219 3022 evolvisse
3243 2971 3482 3024 conten-

107 3058 210 3117 tus,
242 3070 548 3125 nunquam
583 3053 764 3108 ferme
795 3052 908 3108 nisi
937 3052 1116 3108 semel
1149 3052 1370 3125 aliquid
1404 3069 1634 3110 morum
1664 3051 2018 3110 institutioni
2048 3053 2552 3107 accommodatum
2587 3054 2831 3108 inseruit
2860 3054 3010 3125 (cap.
3043 3057 3098 3118 ’7,
3131 3072 3294 3110 num.
3326 3057 3438 3126 33).

169 3140 276 3195 Hoc
298 3141 362 3196 in
391 3145 647 3196 tractatu
678 3144 916 3196 sanctus
938 3141 1148 3196 Doctor
1169 3140 1283 3197 alia
1303 3142 1471 3196 esuis
1493 3142 1768 3213 operibus
1790 3140 2076 3195 nonnulla
2109 3141 2268 3210 citat,
2290 3146 2467 3211 atque
2488 3141 2780 3211 imprimis
2802 3145 3287 3198 commentarium
3313 3161 3488 3198 suum

110 3229 242 3301 (cap.
279 3231 327 3295 4,
361 3248 532 3286 num.
565 3231 654 3300 21)
681 3229 739 3284 in
773 3230 1023 3285 Lucam:
1057 3230 1213 3301 quod
1245 3229 1482 3301 quidem
1516 3246 1649 3285 cum
1681 3247 1833 3285 anno
1865 3229 2092 3284 circiter
2118 3230 2243 3295 386,
2279 3234 2342 3283 ut
2370 3231 2480 3283 fert
2509 3229 2881 3284 verisimilior
2927 3230 3146 3300 opinio,
3201 3229 3486 3300 scriptum

110 3316 282 3384 fuerit,
315 3319 452 3374 hinc
479 3317 863 3389 consequitur
896 3335 1010 3373 non
1040 3319 1152 3374 nisi
1184 3323 1315 3389 post
1353 3320 1622 3374 eumdem
1656 3335 1877 3373 annum
1908 3317 2563 3373 eommentatiunculam
2603 3320 2675 3372 De
2723 3317 3195 3373 Benedictionibus
3234 3319 3485 3374 Patriar-

111 3404 316 3461 charum
343 3409 568 3462 editam
592 3407 790 3461 fuisse.
825 3413 897 3460 At
922 3423 1054 3462 vero
1085 3407 1134 3461 si
1165 3407 1543 3462 statuendum
1576 3407 1681 3462 hac
1712 3407 1782 3460 de
1813 3423 1872 3460 re
1903 3423 1969 3460 ex
2000 3406 2254 3459 maxima
2286 3404 2385 3458 illa
2411 3410 2469 3460 et
2492 3405 2930 3460 evidentissima
2959 3406 3336 3473 connexione,
3369 3423 3486 3476 qua

107 3507 223 3549 eum
251 3494 414 3551 libris
446 3495 857 3566 superioribus
889 3495 1158 3561 cohaeret,
1190 3496 1508 3550 dicendum
1537 3494 1645 3550 erit
1671 3496 1860 3567 ipsam
1909 3494 2002 3548 his
2050 3510 2168 3548 non
2214 3509 2342 3548 esse
2393 3492 2579 3548 multo
2630 3493 3033 3565 posteriorem,
3084 3510 3189 3548 nec
3239 3495 3484 3566 proinde

108 3577 157 3634 in
183 3582 333 3638 aliud
365 3588 629 3656 tempus,
663 3600 840 3654 quam
870 3584 926 3636 in
960 3599 1182 3637 annum
1213 3583 1440 3638 circiter
1457 3585 1559 3637 387
1597 3582 1992 3654 rejiciendam.
2025 3582 2094 3636 Et
2137 3598 2278 3636 sane
2323 3583 2675 3637 Ambrosius
2724 3582 2783 3636 in
2833 3581 2984 3637 libro
3027 3599 3136 3638 suo
3181 3584 3255 3638 De
3297 3583 3490 3655 Ioseph

104 3673 401 3738 patriarcha
431 3689 554 3728 non
587 3672 810 3726 videtur
841 3672 1304 3727 benedictionem
1325 3675 1454 3742 ejus
1476 3671 1650 3727 aliam
1673 3672 1746 3728 ob
1768 3688 2028 3737 causam,
2052 3669 2167 3726 nisi
2189 3671 2344 3742 quod
2371 3687 2541 3725 suam
2564 3671 2614 3726 ei
2646 3671 2998 3741 peculiarem
3031 3670 3489 3742 disputationem

110 3757 160 3812 in
189 3762 510 3830 proximum
566 3767 801 3832 tempus
831 3760 1180 3830 destinabat,
1213 3762 1494 3817 omissam
1526 3760 1816 3826 voluisse;
1853 3776 1984 3815 cum
2017 3760 2278 3831 alioquin
2310 3760 2572 3830 ejusdem
2621 3761 3022 3831 interpretatio
3068 3760 3490 3818 benedictionis

107 3849 372 3920 praecipuo
402 3847 739 3921 argumenti
771 3848 863 3903 sui
888 3848 1084 3920 capiti,
1112 3865 1227 3920 quo
1257 3848 1522 3905 videlicet
1548 3849 1606 3904 in
1634 3848 1890 3920 Josepho
1912 3865 2243 3919 expressam
2265 3847 2478 3903 Christi
2501 3848 2728 3903 Domini
2752 3849 3068 3921 imaginem
3091 3849 3489 3906 demonstrare

106 3938 396 4005 cogitabat,
421 3937 693 4010 apprime
721 3937 1074 3992 conveniret.

165 4026 434 4082 Caeterum
463 4041 761 4081 summam
791 4025 941 4080 hanc
971 4025 1310 4080 eorumdem
1362 4028 1718 4085 tractatuum
1778 4024 2122 4078 affinitatem
2155 4025 2298 4079 adeo
2329 4025 2679 4080 conﬁrmant
2693 4026 2916 4096 aliquot
2938 4031 3194 4083 veterum
3221 4026 3487 4082 codicum

108 4110 520 4185 inscriptiones,
558 4118 619 4168 ut
649 4132 717 4168 ex
748 4121 993 4184 utroque
1023 4113 1260 4177 unicum
1285 4131 1433 4185 opus
1463 4114 1815 4169 constituere
1844 4112 2166 4168 videantur.
2202 4113 2425 4167 Etenim
2457 4115 2895 4185 manuscriptus
2918 4113 3340 4185 Benignianus,
3365 4114 3487 4168 sive

107 4198 280 4256 Sancti
326 4202 578 4276 Benigni
641 4200 1000 4257 Divionensis
1023 4200 1080 4254 in
1135 4201 1322 4256 fronte
1352 4201 1485 4256 libri
1515 4203 1590 4256 De
1615 4201 1804 4272 Ioseph
1827 4203 2147 4272 patriarcha
2176 4200 2332 4255 hunc
2378 4200 2618 4256 titulum
2672 4203 2941 4257 exhibet:
2999 4204 3196 4272 Incipit
3249 4201 3490 4274 ejusdem

110 4287 395 4350 {Ambrosii
431 4290 742 4358 nimirum)
771 4291 909 4344 liber
935 4292 1148 4360 primus
1166 4291 1404 4362 Ioseph;
1439 4291 1496 4344 in
1529 4289 1682 4346 calce
1712 4294 1904 4345 autem
1933 4306 1946 4343 :
1979 4288 2226 4360 Explica
2250 4290 2390 4344 iiber
2413 4291 2631 4359 primus
2660 4290 2724 4345 de
2751 4291 2970 4362 Ioseph,
3019 4295 3077 4345 et
3125 4306 3486 4361 consequen-

107 4378 181 4429 ter
207 4378 327 4434 sine
356 4379 475 4435 alia
507 4378 888 4450 inscriptione
918 4379 1227 4450 subjungit
1255 4378 1468 4435 librum
1502 4379 1573 4434 de
1599 4377 1973 4434 Patriarchis.
2009 4378 2446 4450 Manuscriptus
2476 4379 2784 4447 Uticensis,
2819 4380 2938 4434 sive
2961 4380 3155 4436 Sancti
3182 4379 3488 4451 Ebrulphi,

107 4462 155 4516 in
185 4464 340 4523 initio
371 4473 554 4540 atque
592 4467 651 4521 in
682 4468 793 4521 ﬁne
818 4466 950 4522 libri
981 4467 1053 4522 de
1085 4466 1302 4539 Ioseph
1332 4468 1534 4524 eadem
1592 4467 1775 4522 ferme
1797 4468 1970 4522 verba
1999 4484 2127 4538 quae
2158 4468 2574 4540 Benignianus,
2611 4485 2724 4538 prae.
2752 4484 2814 4523 se
2843 4469 2988 4524 fert:
3023 4469 3127 4524 sed
3149 4468 3292 4524 illud
3318 4468 3492 4524 habet

106 4555 414 4622 expressius
457 4556 618 4628 quod
645 4571 778 4610 eum
812 4559 1125 4612 tractatum
1164 4555 1236 4610 de
1263 4572 1379 4626 quo
1411 4556 1628 4628 agitur,
1668 4556 1749 4610 ita
1779 4555 2082 4611 inscribit:
2106 4558 2306 4628 Incipit
2332 4558 2602 4612 secundus
2631 4557 2694 4611 de
2717 4557 2911 4628 Ioseph
2940 4565 2992 4612 et
3029 4558 3298 4628 fratribus
3346 4558 3486 4628 ejus,

107 4640 234 4694 etde
257 4642 722 4699 benedictionibus
750 4660 958 4698 eorum.
992 4643 1251 4714 Denique
1283 4643 1339 4698 in
1373 4645 1727 4715 quibusdam
1759 4644 2060 4700 codicibus
2089 4647 2276 4701 eidem
2311 4644 2459 4701 libro
2493 4646 2563 4700 De
2593 4646 3066 4701 Benedictionibus
3115 4644 3492 4716 praemittitur

105 4723 208 4782 haec
239 4729 784 4804 inscriptiancipil
813 4732 951 4787 liber
977 4731 1242 4787 secundus
1271 4733 1346 4786 De
1372 4731 1716 4788 Putriarehis
1736 4750 1756 4793 ;
1781 4733 1892 4788 ista
1919 4751 2052 4789 vero
2082 4734 2346 4790 clausula
2372 4734 2720 4805 subjicitur:
2753 4736 2995 4806 Explica
3041 4735 3180 4790 liber
3225 4732 3488 4789 secundus

109 4819 180 4869 De
212 4819 571 4875 Patriarchis.
603 4819 784 4874 Jonas
819 4835 1049 4890 quoque
1076 4818 1386 4890 episcopus
1409 4820 1921 4876 Aurelianensium
1951 4821 2138 4894 ipsius
2173 4823 2440 4878 meminit
2469 4824 2578 4878 sub
2611 4822 2782 4878 titulo
2812 4825 2887 4878 De
2909 4823 3101 4893 Ioseph
3128 4841 3141 4889 ;
3196 4821 3488 4892 siquidem

112 4902 197 4957 ubi
229 4908 416 4978 prima
442 4908 712 4980 ejusdem
743 4909 919 4962 verba
940 4907 1169 4979 allegat,
1205 4908 1284 4963 ita
1311 4908 1573 4980 loquitur
1603 4909 1726 4980 (lib.
1756 4911 1902 4964 nzbe
1929 4913 2106 4966 lnslit.
2136 4912 2287 4977 huic,
2319 4929 2445 4983 cap.
2479 4912 2567 4982 45)
2593 4929 2605 4966 :
2642 4935 2670 4962 «
2701 4911 3045 4967 Ambrosius
3069 4910 3124 4964 in
3148 4909 3294 4965 libro
3317 4909 3488 4978 cujus

110 4990 298 5049 titulus
327 5001 417 5051 est
446 4998 522 5051 De
548 4995 756 5068 Ioseph.
794 5017 820 5045 ››
846 4996 1141 5052 Postremo
1173 4995 1318 5052 nulli
1351 4997 1693 5054 dubitamus
1725 4998 1865 5069 quin
1906 4998 1997 5052 hic
2030 4998 2176 5053 liber
2225 4999 2468 5054 ultimus
2516 5015 2716 5055 eorum
2762 5004 2983 5070 septem
3032 4997 3338 5052 habendus
3388 4997 3484 5063 sit,

107 5092 238 5148 quos
261 5083 316 5138 in
345 5085 405 5139 id
438 5088 854 5156 argumentum
885 5085 958 5139 ab
988 5085 1296 5142 Ambrosio
1339 5087 1590 5158 scriptos
1639 5091 1926 5142 memorat
1971 5087 2393 5143 Cassiodorus:
2442 5090 2597 5155 Item,
2646 5087 2836 5159 inquit
2883 5086 2978 5140 ille
3025 5085 3150 5155 (lib.
3201 5085 3277 5138 De
3305 5085 3483 5138 Instit.

107 5166 265 5224 divin.
296 5173 450 5240 Litt”
494 5189 622 5245 cap.
658 5173 733 5245 1),
763 5177 982 5228 sanctus
1006 5173 1318 5230 Ambrosius
1345 5174 1410 5230 de
1431 5176 1768 5246 patriarchis
1805 5179 2008 5246 septem
2036 5175 2204 5230 libros
2231 5175 2418 5230 edidit.
2470 5176 2587 5230 Hos
2646 5175 2824 5230 dubio
2872 5172 3073 5245 procul
3122 5189 3154 5227 a
3201 5170 3368 5226 libris
3416 5171 3486 5226 de

111 5255 384 5315 Abraham
417 5262 489 5317 ad
519 5261 675 5316 hunc
701 5262 896 5334 ipsum
929 5261 1230 5328 inclusive,
1263 5267 1328 5318 ut
1356 5268 1583 5329 vocant,
1612 5268 1936 5318 enumerat.

169 5345 305 5402 Cum
336 5354 532 5405 autem
558 5367 762 5407 omnes
792 5350 875 5405 illi
907 5355 1191 5407 tractatus
1222 5368 1253 5406 e
1283 5352 1654 5407 sermonibus
1686 5357 1973 5419 constent,
2007 5370 2154 5425 quos
2195 5370 2227 5408 a
2271 5355 2472 5407 sancto
2519 5353 2764 5424 praesule
2807 5351 3036 5406 circiter
3081 5367 3299 5407 annum
3358 5351 3482 5416 387,

110 5433 206 5487 sub
235 5437 451 5494 exitum
485 5440 949 5514 Quadragesimaa
983 5440 1179 5497 haberi
1213 5445 1451 5514 emptos,
1484 5457 1550 5496 ac
1581 5445 1714 5513 post
1751 5443 1899 5498 festa
1932 5442 2230 5498 Paschatis
2263 5439 2629 5498 continuatos
2663 5441 2844 5496 fuisse
2874 5441 3261 5509 ostendimus,
3312 5438 3484 5495 relin-

109 5521 290 5591 quitur
322 5531 385 5580 ut
415 5527 570 5582 hunc
603 5545 834 5602 quoque
864 5545 966 5603 per
995 5527 1149 5586 idem
1181 5530 1418 5603 quidem
1449 5535 1703 5604 tempus,
1736 5530 1838 5586 sed
1870 5534 2003 5589 ante
2035 5547 2298 5591 mensem
2332 5533 2660 5607 Augustum
2693 5531 2803 5588 sub
2835 5545 3009 5604 quem
3058 5529 3347 5590 Maximus
3401 5534 3485 5606 ty-

108 5622 313 5672 rannus
342 5615 402 5672 in
434 5615 661 5676 Italiam
693 5617 922 5700 irrupit,
957 5617 1400 5699 pronuntiatum
1431 5618 1800 5701 colligamus.
