3830 6206
422 286 531 343 707
1974 285 2017 339 A

2171 280 2348 339 IOSII
3642 283 3727 343 708

1574 440 1763 447 _———v
1772 439 2469 446 mw

1639 864 2219 920 MEDIOLANENSIS
2256 863 2571 919 EPISCOPI

933 1028 1083 1134 DE
1182 1021 2196 1134 BENEDICTIONIBUS
2294 1022 3276 1134 PATRIABCHAIIITM

1681 1257 2004 1340 LIBER
2065 1254 2378 1341 UNUS
2419 1246 2535 1341 (ί).

768 1599 859 1655 5|
876 1597 1060 1653 I—II
1100 1595 1329 1650 CAPUT
1370 1593 1671 1648 PRIMUM.

405 1718 466 1774 Ut
508 1717 675 1770 liberi
703 1715 780 1769 ad
811 1715 1067 1768 honorem
1096 1711 1441 1782 deferendum
1481 1708 1804 1782 parentibus
1830 1706 2047 1782 (impel-

469 1787 735 1852 terentur,
770 1802 1033 1854 magnam
1071 1786 1185 1837 vim
1228 1786 1422 1837 horum

472 1859 755 1932 indidisse.
786 1852 1081 1932 Paternum
1132 1854 1556 1932 benedictionem
1602 1852 1843 1932 accipere
1867 1853 2046 1932 llaec-

468 1930 637 1999 phum
664 1928 1359 1999 festinassemlqueaium
1400 1924 1541 1999 ﬁlios
1587 1921 1736 1999 patri
1790 1921 2047 1999 obtulisse

467 1995 867 2055 bcnerlicendos.
905 2003 970 2054 Et
1000 1995 1123 2068 qua?
1153 1996 1238 2050 his
1269 1996 1535 2066 mysteria
1553 1995 1940 2047 contineantur

465 2132 517 2187 Ι.
542 2132 802 2187 Primum
836 2130 1102 2185 omnium
1143 2133 1424 2199 quamam
1458 2125 1741 2179 discimus
1790 2124 2043 2193 parenti-

394 2221 509 2274 bus
539 2220 749 2274 referre
778 2218 1183 2280 reverentiam,
1218 2232 1349 2269 cum
1381 2214 1629 2285 legimus
1662 2213 1737 2281 ('2)
1761 2211 1911 2282 (Gen.
1962 2229 2038 2278 ix,

392 2310 576 2378 2527)
605 2288 883 2378 quoniam
918 2306 1017 2377 qui
1048 2304 1503 2360 benedicebatur
1557 2318 1590 2355 a
1634 2308 1816 2370 patre,
1868 2300 2039 2354 bene-

391 2397 585 2452 dictus
615 2401 757 2459 erat,
792 2400 849 2451 et
878 2412 978 2466 qni
1011 2392 1484 2457 maledicebatur,
1521 2388 1864 2444 maledictus
1895 2389 2034 2443 erat!

394 2486 528 2540 Ideo
548 2484 700 2539 hanc
724 2483 1063 2556 parentibus
1083 2482 1333 2554 gratiam
1357 2478 1589 2533 donavit
1610 2478 1787 2543 Deus,
1814 2481 1873 2530 ut
1899 2476 2039 2531 ﬁlio-

390 2591 520 2629 rum
551 2574 736 2645 pietas
760 2577 1119 2644 provocetur.
1143 2567 1518 2640 Prmrogativa
1536 2567 2034 2637 igiturparentum

390 2661 706 2734 disciplina
734 2667 823 2715 est
855 2660 1129 2715 ﬁliorum.
1164 2658 1396 2713 Honora
1421 2672 1557 2728 ergo
1582 2659 1828 2725 patrem,
1861 2655 2038 2709 utbe—

390 2751 622 2805 nedicat
648 2754 727 2805 te.
760 2750 1014 2803 Ilonoret
1045 2747 1179 2819 pius
1209 2751 1432 2817 patrem
1478 2748 1715 2814 propter
1760 2742 2031 2813 gratiam,

387 2839 658 2911 ingratus
690 2843 926 2908 propter
954 2836 1245 2889 timorem.
1282 2833 1349 2887 Et
1377 2832 1425 2887 si
1453 2848 1672 2902 pauper
1713 2836 1802 2885 est
1850 2836 2030 2901 pater,

388 2933 444 2982 et
476 2942 590 2981 non
622 2925 797 2980 habet
822 2924 1157 2979 divitiarum
1176 2921 1372 2992 copias
1394 2936 1537 2991 quas
1566 2918 1855 2991 relinquat
1871 2919 2028 2983 ﬁliis,

390 3015 563 3070 habet
582 3019 774 3068 tamen
799 3012 1017 3066 ultima:
1042 3009 1463 3065 benedictionis
1486 3007 2031 3077 harrcditatemoua

389 3100 868 3158 sanctiﬁcationis
916 3116 1056 3170 opes
1114 3096 1552 3153 successoribus
1600 3095 1900 3164 largiatur.
1963 3095 2028 3148 Et

386 3189 572 3245 multo
604 3188 735 3262 plus
764 3198 854 3243 est
885 3188 1116 3242 beatum
1148 3202 1324 3257 quam
1358 3184 1595 3239 divitem
1628 3185 1770 3240 ﬁeri.

454 3281 505 3334 2.
544 3277 875 3333 Festinabat
892 3274 1111 3348 Joseph
1134 3292 1200 3330 su
1212 3290 1365 3328 mere
1388 3274 1844 3328 benedictionem
1871 3274 2021 3344 (Gen.

383 3385 573 3433 xcvm,
606 3365 1025 3436 .I-i).Denique
1054 3369 1112 3419 et
1143 3363 1292 3418 ﬁlios
1324 3379 1462 3417 suos
1486 3361 1695 3416 obtulit
1716 3362 2024 3416 Manassen

384 3462 441 3513 et
471 3455 759 3527 Ephraam,
802 3470 949 3526 quos
1007 3451 1303 3507 benedixit
1348 3451 1527 3505 Jacob
1580 3451 1718 3518 (Ibid
1772 3452 1930 3520 9~20)
1965 3456 2027 3505 ut

384 3544 526 3615 quia
554 3542 861 3597 duodecim
889 3542 1141 3595 habebat
1189 3539 1362 3604 ﬁlios,
1392 3545 1446 3592 et
1507 3538 1715 3593 tertius
1760 3539 2025 3595 decimus

384 3637 509 3687 erat
539 3632 769 3686 futurus
802 3629 1098 3701 apostolus
1130 3628 1365 3692 Paulus,
1399 3626 1563 3697 quasi
1599 3628 1885 3698 posterior
1911 3627 2024 3682 ele-

386 3726 540 3783 ctus,
570 3720 741 3774 tertia
779 3718 1005 3773 decima
1035 3718 1223 3772 tribus
1255 3718 1326 3771 de
1358 3716 1626 3771 Manasse
1656 3720 1713 3769 et
1760 3716 2026 3787 Ephrem

385 3808 695 3880 nepotibus
726 3807 1186 3871 sanctiﬁcaretur
1216 3804 1270 3858 in
1304 3809 1621 3874 utrumque
1658 3803 1864 3871 divisa,
1912 3822 2028 3876 quo

387 3897 604 3954 Paulus
635 3914 750 3952 non
784 3900 945 3951 extra
977 3899 1354 3966 paternarum
1406 3909 1714 3948 numerum
1766 3893 2027 3948 tribuum

386 3985 763 4045 inveniretur.
800 3984 899 4056 qui
931 3982 1156 4038 Veteris
1188 3981 1547 4037 Testamenti
1582 3986 1639 4037 et
1684 3982 1823 4036 Novi
1869 3998 2027 4053 egre-

385 4074 519 4147 gius
539 4072 897 4147 praedicator,
921 4077 1174 4144 paternae
1194 4070 1617 4125 benedictionis
1633 4069 2030 4127 haereditatem

386 4163 499 4219 sibi
531 4178 762 4235 quoque
796 4161 959 4217 facile
994 4159 1308 4232 profecisse
1337 4160 1761 4231 comprobaret.

456 4252 509 4306 3.
543 4252 885 4321 Quanquam
940 4248 1219 4321 praeclara
1246 4247 1366 4302 haec
1400 4248 1458 4301 in
1491 4247 1600 4302 hoc
1622 4248 1741 4302 sint
1758 4248 2032 4319 mysteria

2075 1593 2126 1657 Α
2163 1592 2433 1654 servavit.
2472 1600 2527 1645 ul
2563 1593 2777 1647 seniori
2810 1592 2929 1647 tilio
2962 1592 3093 1664 plus
3121 1593 3387 1657 deferret,
3437 1593 3573 1647 sicut
3612 1592 3735 1647 Isaac

1570 1780 1836 1833 edictioni
1881 1778 2049 1831 Deum

2161 1696 2393 1751 quoque
2425 1680 2483 1734 in
2520 1681 2663 1734 Esau
2698 1681 2949 1752 priorem
2984 1680 3167 1735 ﬁlium
3201 1681 3632 1736 benedictionem
3662 1682 3732 1736 de-

2161 1767 2307 1822 ferre
2337 1768 2638 1839 cupiebat:
2673 1770 2771 1823 sed
2807 1768 3090 1823 minorem
3124 1768 3309 1823 ﬁlium
3338 1769 3393 1822 in
3424 1774 3548 1840 typo
3579 1768 3735 1837 junio-

2160 1856 2240 1910 ris
2273 1856 2470 1927 populi
2502 1856 2747 1912 credidit
2778 1857 3224 1927 praeferendum,
3259 1856 3407 1913 sicut
3443 1863 3555 1911 erat
3596 1857 3734 1928 ipma

2158 1951 2343 2000 matre
2368 1943 2660 2015 praelatus.

2226 2035 2279 2088 4.
2312 2033 2575 2104 Denique
2606 2034 2905 2089 Mauasses
2935 2051 3004 2089 ex
3034 2033 3323 2091 oblivione
3351 2032 3497 2103 (Gen.
3525 2050 3620 2098 xu,
3643 2032 3690 2087 5|
3701 2052 3727 2101 ,1,

2154 2122 2364 2176 Latina
2394 2120 2888 2192 interpretatione,
2921 2122 3189 2194 signatur
3222 2139 3291 2178 eo
3341 2123 3491 2194 quod
3533 2121 3731 2193 populus

2150 2210 2485 2265 Judaeorum
2516 2210 2733 2266 oblitus
2762 2216 2853 2266 est
2881 2210 3062 2266 Deum
3096 2228 3274 2266 suum
3306 2211 3407 2283 qui
3450 2211 3569 2266 fecit
3609 2226 3728 2265 eum.

2152 2299 2221 2353 Et
2250 2299 2607 2371 quicumque
2635 2315 2705 2355 ex
2734 2316 2802 2354 ea
2831 2298 2996 2371 plebe
3026 2300 3362 2368 crediderit,
3410 2305 3657 2370 tanquam
3681 2315 3731 2352 ex

2149 2387 2435 2443 oblivione
2468 2394 2787 2444 revocatur.
2823 2388 3087 2460 Ephrem
3133 2394 3334 2444 autem
3379 2388 3728 2444 fecunditatem

2148 2476 2303 2541 ﬁdei,
2336 2477 2810 2547 interpretatione
2842 2477 3098 2533 nominis
3118 2476 3443 2549 pollicetur,
3491 2474 3580 2547 qui
3610 2475 3728 2529 auxit
3804 2486 3805 2549 (

2146 2569 2394 2635 patrem,
2430 2566 2582 2620 sicut
2611 2565 2691 2619 ait
2717 2566 2839 2636 ipse
2870 2565 3085 2637 Joseph
3120 2566 3362 2637 dicens:
3398 2588 3426 2615 ι(
3455 2566 3587 2628 Quia
3609 2563 3728 2618 auxit

2148 2669 2240 2706 me
2269 2653 2424 2708 Deus
2455 2654 2514 2707 in
2544 2660 2699 2709 terra
2728 2654 3079 2710 humilitatis
3108 2672 3249 2708 meas
3278 2655 3580 2725 (Ibid.52).»
3605 2651 3726 2715 Quod

2141 2742 2443 2812 proprium
2466 2748 2555 2797 est
2577 2741 2771 2814 populi
2788 2742 3066 2813 junioris,
3088 2744 3190 2814 qui
3212 2760 3428 2815 corpus
3443 2749 3526 2798 est
3542 2738 3723 2801 Christi.
3804 2770 3805 2801 1

2142 2846 2365 2901 augens
2394 2834 2637 2900 patrem,
2673 2835 2728 2886 et
2756 2831 2938 2886 Deum
2961 2832 3267 2903 proprium
3290 2849 3406 2887 non
3429 2830 3727 2901 relinquens.

2210 2922 2264 2974 5.
2299 2919 2556 2990 Denique
2587 2919 2926 2989 spiritaliter
2954 2920 3025 2974 de
3054 2920 3287 2992 populis
3316 2922 3424 2976 hoc
3481 2937 3595 2976 esse
3634 2932 3723 2986 my-
3804 2942 3805 2975 ι

2137 3013 2381 3069 sterium
2407 3008 2602 3064 senior
2630 3008 2967 3064 declaravit.
3001 3009 3144 3063 Nam
3178 3026 3317 3065 cum
3352 3010 3502 3066 ﬁlius
3550 3009 3726 3081 putaret

2135 3118 2271 3158 eum
2294 3113 2519 3155 errasse
2546 3096 2685 3151 vitio
2732 3097 3046 3153 hebetioris
3103 3103 3405 3169 aspectus,
3455 3102 3725 3152 convertere

2134 3190 2318 3245 voluit
2341 3201 2552 3242 manus
2572 3187 2702 3257 ejus
2728 3187 2932 3241 dicens
2956 3204 2968 3240 :
2993 3210 3019 3235 ‹‹
3050 3186 3175 3240 Non
3198 3187 3285 3242 sic
3315 3196 3493 3259 pater,
3511 3185 3593 3241 hic
3608 3181 3724 3239 enim

2136 3277 2467 3351 primitivus
2497 3256 2615 3339 est,
2634 3275 2868 3346 impone
2897 3275 3191 3329 dexteram
3224 3256 3392 3331 tuam
3413 3291 3577 3347 super
3594 3277 3723 3342 caput

2134 3369 2280 3436 ejus.
2318 3367 2385 3420 Et
2416 3365 2621 3434 noluit,
2648 3364 2750 3419 sed
2783 3363 2963 3417 dixit:
3013 3364 3163 3429 Scio,
3218 3365 3322 3431 tili,
3372 3365 3511 3420 scio.
3556 3362 3612 3417 Et
3655 3358 3723 3413 hic

2134 3456 2243 3511 erit
2273 3454 2332 3509 in
2370 3453 2675 3525 populum,
2707 3458 2763 3507 et
2792 3451 2886 3506 hic
2913 3451 3299 3508 exaltabitur:
3334 3452 3435 3508 sed
3463 3452 3620 3506 frater
3636 3448 3729 3517 ejus

2130 3544 2327 3615 junior
2358 3540 2662 3609 majorillo
2693 3541 2821 3607 erit,
2862 3546 2919 3595 et
2950 3558 3154 3596 semen
3179 3542 3312 3612 ejus
3334 3542 3445 3596 erit
3467 3535 3728 3595 multitudo

2134 3633 2394 3706 gentium
2429 3631 2578 3701 (Gen.
2613 3646 2806 3693 xnvm,
2847 3631 2909 3684 18
2948 3634 3003 3684 et
3034 3631 3149 3699 19).
3186 3653 3214 3679 »
3271 3630 3529 3702 Denique
3574 3624 3731 3698 praele-

2136 3722 2382 3776 rendum
2415 3720 2679 3791 prraam
2721 3718 2937 3774 seniori
2975 3735 3279 3791 germano,
3333 3720 3508 3775 etiam
3551 3711 3733 3770 benedi-

2136 3809 2347 3865 ctionis
2384 3808 2532 3864 serie
2564 3807 2931 3881 prophetavit
2960 3808 3161 3863 dicens
3183 3827 3200 3862 :
3229 3832 3256 3857 ‹‹
3286 3808 3350 3864 In
3376 3807 3534 3863 vobis
3554 3799 3734 3859 benedi-
3804 3818 3805 3881 ξ

2138 3904 2303 3954 cetur
2334 3896 2531 3960 Israel,
2563 3895 2936 3950 dicentibus:
2974 3895 3123 3951 515
3178 3896 3380 3951 Faciat
3424 3894 3578 3950 vobis
3620 3890 3734 3945 Deus

2140 3988 2295 4042 sicut
2329 3985 2591 4056 Ephraem
2639 3989 2698 4039 et
2753 3983 3060 4039 Manassen
3111 3984 3253 4055 (Ibid
3301 3985 3413 4055 20).
3456 4006 3483 4034 υ
3535 3982 3595 4036 Et
3641 3976 3735 4031 ideo

2140 4091 2274 4130 cum
2306 4078 2502 4128 essent
2531 4077 2793 4143 nepotes,
2828 4072 2888 4126 in
2920 4071 3114 4127 locum
3146 4071 3404 4128 ﬁliorum
3435 4076 3568 4126 sunt
3603 4066 3735 4134 adop-

2142 4164 2270 4229 tati,
2305 4167 2369 4217 ut
2395 4178 2509 4217 non
2540 4165 2739 4216 essent
2768 4160 2933 4215 avitae
2961 4160 3387 4216 benedictionis
3433 4162 3685 4232 expertes.
3804 4154 3805 4159 “

2812 4274 3036 4331 CAPUT
3078 4275 3144 4330 ll.

388 4340 758 4436 514’s"?
791 4354 1036 4436 summi
1057 4336 1272 4436 J.°seph
1307 4336 1459 4436 “qu3
1487 4352 1626 4436 suos
1656 4352 1804 4406 quos
1835 4350 2031 4436 suam:
2064 4325 2109 4390 Ο
2147 4369 2220 4423 De
2266 4367 2631 4421 benedictione
2677 4325 3270 4435 Ruben-iiirinioiy—enili,
3333 4380 3459 4436 quae
3512 4380 3609 4418 non
3656 4363 3739 4413 tam

388 4433 552 4500 perat
582 4428 639 4481 in
672 4427 914 4499 Egyplo
949 4468 961 4493 ,
998 4425 1258 4497 Ephraem
1293 4425 1365 4478 ad
1395 4425 1687 4479 dexteram
1720 4439 1912 4493 suam,
1961 4424 2032 4478 ad

390 4516 692 4572 sinistram
722 4522 916 4571 autem
950 4512 1125 4570 Israel
1153 4513 1332 4585 patris
1354 4513 1445 4568 sui
1471 4529 1484 4566 :
1508 4512 1814 4567 Manassen
1838 4517 2031 4567 autem

390 4605 463 4660 ad
495 4603 793 4659 sinistram
826 4619 1017 4665 suam,
1067 4608 1130 4656 ut
1167 4602 1238 4656 ad
1285 4601 1580 4656 dexteram
1631 4605 1788 4655 esset
1836 4598 2031 4665 Israel,

389 4692 674 4766 applicuit
702 4707 800 4745 eos
832 4696 967 4745 ante
1002 4694 1223 4759 patrem
1256 4705 1452 4744 suum.
1489 4688 1815 4743 Extendens
1837 4694 2032 4743 autem

389 4781 564 4837 Israel
619 4795 861 4835 manum
921 4778 1239 4844 dexteram,
1301 4776 1582 4848 imposuit
1637 4794 1811 4847 super
1860 4782 2036 4848 caput

387 4870 653 4943 Ephrem
688 4868 786 4940 qui
818 4872 942 4923 erat
963 4866 1166 4937 junior
1194 4871 1251 4921 et
1272 4866 1468 4920 stabat
1492 4865 1560 4920 ad
1589 4866 1887 4920 sinistram
1911 4865 2032 4925 avi:

386 4964 444 5016 et
474 4959 777 5015 sinistram
810 4974 979 5013 suam
1014 4956 1210 5029 posuit
1240 4972 1419 5025 supra
1449 4954 1756 5009 Manassen
1790 4954 1888 5025 qui
1909 4960 2035 5010 erat

389 5050 460 5105 ad
495 5049 812 5116 dexteram,
844 5052 901 5102 et
933 5048 1013 5101 ita
1041 5044 1368 5100 immutatis
1402 5044 1695 5111 manibus,
1742 5044 2036 5099 benedixit

385 5154 486 5193 eos
507 5136 648 5205 (Ibid
677 5136 889 5206 l3-2I).
927 5136 987 5191 In
1022 5151 1136 5207 quo
1166 5138 1225 5188 et
1252 5132 1467 5205 Joseph
1498 5137 1716 5186 natura:
1768 5132 2030 5187 ordinem

454 5296 533 5364 (t)
561 5296 825 5368 Scriptus
854 5294 1007 5351 circa
1037 5312 1132 5349 an.
1164 5295 1289 5368 387.

478 5368 541 5445 ἒξ
572 5367 656 5419 Ita
685 5364 828 5422 mss.
862 5384 926 5445 ac
958 5371 1083 5445 vet_._
1119 5366 1256 5445 edit.
1306 5381 1529 5445 omnes.
1580 5364 1746 5419 Rom.
1807 5370 2027 5445 autem,

389 5458 415 5485 ‹‹
450 5436 713 5508 Primum
743 5437 1007 5493 omnium
1031 5436 1315 5491 discimus
1352 5440 1632 5508 quantam
1686 5437 2028 5507 parentibus

390 5505 771 5575 reverentiam
804 5509 1028 5564 deferre
1060 5505 1510 5575 debeamus,etc.
1541 5529 1569 5555 .›

460 5575 540 5655 (3)
580 5573 762 5651 Caput
782 5577 890 5637 hoc
920 5579 978 5635 in
1008 5578 1145 5636 edit.
1178 5578 1343 5635 Rom.
1368 5573 1450 5636 ita
1481 5577 1721 5652 incipit:
1782 5598 1802 5627 α
1855 5578 2030 5638 Voca~

2220 4438 2539 4504 benedictio,
2572 4452 2735 4507 quam
2762 4436 3041 4507 prophetia.
3071 4440 3183 4492 est:
3224 4436 3288 4492 de
3336 4438 3633 4507 Judwornm
3672 4444 3738 4507 eff

2215 4525 2337 4565 rore
2358 4511 2503 4564 circa
2538 4505 2711 4580 ipsum
2731 4505 2949 4578 :deqile
2970 4508 3250 4578 mysteriis
3274 4524 3379 4579 per
3425 4505 3649 4563 eamdem
3684 4505 3735 4552 δε·

2216 4598 2285 4650 gn
2296 4581 2512 4650 iﬁcutis.

2212 4696 2266 4749 6.
2301 4695 2418 4749 Hac
2450 4692 2848 4748 benedictione
2879 4693 3165 4747 celebrata
3194 4694 3292 4762 (3),
3340 4693 3559 4748 vocavit
3602 4687 3738 4743 etiam

2142 4782 2292 4837 ﬁlios
2323 4798 2461 4837 suos
2494 4781 2645 4851 (Gen.
2679 4798 2827 4845 xux,
2865 4782 2937 4851 Ι).
2982 4781 3047 4835 Et
3075 4782 3175 4852 qui
3204 4786 3340 4837 ante
3373 4780 3647 4849 juniorem
3672 4787 3737 4826 se-

2143 4870 2291 4926 niori
2324 4868 2678 4942 praetulerat,
2707 4869 2941 4940 ccepita
2988 4869 3213 4940 primo;
3268 4873 3331 4924 ut
3383 4870 3440 4924 in
3492 4867 3584 4922 illo
3641 4875 3737 4930 ωδ*-
3804 4867 3805 4927 l

2143 4958 2305 5014 sterii
2341 4958 2635 5030 praeferret
2663 4958 2934 5029 gratiam,
2965 4957 3023 5011 in
3074 4957 3180 5013 hoc
3228 4958 3495 5013 ordinem
3537 4950 3741 5010 servaret

2147 5047 2369 5113 aetatis;
2404 5045 2581 5101 simul
2613 5046 2712 5117 qui
2746 5050 2880 5100 ante
2911 5046 2969 5100 in
3001 5046 3233 5102 duobus
3263 5045 3623 5101 benedixerat
3647 5033 3740 5091 uni—
3791 5095 3805 5111 ,η

2141 5152 2339 5192 versos
2371 5151 2504 5191 cum
2546 5150 2680 5190 omn
2698 5133 3037 5206 posteritate
3058 5134 3408 5207 etprogenie
3435 5135 3738 5188 futurorum.
3804 5124 3805 5129 “

3803 3680 3805 3795 l

2137 5296 2220 5351 vit
2250 5300 2443 5352 autem
2470 5294 2655 5366 (Jacob
2685 5291 2838 5366 ﬁlios
2866 5311 3024 5362 suos,
3056 5298 3113 5350 et
3160 5295 3273 5349 ait:
3314 5282 3738 5366 Congregatniqiv

2139 5374 2203 5423 ut
2234 5364 2580 5438 annuntiem
2610 5364 2933 5438 vobis_quaa
2974 5358 3283 5421 occursura
3331 5358 3475 5438 sunt
3522 5358 3665 5438 vehis
3696 5358 3738 5438 it!

2138 5436 2478 5495 novissimis
2517 5437 2761 5509 diebus:
2779 5432 3036 5492 Duorum
3072 5444 3347 5509 nepotum
3383 5432 3735 5493 benedictione

2138 5510 2447 5581 celebrata,
2480 5508 2702 5565 vocavit
2728 5507 2910 5567 Jacob
2937 5507 3271 5579 etiam,’etc.
3311 5530 3332 5557 -
