3830 6206
175 363 277 421 709
502 410 513 419 .
904 349 1134 413 LIBER
1178 349 1279 409 DE
1324 346 2029 408 BENEDICTIONIBUS
2074 345 2787 407 PATRIARCHARUM.
3432 324 3610 441 ποεῖ

176 509 239 547 ne
264 494 356 546 aut
382 486 973 559 superﬂuavideretur
1000 481 1405 555 plebisiterata
1435 479 1780 543 benedictio,
1816 482 1867 546 Α
1895 495 2023 549 quae
2068 478 2321 548 patrium
2371 494 2486 534 non
2523 481 2776 534 servaret
2805 477 3076 533 affectum
3103 495 3115 544 ;
3149 482 3204 534 et
3238 478 3378 551 quia
3407 498 3551 553 prm-

177 575 428 649 autprior
455 574 838 630 aestimaretur
865 572 1120 626 infirma.
1142 569 1461 640 Meritoque
1480 568 1782 639 repetitam
1893 566 2037 629 vidit
2077 567 2405 639 flagitium;
2454 566 2845 649 perhorrescit
2893 566 3121 622 consilii
3172 568 3549 642 contagium:

172 672 276 723 tam
293 662 471 737 magis
490 661 1205 718 annuntiationemeorum
1226 655 1787 730 quaeposterioribus
1897 677 1925 706 «
1958 655 2020 711 In
2044 655 2378 723 consilium,
2442 655 2655 727 inquit,
2707 672 2909 711 eorum
2961 672 3077 712 non
3107 656 3302 713 veniat
3356 657 3554 713 anima

173 757 347 812 essent
387 756 624 808 ventura
681 749 1064 823 temporibus,
1110 762 1288 819 quam
1325 743 1787 801 benedictionem
1903 760 2053 812 mea,
2099 748 2158 799 et
2201 745 2260 799 in
2318 744 2826 817 congregationem
2863 744 3097 801 illorum
3139 762 3255 801 non
3311 751 3554 803 conten-

175 841 409 899 conferre
433 855 494 895 se
515 838 672 894 dicit.
1899 832 2044 888 dant
2070 831 2294 888 viscera
2317 849 2482 889 mea:
2527 833 2806 904 quoniam
2839 833 2898 888 in
2931 834 3017 889 ira
3056 851 3165 890 sua
3220 835 3559 892 occiderunt

230 933 278 984 7.
300 927 548 1000 Denique
603 926 685 982 sic
719 925 928 998 ccepit:
964 946 991 975 «
1017 923 1220 980 Ruben
1243 921 1579 995 primitivus
1602 938 1787 989 meus,

1900 920 2220 989 hominem,
2248 925 2306 977 et
2342 921 2400 977 in
2433 920 2750 993 cupiditate
2775 940 2883 977 sua
2913 923 3414 979 subnervaverunt
3428 928 3552 979 tau-
3654 972 3657 973 ν

173 1025 225 1075 tu
253 1018 425 1073 virtus
455 1031 603 1081 mea,
635 1019 692 1070 et
738 1012 972 1069 initium
1001 1011 1256 1068 filiorum
1279 1026 1565 1077 meorum,
1607 1009 1792 1065 durus

173 1107 383 1180 portari,
415 1105 597 1160 durus
626 1106 685 1160 et
732 1101 1098 1169 temerarius,
1130 1098 1373 1156 affecisti
1429 1115 1522 1154 me
1589 1102 1794 1154 contu-

175 1194 348 1259 melio,
380 1192 529 1249 sicut
558 1208 709 1264 aqua
746 1207 862 1247 non
892 1191 1188 1247 effervens.
1245 1187 1579 1245 Ascendisti
1637 1187 1795 1243 enim

172 1282 223 1339 in
251 1281 430 1338 cubile
459 1280 640 1353 patris
666 1279 771 1348 tui,
806 1283 947 1335 tunc
975 1276 1235 1351 polluisti
1267 1277 1504 1333 thorum
1563 1276 1796 1349 quando

174 1370 461 1427 ascendisti
482 1369 664 1441 (Ibid,
692 1373 719 1422 3
742 1372 916 1440 etseq.
948 1367 988 1437 ).
1025 1366 1265 1422 nNonne
1284 1365 1555 1438 redargui
1587 1364 1797 1437 magis,

175 1475 330 1532 quam
360 1456 617 1513 benedici
647 1456 877 1511 videtur
906 1460 929 1511 ἓ
957 1456 1027 1510 Et
1073 1454 1202 1510 ideo
1236 1454 1539 1527 prophetia
1585 1453 1796 1525 magis,

1901 1026 2035 1065 rum
2065 1009 2216 1083 (Gen.
2248 1027 2399 1077 xux,
2430 1011 2507 1081 6).
2547 1031 2576 1059 ››
2626 1011 2787 1076 Quod
2849 1010 3009 1077 dicit,
3042 1011 3113 1067 de
3144 1011 3280 1069 filiis
3318 1012 3557 1084 quidem

1903 1098 2044 1154 dicit
2072 1098 2305 1154 Simeon
2331 1102 2387 1154 et
2426 1097 2554 1153 Levi
2583 1114 2595 1151 :
2626 1099 2726 1153 sed
2759 1116 2961 1155 eorum
2993 1100 3231 1157 nomine
3252 1100 3440 1157 tribus
3471 1100 3559 1157 si-

1903 1190 2062 1260 gnat,
2108 1204 2236 1259 qua;
2285 1185 2676 1259 appellatione
2724 1187 2901 1242 simili
2947 1190 3325 1245 vocabantur.
3371 1191 3558 1255 Quam

1903 1274 2443 1348 interpretationem
2467 1274 2923 1347 pulcherrimam
2945 1277 3208 1333 derivant
3240 1278 3426 1334 Judai
3451 1296 3464 1347 ;
3491 1281 3557 1333 ut

1905 1364 2265 1421 arbitrentur
2293 1363 2432 1435 quia
2461 1368 2764 1435 propterea
2786 1371 2996 1437 arguat
3020 1365 3172 1422 ﬁlios
3193 1366 3396 1435 Jacob,
3420 1366 3563 1438 quia

1906 1455 2142 1524 propter
2171 1456 2440 1523 stuprum
2489 1450 2707 1507 sororis
2757 1452 3100 1510 Sichimitas
3128 1454 3227 1511 isti
3276 1456 3393 1511 duo
3443 1471 3567 1526 pra!

173 1563 329 1620 quam
352 1544 672 1601 benedictio
702 1549 808 1600 est.
845 1543 1150 1616 Prophetia
1225 1543 1379 1599 enim
1433 1541 1800 1597 annuntiatio
1909 1540 2132 1596 caeteris
2164 1539 2441 1595 fratribus
2462 1538 2649 1595 ultum
2684 1541 2765 1595 ire
2789 1542 3111 1613 cupientes,
3134 1543 3560 1600 simulaverunt

175 1640 479 1691 futurorum
512 1637 624 1701 est,
660 1633 985 1689 benedictio
1019 1637 1214 1688 autem
1250 1630 1730 1687 sanctificationis
1749 1633 1806 1685 et
1910 1647 2044 1685 cum
2078 1629 2223 1702 ipsis
2252 1628 2399 1684 inire
2427 1628 2572 1684 velle
2620 1646 2680 1684 se
2720 1632 2991 1702 gratiam,
3025 1636 3082 1687 et
3140 1632 3267 1688 ideo
3298 1635 3563 1706 oportere

177 1724 475 1797 gratiarum
502 1723 696 1777 votiva
719 1720 968 1776 collatio.
1910 1717 2248 1773 circumcidi
2300 1734 2399 1774 eos
2452 1723 2763 1774 suaserunt
2804 1737 2815 1783 ;
2850 1723 2915 1773 ut
2979 1719 3260 1794 religione
3290 1719 3562 1778 concordi

232 1813 281 1866 8.
308 1811 574 1867 EtJudaei
610 1813 818 1883 putant
846 1810 983 1881 quia
1013 1812 1315 1881 propterea
1374 1808 1494 1864 haec
1524 1824 1700 1864 senex
1730 1807 1798 1862 ad
1837 1844 1880 1909 Β
1914 1824 2022 1879 pax
2052 1807 2205 1862 inter
2234 1822 2353 1873 eos,
2384 1811 2439 1861 et
2480 1807 2819 1878 recipiendae
2853 1809 3157 1865 affinitatis
3188 1811 3435 1867 societas
3465 1810 3563 1864 ﬁr-

175 1902 355 1957 Ruben
389 1900 579 1955 ﬁlium
609 1898 785 1966 dicat,
820 1897 1104 1970 quiacum
1129 1897 1267 1952 Bala
1283 1896 1803 1968 concubinapatris
1837 1895 1879 1909 "
1912 1900 2203 1951 maretur:
2238 1895 2340 1950 sed
2372 1895 2747 1951 circumcisos
2777 1898 2972 1952 adorsi
3006 1899 3336 1957 recentibus
3365 1902 3559 1960 adhuc

174 1988 479 2053 concubuit,
513 1990 573 2044 et
631 1986 862 2043 thorum
920 1986 1179 2058 patrium
1234 1984 1457 2055 polluit.
1489 1985 1596 2040 Sed
1639 1984 1802 2040 facile
1908 1983 2271 2048 vulneribus,
2303 1987 2359 2038 et
2387 1983 2658 2040 invalidis
2691 1985 2907 2042 viribus
2929 2003 3078 2058 quas
3106 1988 3270 2044 dolor
3293 1990 3562 2064 solverat,

174 2077 496 2133 refelluntur
523 2094 537 2130 :
574 2075 680 2131 hoc
710 2076 866 2130 enim
898 2079 1021 2130 erat
1043 2078 1176 2130 ante
1196 2077 1427 2146 gestum
1452 2091 1464 2129 :
1489 2073 1668 2129 Jacob
1699 2090 1800 2129 au-

173 2173 274 2222 tem
303 2183 424 2238 qua:
451 2169 699 2221 ventura
727 2168 925 2219 essent
964 2163 1020 2217 in
1053 2162 1393 2219 novissimis
1426 2162 1652 2229 diebus,
1687 2179 1803 2217 non

174 2271 233 2310 ea
277 2272 398 2328 quae
446 2258 616 2329 gesta
683 2255 868 2320 erant,
912 2251 1158 2323 spondet
1201 2268 1264 2306 se
1311 2267 1439 2307 esse
1486 2250 1801 2305 dicturum.

96 2361 100 2364 ‘
175 2345 303 2416 Ergo
330 2342 670 2415 patriarchas
700 2341 811 2397 sibi
842 2340 1111 2413 congruit
1135 2344 1192 2394 et
1237 2343 1467 2395 constat
1497 2338 1803 2403 sententia,

173 2434 258 2505 qui
281 2433 495 2499 videns,
513 2418 1006 2505 persequentibus
1027 2427 1270 2496 Judaeis,
1293 2428 1551 2483 futuram
1575 2427 1806 2483 Domini

174 2523 507 2593 passionem,
534 2522 865 2576 exsecratur
882 2518 1202 2573 immanem
1215 2516 1610 2589 primogenitae
1624 2515 1811 2588 plebis

174 2612 479 2677 audaciam,
515 2626 646 2682 quae
678 2606 998 2672 incredula,
1032 2623 1136 2662 nec
1171 2608 1265 2662 Dei
1306 2606 1418 2679 legi
1468 2606 1721 2673 subdita,
1755 2610 1812 2661 et

166 2702 360 2773 jugum
389 2698 611 2756 Christi
640 2697 784 2753 dura
808 2695 1072 2751 nesciens
1099 2700 1328 2768 portare
1350 2694 1585 2761 cervice,
1608 2698 1811 2750 aucto-

174 2805 281 2844 rem
312 2789 431 2842 vita:
464 2803 585 2842 non
620 2784 807 2840 solum
842 2783 1058 2840 scelere
1088 2783 1266 2851 necis,
1301 2784 1399 2838 sed
1424 2782 1601 2838 etiam
1633 2783 1810 2838 sacri-

176 2878 305 2950 legm
325 2873 733 2932 insultationis
753 2872 946 2928 affecit
972 2871 1209 2943 injuria.

1913 2072 2125 2127 fractos
2171 2072 2264 2127 die
2316 2073 2761 2143 superveniente
2822 2075 2992 2130 tertio
3053 2084 3408 2135 necaverunt
3456 2082 3556 2154 (4).

1911 2162 2041 2219 ldeo
2064 2165 2121 2216 et
2152 2160 2399 2216 fortasse
2427 2161 2522 2216 isti
2555 2162 2671 2216 duo
2705 2160 2921 2218 ultores
2964 2180 3078 2235 prae
3132 2168 3373 2236 caeteris,
3425 2171 3567 2242 quia

1915 2250 2243 2305 scribarum
2278 2254 2334 2304 et
2354 2249 2721 2305 sacerdotum
2746 2255 3010 2306 auctores
3036 2259 3193 2308 sunt.
3220 2255 3377 2312 Nulli
3409 2257 3566 2313 enim

1917 2338 2106 2409 magis
2139 2354 2317 2409 quam
2359 2338 2649 2409 sapientes
2680 2343 2737 2394 et
2784 2341 3116 2398 sacerdotes
3147 2343 3361 2400 debent
3389 2348 3566 2402 casti-

1918 2428 2176 2482 moniam
2207 2427 2524 2482 vindicare.

1995 2515 2211 2571 ll.Sed
2234 2515 2293 2569 in
2315 2515 2424 2571 hoc
2480 2532 2713 2588 quoque
2762 2524 2956 2574 errant
3003 2520 3211 2576 Judaei.
3268 2524 3366 2580 Isti
3408 2525 3566 2581 enim

1918 2621 2126 2659 causas
2156 2603 2372 2659 doloris
2398 2605 2489 2661 sui
2523 2606 2912 2677 praestiterant
2942 2609 3113 2681 patri,
3148 2617 3475 2671 asserentes
3506 2630 3568 2669 se

1919 2693 1979 2748 in
2010 2692 2109 2747 illa
2139 2691 2274 2748 licet
2303 2694 2727 2765 aetatejuvenili
2762 2695 3025 2753 vindices
3056 2697 3208 2756 laesae
3237 2701 3418 2758 fuisse
3448 2704 3566 2775 pie-

1919 2780 2076 2848 tatis,
2127 2786 2184 2837 et
2239 2781 2460 2837 violata:
2510 2784 2798 2839 castitatis
2861 2785 3096 2842 ultores.
3158 2790 3321 2854 Quod
3366 2791 3570 2863 utique

1921 2875 2161 2926 sanctus
2192 2871 2579 2927 condemnare
2601 2889 2714 2927 non
2758 2881 3002 2945 poterat,
3061 2892 3180 2947 qua
3237 2895 3353 2933 non
3412 2879 3571 2952 passi

236 2965 286 3019 9.
318 2964 475 3019 «Non
506 2962 807 3026 efferveas,
830 2960 1044 3032 inquit,
1059 2959 1214 3015 Sicut
1235 2976 1387 3031 aqua
1412 2978 1424 3029 ;
1453 2982 1480 3008 »
1502 2976 1575 3015 ne
1597 2960 1655 3015 in
1689 2976 1812 3015 ma-
1920 2965 2061 3014 sunt
2089 2958 2336 3014 inultam
2386 2976 2646 3016 sororem
2679 2978 2846 3017 suam
2875 2962 3000 3019 loco
3053 2981 3181 3021 esse
3225 2968 3567 3038 meretricis,

170 3056 341 3125 jorem
370 3054 716 3125 prorumpat
739 3049 1073 3116 amentiam,
1097 3052 1154 3104 et
1183 3048 1373 3104 fervor
1391 3048 1606 3105 furoris
1635 3052 1814 3120 atque
1922 3064 2048 3119 quae
2080 3050 2138 3103 et
2166 3047 2561 3119 virginitatem
2581 3050 2878 3117 amiserat,
2903 3056 2961 3107 et
2990 3052 3254 3109 vindictae
3288 3055 3569 3113 solatium

174 3142 397 3199 insaniae
420 3158 544 3198 non
565 3139 719 3195 sinat
740 3137 1078 3209 resipiscere
1127 3140 1459 3209 peccatores
1477 3154 1499 3199 ;
1516 3136 1617 3193 sed
1640 3140 1815 3209 agant
1850 3208 1884 3217 _
1924 3153 2037 3193 non
2072 3135 2358 3193 habebat:
2394 3138 2645 3194 maxime
2674 3155 2809 3194 cum
2838 3139 2963 3212 ipse
2995 3141 3079 3197 sic
3112 3143 3329 3199 factum
3362 3147 3570 3217 proba-

176 3230 569 3304 poanitentiam
600 3208 980 3293 delictorum;
1014 3208 1293 3298 quoniam
1337 3225 1521 3281 durus
1550 3225 1815 3281 ascendit
1842 3208 1885 3274 ϐ
1922 3225 2087 3292 verit,
2118 3229 2180 3280 ut
2201 3225 2520 3280 Sichimam
2554 3208 2895 3297 possideret,
2921 3233 2979 3284 et
3003 3229 3060 3284 in
3095 3236 3279 3286 morte
3322 3208 3567 3288 donaret

179 3319 410 3392 populus
439 3315 635 3374 cubile
666 3315 867 3386 patris,
900 3318 957 3369 et
985 3313 1219 3368 thorum
1264 3311 1472 3384 polluit
1519 3318 1812 3376 sanctum,

178 3408 273 3464 hoc
302 3411 407 3478 est,
434 3421 675 3463 carnem
710 3402 940 3459 Domini
988 3402 1126 3470 Jesu
1150 3402 1438 3458 Creatoris
1462 3403 1643 3457 nostri
1668 3403 1816 3474 pati-

178 3497 303 3552 bqu
333 3498 585 3568 affigens
610 3492 820 3559 crucis,
855 3491 912 3545 in
938 3508 1054 3563 qua
1083 3490 1241 3546 velut
1262 3490 1321 3544 in
1353 3491 1609 3562 quodam
1642 3490 1817 3546 cubili

180 3591 230 3642 et
249 3586 429 3658 patrio
452 3585 626 3640 thoro
649 3580 832 3636 sancti
853 3581 980 3649 ejus
1002 3579 1246 3634 salutari
1272 3578 1579 3635 refectione
1590 3580 1816 3652 requie-

181 3680 348 3730 scant.
374 3674 513 3741 Quis
540 3670 720 3744 igitur
749 3670 967 3724 abnuat
995 3669 1065 3724 de
1115 3667 1323 3739 populo
1381 3668 1624 3736 dictum,
1684 3684 1817 3723 cum

181 3763 380 3836 populo
400 3763 522 3818 haec
560 3758 830 3814 universa
859 3755 1250 3812 conveniant?
1273 3756 1401 3828 Ipse
1432 3756 1586 3812 enim
1627 3756 1820 3812 dictus

182 3859 263 3908 est
290 3848 723 3925 primogenitus
754 3844 949 3902 Israel:
976 3846 1100 3918 ipse
1115 3845 1271 3899 durae
1301 3861 1428 3900 esse
1457 3846 1715 3901 cervicis.
1740 3845 1820 3901 De

185 3942 301 4013 ipso
332 3942 475 3996 dixit
506 3938 776 4009 Moyses:
805 3958 831 3985 «
865 3938 981 3990 Vos
1011 3937 1207 3989 autem
1238 3932 1488 4005 populus
1520 3933 1666 3989 dura
1699 3951 1820 3989 cer-

178 4032 288 4086 vice
315 4030 455 4086 estis
476 4025 672 4102 (Exod.
709 4040 902 4078 xxxm.
937 4022 1013 4094 3).
1057 4044 1083 4071 »
1118 4022 1188 4077 Et
1243 4037 1305 4077 re
1337 4037 1471 4077 vera
1527 4021 1661 4094 quis
1702 4026 1819 4078 tam

180 4121 352 4176 durus
381 4123 438 4175 et
459 4112 812 4173 temerarius
843 4117 899 4168 et
944 4110 1424 4176 contumeliosus,
1484 4126 1660 4183 quam
1719 4128 1820 4183 po-

177 4210 337 4281 pulus
367 4208 734 4269 Judceorum,
768 4201 868 4274 qui
901 4200 1215 4256 Dominum
1244 4198 1471 4265 Jesum,
1513 4215 1615 4271 per
1646 4216 1821 4271 quem

178 4299 429 4354 viderant
459 4297 725 4351 mortuos
747 4289 1080 4355 suscitatos,
1106 4302 1287 4343 caecos
1310 4285 1694 4355 illuminatos,
1721 4288 1820 4344 ﬂa-

177 4386 330 4458 gellis
358 4384 834 4447 verberaverunt,
867 4377 1044 4433 clavis
1062 4377 1444 4442 conﬁxerunt,
1486 4376 1640 4433 516
1686 4393 1821 4432 cum

178 4474 359 4531 divina
373 4475 504 4546 ejus
535 4486 719 4544 opera
750 4483 959 4540 negare
982 4482 1097 4522 non
1121 4469 1355 4538 possent
1379 4469 1402 4520 Ρ
1431 4466 1578 4531 Quid
1612 4465 1823 4521 scribis

1924 3330 2053 3370 eam
2079 3313 2195 3368 ﬁlio
2223 3330 2331 3369 suo
2366 3314 2748 3370 dilectissimo
2774 3315 3013 3388 Joseph,
3050 3318 3247 3374 dicens
3278 3321 3348 3375 ad
3402 3337 3566 3377 eum:

1926 3425 1952 3452 «
1978 3401 2058 3456 Do
2082 3401 2187 3456 tibi
2212 3402 2529 3457 Sichimam
2563 3404 2915 3476 praecipuam
2935 3421 3111 3477 super
3130 3424 3334 3464 omnes
3361 3408 3569 3465 fratres

1925 3494 2281 3561 tuos,quam
2335 3491 2528 3563 accepi
2587 3493 2655 3546 de
2688 3492 2960 3550 manibus
2991 3496 3464 3553 Amorrhzeorum
3513 3498 3572 3553 in

1927 3579 2215 3635 machaara
2275 3595 2405 3635 mea
2460 3584 2517 3635 et
2560 3597 2695 3635 arcu
2729 3580 2882 3653 (Gen.
2940 3601 3133 3650 XLVIII,
3190 3589 3351 3656 ‘22).»
3410 3589 3571 3652 Quod

1928 3669 2146 3723 factum
2168 3669 2364 3741 negari
2390 3685 2504 3723 non
2528 3673 2734 3741 potest.
2760 3672 3130 3744 Interpretari
3150 3679 3344 3731 tamen
3370 3693 3572 3748 possu-

1929 3773 2063 3812 mus
2094 3774 2196 3829 per
2225 3757 2544 3813 Sichimam
2576 3759 2851 3817 humeros
2873 3762 3334 3836 signiﬁcari,per
3368 3765 3572 3821 hume-

1929 3863 2025 3902 ros
2046 3862 2239 3918 opera.
2266 3846 2560 3903 Hazredem
2582 3864 2718 3920 ergo
2738 3850 3024 3906 bonorum
3042 3868 3280 3924 operum
3303 3858 3571 3909 sanctum

1928 3933 2144 4017 Joseph
2194 3951 2309 4006 pra:
2359 3936 2578 3992 caeteris
2637 3937 2827 4009 elegit,
2887 3941 3057 4010 cujus
3128 3957 3304 4013 opera
3363 3942 3573 3997 fratres

1931 4039 2160 4094 aequare
2181 4039 2297 4078 non
2320 4028 2604 4095 poterant.
2633 4025 2776 4089 Quis
2796 4027 2952 4082 enim
2977 4028 3127 4084 facta
3148 4028 3358 4083 Christi
3383 4029 3575 4101 potuit

1931 4112 2239 4182 adaequare
2254 4112 2281 4165 ‘P

2006 4200 2087 4254 l2.
2119 4199 2268 4255 Tum
2298 4205 2574 4272 praeterea
2601 4202 3015 4261 immaculatus
3046 4209 3101 4260 et
3135 4208 3333 4261 castus
3363 4207 3433 4263 de
3463 4207 3575 4263 hoc

1927 4293 2158 4345 terreno
2187 4288 2522 4357 diversorio,
2556 4295 2612 4346 et
2630 4291 2989 4364 impuritatis
3010 4294 3347 4352 auctoribus
3366 4311 3573 4351 manu-

1929 4377 2057 4433 bias
2089 4377 2417 4450 reportavit,
2452 4378 2645 4434 locum
2678 4381 2897 4453 stupris
2926 4386 2983 4438 et
3014 4383 3250 4455 flagitiis
3274 4388 3574 4441 vacantem

1931 4467 2003 4521 ad
2026 4466 2344 4522 incolatum
2364 4472 2699 4525 sanctorum
2725 4470 2915 4527 verbis
2938 4471 3361 4540 cmlestibus,et
3380 4473 3575 4547 gladio

179 4566 229 4618 et
252 4562 651 4634 pontificibus,
685 4555 1042 4622 auctoribus,
1073 4559 1130 4610 et
1161 4553 1421 4627 principe
1453 4555 1820 4611 sacerdotum
1854 4578 1899 4642 Β
1932 4556 2196 4628 capimus
2227 4555 2476 4628 spiritali
2503 4576 2515 4613 :
2542 4562 2605 4613 ut
2666 4559 2764 4614 ubi
2789 4560 2932 4616 511
2993 4561 3414 4619 inhabitatores
3446 4567 3578 4619 ante

181 4649 387 4723 Caipha
426 4649 651 4723 pariter
680 4645 968 4711 saeviente,
1001 4642 1384 4698 commissum
1417 4642 1711 4716 Evangelii
1733 4661 1823 4700 se-

183 4738 285 4795 ries
328 4735 666 4796 declaravit.
733 4735 798 4789 Et
827 4734 955 4789 ideo
986 4734 1225 4787 sanctus
1281 4730 1563 4803 propheta
1609 4733 1824 4805 refugit

179 4829 313 4882 tanti
344 4826 584 4885 sceleris
637 4822 1055 4896 principatum,
1099 4836 1171 4876 ne
1227 4836 1330 4891 per
1393 4820 1820 4876 successionem

183 4917 400 4987 generis
431 4916 720 4972 auderent
774 4910 923 4967 tanti
981 4908 1323 4982 patriarchas
1383 4909 1495 4964 sibi
1553 4925 1824 4982 arrogare

185 5007 559 5061 consortium.
1250 5026 1253 5027 ν

815 5069 1048 5127 CAPUT
1090 5069 1186 5125 ΙΙΙ.

184 5145 564 5203 Ρνίείίἰεαπεαν
593 5159 711 5214 qua
730 5144 865 5214 ﬁliis
894 5143 1109 5198 Simeon
1148 5144 1199 5197 et
1235 5141 1383 5208 Levi,
1443 5156 1676 5212 quorum
1706 5156 1822 5195 ἠο-

249 5162 564 5203 iudicamur
626 5162 711 5199 uae
730 5162 865 5214 Ῑῑιηος
894 5162 1109 5198 ozmeon
1148 5162 1199 5197 ει
1235 5162 1383 5208 ιισυι,
1443 5162 1676 5212 quorum
1706 5162 1822 5195 ἠο-

249 5218 489 5271 minibus
518 5162 688 5272 triZus
743 5214 1122 5285 designantur,
1176 5220 1335 5267 erant
1389 5220 1651 5285 eventura
1669 5228 1690 5285 ,j
1727 5227 1826 5267 nec

251 5303 359 5343 non
388 5289 577 5359 opinio
604 5282 930 5359 ludam-um
957 5287 1106 5340 circa
1132 5285 1423 5359 mysticam
1478 5284 1637 5338 istius
1669 5282 1823 5338 bene-

250 5356 507 5413 dictio-nis
538 5358 1049 5428 interpretationem
1073 5356 1407 5425 confutatur.

255 5447 338 5501 10.
371 5446 748 5503 Contestatur
788 5446 1012 5517 justus,
1044 5446 1103 5499 et
1132 5441 1364 5499 abdicat
1400 5441 1824 5515 posteritatem,

256 5590 331 5661 (4)
361 5589 516 5662 Edit.
553 5605 776 5662 omnes,
807 5588 895 5662 die
921 5587 1358 5662 supervenientes
1405 5587 1577 5662 tentia
1599 5602 1829 5643 necave-

190 5656 336 5742 runt".
366 5660 495 5742 Non
527 5660 682 5719 mala
700 5656 906 5734 lectio;
940 5656 1033 5721 cui
1055 5663 1256 5742 tamen
1276 5673 1420 5717 mss.
1455 5656 1602 5716 Gall.
1626 5673 1828 5717 omnes

189 5730 573 5810 refragantur.

1933 4644 2182 4700 lasciviae
2204 4648 2259 4700 et
2288 4645 2582 4718 principes
2615 4646 2858 4704 luxuriae
2890 4649 3294 4715 versabantur,
3326 4648 3426 4705 ubi
3456 4649 3579 4705 fue-

1933 4738 2067 4789 rant
2114 4733 2402 4789 incentiva
2442 4733 2732 4805 libidinis,
2760 4741 2818 4792 et
2849 4738 3105 4794 fomenta
3161 4738 3453 4811 nequitiae,
3495 4738 3576 4793 ibi

1933 4837 2090 4877 nunc
2104 4822 2289 4878 sancti
2310 4825 2637 4880 sacerdotes
2653 4826 2990 4899 magisteria
3001 4827 3245 4883 doceant
3261 4828 3568 4895 castitatis,

1931 4914 1984 4963 et
2016 4909 2271 4981 plurima
2299 4910 2604 4983 virginalis
2636 4914 2988 4986 integritatis
3020 4915 3284 4987 exempla
3316 4917 3574 4988 quodam

1932 5013 2197 5068 supernae
2231 4996 2378 5053 lucis
2410 4998 2634 5071 fulgore
2654 5002 3080 5073 resplendeant.

2004 5085 2090 5139 13.
2126 5085 2340 5140 Tribus
2364 5086 2545 5158 igitur
2578 5093 2718 5143 sunt
2751 5106 2877 5160 quae
2909 5089 3291 5162 designantur
3321 5092 3572 5147 nomini-

1934 5175 2044 5229 bus
2078 5173 2566 5246 patriarcharum,
2599 5176 2739 5247 quia
2766 5177 2835 5233 de
2866 5177 3019 5232 tribu
3079 5177 3315 5234 Simeon
3375 5180 3580 5236 scribae

1934 5266 2091 5330 sunt,
2123 5263 2193 5318 de
2224 5261 2381 5317 tribu
2398 5262 2529 5318 Levi
2553 5264 2845 5337 principes
2866 5266 3257 5334 sacerdotum,
3278 5267 3376 5340 qui
3400 5269 3584 5340 perfe-

1935 5356 2138 5408 cerunt
2168 5350 2487 5423 nequitiam
2521 5368 2690 5407 suam
2740 5353 2797 5407 in
2829 5354 3061 5409 Domini
3090 5356 3380 5428 passione,
3414 5373 3579 5413 men-

1934 5457 2133 5497 suram
2164 5456 2396 5496 omuem
2427 5443 2677 5514 paternae
2725 5440 3041 5514 impietatis
3100 5443 3429 5517 implentes.
3464 5445 3581 5518 Ipsi

2008 5584 2084 5653 (5)
2118 5583 2202 5657 Ita
2232 5601 2375 5640 mss.
2411 5582 2627 5657 plures,
2656 5584 3043 5657 potioresque.
3076 5588 3150 5641 At
3205 5586 3341 5642 edit.
3377 5603 3582 5646 omnes

1936 5654 2189 5739 etIPauci
2219 5672 2385 5739 mss.)
2412 5654 2738 5732 ‘possideret
2792 5659 2852 5716 in
2905 5654 3134 5719 mortem
3153 5674 3340 5739 usque,
3405 5658 3583 5719 dona-

1937 5729 2120 5807 ratque
2142 5742 2285 5803 eam,
2317 5729 2426 5791 etc.
