3830 6206
249 268 358 324 7H

278 356 311 389 ι.

1713 259 1777 315 S.
1826 257 2202 319 AMBROSII

3539 263 3655 324 ⁸112

253 399 565 452 consitum
599 396 999 467 cogitaverunt
1019 394 1299 449 adversus
1325 391 1635 447 Dominum
1667 390 1896 454 Jesum,
1927 394 1979 454 Α
2016 394 2193 459 (Hebr.
2230 411 2326 455 tu,
2362 394 2473 447 It.
2528 395 2589 448 L't
2648 411 2714 449 ex
2764 395 2919 451 tribu
2967 397 3097 452 Levi
3153 396 3534 451 sacerdotalis
3589 401 3646 450 et

251 493 311 540 ut
340 485 675 540 occiderent
702 500 862 543 eum.
905 484 1062 537 sicut
1120 482 1299 537 Isaias
1328 480 1467 534 dicit
1500 496 1516 533 :
1548 480 1643 532 Va;
1690 478 1897 534 anima:

250 577 551 646 ipsorum;
583 574 725 645 quia
753 573 1153 643 cogitaverunt
1193 570 1503 624 consilium
1539 568 1761 622 malum
1797 568 1896 620 ad-

2009 481 2177 549 plena
2210 482 2532 537 sanctitatis
2563 491 2987 540 annumeretur
3017 485 3363 541 hereditas:
3396 501 3466 543 ex
3495 484 3649 545 tribu

2006 574 2201 624 autem
2228 570 2259 624 .I
2271 571 2405 634 uda,
2436 589 2505 625 ex
2532 588 2651 642 qua
2705 574 2881 628 David
2908 579 2964 629 et
2992 573 3269 630 Salomon
3324 578 3382 627 et
3441 571 3651 643 reliqui

244 681 477 720 versum
501 663 868 719 sedicentes:
894 660 1217 731 Alligemus
1231 660 1485 728 justum,
1509 657 1650 729 quia
1672 655 1896 710 inutilis
2005 674 2169 728 reges
2201 658 2455 721 fuerunt.
2488 659 2702 731 regalis
2736 662 3131 718 successionis
3173 661 3455 733 splendor
3484 660 3654 718 etl’ul-

243 757 337 809 est
361 753 533 809 nobis
564 754 688 808 (Lm.
721 767 802 817 tu,
831 752 886 815 9,
921 750 1029 817 IO).
1068 770 1094 797 »ι
1126 749 1237 818 Ipsi
1270 746 1607 803 occiderunt
1644 744 1893 816 prophe-

244 846 355 909 tas,
395 846 456 896 et
507 838 799 911 apostolos
845 836 1264 891 annuntiantes
1303 833 1534 890 Domini
1575 832 1893 889 Salvatoris

245 931 582 994 adventum,
614 927 908 998 passionis
937 926 1067 995 ejus
1095 930 1154 979 et
1180 922 1623 979 resurrectionis
1646 920 1889 991 gloriam

242 1017 645 1091 prdicantes.
667 1015 781 1086 Ipsi
799 1018 1000 1086 postea
1021 1014 1077 1067 in
1095 1029 1204 1068 sua
1216 1012 1556 1083 cupiditate.
1569 1026 1687 1081 qua
1710 1014 1890 1064 terre-

242 1125 320 1162 na
348 1104 569 1179 ﬂagitia
589 1103 1025 1164 desiderabant.
1056 1101 1256 1156 divina
1282 1099 1577 1155 consortia
1606 1098 1892 1169 refugien-

240 1199 353 1262 tes,
410 1192 673 1264 corporis
729 1190 1163 1253 castimoniam,
1217 1189 1593 1245 sobrietatem
1654 1186 1886 1250 mentis,

242 1287 641 1354 contemptum
675 1279 955 1351 pecuniae,
981 1278 1207 1332 lucrum
1238 1278 1457 1348 gratiae,
1502 1276 1887 1331 subnervave~

243 1377 381 1428 runt
404 1377 660 1431 taurum,
694 1369 858 1422 illum
894 1366 1158 1419 videlicet
1196 1382 1415 1419 cornua
1470 1364 1885 1434 producentem

241 1467 299 1516 et
322 1459 594 1529 ungulas,
657 1472 829 1528 quem
890 1456 1085 1507 vident
1145 1470 1426 1523 pauperes
1481 1458 1534 1505 et
1569 1452 1881 1515 laetantur;

242 1551 517 1621 quoniam
549 1548 723 1601 verbo
756 1546 850 1599 Dei
884 1543 1152 1599 exultavit
1185 1559 1363 1596 cornu
1400 1539 1594 1611 populi
1622 1539 1734 1596 sui.
1768 1557 1882 1609 quo

240 1644 295 1694 et
326 1636 593 1691 inimicos
625 1634 856 1705 repulit,
889 1638 945 1686 ct
1002 1631 1303 1701 praemium
1348 1646 1571 1683 corona:
1630 1628 1882 1682 caelestis

239 1727 505 1782 emeruit.
538 1723 637 1779 Hic
668 1727 757 1777 est
798 1726 1001 1776 taurus
1042 1736 1158 1789 quo
1202 1717 1457 1772 Ecclesia
1506 1718 1793 1787 ﬁguratur
1822 1717 1877 1772 iu
1910 1749 1958 1814 Β

237 1816 398 1878 luna,
426 1820 566 1870 tunc
597 1810 819 1883 plenior
833 1826 965 1864 cum
980 1808 1135 1863 velut
1155 1808 1428 1862 cornibus
1451 1806 1580 1859 nixa
1613 1806 1879 1870 taurinis,

238 1905 499 1976 spatium
526 1901 707 1956 totius
736 1898 893 1953 orbis
925 1895 1189 1951 includit.

312 1994 395 2048 14.
429 1993 647 2047 Tamen
682 1987 995 2059 prophetiae
1025 1986 1161 2040 huic
1192 1984 1418 2039 videtur
1435 1985 1608 2038 etiam
1633 1987 1878 2053 gratiam

237 2078 655 2136 benedictionis
672 2077 1010 2144 adiungere.
1037 2074 1179 2127 Nam
1200 2074 1268 2126 ad
1287 2073 1736 2142 primogenitum
1772 2073 1881 2126 Ru-

238 2171 352 2226 ben
382 2166 661 2225 dicendo:
716 2186 745 2214 α
802 2168 926 2217 Non
987 2164 1329 2216 etl‘ervescas
1381 2168 1443 2215 ut
1500 2178 1654 2231 aqua
1726 2162 1877 2217 {Gem

234 2275 383 2317 nix.
416 2258 495 2321 Α),
532 2280 555 2305 κ
592 2250 1225 2325 peccatumstatuittﬁ),
1251 2250 1558 2319 quiaaqua
1596 2251 1880 2304 mundare

234 2345 421 2417 magis
450 2343 682 2403 delicta,
719 2345 1059 2409 mentesque
1084 2344 1316 2392 nostras
1345 2337 1418 2392 ab
1441 2336 1598 2392 omni
1624 2337 1769 2393 solet
1799 2339 1878 2391 vi-

236 2434 448 2489 tiorum
483 2434 702 2486 fervore
735 2443 1018 2483 revocare.
1056 2428 1117 2480 Et
1177 2427 1385 2480 iterum
1417 2426 1661 2480 dicendo
1688 2428 1757 2480 ad
1791 2427 1879 2481 Si-

235 2539 401 2578 meon
436 2526 494 2575 et.
526 2518 655 2574 Levi
680 2535 693 2573 :
727 2541 753 2564 «
782 2516 1044 2570 Dividam
1058 2514 1232 2568 vosin
1254 2514 1452 2579 Jacob,
1473 2515 1877 2585 etdispergam

233 2610 291 2665 in
326 2608 497 2665 Israel
530 2606 689 2675 (Ibid,
721 2608 798 2671 7).
836 2603 1412 2671 nostenditgentium
1431 2605 1879 2673 congregatione

234 2697 727 2765 redimendos(7,.
762 2694 1046 2748 Percusso
1086 2692 1241 2746 enim
1302 2697 1550 2761 pastore,
1600 2708 1735 2761 grex
1785 2692 1879 2747 ille

231 2787 535 2859 dispersus
564 2790 673 2846 est,
705 2782 805 2853 qui
840 2783 1026 2835 fuerat
1063 2785 1198 2834 ante
1216 2778 1517 2841 collectus,
1549 2782 1728 2851 utqui
1762 2797 1878 2835 non

232 2882 375 2939 erat,
411 2873 700 2933 introiret,
730 2876 788 2925 et
837 2870 920 2923 sic
945 2868 1138 2923 omnis
1170 2868 1343 2922 Israel
1374 2868 1570 2923 salvus
1601 2868 1780 2923 ﬁeret.
1814 2870 1882 2924 Et

234 2963 486 3019 maxime
516 2965 750 3032 propter
776 2957 996 3011 tribum
1032 2956 1157 3011 Levi
1189 2955 1477 3011 debemus
1495 2956 1601 3013 hoc
1623 2958 1879 3022 credere,

241 3051 383 3123 quia
406 3067 509 3105 vex
539 3066 608 3104 ea
627 3047 780 3101 tribu
816 3045 1098 3103 Dominus
1126 3048 1298 3099 Iesus
1329 3044 1519 3098 idetur
1559 3046 1879 3100 secundum

231 3138 489 3211 corporis
520 3133 949 3205 susceptionem
988 3148 1096 3200 gen
1112 3148 1182 3186 us
1213 3132 1441 3187 ducere.
1480 3132 1557 3186 Ex
1587 3149 1703 3202 qua
1724 3133 1877 3189 tribu

234 3233 373 3284 sunt
400 3226 731 3283 sacerdotes
763 3222 891 3278 Levi
921 3227 977 3276 et
1006 3219 1255 3281 Nathan,
1275 3237 1422 3291 quos
1437 3229 1677 3276 sanctus
1701 3224 1879 3279 Lucas

235 3320 292 3374 in
324 3314 617 3386 Evangelii
651 3312 799 3368 libro
832 3326 1005 3381 quem
1040 3310 1165 3381 ipse
1197 3308 1613 3379 scripsit,inter
1630 3310 1879 3380 majores

236 3405 466 3462 Domini
499 3400 1016 3474 computavit(Luc.
1051 3403 1138 3463 In,
1169 3400 1376 3465 29-41).
1409 3398 1691 3453 Sacerdos
1719 3398 1876 3454 enim

234 3494 420 3550 Patris
449 3497 507 3548 et
536 3492 804 3563 princeps
834 3487 1098 3542 omnium
1128 3486 1519 3549 sacerdotum,
1552 3486 1706 3542 sicut
1733 3488 1877 3542 scri-

237 3588 401 3654 ptum
458 3586 546 3635 est
593 3595 606 3633 :
667 3579 754 3632 Tu
803 3593 865 3631 es
922 3576 1191 3630 sacerdos
1246 3575 1303 3629 in
1362 3581 1642 3630 aeternum
1700 3578 1872 3643 (Psal.

235 3689 347 3735 CIX,
377 3672 456 3737 4),
492 3692 521 3716 »ι
572 3664 951 3722 sacerdotalis
1005 3664 1251 3735 originis
1297 3666 1728 3721 successionem
1771 3667 1873 3723 de-

237 3759 367 3816 buit
392 3756 706 3812 vindicare.

310 3849 396 3903 15.
423 3845 584 3901 Unde
611 3849 668 3899 et
711 3843 936 3914 MoySes
975 3842 1266 3898 benedixit
1305 3842 1454 3897 hanc
1510 3844 1729 3899 tribum
1788 3844 1875 3899 di-

236 3952 374 3993 cens
402 3952 414 3989 :
448 3957 475 3983 ‹‹
513 3937 648 3989 Date
679 3903 1059 4003 Levi-septem
1092 3931 1351 4002 sutiragii
1373 3931 1549 3995 sui,et
1579 3932 1877 3988 veritatem
1976 3903 2006 4026 ᾗ

236 4028 364 4096 ejus
411 4027 615 4080 sancto
672 4022 830 4092 (Deut
878 4036 1079 4086 XXXIII,
1140 4020 1219 4089 8).
1254 4042 1281 4069 η
1344 4019 1643 4075 Benedixit
1698 4021 1875 4079 etiam

202 4118 215 4131 '
238 4116 464 4186 Moyses
482 4111 700 4167 tribum
722 4109 920 4164 Ruben
942 4108 1094 4162 sicut
1118 4107 1297 4163 habes
1321 4109 1602 4180 scriptum
1626 4126 1639 4163 :
1662 4132 1689 4159 «ι
1714 4110 1879 4167 Vivat

240 4204 466 4267 Ruben,
480 4206 535 4257 et
548 4200 849 4267 moriatur,
863 4204 1042 4252 etnon
1058 4196 1368 4252 sitmultus
1385 4197 1444 4252 in
1458 4215 1701 4255 numero
1716 4201 1874 4269 (Ibid.

276 4296 311 4360 ).
332 4316 359 4341 η
379 4291 576 4362 Neque
588 4288 745 4347 enim
760 4286 1173 4352 benedixisset,
1202 4287 1272 4351 si,
1294 4287 1617 4342 secundum
1640 4290 1879 4358 patriar-

238 4381 357 4436 chae
416 4378 789 4441 sententiam,
827 4376 1227 4431 benedictione
1265 4376 1529 4431 scivisset
1582 4377 1875 4449 indignos.

238 4470 403 4525 Certe
433 4468 590 4539 quod
622 4466 869 4521 strictim
890 4465 984 4521 ille
1001 4464 1296 4537 praeteriit,
1322 4465 1429 4521 iste
1451 4466 1781 4538 complevit.

778 4571 865 4626 61
882 4569 927 4625 8
968 4569 1199 4624 CAPUT
1240 4570 1329 4626 IV.

241 4666 313 4719 De
334 4663 665 4717 benedione.
723 4658 884 4714 Iudae
911 4673 1038 4729 quae
1062 4658 1306 4723 Christo,
1361 4662 1581 4729 ejusque
1612 4680 1876 4720 zncarna-

310 4735 469 4797 tioni,
498 4733 768 4806 pastioni,
799 4732 1209 4795 resurrectioni,
1241 4741 1401 4802 atque
1425 4732 1573 4801 jatiis
1599 4739 1878 4806 mysterii:

311 4803 769 4861 accommodatur.

312 4915 398 4968 16.
433 4911 503 4967 Et
534 4910 673 4982 quia
695 4925 795 4981 per
816 4906 1227 4962 admistionem
1244 4908 1515 4979 generisJ
1531 4912 1644 4967 uda
1663 4916 1719 4967 et
1746 4913 1877 4970 Levi

238 5000 429 5057 tribus
451 5001 670 5071 juncta:
702 5003 860 5061 sunt,
894 4997 1022 5052 ideo
1074 4996 1381 5053 Mattbteus
1436 5015 1504 5052 ex
1563 5000 1693 5056 tribi
1726 5002 1879 5059 Juda

238 5089 515 5146 describit
554 5090 684 5160 ejus
734 5086 1011 5142 familiam
1058 5085 1289 5157 (Matt/1..
1325 5088 1425 5157 1,).
1455 5089 1521 5143 Et
1566 5090 1878 5160 Apostolus

2002 752 2154 817 gest,
2184 752 2250 802 ut
2279 748 2431 803 idem
2460 753 2520 804 et
2550 765 2649 803 rex
2688 754 2745 805 et
2781 750 3054 806 sacerdos
3098 751 3541 820 Scripturarum
3570 753 3651 804 te-

2004 835 2277 889 stimonio
2308 836 2759 891 demonstretur.
2783 838 3105 909 Meritoque
3127 855 3190 897 se
3218 838 3380 893 circa
3397 837 3648 909 gratiam

1998 923 2165 978 Judaa
2194 924 2377 979 Iacob
2408 929 2647 981 sanctus
2674 925 2878 981 edudit
2897 927 3100 982 dicens
3124 945 3136 981 :
3163 950 3191 975 «
3222 926 3398 992 Juda,
3442 930 3503 981 te
3528 924 3647 981 lau-

2001 1012 2227 1067 dabunt
2253 1013 2463 1067 fratres
2475 1013 2559 1068 tui
2578 1030 2591 1067 :
2620 1030 2831 1070 manus
2853 1021 2962 1070 tua
2984 1031 3163 1086 super
3179 1016 3421 1071 dorsum
3445 1014 3642 1070 inimi-

1998 1116 2202 1156 corum
2227 1106 2486 1165 tuorum,
2507 1101 2838 1158 adorabunt
2865 1102 3039 1159 teﬁlii
3072 1104 3255 1173 patris
3284 1102 3391 1159 tui.
3404 1101 3642 1159 Catulus

1996 1188 2180 1245 leonis
2207 1191 2373 1246 ,ἰατὴρ
2404 1206 2471 1244 ex
2492 1190 2775 1261 germine,
2798 1191 2878 1246 fili
2909 1192 3010 1258 mi,
3033 1192 3371 1247 ascendisti.
3400 1192 3643 1246 Recum-

1996 1278 2140 1333 bens
2169 1279 2434 1334 dormisti
2466 1284 2529 1334 ut.
2574 1279 2684 1338 leo.
2741 1284 2799 1335 et
2853 1284 3135 1351 tanquam
3193 1279 3445 1345 catulus,
3508 1278 3641 1350 quis

1997 1367 2305 1421 suscitabit
2332 1384 2464 1422 eum
2491 1370 2515 1421 Ρ
2542 1372 2668 1423 Non
2697 1368 2879 1423 deerit
2904 1369 3084 1435 judex
3110 1385 3179 1423 ex
3199 1367 3372 1427 Juda.
3404 1373 3464 1422 et
3490 1368 3643 1438 prin-

1994 1472 2129 1524 ceps
2159 1456 2233 1509 de.
2257 1456 2576 1511 femoribus
2599 1458 2748 1523 ejus,
2773 1458 2955 1511 donec
2986 1458 3179 1511 veniat
3200 1458 3293 1511 cui
3318 1455 3637 1527 repositum

1993 1548 2101 1605 est,
2134 1548 2191 1596 et
2249 1544 2373 1611 ipse
2419 1544 2525 1598 erit
2580 1546 2900 1615 expectatio
2939 1546 3228 1615 gentium.
3273 1544 3525 1613 alligans
3570 1543 3641 1599 ad

1989 1632 2165 1686 vitem
2198 1634 2425 1687 asinam
2449 1650 2641 1696 suam,
2674 1640 2731 1688 et
2787 1633 2975 1688 cilicio
3026 1632 3248 1704 pullum
3280 1633 3459 1691 asinae
3494 1648 3632 1687 suae.

1991 1720 2229 1774 Lavabit
2258 1721 2315 1774 in
2346 1721 2478 1775 vino
2511 1721 2718 1775 stolam
2763 1739 2954 1785 suam,
2984 1727 3037 1776 et
3071 1723 3127 1776 in
3180 1721 3471 1793 sanguine
3523 1736 3640 1776 uva

1991 1808 2403 1863 anaholadium
2438 1826 2634 1864 suum.
2669 1808 2888 1865 Hilares
2946 1810 3097 1866 oculi
3131 1812 3261 1877 ejus
3302 1826 3337 1865 a
3382 1810 3540 1873 vino,
3588 1816 3640 1865 et

1990 1898 2195 1951 dentes
2219 1898 2346 1966 ejus
2370 1898 2735 1953 candidiores
2757 1914 2932 1969 quam
2956 1896 3044 1952 lac
3066 1903 3221 1965 (Gen.
3238 1914 3388 1959 χιιι,
3411 1900 3638 1963 8-12).››

2062 2029 2148 2085 I7.
2178 2029 2261 2083 Ad
2280 2028 2491 2084 Judam
2516 2030 2749 2101 quidem
2769 2030 3189 2102 partriarcham
3216 2029 3388 2103 dirigi
3414 2028 3637 2084 videtur

1990 2116 2337 2189 alloquium,
2372 2118 2469 2171 sed
2489 2118 2672 2173 Judas
2700 2117 2795 2173 ille
2822 2118 3109 2190 posterior
3129 2118 3319 2174 verius
3341 2117 3637 2173 confessor

1988 2206 2352 2278 exprimitur,
2383 2206 2483 2278 qui
2514 2224 2659 2262 exea
2680 2206 2833 2261 tribu
2855 2211 3027 2262 natus
3048 2212 3156 2273 est,
3191 2207 3290 2278 qui
3311 2206 3472 2262 solus
3510 2206 3631 2261 Iau-

1990 2294 2159 2348 datur
2187 2310 2220 2348 a
2242 2294 2515 2349 fratribus
2539 2294 2607 2349 de
2631 2294 2998 2367 quibusdicit
3027 2313 3040 2348 :
3078 2294 3387 2350 «Narrabo
3426 2310 3630 2350 nomen

1988 2388 2155 2437 tuum
2190 2382 2465 2437 fratribus
2499 2383 2643 2437 meis
2676 2384 2847 2448 (Psal.
2878 2400 2994 2449 xxx,
3025 2383 3136 2453 23).
3176 2406 3202 2431 ››
3233 2383 3515 2438 Dominus
3538 2398 3635 2454 per

1991 2475 2282 2537 naturam,
2310 2472 2484 2526 frater
2512 2488 2614 2543 per
2643 2472 2912 2544 gratiam,
2939 2472 3109 2543 cujus
3130 2489 3338 2528 manus
3362 2489 3509 2544 quas
3539 2488 3632 2526 ex-

1990 2559 2190 2629 pandit
2223 2559 2293 2613 ad
2326 2558 2605 2631 pupulum
2641 2576 2754 2615 non
2787 2560 3138 2625 credentem,
3185 2577 3363 2631 super
3392 2561 3625 2615 dorsum

1989 2647 2383 2718 inimicorum,
2416 2664 2677 2703 suorum.
2710 2649 2921 2703 Iisdem
2969 2649 3125 2704 enim
3144 2649 3433 2717 manibus,
3466 2652 3634 2720 atque

1989 2737 2189 2789 cadem
2225 2735 2494 2807 passione
2519 2753 2656 2791 suos
2684 2737 2845 2803 texit,
2904 2741 2960 2792 et
2990 2737 3326 2809 subjugavit
3365 2737 3630 2793 adversa-

1992 2823 2106 2879 rias
2140 2828 2474 2894 potestates,
2506 2840 2826 2897 omnesque
2856 2825 2987 2880 fidei
3023 2830 3073 2880 et
3109 2825 3343 2897 pietatis
3374 2834 3629 2881 exsortes

1989 2912 2256 2966 subditos
2286 2912 2396 2967 sibi
2432 2912 2584 2967 fecit.
2620 2913 2697 2967 De
2720 2913 2934 2984 quibus
2966 2912 3046 2967 ait
3076 2916 3245 2967 Pater
3276 2914 3345 2968 ad
3380 2912 3627 2968 Filium:

1990 3023 2016 3047 ‹‹
2050 3001 2121 3054 Et
2162 2999 2557 3056 dominaberis
2615 3001 2673 3056 in
2717 3001 2908 3056 medio
2968 3002 3340 3056 inimicorum
3400 3006 3627 3057 tuorum

1912 3115 1953 3180 C
1992 3074 2305 3154 (Psalfcix,
2334 3090 2423 3159 2):
2450 3113 2475 3137 υ
2496 3107 2642 3162 quos
2671 3089 2942 3145 inimicos
2964 3107 3070 3146 sua
3095 3090 3318 3145 malitia
3344 3090 3501 3155 fecit,
3522 3106 3626 3145 non

1993 3177 2204 3232 Christi
2232 3176 2520 3232 voluntas.
2585 3179 2645 3232 In
2707 3195 2821 3249 quo
2873 3196 3084 3250 magna
3137 3179 3324 3251 gratia
3381 3178 3626 3234 Domini.

1988 3265 2214 3320 Etenim
2255 3264 2549 3338 spiritales
2633 3267 2904 3339 nequitia:
2965 3271 3097 3321 ante
3176 3267 3455 3323 cervicem
3532 3283 3624 3322 no-

1986 3358 2166 3409 stram
2190 3354 2335 3426 jugo
2368 3354 2635 3409 solebant
2694 3354 3046 3426 captivitatis
3098 3355 3410 3421 inflectere,
3449 3356 3529 3411 ita
3573 3360 3629 3410 ut

1987 3442 2163 3498 David
2215 3442 2339 3515 ipse
2396 3459 2608 3499 manus
2640 3442 3072 3516 quodammodo
3100 3461 3277 3517 super
3318 3460 3381 3499 se
3427 3443 3623 3500 trium-

1986 3531 2292 3603 phantium
2326 3530 2541 3588 sentire
2569 3549 2631 3588 se
2657 3532 2937 3587 scriberet
2968 3534 3167 3588 dicens
3194 3550 3206 3586 :
3232 3557 3258 3579 ‹‹
3283 3532 3476 3603 Super
3504 3533 3626 3588 dor-

1985 3636 2115 3673 sum
2151 3635 2343 3674 meum
2370 3619 2795 3675 fabricaverunt
2846 3625 3178 3691 peccatores
3227 3622 3380 3690 (Psal
3423 3637 3623 3688 cnvn,

1984 3710 2061 3776 3),
2098 3732 2124 3756 ››
2158 3708 2293 3779 ipsa:
2327 3724 2478 3762 nunc
2510 3709 2757 3763 subditae
2790 3708 3090 3781 triumpho
3110 3709 3320 3765 Christi
3345 3709 3623 3780 etquibus

1983 3796 2118 3850 dam
2150 3795 2422 3851 manibus
2452 3797 2601 3867 ejus,
2634 3797 2691 3851 id
2724 3801 2833 3867 est,
2867 3798 3032 3853 factis
3058 3797 3450 3869 operibusque
3481 3796 3616 3852 sub-

1989 3886 2165 3959 jectae,
2213 3889 2500 3957 perpetua:
2560 3885 2816 3941 subeunt
2872 3886 3225 3959 captivitatis
3278 3902 3619 3940 aerumnam.

2014 3989 2116 4045 pse
2146 3972 2347 4043 utique
2372 3974 2446 4043 (8)
2505 3974 2604 4046 qui
2663 3974 2938 4029 adoratur
2995 3991 3029 4027 a
3077 3973 3213 4029 ﬁliis
3270 3973 3457 4046 patris
3513 3971 3624 4040 sui,

1986 4060 2222 4132 quando
2254 4061 2529 4116 adoratur
2558 4079 2591 4117 a
2623 4062 2793 4117 nobis
2824 4061 3037 4133 quibus
3092 4061 3216 4134 ipse
3249 4062 3516 4134 permisit
3563 4067 3624 4116 ut

1988 4154 2214 4205 Patrem
2247 4166 2542 4217 vocemus,
2576 4152 2745 4222 cujus
2777 4166 3007 4206 servum
3041 4166 3169 4206 esse
3227 4149 3470 4208 virtutis
3518 4154 3621 4206 est.

2059 4282 2143 4337 18.
2179 4305 2207 4331 ‹‹
2240 4280 2482 4340 Catulus
2503 4282 2688 4338 leonis
2717 4282 2889 4338 Juda.
2927 4305 2954 4331 ››
2982 4283 3183 4338 Nonne
3218 4283 3528 4339 evidentur
3572 4291 3626 4335 et

1986 4374 2221 4425 Patrem
2251 4369 2554 4441 expressit,
2587 4375 2646 4425 et
2686 4369 2871 4424 tilium
2920 4368 3293 4424 declaravit?
3345 4368 3455 4432 Qui
3510 4375 3625 4424 tam

1909 4482 1957 4545 Β
1987 4458 2243 4525 evidens,
2272 4475 2388 4529 quo
2420 4457 2596 4515 unius
2611 4464 2830 4514 natura:
2851 4457 3061 4513 Filium
3089 4457 3185 4513 Dei
3200 4459 3276 4529 (9)
3303 4474 3438 4513 cum
3468 4459 3627 4545 Patre

1987 4563 2116 4603 esse
2146 4547 2425 4602 doceatur
2448 4547 2475 4600 ‘I
2508 4548 2619 4602 Leo
2668 4546 2787 4613 ille,
2818 4546 2913 4601 hic
2959 4546 3193 4602 catulus
3215 4547 3242 4601 Ἰ
3272 4545 3481 4602 leonis.
3522 4544 3624 4600 Vili

1989 4634 2445 4705 comparatione,
2475 4635 2742 4704 ejusdem
2770 4640 2990 4690 natura:
3029 4650 3097 4689 ac
3132 4634 3403 4707 potentia
3436 4633 3623 4689 unitas

1983 4722 2350 4794 intelligitur.
2377 4723 2495 4778 Rex
2523 4740 2592 4777 ex
2641 4739 2774 4794 rege
2805 4721 3106 4794 processit,
3142 4722 3306 4777 fortis
3335 4738 3404 4777 ex
3462 4723 3617 4777 forte.

1985 4810 2132 4875 Quia
2156 4811 2383 4866 futuros
2413 4810 2768 4883 praevidebat
2811 4810 2911 4881 qui
2964 4809 3147 4864 ﬁlium
3180 4798 3517 4865 assererent
3536 4810 3619 4879 ju-

1987 4900 2169 4954 nioris
2200 4900 2409 4966 aetatis,
2444 4900 2698 4956 occurrit
2727 4899 2821 4954 hic
2838 4897 3177 4969 subjiciens,
3209 4919 3229 4946 ι
3260 4897 3618 4971 Exgermine,

1989 4986 2070 5041 ﬁli
2102 4987 2205 5057 mi,
2239 4987 2577 5042 ascendisti.
2613 4986 2981 5042 Recumbeus
3039 4986 3306 5040 dormisti
3341 4991 3404 5040 ut
3459 4985 3544 5041 leo
3568 4986 3617 5037 et

1984 5081 2268 5147 tanquam
2301 5075 2551 5130 catulus.
2580 5097 2605 5123 ››
2630 5076 2698 5130 Et
2717 5074 2854 5130 alibi
2874 5074 3076 5142 habes,
3098 5074 3235 5145 quia
3256 5074 3485 5129 catulus
3511 5075 3616 5145 ipse

239 5179 320 5236 ait
347 5196 361 5234 :
391 5203 420 5229 ››
450 5176 735 5242 Quoniam
766 5177 836 5233 de
866 5175 897 5232 J
907 5176 1020 5231 uda
1050 5180 1213 5231 ortus
1243 5180 1333 5231 est
1369 5176 1654 5234 Dominus
1685 5184 1863 5235 nostei

2060 5170 2077 5219 t
2106 5164 2193 5220 leo
2224 5164 2295 5219 de
2314 5164 2469 5219 tribu
2502 5164 2656 5220 Juda
2686 5167 2880 5235 (.4poc.
2912 5180 2964 5232 v,
2997 5164 3073 5233 5).
3108 5164 3252 5234 Ergo
3299 5162 3439 5234 quia
3468 5166 3612 5217 catu-

312 5356 389 5424 (6)
433 5356 718 5430 Peccatum
745 5356 969 5430 statuit,
1002 5353 1065 5430 id
1097 5358 1186 5409 est
1239 5358 1541 5430 peccatum
1593 5356 1769 5423 sistit,
1823 5363 1882 5413 et
1991 5359 2171 5416 Paris.
2222 5359 2510 5415 contraxit
2539 5358 2648 5415 hoc
2707 5359 2922 5415 modo:
2958 5360 3073 5430 Ipse
3120 5359 3306 5428 utique
3376 5357 3616 5413 adoratur

244 5433 445 5496 contra
474 5428 603 5494 ejus
632 5427 891 5496 impetus
921 5424 1143 5496 obicem
1176 5424 1356 5496 ponit.

333 5498 389 5562 7)
415 5495 582 5551 Rom.
621 5494 783 5558 edit.,
813 5494 1058 5564 gentium
1082 5494 1498 5563 congregatione
1525 5497 1877 5555 dirimendas.

338 5565 665 5644 8)_Sicedit..
687 5581 892 5644 omnes
921 5581 987 5619 ac
1018 5570 1737 5644 m_s_s.prteterquatuor,gin
1755 5572 1881 5644 qui-

246 5635 358 5701 bus
375 5635 540 5695 deest
558 5637 654 5713 qui
668 5638 802 5713 post
816 5650 1015 5694 vocem
1036 5637 1241 5714 utique.
1262 5639 1335 5697 At
1354 5635 1549 5697 locum
1583 5640 1722 5711 edit,
1770 5635 1877 5705 ult.

1987 5450 2022 5487 a
2050 5432 2217 5503 nobis,
2233 5432 2450 5503 quibus,
2468 5435 2595 5503 etc.

2060 5502 2134 5573 (9)
2166 5496 2306 5561 Mss.
2351 5496 2546 5575 Corb.,
2602 5501 2809 5571 Laud.,
2869 5499 3065 5560 Albin.
3127 5503 3185 5556 et
3226 5497 3410 5568 Colb.,
3457 5496 3615 5554 Filia:

1987 5574 2147 5633 Deus.
