3830 6206
84 383 168 438 713
762 371 991 431 LIBER
1040 370 1139 428 DE
1183 370 1890 473 BENEDICTIONlBUS
1936 370 2637 463 PATDIARCHARUM.
3085 455 3088 460 _
3282 364 3409 434 '7”~

77 513 169 567 lum
197 506 326 565 519
353 504 584 572 dixerat,
610 505 754 561 bene
785 504 983 561 statim
1030 504 1253 561 leonem
1288 502 1500 576 posuit,
1534 503 1641 558 hoc
1674 504 1727 569 Α
1758 502 1937 575 Moysi
1966 521 2010 557 zu
2042 504 2207 560 Solve
2231 505 2688 561 calceamentum
2714 506 2927 576 pedum
2950 509 3183 561 tuorum
3207 509 3399 575 (Exod.

77 604 143 656 est
166 597 323 652 dicere
348 595 496 651 :Non
527 593 831 666 capiantur
869 611 1040 650 aures
1069 598 1290 659 vestrae,
1313 592 1453 665 quia
1481 594 1643 647 catu-
1755 608 1838 657 ιιι,
1869 593 1946 664 5),
1972 615 1999 641 ››
2032 610 2102 647 ne
2134 593 2259 665 ipse
2292 611 2550 666 sponsus
2600 593 2868 651 Ecclesia:
2915 595 3264 663 crederetur,
3306 596 3413 668 qui

79 687 169 741 lum
192 683 487 751 audierunt,
511 681 723 739 Filium
745 682 1024 755 expressi,
1048 699 1163 737 non
1186 681 1304 737 dixi
1336 680 1642 736 minorem.
1758 680 1876 735 dux
1929 680 2119 753 plebis
2168 682 2514 755 eligebatur.
2552 684 2683 738 Ideo
2730 682 2902 739 solvit
2948 683 3407 740 calceamentum

78 776 129 830 Et
149 775 250 846 ipse
275 776 353 828 est
378 770 462 827 leo
491 770 646 827 sicut
671 776 856 844 pater.
883 771 1136 827 Audiant
1167 770 1305 843 quia
1334 773 1390 826 et
1418 768 1645 825 leonem
1756 785 1933 824 suum
1964 771 2140 826 Jesus
2169 771 2322 826 Nave
2349 771 2530 843 (Josue
2548 789 2604 839 v,
2631 771 2817 843 16),ut
2845 763 3097 828 venturo.
3117 772 3263 828 tanti
3288 790 3412 829 mu-

78 868 118 919 et
139 860 355 917 catulum
385 859 693 932 appellavit
724 877 736 914 :
771 860 996 917 leonem
1029 860 1197 932 quasi
1232 858 1494 932 perfectae
1528 857 1646 930 ple-
1756 857 1912 913 neris
1944 859 2195 931 gratiam
2230 864 2285 915 et
2314 859 2437 931 ipse
2469 864 2745 915 servaret.
2780 860 2910 915 Ideo
2944 860 3085 916 dicit
3110 864 3406 917 Joannes:

79 966 232 1023 neque
248 949 459 1005 virtutis
482 965 495 1003 :
519 948 989 1022 catulum,quasi
1012 948 1338 1015 Filium,ne
1359 946 1491 1020 quis
1513 962 1646 1002 eum
1758 969 1785 996 «
1819 950 1957 1002 Post
1987 964 2080 1003 me
2106 947 2263 1003 venit
2291 948 2378 1003 vir
2407 949 2578 1019 cujus
2623 966 2737 1004 non
2770 966 2901 1004 sum
2933 949 3149 1022 dignus
3180 950 3403 1007 solvere

81 1039 256 1111 audiret
297 1036 564 1109 aequalem
614 1037 791 1106 Patri,
826 1055 941 1095 non
989 1041 1221 1110 putaret
1270 1036 1646 1092 Filium.Non
1757 1034 2067 1108 corrigiam
2097 1035 2627 1092 calceamentorum
2662 1038 3189 1108 ejus(loan.1.27.)
3216 1060 3244 1087 ››
3276 1039 3410 1095 Ideo

76 1126 135 1181 sic
157 1125 393 1181 laudatur
418 1124 616 1192 Filius,
642 1129 705 1182 ut
746 1131 1052 1199 separetur
1082 1144 1116 1182 a
1145 1130 1331 1181 Patre.
1370 1125 1469 1180 Ille
1516 1141 1647 1197 pro-
1758 1125 1900 1180 dicit
1934 1141 1946 1179 :
1974 1147 2001 1175 ‹‹
2036 1125 2142 1192 Qui
2175 1124 2353 1181 habet
2402 1142 2681 1198 sponsam
2728 1143 2980 1198 sponsus
3010 1128 3099 1182 est
3133 1144 3145 1182 :
3183 1126 3410 1183 amicus

75 1213 432 1286 bataqualem,
465 1214 562 1287 qui
595 1214 807 1271 Filium
838 1216 1168 1271 conﬁtetur.
1759 1217 1952 1269 autem
1986 1213 2208 1285 sponsi,
2234 1214 2335 1286 qui
2368 1218 2484 1270 stat
2512 1219 2571 1269 et
2600 1214 2765 1270 audit
2793 1232 2949 1283 eum,
2983 1218 3041 1271 et
3072 1214 3232 1272 520
3264 1232 3406 1287 gau-

122 1304 187 1357 19.
209 1302 427 1359 Miriﬁce
457 1306 651 1359 autem
684 1308 741 1360 et
771 1304 1234 1361 incarnationem
1267 1304 1395 1376 ejus
1425 1318 1650 1375 expres-
1759 1302 1853 1357 dio
1901 1301 2117 1374 gaudet
2145 1302 2321 1373 (Joan.
2356 1320 2440 1371 ιιι,
2472 1302 2583 1375 29),
2612 1324 2639 1351 ››
2667 1302 2776 1358 hoc
2807 1307 2916 1369 est,
2958 1304 3081 1375 ipse
3115 1303 3275 1360 solus
3324 1303 3412 1358 vir

70 1391 140 1458 sit,
172 1390 343 1447 dicens
367 1410 411 1447 :«
437 1393 514 1447 Ex
563 1392 846 1466 germine,
891 1392 974 1447 ﬁli
1025 1393 1126 1461 mi,
1162 1391 1499 1460 ascendisti,
1532 1414 1558 1439 ››
1584 1407 1649 1446 eo
1758 1395 1847 1445 est
1882 1390 2167 1459 Ecclesiae,
2199 1389 2293 1445 hic
2323 1396 2412 1447 est
2441 1392 2792 1463 exspectatio
2823 1392 3107 1464 gentium,
3142 1392 3279 1447 huic
3305 1393 3409 1448 de-

67 1479 183 1551 quod
214 1482 467 1552 tanquam
501 1481 689 1538 frutex
718 1485 884 1538 terrae
918 1481 974 1537 in
1004 1480 1132 1538 alvo
1154 1480 1410 1553 Virginis
1441 1480 1653 1553 germi.
1761 1479 2008 1534 ferentes
2037 1478 2306 1552 copulam
2339 1480 2536 1552 gratia:
2568 1479 2848 1551 nuptialis
2882 1481 2925 1551 (1
2946 1481 3018 1550 1),
3048 1479 3408 1537 calceamen-

68 1567 203 1629 navit,
230 1572 279 1623 et
324 1571 382 1623 ut
437 1567 544 1625 tlos
602 1569 741 1625 boni
801 1568 998 1625 odoris
1057 1569 1127 1624 ad
1189 1568 1648 1641 redemptionem
1760 1573 1888 1623 tum
1920 1585 2094 1623 suum
2145 1567 2442 1624 solverunt
2492 1569 2808 1640 prophetae.
2844 1568 2946 1623 llic
2994 1585 3248 1640 sponsus
3298 1572 3406 1637 est,

68 1654 223 1710 mundi
264 1657 431 1712 totius
478 1656 764 1713 maternis
795 1657 1114 1714 visceribus
1145 1657 1454 1729 splendore
1493 1672 1649 1711 novae
1760 1673 1864 1729 ego
1897 1658 2123 1713 amicus
2154 1657 2352 1729 sponsi
2378 1673 2390 1711 :
2420 1658 2645 1729 gaudeo
2672 1657 2811 1729 quia
2842 1657 3016 1726 venit,
3041 1657 3182 1729 quia
3209 1673 3409 1714 vocem

65 1742 176 1799 lucis
201 1744 432 1801 emissus
462 1747 811 1815 ascenderit,
846 1747 999 1802 sicut
1032 1746 1213 1802 Isaias
1244 1745 1383 1801 dicit
1411 1763 1461 1800 ;‹‹
1494 1744 1654 1799 Exiet
1762 1746 1935 1801 audio
1970 1746 2314 1818 nuptialem,
2339 1749 2477 1818 quia
2514 1747 2639 1818 jam
2672 1763 2785 1802 non
2833 1748 2982 1802 dura
3035 1750 3409 1819 peccatorum

66 1831 185 1903 virga
208 1833 268 1888 de
298 1834 479 1890 radice
508 1834 693 1904 Jesse,
727 1839 785 1892 et
830 1835 934 1890 ﬂos
966 1851 1034 1891 ex
1066 1835 1260 1891 radice
1292 1836 1420 1905 ejus
1450 1850 1649 1890 ascen-
1683 1865 1729 1929 Β
1762 1834 2070 1907 supplicia,
2119 1835 2265 1890 dura
2312 1834 2456 1907 legis
2506 1839 2815 1901 tormenta,
2850 1836 2950 1892 sed
3003 1835 3408 1892 remissionem

63 1920 130 1974 det
168 1921 271 1991 (15a.
296 1940 368 1989 χι,
417 1924 486 1993 1).
519 1947 549 1973 ››
596 1923 781 1979 Radix
828 1923 1055 1980 familia
1102 1924 1460 1990 Judaeorum,
1491 1922 1653 1995 virga
1684 1920 1726 1929 ”
1762 1923 2101 1992 criminum,
2137 1941 2331 1979 vocem
2363 1923 2596 1989 laetitiae,
2630 1942 2841 1980 sonum
2865 1925 3281 1997 jucunditatis,
3316 1943 3411 1982 ex-

60 2007 211 2075 Maria,
234 2011 330 2067 ﬂos
359 2011 553 2068 Mariae
585 2012 874 2069 Christus.
902 2014 1072 2069 Recte
1095 2014 1258 2086 virga
1280 2030 1408 2085 quas
1438 2011 1649 2084 regalis
1762 2012 2141 2069 sultationem
2178 2013 2306 2069 festi
2339 2012 2617 2085 nuptialis
2649 2013 3003 2069 audivimus.

58 2101 122 2152 est
144 2099 364 2169 generis,
397 2101 467 2157 de
516 2102 691 2158 domo
741 2106 798 2158 et
850 2102 1040 2175 patria
1089 2101 1290 2167 David,
1323 2102 1493 2174 cujus
1543 2101 1649 2155 flos
1828 2104 1917 2157 23.
1954 2102 2056 2157 Hic
2114 2105 2204 2157 est
2262 2100 2356 2156 ille
2409 2124 2436 2151 ‹‹
2500 2100 2749 2175 alligans
2808 2102 2879 2157 ad
2938 2102 3114 2157 vitem
3173 2102 3410 2159 asinum

59 2185 267 2264 Christus
291 2194 375 2245 est
394 2190 491 2261 qui
530 2191 772 2246 fetorem
806 2192 1115 2246 mundanae
1140 2189 1485 2247 colluvionis
1517 2190 1650 2245 abo-
1759 2209 1952 2259 suum,
1985 2195 2040 2247 et
2070 2190 2255 2246 cilicio
2288 2189 2514 2262 pullum
2548 2189 2725 2246 asinae
2758 2209 2875 2247 suae
2907 2192 3052 2263 (t2);
3084 2212 3112 2241 ››
3136 2194 3201 2246 ut
3230 2192 3412 2248 fervo-

55 2272 168 2342 levit,
193 2281 243 2332 et
270 2278 390 2333 vita:
416 2284 645 2335 aeternae
676 2279 912 2336 odorem
947 2280 1178 2336 infudit.
1759 2297 1879 2335 rem
1913 2279 2165 2352 Spiritus
2206 2280 2389 2334 sancti
2425 2280 2636 2335 habeat
2683 2280 3052 2352 congregatio
3102 2280 3417 2337 nationum.

104 2365 172 2418 ΞΟ.
197 2364 370 2423 Habes
393 2385 531 2440 ergo
559 2369 1258 2441 incarnationem,accipe
1281 2368 1645 2440 passionem:
1758 2374 1889 2424 ante
1938 2369 2185 2424 remissa
2241 2374 2299 2424 et
2357 2368 2682 2441 negligens,
2716 2370 2815 2425 sed
2868 2370 2995 2440 jam
3046 2370 3252 2426 devota
3310 2387 3411 2442 per

57 2451 442 2525 «Recumbens,
471 2480 499 2506 ››
526 2458 741 2529 inquit,
766 2457 1079 2514 «dormisti
1113 2462 1176 2513 ut
1207 2456 1387 2513 leozn
1415 2457 1648 2529 quando
1757 2456 2074 2522 Christum,
2116 2462 2172 2512 et
2218 2456 2319 2512 viti
2368 2455 2451 2510 illi
2500 2461 2814 2528 perpetuae,
2865 2458 2975 2513 hoc
3025 2462 3114 2514 est
3158 2458 3406 2514 Domino

53 2538 190 2606 jacuit
211 2542 265 2598 in
285 2544 747 2617 sepulcro,velut
768 2546 1021 2618 quodam
1049 2546 1305 2618 corporis
1327 2545 1417 2601 sui
1442 2562 1648 2601 somno
1756 2546 1917 2612 Jesu,
1939 2545 2039 2616 qui
2073 2546 2188 2600 ait:
2216 2567 2243 2595 ‹‹
2272 2546 2390 2617 Ego
2426 2561 2557 2600 sum
2589 2544 2744 2611 vitis,
2777 2550 2833 2599 et
2864 2546 3030 2602 Pater
3060 2563 3225 2602 meus
3255 2547 3408 2618 agri-

57 2628 258 2699 quietus,
291 2634 438 2689 sicut
470 2634 600 2707 ipse
634 2634 715 2690 ait
744 2650 757 2689 :
784 2657 812 2684 «
846 2634 962 2707 Ego
992 2634 1261 2701 dormivi,
1285 2638 1340 2689 et
1372 2633 1646 2705 requievi,
1759 2633 1885 2689 cola
1914 2634 2090 2704 (Joan.
2122 2651 2216 2703 xv,
2252 2635 2375 2701 1),»
2410 2631 2566 2688 velut
2614 2633 2898 2690 fructuosi
2950 2633 3226 2706 palmites
3278 2634 3409 2706 qui-

56 2720 91 2769 et
111 2722 325 2789 surrexi,
349 2723 629 2795 quoniam
656 2722 941 2780 Dominus
966 2723 1229 2795 suscepit
1256 2739 1346 2778 me
1366 2724 1536 2791 (Psal.
1560 2739 1644 2778 ιιι.
1759 2722 2006 2778 busdam
2038 2721 2441 2778 inexsolubilis
2488 2722 2623 2777 tidei
2655 2722 2904 2779 vinculis
2939 2722 3269 2796 alligemur.
3294 2723 3412 2778 Hoc

54 2806 103 2867 δέ.
123 2829 143 2855 ››
162 2806 310 2865 Unde
332 2815 387 2866 et
406 2812 590 2868 Jacob
617 2812 698 2867 ait
722 2829 773 2867 :«
801 2812 940 2878 Quis
964 2812 1270 2867 suscitabit
1291 2811 1467 2867 eum?
1489 2832 1516 2859 ››
1539 2810 1649 2865 hoc
1758 2815 1845 2867 est
1878 2810 2018 2866 illud
2043 2810 2409 2883 mysterium,
2428 2812 2583 2882 quod
2606 2810 2835 2882 pullum
2858 2812 3034 2867 asinae
3056 2810 3200 2868 solvi
3226 2812 3416 2884 jussit

54 2897 129 2958 est,
157 2913 314 2968 quem
367 2901 655 2956 Dominus
698 2900 995 2973 suscipiet.
1028 2901 1168 2967 Quis
1217 2905 1305 2955 est
1353 2899 1503 2955 alius
1547 2899 1648 2971 qui
1758 2899 1816 2955 in
1845 2899 2174 2973 Evangelio,
2207 2903 2264 2956 et
2318 2900 2441 2972 ipse
2473 2900 2759 2957 Dominus
2791 2900 2965 2957 Jesus
3022 2900 3174 2957 sedit
3233 2917 3410 2973 super

56 2985 326 3055 resuscitat,
356 2989 469 3044 nisi
504 2989 632 3061 ipse
664 3005 726 3045 se
757 3006 864 3045 sua
894 2989 1196 3060 Patrisque
1226 2988 1531 3044 resuscitet
1556 3004 1652 3059 po-
1759 3005 1914 3056 cum,
1950 2994 2013 3043 ut
2044 2987 2317 3061 alligatus
2364 2989 2433 3043 ad
2490 2988 2665 3044 vitem
2725 2993 3005 3062 perpetua
3064 2993 3403 3046 sanctorum

54 3073 253 3129 testate?
292 3076 468 3133 Video
532 3081 738 3133 natum
790 3077 1133 3133 auctoritate
1183 3077 1436 3149 propria,
1485 3077 1649 3132 video
1760 3077 2047 3133 suavitate
2078 3077 2483 3149 requiesceret.

55 3164 297 3220 mortuum
330 3167 573 3239 propria
595 3165 911 3232 voluntate,
940 3166 1106 3221 video
1137 3165 1522 3221 dormientem
1554 3181 1647 3237 po-
1687 3230 1719 3239 η
1829 3167 1918 3222 2i.
1962 3188 1986 3219 ιι
2016 3165 2275 3234 Lavabit,
2312 3165 2525 3237 inquit,
2577 3165 2635 3220 in
2686 3166 2817 3221 vino
2878 3166 3087 3221 stolam
3147 3183 3336 3222 suam.
3370 3187 3398 3217 »

52 3252 210 3307 testate
238 3230 487 3327 pro-prie.
524 3255 634 3320 Qui
664 3255 861 3311 omnia
892 3230 997 3310 suo
1031 3254 1162 3309 fecit
1191 3253 1450 3321 arbitrio,
1480 3230 1648 3323 cujus
1679 3230 1720 3297 C
1760 3256 1918 3311 Bona
1948 3254 2098 3310 stola
2128 3258 2216 3310 est
2261 3230 2804 3326 caro-Christi,quae
2853 3256 3118 3309 omnium
3169 3258 3405 3325 peccata

51 3339 241 3396 alterius
271 3348 335 3399 ut
366 3347 643 3417 resurgat
670 3344 861 3416 egebit
889 3342 1163 3399 auxiliis?
1190 3344 1316 3415 Ipse
1347 3341 1525 3414 igitur
1554 3358 1645 3397 re-
1755 3344 2001 3415 operuit,
2026 3342 2289 3398 omnium
2322 3341 2532 3397 delicta
2574 3342 2851 3414 suscepit,
2875 3342 3142 3397 omnium
3179 3358 3405 3398 errores

49 3430 374 3488 surrectionis
403 3450 527 3488 sua:
563 3436 765 3488 auctor
806 3435 895 3488 est
923 3432 1023 3504 qui
1056 3432 1259 3487 mortis
1289 3435 1377 3488 est
1407 3431 1642 3498 arbiter,
1758 3434 1915 3488 texit.
1951 3433 2108 3487 Bona
2154 3430 2321 3495 stola,
2357 3448 2482 3502 quae
2533 3431 2836 3487 universos
2866 3430 3056 3486 induit
3105 3433 3259 3487 veste
3301 3431 3402 3502 ju-

50 3515 122 3581 qui
146 3526 498 3591 exspectatur
530 3538 566 3578 a
596 3520 888 3594 gentibus.
1756 3521 2091 3578 cunditatis.
2120 3520 2280 3575 Lavit
2310 3519 2459 3575 hanc
2492 3519 2704 3576 stolam
2736 3520 2795 3575 in
2824 3520 2982 3589 vino,
3009 3520 3241 3592 quando
3264 3536 3399 3576 cum

94 3608 165 3662 21.
195 3609 258 3664 Et
285 3609 434 3677 ideo,
462 3633 491 3661 «
520 3611 709 3665 donec
748 3609 844 3665 ille
873 3609 1083 3680 veniat,
1116 3626 1231 3665 non
1276 3607 1504 3664 deﬁciet
1531 3609 1648 3663 dux
1756 3611 2150 3684 baptizaretur
2194 3608 2254 3663 in
2303 3609 2576 3676 Jordane,
2610 3608 2909 3665 descendit
2956 3609 3211 3681 Spiritus
3259 3625 3401 3665 san-

47 3708 96 3748 ex
118 3696 250 3753 Juda
279 3716 291 3752 :
316 3722 343 3747 ››
376 3703 441 3755 ut
472 3715 665 3771 usque
695 3698 766 3754 ad
801 3699 928 3770 ejus
954 3702 1147 3754 ortum
1180 3696 1393 3770 regalis
1425 3714 1650 3753 succes-
1759 3706 1886 3756 ctus
1917 3700 2069 3756 sicut
2095 3698 2384 3764 columba,
2417 3703 2473 3753 et
2503 3698 2723 3754 mansit
2765 3716 2943 3771 super
2980 3715 3136 3755 eum.
3169 3699 3291 3771 Quo
3322 3696 3404 3754 si-

45 3784 188 3842 sionis
229 3785 371 3844 ﬁdes
419 3788 770 3860 incorrupta
801 3790 1079 3843 servetur.
1125 3787 1327 3843 Postea
1375 3785 1549 3855 enim,
1587 3789 1652 3841 ut
1758 3789 2071 3862 gniticatur
2113 3788 2268 3859 quod
2317 3785 2620 3858 plenitudo
2667 3786 2918 3860 Spiritus
2966 3788 3153 3845 sancti
3201 3784 3408 3842 indivi-

47 3870 305 3931 docuimus
334 3880 596 3933 tractatu
647 3875 844 3931 habito
894 3875 952 3930 in
1001 3874 1375 3948 Evangelium
1408 3873 1529 3945 (lib.
1565 3890 1649 3944 ιιι,
1761 3878 1878 3933 dua
1928 3893 1994 3932 eo
2053 3877 2245 3940 fuerit,
2298 3892 2401 3930 nec
2459 3877 2783 3932 recesserit.
2826 3876 2987 3932 Unde
3042 3880 3098 3932 et
3153 3890 3444 3946 evanger

46 3959 85 4013 in
114 3961 331 4036 Lucam),
364 3981 472 4037 per
502 3964 791 4020 Herodem
824 3963 1146 4019 adulterata
1182 3963 1475 4020 successio
1508 3979 1651 4035 prze-
1760 3966 1898 4021 lista
1927 3965 2009 4021 ait
2058 3981 2071 4019 :
2121 3964 2267 4030 Quia
2321 3963 2529 4036 plenus
2584 3965 2803 4037 Spiritu
2862 3975 3062 4020 sancto
3121 3962 3407 4019 Dominus

46 4051 316 4120 rogativam
375 4052 688 4127 dignitatis
738 4051 954 4108 amisit.
988 4052 1217 4107 Etenim
1266 4051 1407 4123 quia
1453 4066 1654 4105 verum
1762 4055 1955 4121 Jesus,
1988 4068 2290 4123 regressus
2319 4056 2408 4107 est
2452 4054 2523 4108 ab
2566 4053 2818 4109 Jordane
2845 4055 2994 4123 (Luc.
3029 4069 3105 4120 1v,
3140 4052 3213 4123 1).
3248 4048 3411 4106 Lavit

47 4150 199 4209 regem
239 4145 626 4215 negaverunt,
663 4140 841 4197 falsos
895 4140 1105 4196 habere
1159 4144 1474 4212 coeperunt.
1511 4140 1657 4211 Ergo
1766 4159 1902 4216 ergo
1932 4142 2104 4197 Jesus
2153 4140 2363 4196 stolam
2393 4157 2585 4209 suam,
2617 4157 2730 4197 non
2787 4146 2852 4196 ut
2896 4156 3066 4195 suam
3116 4156 3247 4211 quas
3293 4153 3410 4194 non

46 4221 127 4278 hoc
141 4232 279 4299 quod
297 4231 441 4287 dicit
460 4228 1239 4298 Patriarcha,servabiturin
1253 4228 1556 4300 judicibus
1570 4227 1659 4284 vel
1768 4236 1893 4288 erat
1925 4249 1936 4286 :
1971 4231 2071 4286 sed
2105 4234 2168 4284 ut
2199 4233 2456 4285 nostram
2490 4246 2615 4301 quae
2665 4233 2808 4297 erat,
2843 4229 3076 4285 sordem
3123 4226 3409 4283 ablueret.

46 4314 240 4385 regibus
267 4318 617 4376 Judzeorum
661 4319 1016 4374 intemeratae
1060 4316 1449 4373 successionis
1480 4316 1659 4371 haere-
1772 4320 2030 4391 Denique
2047 4317 2272 4374 addidit
2294 4334 2342 4373 ;‹‹
2370 4318 2436 4373 Et
2464 4319 2520 4372 in
2542 4318 2829 4391 sanguine
2851 4335 2975 4374 uvae
2999 4315 3413 4373 anaboladium

44 4398 167 4458 ditas
192 4406 362 4464 ducta
406 4424 515 4482 per
564 4423 729 4480 reges
754 4424 766 4462 :
791 4429 819 4457 «
853 4407 1035 4463 donec
1085 4405 1278 4461 veniat
1307 4406 1417 4476 (10)
1450 4405 1543 4461 cui
1576 4421 1662 4461 re-
1760 4426 1946 4482 suum
1970 4408 2080 4481 (13)
2106 4424 2155 4461 ››;
2184 4407 2293 4462 hoc
2313 4411 2423 4472 est,
2446 4406 2504 4461 in
2527 4407 2801 4479 passione
2831 4405 3091 4478 corporis
3121 4405 3215 4462 sui
3247 4403 3419 4461 diluit

47 4490 263 4557 positum
295 4480 465 4567 est,»
503 4501 571 4552 ut
600 4494 921 4551 Ecclesiam
951 4494 1052 4550 Dei
1087 4498 1400 4567 congreget
1429 4511 1498 4549 ex
1528 4510 1665 4550 con-
1759 4480 1977 4569 ‘gentes
2008 4511 2114 4550 suo
2162 4493 2469 4565 sanguine.
2494 4493 2724 4549 Etenim
2772 4493 2947 4549 Verbi
3004 4491 3418 4550 anaboladium

42 4585 185 4637 ventu
212 4586 527 4642 nationum
577 4584 864 4652 omnium,
897 4588 955 4640 et
1004 4583 1315 4657 gentilium
1366 4582 1666 4639 devotione
1699 4599 1744 4663 D
1777 4588 1977 4657 gentes
2017 4587 2177 4654 sunt,
2200 4583 2353 4638 sicut
2400 4582 2685 4655 scriptum
2716 4587 2804 4639 est
2833 4606 2860 4634 ‹‹
2899 4582 3075 4639 :Vivo
3123 4599 3250 4656 ego,
3283 4580 3425 4637 dicit

45 4669 377 4743 populorum,
403 4676 520 4731 hoc
552 4678 661 4741 est,
684 4673 878 4745 ipsum
908 4677 1124 4740 manet,
1150 4672 1260 4744 ipsi
1294 4671 1557 4727 debitum
1576 4689 1664 4728 re-
1781 4673 2085 4741 Dominus,
2118 4671 2234 4728 nisi
2264 4689 2466 4727 omnes
2498 4688 2595 4728 eos
2636 4672 2878 4729 induam
2911 4672 3066 4728 sicut
3105 4671 3424 4729 vestimen-

41 4765 288 4830 servatur,
320 4762 436 4836 ipsi
468 4765 647 4819 tanta
680 4761 877 4834 gratiis
911 4760 1288 4833 praerogativa
1318 4760 1594 4816 defertur.
1780 4766 1909 4818 tum
1955 4762 2084 4833 (lsa.
2135 4778 2285 4828 xux,
2338 4761 2447 4831 18).
2474 4783 2502 4810 ››
2526 4762 2595 4817 Et
2641 4761 2781 4816 alibi
2815 4780 2880 4817 :«
2932 4762 3095 4817 Sicut
3141 4761 3425 4816 amictum

96 4848 173 4901 22.
196 4872 223 4898 ‹‹
252 4851 319 4906 Et
349 4852 481 4923 ipse
515 4854 608 4907 est
635 4849 989 4922 exspectatio
1011 4849 1333 4921 gentium.»
1356 4846 1495 4903 Plus
1526 4847 1674 4905 dixit
1786 4851 2046 4907 mutabis
2093 4866 2214 4917 eos,
2263 4853 2319 4905 et
2366 4851 2752 4905 mutabuntur
2794 4851 2966 4919 (Psal.
3002 4867 3073 4917 Cl,
3105 4851 3217 4921 27).
3241 4870 3269 4899 ››
3301 4848 3427 4902 Νοιι

42 4947 187 5001 quam
217 4939 267 4995 si
309 4940 588 5006 dixisset,
621 4939 817 5011 ipsum
868 4941 1210 5010 exspectant
1258 4941 1480 5009 gentes,
1514 4937 1670 5008 quod
1785 4956 1921 5012 ergo
1953 4938 2238 5010 sanguine
2268 4938 2501 5010 prOprio
2524 4955 2630 4993 suo
2663 4942 2917 5009 peccata,
2939 4955 3067 5008 quae
3094 4953 3209 4992 non
3241 4938 3426 5002 erant,

45 5024 211 5081 omnis
239 5044 376 5100 spes
400 5027 677 5085 Ecclesiae
709 5028 766 5082 in
801 5027 927 5099 ipso
953 5026 1276 5082 recumbat.
1301 5025 1434 5081 Ideo
1463 5025 1677 5081 dicitur
1789 5030 1891 5086 sed
1923 5032 2122 5083 nostra
2151 5043 2277 5097 quae
2308 5026 2557 5082 fecimus
2580 5027 2811 5092 delicta,
2835 5024 3156 5081 mundavit.
3188 5025 3259 5079 Et
3286 5023 3433 5078 bene

96 5177 196 5248 (10)
229 5180 397 5236 Rom.
434 5180 608 5248 edit.,
648 5178 936 5236 ha’redz'las
979 5178 1144 5234 donec
1190 5179 1396 5233 veniat.
1430 5176 1568 5231 Aliae

1921 5181 1963 5237 ὕ,
1995 5180 2076 5248 δια-ἱ
2095 5180 2166 5248 ’τῆ
2185 5176 2318 5248 ,ἕλικι
2344 5178 2429 5248 ςτὸν
2457 5176 2744 5248 Ξτῷᾉοχλτῆς
2781 5176 2893 5223 ὄνου
2923 5174 3092 5224 αὐτοῦ.
3122 5166 3208 5222 Ad
3259 5182 3433 5238 quem

42 5238 425 5322 méag'omnes,
459 5238 759 5308 hereditas
787 5251 960 5306 ducta
985 5266 1085 5322 per
1112 5265 1283 5320 reges,
1319 5249 1503 5322 donec,
1536 5252 1643 5303 etc.
1798 5243 1990 5322 locum
2018 5239 2233 5322 videsis
2262 5244 2428 5322 potas
2459 5238 2691 5322 Nobilii,

97 5318 198 5388 (tt)
229 5308 455 5379 Omnes
484 5323 651 5392 edit.,
685 5322 903 5394 Copula
941 5308 1195 5393 gratiamv
1226 5308 1529 5392 naptialis;
1559 5336 1682 5375 om-
1797 5390 1806 5395 _
1865 5313 1977 5385 (13)
2008 5310 2422 5395 A‘nqlgiladgun},
2452 5310 2655 5395 siveut
2677 5310 2732 5364 in
2757 5309 3110 5395 quibusdam
3137 5326 3279 5395 mss.
3302 5308 3442 5382 legi-

42 5380 124 5441 nes
155 5380 293 5449 mss,
327 5399 396 5449 ut,
428 5410 544 5449 nos
575 5380 843 5450 in'tex'tu.
941 5380 964 5393 ν
1306 5380 1317 5392 ’
1508 5380 1511 5381 ⁷
1792 5380 2261 5452 ὶιιιν,ιιὴαὸοιὶατη,
2282 5382 2427 5437 forte
2447 5380 2812 5453 anabolaeum,
2834 5380 3145 5453 amiculius
3165 5380 3440 5453 erat,quo

96 5460 196 5533 (12)
224 5446 398 5520 item:
430 5446 1056 5535 edit.,ias'iaamsuam,
1074 5470 1126 5518 et
1154 5461 1224 5517 ad
1248 5462 1535 5534 palmitem
1564 5462 1684 5533 pul-
1795 5446 2026 5535 humeri
2051 5446 2411 5535 tegebantur.
2429 5452 2521 5535 Sic
2542 5458 2736 5535 autem
2761 5446 3079 5535 dicebatur,
3105 5454 3244 5535 quia
3264 5446 3442 5535 abin-

40 5523 153 5609 έιρὴι,
178 5523 294 5592 ἐκ.
324 5537 464 5609 Vet.
500 5551 569 5592 ac
592 5523 1291 5609 'mss.galiquot,'qsina1‘n
1321 5523 1585 5609 suam,_e't
1611 5535 1687 5588 ci-
1796 5523 2401 5609 feriorib‘us:partibus
2432 5523 2792 5582 attolleretur
2819 5524 2890 5581 ad
2922 5523 3274 5598 superiores,
3322 5532 3443 5584 ἀπὸ-

41 5595 204 5680 ιίεξιὶηι
230 5608 484 5679 pullum,
541 5611 649 5680 etc.
700 5606 813 5665 Alii
859 5595 1350 5680 nissfplureset
1396 5595 1553 5661 melic

784 5608 813 5665 Li
859 5595 1005 5680 nise.
1028 5595 1242 5680 plures
1263 5609 1350 5680 _et
1396 5595 1689 5671 meliores,
1798 5600 1885 5651 τοῦ
1915 5595 2296 5650 ὰναὸάλλὶσθαι.

37 5673 247 5738 αιίηιιηῑ
266 5673 476 5755 suum,
503 5679 557 5739 et
580 5679 763 5740 cilicio
786 5673 1173 5758 pullum,'etc.
1212 5675 1382 5753 LXX,
1415 5683 1500 5738 τὸν
1527 5682 1693 5739 πῶλον

345 5806 624 5876 Ρλτιιοι..
668 5806 829 5873 XIV.

3050 5799 3127 5869 23
