3866 6212
444 307 565 384 vis

1902 313 1967 371 S.
2016 307 2415 377 AMBROSII.
2670 362 2683 367 -
2739 362 2743 365 .
3655 327 3735 385 716

448 458 621 497 uvam
652 442 818 513 dixit,
852 442 990 516 quia
1021 443 1171 499 sicut
1211 461 1319 499 uva
1360 444 1633 521 pependit
1663 445 1721 498 in
1752 443 1929 516 ligno.
1963 443 2089 515 ipse
2120 443 2177 511 Α
2206 447 2428 515 parata,
2462 459 2634 515 quam
2684 444 2937 516 periculo
2971 446 3233 516 obnoxia,
3264 453 3325 504 ut
3366 450 3411 505 si
3450 453 3537 524 qui
3573 458 3735 527 tempe-

449 536 539 586 est
568 531 725 599 vitis,
752 531 876 605 ipse
908 550 1034 587 uva.
1058 532 1207 588 Vitis
1236 532 1393 605 ligno
1425 533 1727 589 adhzcrens
1753 551 1765 587 :
1800 550 1928 599 uva,
1955 533 2092 603 quia

449 617 653 676 lancea
681 620 886 675 militis
916 625 1179 693 apertum
1213 620 1368 676 latus
1399 622 1594 677 emisit
1624 638 1837 694 aquam
1871 624 1926 675 et
1957 637 2089 675 san-

448 708 710 783 guinem.
745 709 838 765 Sic
866 710 1020 766 enim
1052 710 1195 765 dixit
1222 699 1476 767 Joannes
1511 711 1691 775 :Quia
1722 710 1893 765 exivit
1925 712 1994 763 de
2026 726 2091 762 eo

449 814 602 870 aqua
631 802 685 854 et
717 798 958 871 sanguis
991 800 1165 870 (Joan.
1199 816 1312 867 xxx,
1336 800 1449 869 34).
1473 802 1636 871 Aqua
1668 800 1736 854 ad
1773 798 2087 859 lavacrum,

446 887 689 960 sanguis
719 888 791 944 ad
822 887 1098 960 pretium.
1131 880 1297 960 Aqua
1328 906 1432 944 nos
1474 888 1677 954 abluit,
1710 887 1953 959 sanguis
1989 903 2090 940 nos

446 976 710 1032 redemit.

514 1067 605 1121 25.
629 1067 699 1121 Et
726 1064 855 1121 ideo
896 1066 979 1121 ait
1009 1066 1290 1139 propheta
1327 1084 1391 1120 :u
1427 1066 1649 1121 Hilares
1698 1063 1847 1119 oculi
1900 1064 2024 1133 ejus
2060 1079 2091 1116 a

444 1152 599 1219 vino,
622 1157 679 1208 et
706 1153 910 1210 dentes
940 1154 1325 1221 candidiores,
1352 1171 1531 1225 quam
1567 1153 1675 1221 lac,
1702 1177 1727 1200 η
1753 1153 2089 1225 significans

446 1242 760 1315 prophetas
790 1247 846 1298 et
875 1243 1186 1316 apostolos.
1211 1242 1318 1298 Alii
1343 1244 1497 1298 enim
1534 1243 1683 1298 sicut
1705 1241 1853 1295 oculi
1877 1240 2087 1295 Christi

447 1332 836 1403 praeviderunt
867 1337 922 1386 et
953 1333 1446 1387 annuntiaverunt
1487 1333 1615 1402 ejus
1660 1332 1994 1395 adventum,
2022 1329 2089 1383 dc

446 1420 663 1492 quibus
692 1422 816 1492 ipse
843 1421 983 1475 dicit
1016 1437 1026 1473 :
1055 1445 1081 1468 ‹‹
1110 1420 1399 1475 Abraham
1435 1421 1586 1474 diem
1620 1436 1814 1479 meum
1848 1418 2009 1484 vidit,
2034 1421 2089 1472 et

445 1510 683 1583 gavisus
729 1510 815 1564 est
847 1512 1020 1577 (Joan.
1047 1527 1163 1574 \‘ltl,
1187 1511 1299 1580 50);
1329 1533 1353 1556 υ
1378 1511 1444 1564 Et
1476 1526 1630 1563 unus
1676 1509 1747 1563 de
1794 1507 2087 1578 prophetis

444 1598 584 1654 dicit
614 1615 627 1653 :
655 1622 680 1647 ‹‹
714 1594 845 1651 Vidi
879 1598 1195 1653 Dominum
1226 1584 1475 1653 Sabaoth
1498 1600 1622 1665 (13a.
1646 1615 1719 1663 v1,
1750 1598 1799 1668 1)
1825 1613 1836 1649 :
1862 1618 1886 1647 υ
1916 1611 2087 1666 quem

442 1688 706 1743 videntes
737 1686 984 1760 spiritali
1035 1684 1885 1759 laetitiacomplebantur..Alii
1933 1700 2084 1750 vero,

443 1777 554 1831 hoc
582 1780 674 1832 est
703 1775 971 1849 apostoli,
996 1792 1142 1848 quos
1173 1775 1457 1831 Dominus
1500 1777 1573 1830 ab
1622 1774 1779 1830 omni
1823 1776 2084 1845 peccato-
2119 1809 2166 1874 B

444 1882 572 1920 rum
625 1864 756 1921 labe
804 1864 1331 1937 mundavit,supcr
1388 1864 1473 1919 lac
1531 1863 1899 1919 candidiores
1952 1861 2083 1916 facti

441 1959 603 2023 sunt,
635 1970 781 2026 quos
829 1953 1058 2009 macula
1101 1953 1263 2008 nulla
1310 1958 1513 2026 postea
1559 1952 1827 2007 t‘uscavit.
1858 1951 2103 2006 Etenim

440 2042 529 2098 lac
557 2042 883 2116 temporale
904 2048 1011 2111 est,
1036 2042 1226 2114 gratia
1268 2048 1463 2097 autem
1515 2039 1911 2113 apostolorum
1958 2056 2087 2110 per-

441 2136 617 2204 petua
660 2120 877 2201 manet,
904 2131 1004 2203 qui
1038 2130 1204 2185 nobis
1236 2130 1520 2202 spiritalia
1567 2129 1666 2183 illa
1715 2133 1887 2200 atque
1921 2127 2085 2181 cocle-

440 2220 556 2276 stia
584 2221 960 2275 conﬁcientes
1003 2218 1299 2285 alimenta,
1337 2219 1548 2273 mentis
1599 2218 1837 2271 interna:
1868 2217 2087 2271 viscera

442 2309 806 2382 saginarunt.
841 2310 990 2364 Sunt
1022 2308 1164 2364 521
1202 2309 1376 2363 etiam
1410 2307 1506 2378 qui
1552 2308 1822 2361 mandata
1859 2306 2084 2361 Domini

442 2398 657 2469 lucida,
690 2414 815 2470 qua:
864 2396 1056 2451 divino
1088 2413 1184 2452 ore
1233 2397 1573 2468 deprompta
1606 2401 1763 2462 sunt,
1800 2396 1953 2449 sicut
2000 2396 2087 2449 lac

442 2487 613 2544 nobis
646 2488 794 2543 facta
819 2486 1192 2550 arbitrentur,
1216 2485 1433 2556 quibus
1465 2484 1667 2539 nutriti
1693 2485 1761 2538 ad
1788 2484 1955 2555 panis
1979 2500 2085 2538 co:-

440 2577 606 2633 lestis
636 2576 1007 2649 pervenimus
1040 2573 1397 2630 a’imoniam.
1427 2567 1587 2628 Unde
1619 2560 1923 2628 ethaulus
1955 2574 2036 2627 ait
2071 2591 2083 2628 :

442 2666 485 2717 α’
506 2667 616 2722 Izac
644 2654 809 2721 vobis
835 2669 1036 2737 potum
1060 2664 1214 2731 dedi,
1239 2680 1351 2717 non
1376 2679 1600 2731 escam;
1636 2663 1895 2717 nondum
1929 2661 2085 2716 enim

440 2740 721 2827 poteratis
749 2744 798 2822 (Ι
824 2754 944 2809 Cor.
977 2740 1062 2821 in,
1089 2752 1166 2821 2).
1198 2775 1222 2800 ι»
1257 2751 1583 2807 Corinthios
1615 2751 1675 2805 in
1708 2749 1994 2823 principio
2026 2750 2087 2804 ﬁ-

442 2843 535 2898 dei
567 2846 706 2914 potu
738 2841 905 2895 lactis
947 2840 1181 2895 imbuit.
1216 2842 1282 2894 Et
1314 2840 1493 2895 sancti
1542 2839 1626 2893 illi
1660 2856 1905 2910 quorum
1942 2840 2086 2893 ﬁdes

443 2930 828 2987 annuntiatur
848 2930 904 2984 in
929 2929 1198 2984 universo
1222 2930 1460 2995 mundo,
1486 2933 1764 2999 tanquam
1791 2927 2084 2998 ablactati,

442 3035 576 3076 esca
604 3017 878 3075 solidiore
910 3018 1236 3073 ﬁrmantur.

1101 3150 1330 3205 CAPUT
1367 3151 1433 3205 V.

438 3241 822 3299 Benedictione
850 3240 1092 3295 Zabulon
1114 3240 1422 3365 έίσίξιθδίαζη
1466 3242 1626 3309 atque
1666 3239 1781 3310 ejus
1809 3239 2087 3310 principes

1150 3328 1411 3365 estanarz.

1150 3328 1411 3382 eszgnarz.

507 3429 596 3485 26.
630 3450 659 3478 «
689 3428 946 3484 Zabulon
983 3428 1152 3496 juxta
1185 3443 1345 3481 mare
1395 3426 1698 3481 habitabit.
1733 3426 1801 3480 Et
1834 3426 1957 3496 ipse
1990 3443 2082 3480 se-

436 3532 543 3571 cus
572 3531 842 3571 accessus
875 3516 1131 3582 navium,
1156 3521 1211 3570 et
1253 3515 1567 3586 pertendet.
1588 3515 1878 3585 usquead
1911 3514 2082 3569 Sido-

435 3621 571 3660 nem
599 3602 751 3673 (Gen.
803 3620 953 3670 xux,
1002 3605 1109 3674 13).
1138 3628 1164 3653 υ
1196 3608 1331 3675 Ipsa
1380 3602 1637 3657 nominis
1682 3601 2081 3671 interpretatio

432 3692 679 3749 meliora
720 3692 1029 3764 promittit,
1052 3708 1117 3746 eo
1151 3693 1305 3762 quod
1360 3689 1563 3745 Latina
1609 3690 1905 3761 expressio
1940 3689 2079 3744 libe-

432 3781 721 3837 rationem
763 3779 1053 3853 signib‘cet
1100 3798 1134 3833 a
1181 3778 1502 3843 nocturnis,
1536 3779 1688 3857 quod
1740 3782 1828 3834 est
1879 3779 2081 3850 utique

430 3872 675 3936 bonum,
701 3874 759 3925 et
789 3870 916 3940 ejus
946 3870 1048 3940 qui
1075 3874 1269 3939 sperat
1300 3868 1357 3922 in
1391 3867 1598 3939 pennis
1629 3867 1881 3934 Domini,
1906 3884 2080 3938 quem

433 3959 762 4015 circumdat
789 3958 1001 4013 veritas
1032 3958 1181 4027 ejus,
1216 3973 1285 4011 ne
1314 3957 1519 4011 timeat
1548 3973 1581 4010 a
1606 3956 1814 4011 timore
1846 3962 2080 4011 noctur-

432 4064 531 4114 no,
561 4053 621 4103 et
649 4064 684 4102 a
715 4046 943 4119 negotio
974 4043 1419 4117 perambulante
1448 4045 1506 4099 in
1536 4042 1807 4099 tenebris.

501 4137 592 4191 27.
626 4135 729 4191 Hic
760 4151 896 4206 ergo
917 4156 945 4186 «
975 4133 1230 4189 Zabulon
1254 4135 1424 4205 juxta
1456 4150 1635 4199 mare,
1670 4133 1881 4203 inquit,
1913 4133 2077 4187 babi-

431 4224 609 4293 tabit;
636 4248 664 4275 ››
698 4228 763 4279 ut
787 4224 979 4279 videat
1007 4222 1256 4278 aliorum
1289 4221 1616 4294 naufragia,
1641 4221 1767 4293 ipse
1796 4222 2079 4276 immunis

433 4313 699 4386 periculi,
731 4318 789 4368 et
826 4317 1049 4383 spectet
1086 4311 1231 4367 alios
1261 4311 1611 4366 ﬂuctuantes
1645 4310 1701 4363 in
1734 4310 1875 4364 freto
1908 4310 2078 4365 istius

433 4400 659 4467 mundi,
692 4400 793 4472 qui
840 4400 1327 4455 circumferantur
1356 4399 1516 4454 omni
1559 4404 1729 4453 vento
1776 4398 2072 4462 doctrinas,

431 4490 559 4562 ipse
590 4489 724 4544 ﬁdei
755 4488 948 4543 radice
991 4487 1307 4543 immobilis
1356 4503 1752 4558 perseverans,
1786 4487 1939 4541 sicut
1986 4491 2076 4542 est

432 4581 806 4633 sacrosancta
826 4576 1079 4631 Ecclesia
1113 4575 1366 4631 radicula
1390 4581 1564 4645 atque
1586 4575 1828 4629 fundata
1856 4574 1915 4629 in
1939 4575 2072 4640 fide,

431 4671 703 4735 spectans
724 4664 1123 4719 haereticorum
1146 4662 1428 4735 procellas
1449 4668 1506 4718 et
1527 4662 1831 4733 naufragia
1848 4663 1879 4716 J
1890 4664 2075 4719 udae-

431 4771 596 4820 rum,
655 4756 932 4825 quoniam
990 4752 1437 4824 gubernatorem
1489 4766 1663 4821 quem
1723 4750 2070 4817 habuerant,

430 4845 815 4916 abnegarunt.
848 4841 1014 4896 Circa
1055 4840 1265 4895 ﬂuctus
1312 4840 1492 4912 igitur
1539 4838 1782 4906 habitat,
1818 4856 1932 4894 non
1965 4840 2071 4895 ﬂu-

429 4934 623 4990 ctibus
669 4936 1089 4997 commovetur,
1142 4928 1445 5001 magisque
1492 4927 1564 4983 ad
1611 4927 2073 4984 subveniendum

500 5046 612 5115 (14)
644 5045 797 5101 Edit.
823 5044 1118 5099 nonnullas
1164 5043 1527 5115 Paris.,sieut
1556 5043 1706 5097 docet
1736 5046 2071 5114 septuagesi-

424 5136 549 5174 mus
579 5114 858 5180 Psalmus,
910 5117 1136 5179 ultima,
1168 5118 1304 5170 sicut
1348 5114 1498 5169 docet
1546 5117 1809 5169 Psalmus.
1844 5118 1919 5169 At
1962 5125 2071 5170 vet.

426 5191 591 5255 edit.,
622 5191 765 5244 sicut
804 5189 951 5243 docet
994 5188 1482 5258 quinquagesima;
1521 5188 1781 5256 septi-mus
1828 5186 2074 5241 decimus

424 5262 695 5317 Psalmus.
747 5259 931 5322 Quam
984 5256 1326 5313 numerandi
1380 5256 1664 5311 rationem
1724 5273 1837 5310 non
1902 5274 2072 5312 nemo

426 5332 561 5386 hinc
592 5337 779 5383 ortam
814 5334 998 5400 putat,
1033 5329 1185 5400 quod
1218 5327 1428 5400 Psalmi
1471 5328 1529 5382 in
1565 5329 2074 5400 trequuinquage-

424 5417 532 5457 nus
590 5398 1007 5467 dividerentur,
1037 5398 1091 5454 et
1139 5406 1270 5471 post
1318 5399 1569 5471 primam
1597 5398 2074 5470 quinquagenam

426 5475 739 5542 sequentes
798 5470 1248 5526 numerarentur
1293 5470 1350 5523 in
1401 5470 1558 5524 hunc
1607 5471 1867 5532 modum,
1920 5472 2067 5525 Psal.

423 5543 923 5617 quiuqquesimus
938 5543 1196 5617 decimus,
1230 5542 1712 5617 quieqaagesimus
1735 5543 2022 5596 vicesimus
2053 5558 2072 5594 :

424 5610 479 5671 ét
510 5614 559 5667 si
580 5610 708 5665 icde
736 5613 979 5667 caeteris.
1002 5613 1118 5667 Nos
1135 5610 1269 5668 vero
1290 5610 1643 5665 arbitramur
1661 5628 1913 5667 errorem
1945 5627 2073 5667 esse

421 5686 485 5752 in
515 5686 641 5743 ant.
668 5681 807 5743 edit.
830 5698 965 5744 cum
988 5684 1046 5741 in
1062 5681 1336 5741 omnibus
1356 5698 1500 5741 mss.
1524 5680 1736 5741 litteris
1757 5682 2072 5747 numericis

2205 534 2456 587 statibus
2489 534 2597 588 acti
2633 534 2904 605 gravibus
2935 535 3243 609 confugere
3272 539 3337 593 ad
3367 546 3566 610 portum
3592 542 3738 614 velint,

2205 626 2414 692 praesto
2447 621 2521 675 sit
2552 622 2807 677 Ecclesia
2855 628 3136 695 tanquam
3194 632 3383 697 portus
3435 629 3625 700 salutis,
3651 648 3739 703 qua

2202 711 2473 781 expansis
2507 710 2760 766 brachiis
2810 712 2865 765 in
2916 713 3202 783 gremium
3235 715 3624 787 tranquillitatis
3659 736 3741 775 sua

2202 803 2365 852 vnret
2413 798 2826 870 periclitantes,
2877 800 3071 856 locum
3130 802 3253 857 {idae
3312 805 3556 860 stationis
3601 812 3740 862 osten-

2202 887 2363 941 dens.
2397 887 2665 943 Ecclesiae
2705 888 2884 960 igitur
2915 890 2971 943 in
3007 890 3115 945 hoc
3143 890 3346 947 saeculo
3372 897 3614 964 tanquam
3651 912 3742 965 por-

2202 979 2297 1029 tus
2326 976 2599 1030 maritimi
2636 993 2735 1047 per
2776 977 2975 1032 littora
3005 978 3199 1034 diti‘usi
3234 986 3521 1036 occurrunt
3542 982 3744 1037 labem-

2202 1062 2378 1129 tibus,
2413 1065 2670 1119 dicentes
2702 1080 2829 1119 esse
2861 1067 3233 1122 credentibus
3280 1068 3541 1141 refugium
3581 1087 3745 1142 prepa-

2202 1156 2350 1216 tum,
2384 1169 2497 1223 quo
2535 1152 2722 1207 ventis
2756 1158 3034 1224 quassata
3076 1155 3303 1227 navigia
3345 1156 3548 1229 possint
3582 1158 3745 1213 subduc

2201 1257 2347 1295 CBPP.

2270 1331 2358 1383 28.
2393 1329 2450 1389 ln
2502 1329 2591 1384 his
2641 1330 2915 1385 Ecclesiis
2961 1340 3099 1387 sunt
3144 1332 3424 1405 principes
3472 1333 3681 1388 Zabulon
3711 1336 3749 1385 et

2203 1418 2492 1489 principes
2543 1419 2895 1489 Nephtalim,
2939 1420 3090 1475 sicut
3143 1423 3309 1477 docet
3363 1438 3496 1476 vau
3546 1420 3749 1475 Psalmus

2200 1508 2332 1573 (14),
2367 1524 2615 1578 quorum
2669 1508 2763 1563 alii
2819 1508 3157 1565 liberatores
3214 1516 3349 1566 sunt
3404 1528 3435 1565 a
3483 1512 3751 1580 tempestate
3810 1526 3811 1579 j

2201 1600 2501 1649 nocturna.
2543 1596 2863 1652 clamantes
2900 1616 2949 1652 ;‹‹
2980 1599 3338 1670 Abjieiamus
3375 1615 3498 1672 ergo
3533 1614 3674 1669 opera
3694 1600 3749 1651 te-
3810 1588 3811 1647 ἶ

2201 1687 2534 1745 ncbrarum.
2564 1690 2617 1740 ct
2640 1686 2958 1741 induamur
2980 1704 3140 1742 arma
3160 1687 3309 1744 lucis
3331 1690 3491 1759 (θοίνη.
3512 1703 3615 1749 xm,
3637 1684 3751 1754 12):»

2201 1773 2295 1828 alii
2332 1774 2817 1845 suntihtitudinis
2847 1774 3197 1847 apostolicae,
3223 1778 3319 1849 qui
3346 1779 3570 1848 possunt
3586 1774 3751 1828 dicere:
3810 1808 3811 1815 η

2201 1886 2227 1911 α
2250 1864 2324 1915 ns
2358 1868 2617 1917 nostrum
2644 1868 2799 1934 patet
2830 1864 2897 1917 ad
2922 1880 3046 1934 vos,
3070 1881 3101 1917 ο
3124 1864 3423 1931 Corinthii,
3446 1880 3535 1919 cor
3555 1865 3753 1918 nostrum

2197 1950 2503 2007 dilatatum
2556 1957 2641 2006 cst
2685 1953 2757 2022 (Il
2788 1954 2907 2007 Cor.
2940 1970 3017 2021 γι,
3055 1955 3163 2020 11).
3192 1975 3217 2002 ››
3255 1953 3364 2025 Ipsi
3408 1955 3533 2007 sunt
3573 1950 3650 2005 isti
3687 1947 3754 2019 qui
3810 1998 3811 2003 η

2196 2057 2324 2094 eun~
2362 2047 2560 2094 essent
2608 2040 2662 2094 in
2698 2042 2973 2103 tenebris,
3008 2041 3195 2097 lucem
3230 2042 3485 2096 viderunt
3527 2053 3752 2111 magnam,

2197 2130 2347 2183 sicut
2397 2129 2674 2200 propheta
2720 2134 2968 2183 testatur
2997 2131 3196 2186 dicens
3231 2148 3299 2185 τι(
3334 2129 3497 2201 Regio
3541 2126 3753 2187 Zabulon.

2197 2222 2252 2273 et
2284 2219 2439 2289 regio
2472 2218 2965 2288 Nephtha!im,via
2997 2220 3174 2273 maris
3208 2224 3371 2273 trans
3394 2217 3661 2272 Jordanem
3685 2228 3754 2285 pc-

2199 2307 2372 2378 pulus
2428 2307 2527 2377 qui
2586 2308 2821 2362 sedebat
2884 2308 2941 2361 in
3001 2308 3283 2373 tenebris,
3324 2307 3571 2362 viderunt
3615 2304 3752 2357 lucem

2200 2408 2472 2467 magnam
2509 2413 2519 2450 :
2558 2394 2655 2467 qui
2694 2396 2972 2450 sedebant
3002 2396 3059 2450 in
3094 2395 3328 2468 regione
3360 2395 3558 2450 umbras
3586 2389 3751 2451 mortis,

2198 2485 2297 2539 lux
2331 2490 2456 2538 orta
2486 2490 2571 2540 est
2604 2485 2688 2539 eis
2722 2487 2845 2555 (LW.
2881 2502 2954 2551 Ix,
2991 2487 3039 2551 1,
3067 2487 3144 2552 2).
3174 2508 3200 2533 υ

2269 2574 2355 2627 29.
2392 2573 2797 2645 Erplnratores
2841 2572 3019 2646 igitur
3066 2590 3235 2629 secus
3287 2587 3541 2628 accessus
3582 2565 3752 2621 navium

2197 2662 2393 2733 posuit
2426 2662 2705 2716 Dominus
2740 2662 2890 2717 Deus
2921 2666 3120 2718 noster
3148 2661 3486 2735 patriarchae
3514 2657 3659 2728 hujus
3682 2652 3755 2705 he-

2197 2750 2383 2811 redes,
2428 2751 2596 2820 cujus
2645 2767 2785 2804 cura
2832 2751 3071 2823 pergivil
3116 2756 3171 2805 et
3216 2749 3493 2823 spiritalis
3537 2738 3752 2800 successio

2199 2839 2487 2910 pertendit
2524 2840 2722 2910 'usque
2772 2840 2841 2893 ad
2894 2841 3189 2910 Sidonem,
3226 2840 3340 2895 hoc
3386 2842 3487 2903 est,
3525 2846 3674 2904 usque
3708 2826 3753 2881 ad

2196 2932 2397 2999 gentes
2446 2927 2726 2998 pervenit,
2769 2932 2832 2981 ut
2880 2928 3110 2983 Domini
3161 2925 3549 2985 misericordia
3589 2919 3754 2993 peccata
3810 2944 3811 2951 ι

2197 3014 2396 3071 abluat
2444 3016 2747 3070 nationum
2781 3016 2912 3087 (15).
2947 3016 3123 3071 Sidon
3172 3018 3332 3071 enim
3378 3010 3666 3086 primitivus
3698 3006 3755 3059 est

2199 3104 2355 3158 ﬁlius
2377 3105 2580 3172 Cham,
2599 3103 2762 3159 illius
2785 3105 2981 3176 utique
3006 3104 3125 3176 qui,
3147 3109 3384 3177 propter
3408 3094 3752 3158 irreverentiam

2118 3170 2159 3235 (ἶ
2202 3193 2352 3250 522
2385 3170 2635 3266 paterna:
2685 3170 3369 3265 pietatis,malcdictione
3415 3180 3756 3247 damnatusest

2196 3283 2397 3355 patris.
2433 3284 2579 3353 Ergo
2638 3280 2905 3337 liberatio
2949 3286 3236 3336 nocturna
3288 3287 3550 3352 tanquam
3604 3275 3646 3328 in
3691 3285 3753 3322 ex-

2194 3372 2381 3427 cubiis
2450 3372 2639 3442 posita
2704 3369 3124 3443 propugnaculi
3193 3368 3503 3442 spiritalis,
3557 3380 3615 3420 ne
3666 3356 3755 3430 quis

2193 3460 2465 3531 scopulos
2514 3460 2639 3515 vita:
2688 3459 2866 3531 hujus
2914 3460 3099 3531 possit
3144 3458 3400 3516 incidere
3429 3457 3551 3527 (16),
3587 3453 3755 3524 perten-

2191 3550 2278 3604 dit
2307 3566 2495 3620 usque
2542 3549 2614 3604 ad
2670 3548 3149 3621 graviSsimorum
3199 3548 3510 3603 criminum
3560 3540 3756 3614 peccato-
3810 3550 3811 3611 ξ

2192 3654 2306 3705 res,
2369 3642 2423 3690 et
2476 3637 2748 3691 Sidonios
2815 3635 2994 3707 ipsos.
3053 3636 3153 3707 qui
3220 3642 3358 3691 ante
3420 3625 3758 3705 superstitione
3810 3676 3811 3707 ἦ

2189 3726 2518 3780 vehementi
2558 3730 2863 3779 venatores
2896 3723 3182 3780 scelerum
3214 3719 3685 3795 nuncupabatur.
3708 3712 3759 3769 εἴη

2191 3820 2254 3869 ut
2310 3806 2725 3885 interpretatio.
2765 3815 2963 3881 docet,
3018 3813 3207 3869 soluta
3268 3813 3587 3868 haereditate
3635 3799 3761 3885 male-

2190 3904 2350 3969 dicti,
2400 3884 2729 3975 donataque
2789 3902 3123 3958 bacreditate
3170 3898 3582 3958 benedictionis
3623 3884 3761 3975 absol-

2187 3991 2296 4057 vit;
2330 3995 2397 4047 ut
2427 3992 2525 4045 ubi
2558 3992 2746 4063 major
2785 3996 2984 4047 reatus
3013 3991 3266 4060 erat,ubi
3300 4006 3455 4047 nunc
3501 3981 3694 4042 uberior
3715 3973 3762 4029 sit

2188 4082 2394 4154 gratia.

2698 4170 2699 4173 “
2828 4168 3061 4224 CAPUT
3100 4168 3193 4224 VI.

2258 4240 2332 4294 De
2362 4238 3023 4313 benedictioneﬁlssachar,
3055 4256 3174 4310 qum
3200 4242 3429 4313 mystice
3457 4237 3518 4291 de
3545 4231 3717 4288 Christo

2718 4312 2942 4365 Domino
2982 4312 3301 4382 exponitur.

2254 4400 2343 4455 30.
2377 4422 2405 4449 ‹‹
2459 4397 2725 4453 lssacbar
2781 4399 3000 4454 bonum
3058 4401 3413 4472 concupivit,
3461 4392 3764 4466 requiescens

2185 4489 2333 4543 inter
2362 4488 2586 4542 medias
2628 4493 2838 4551 sortes,
2866 4493 2922 4541 et
2960 4488 3165 4544 videns
3213 4488 3478 4560 requiem
3509 4480 3633 4554 quia
3658 4475 3765 4529 bona

2181 4579 2289 4639 est,
2313 4581 2371 4630 et
2401 4580 2617 4630 terram
2662 4575 2804 4646 quia
2854 4574 3473 4648 pinguis:supposuit
3516 4571 3765 4625 humerum

2182 4680 2357 4720 suum
2380 4664 2452 4719 ad
2474 4663 2883 4728 laborandum,
2901 4668 2958 4718 et
2980 4664 3169 4720 factus
3189 4668 3279 4719 est
3298 4665 3388 4718 vir
3407 4655 3638 4733 agricola
3655 4651 3763 4719 (ϐεη-

2180 4740 2329 4817 Xle,
2357 4753 2442 4817 14,
2472 4752 2578 4823 15).
2606 4773 2633 4801 ››
2661 4751 2931 4807 lssacbar
2970 4768 3192 4807 merces
3241 4751 3475 4816 dicitur,
3497 4754 3552 4803 et
3578 4743 3683 4799 ideo
3706 4750 3767 4823 re:

2182 4843 2365 4898 fertur
2408 4840 2478 4895 ad
2511 4818 2826 4907 Christum,
2853 4840 2955 4912 qui
3002 4846 3092 4896 est
3138 4856 3364 4895 merces
3414 4840 3625 4897 nostra;
3653 4818 3765 4895 quad

2181 4947 2314 4986 eum
2346 4928 2513 4983 nobis
2545 4928 2615 4982 ad
2650 4944 2815 4999 spem
2861 4928 3071 4984 salutis
3102 4933 3328 4984 aeterna
3371 4942 3487 4982 non
3517 4934 3658 4981 auro,
3684 4924 3765 4967 I10n

2183 5044 2263 5099 ita
2294 5043 2653 5111 designetur,
2691 5060 2837 5097 LXVII
2867 5045 2957 5099 Ps.
3718 5093 3737 5111 τ

2254 5093 2559 5185 [ΝῘέέί
2572 5093 2839 5184 non—pan
2847 5093 2933 5179 ei;
2947 5093 3167 5185 peccata
3194 5115 3392 5169 allevet
3421 5111 3705 5185 nationum-7
3715 5093 3765 5185 Ei

2225 5172 2359 5240 aulo
2378 5190 2509 5256 post
2534 5184 2631 5238 ubi
2656 5172 2860 5239 omnes
2884 5172 3025 5240 mss.
3051 5203 3117 5241 ac
3139 5192 3251 5241 vet.
3273 5185 3442 5249 edit.,
3461 5182 3601 5256 filius
3621 5172 3761 5256 City}:

2234 5274 2349 5311 om.
2379 5240 2730 5323 emendavit,
2763 5240 3081 5311 Bibliorum
3100 5240 3479 5320 auctoritate,
3502 5250 3636 5322 [ilius
3651 5240 3759 5323 Et)“:

2180 5345 2348 5382 ηαίιη.
2374 5328 2481 5399 Sed
2517 5311 3057 5399 potuit'exemplari
3092 5329 3148 5382 in
3181 5311 3294 5399 quo
3339 5311 3605 5399 paterno

2182 5345 2348 5382 ηαίιη.
2374 5344 2481 5380 δρα
2517 5344 2699 5397 potuit
2744 5344 3057 5396 exemplari
3092 5346 3148 5382 in
3181 5344 3294 5399 quo
3380 5344 3503 5380 ater
3545 5344 3605 5375 ac
3647 5344 3761 5391 ιιειιτυ

2182 5399 2362 5454 Cbam
2393 5398 2723 5452 dicerentur
2748 5398 3091 5454 Ambrosius
3122 5400 3224 5465 uti,
3264 5344 3540 5468 verquod
3566 5382 3761 5444 credibi-

2181 5470 2296 5524 lius
2326 5473 2436 5531 est,
2467 5485 2659 5523 errare
2688 5468 2912 5524 calamo
2946 5469 3238 5526 librarius.

2253 5542 2373 5613 (16),
2396 5524 2486 5613 Sic
2538 5556 2679 5596 mss.
2715 5556 2938 5609 omnes,
2973 5524 3271 5613 atiicontra
3320 5539 3483 5613 edit.,
3507 5524 3758 5613 _Scoptdff“

2182 5605 2311 5698 vita:
2347 5605 2517 5687 'hujus
2566 5613 2765 5670 itinera
2791 5605 2982 5689 possit,
3011 5612 3162 5685 Vet.,
3196 5610 3462 5678 incedere,
3507 5605 3755 5665 Βοωοιιπ·
