3866 6212
89 352 171 407 "il?

780 340 1009 401 LIBER
1054 339 1155 399 nn
1199 310 1909 399 Bennnicriomnns
1957 336 2663 400 PATRIARCHARUM.

3286 332 3403 395 718

90 483 291 552 argento,
320 475 407 533 sed
436 474 543 529 tide
573 476 630 529 et
659 470 958 527 devotione
990 485 1335 525 mercemur.
1384 469 1545 525 Unde
1593 474 1650 524 et
1679 473 1731 537 Α
1764 486 1918 536 sum,
1953 474 2017 524 ut
2046 487 2078 524 a
2118 469 2519 541 superioribus
2544 470 2613 524 ad
2655 468 2848 540 priora
2898 484 2959 523 se
3004 470 3338 539 extendens,
3374 491 3408 529 a

88 567 221 625 David
245 566 306 620 de
341 565 456 636 ipso
510 561 685 617 dicit:
748 582 776 611 ‹‹
837 560 979 615 Ecce
1031 558 1340 614 haereditas
1398 557 1649 619 Domini,

90 656 164 712 ﬁlii
188 670 393 721 merces,
425 652 646 707 fructus
665 648 883 706 ventris
914 648 1086 717 (Psal.
1137 662 1325 712 cxxvr,
1375 647 1450 717 3).
1501 667 1529 695 ››
1585 647 1655 700 Et

89 746 260 816 Moyses
285 743 348 797 de
373 757 434 797 eo
464 738 640 795 dicit:
675 762 703 788 ‹‹
750 737 970 793 Merces
1019 735 1172 791 circa
1220 751 1380 791 mare
1424 733 1653 789 inhabi-

89 832 280 888 tantium
306 831 468 899 (Deut.
498 844 698 896 xxvm,
728 826 839 897 19).
879 848 906 874 n
965 824 1069 879 Hic
1129 827 1219 878 est
1277 823 1374 894 qui
1434 823 1655 878 bonum

85 918 348 992 concupivit
374 918 441 973 ab
470 916 656 981 initio,
689 920 746 971 et
803 914 957 986 quod
1010 912 1231 967 malum
1281 915 1390 977 est,
1422 911 1655 966 deside-

88 1025 177 1064 rare
200 1007 426 1063 nescivit.
460 1005 538 1061 De
570 1021 686 1076 quo
717 1008 774 1059 et
818 1002 999 1058 Isaias
1056 1001 1173 1056 ait:
1229 1024 1255 1050 ‹‹
1302 999 1654 1071 Priusquam

87 1098 193 1153 sciat
216 1112 343 1168 puer
367 1110 564 1150 vocare
594 1097 818 1165 patrem
857 1094 958 1145 aut
989 1094 1259 1154 matrem,
1312 1105 1426 1142 non
1471 1085 1654 1143 credi-

86 1186 145 1239 dit
166 1183 384 1249 malitize,
415 1182 633 1256 eligens
661 1181 817 1253 quod
848 1179 1066 1234 bonum
1100 1181 1189 1232 est
1219 1177 1345 1248 (Isa.
1378 1193 1500 1241 VIII,
1535 1175 1653 1245 4).»

85 1273 321 1344 Requievit
349 1270 492 1326 inter
519 1274 707 1326 sortes
744 1268 973 1324 Veteris
1018 1270 1075 1321 et
1110 1264 1251 1321 Novi
1296 1263 1658 1336 testamenti,

83 1364 145 1417 vel
165 1364 208 1415 in
236 1360 407 1416 medio
438 1358 877 1432 prophetarum.
922 1356 1175 1426 Ideoque
1220 1353 1373 1409 inter
1419 1353 1654 1424 Moysen

80 1454 119 1504 et
157 1448 312 1505 Eliam
367 1448 592 1503 medius
651 1445 939 1519 apparuit,
1000 1448 1066 1498 ut
1112 1443 1441 1497 ostenderet
1488 1440 1657 1496 nobis

84 1539 274 1609 quodin
303 1554 493 1594 eorum
540 1534 912 1592 sermonibus
959 1533 1219 1604 requiem
1273 1531 1506 1594 habeat,
1554 1546 1658 1601 per

80 1643 190 1698 quos
227 1625 465 1699 plerique
524 1624 779 1697 peccatis
839 1622 1244 1678 renuntiantes
1296 1620 1540 1674 credunt
1594 1617 1653 1672 in

80 1714 215 1769 Deum
240 1717 414 1769 vivum
448 1732 461 1768 :
496 1714 581 1770 vel
611 1713 762 1785 quod
808 1711 920 1785 ipsi
978 1711 1096 1766 sint
1146 1714 1325 1765 testes
1373 1723 1658 1763 resurrec-

82 1802 211 1859 tionis
235 1805 350 1874 ejus
376 1808 431 1858 et
461 1803 641 1857 beatae
675 1800 910 1874 quietis.

126 1892 194 1945 31.
224 1891 403 1963 Itaque
431 1896 496 1947 ut
527 1891 596 1945 ad
635 1888 1079 1946 resurrectionis
1112 1904 1229 1942 suae
1260 1887 1505 1958 gratiam
1550 1900 1652 1939 vo-

79 1984 193 2033 caret
215 1984 397 2051 gentes
417 1979 569 2051 (ipsa
598 1982 686 2033 est
707 1977 862 2032 enim
892 1975 1128 2049 pinguis
1160 1979 1214 2030 et
1244 1972 1450 2029 fertilis
1474 1977 1651 2038 terra,

76 2084 166 2137 qua:
193 2068 390 2123 fructus
432 2070 668 2141 generat
717 2070 981 2133 aeternos,
1032 2066 1258 2119 fructus
1305 2062 1652 2118 centesimos

76 2161 114 2209 et
136 2156 531 2229 sexagesimos),
566 2153 815 2225 subjecit
847 2154 1156 2208 humerum
1193 2168 1363 2205 suum
1398 2150 1468 2204 ad
1498 2149 1654 2203 labo-

77 2245 288 2316 randum,
334 2244 651 2315 subjiciens
706 2259 767 2297 se
825 2241 1004 2304 cruci,
1057 2246 1121 2295 ut
1179 2243 1380 2295 nostra
1417 2242 1655 2310 peccata

76 2338 293 2404 portaret.
324 2334 570 2406 Ideoque
607 2331 747 2387 dicit
778 2330 1092 2402 propheta:
1129 2352 1155 2378 ‹‹
1209 2328 1389 2396 Cuius
1438 2326 1653 2399 princi-

74 2422 192 2492 pium
220 2440 383 2495 super
411 2422 726 2477 humerum
760 2421 889 2492 ejus
923 2419 1045 2490 (Isa.
1082 2436 1157 2487 ix,
1191 2418 1265 2489 6).
1301 2439 1329 2468 »
1384 2417 1489 2470 hoc
1544 2419 1652 2484 est,

75 2526 204 2581 super
228 2512 472 2583 corporis
503 2509 839 2583 passionem
874 2506 1195 2563 divinitatis
1245 2509 1521 2577 potestas,
1564 2503 1652 2559 vel

74 2614 171 2653 crux
196 2600 621 2671 supereminens
654 2597 905 2670 corpori.
945 2595 1144 2651 Posuit
1175 2611 1309 2664 ergo
1340 2594 1653 2648 humerum

73 2686 355 2744 incumbens
385 2692 581 2743 aratro
612 2686 888 2743 omnibus
917 2682 1242 2739 subeundis
1286 2679 1655 2737 contumeliis

72 2774 262 2844 patiens,
292 2778 371 2833 ita
400 2777 703 2848 subjectus
733 2773 937 2839 labori,
972 2778 1035 2827 ut
1056 2772 1459 2826 vulneraretur
1488 2786 1657 2842 prop-

70 2867 127 2915 ter
170 2863 486 2937 iniquitates
543 2871 795 2929 nostras,
860 2867 917 2917 et
974 2861 1374 2915 inﬁrmaretur
1421 2861 1658 2929 prOpter

72 2957 248 3021 peccata
276 2960 488 3010 nostra.
517 2977 546 3002 ‹‹
572 2954 641 3008 Et
662 2953 852 3008 factus
874 2955 961 3006 est
993 2952 1077 3004 vir
1102 2948 1379 3022 agrigola,
1408 2970 1434 2994 υ
1460 2947 1654 3002 sciens

69 3044 226 3098 terram
256 3060 416 3099 suam
458 3043 614 3099 bono
646 3042 935 3097 seminare
977 3039 1290 3103 frumento,
1342 3049 1393 3092 et
1452 3034 1652 3090 fructi-

70 3127 176 3184 feras
202 3132 423 3188 arbores
454 3132 576 3188 alta
604 3128 795 3186 radice
826 3128 1107 3201 plantare.

640 3243 871 3300 CAPUT
909 3242 1025 3297 VII.

71 3335 122 3384 De
146 3333 485 3391 benedictione
512 3336 656 3398 Dan,
690 3347 815 3403 quae
843 3336 1093 3399 futurum
1121 3347 1200 3403 ex;
1219 3346 1280 3384 ea
1311 3330 1457 3384 tribu
1493 3328 1650 3384 Anti-

114 3404 343 3461 christam
367 3401 738 3478 pra’nunttat.
773 3404 1103 3478 Exhortatio
1133 3401 1202 3456 ad
1230 3403 1491 3456 vitiorum
1510 3415 1651 3478 som-

117 3491 225 3529 num
264 3470 653 3534 excutiendum
691 3476 1092 3545 subiungitur,-
1140 3482 1425 3544 postquam
1469 3470 1655 3526 eadem

116 3547 261 3601 tribus
282 3550 614 3621 praedicitm-
643 3548 712 3601 ad
736 3546 899 3616 ﬁdem
932 3561 1234 3601 accessura.

114 3659 185 3714 32.
218 3684 241 3711 ι(
264 3663 379 3719 Dan
405 3662 705 3736 judicabit
734 3659 1013 3733 populum
1047 3674 1220 3713 suum
1272 3661 1551 3729 tanquam
1602 3659 1659 3711 et

67 3760 153 3802 una
176 3751 351 3808 tribus
380 3751 586 3808 Israel.
618 3752 687 3806 Et
727 3751 913 3805 factus
969 3752 1056 3804 est
1101 3747 1222 3803 Dan
1269 3747 1378 3818 ipsi
1420 3762 1660 3818 serpens

68 3833 181 3892 528
206 3839 259 3894 in
287 3841 376 3896 via
404 3842 641 3909 sedens,
681 3842 739 3894 et
789 3838 846 3893 in
898 3837 1110 3893 semita
1158 3836 1431 3891 mordens
1474 3834 1659 3890 calca-

68 3937 200 3980 neum
237 3930 386 4001 equi,
426 3935 484 3986 et
550 3929 721 3984 cadet
774 3942 951 3999 eques
1009 3929 1359 3998 retrorsum.
1409 3922 1661 3978 salutem

65 4019 352 4085 exspectans
384 4036 417 4074 a
450 4015 698 4073 Domino
738 4015 889 4087 (Gen.
949 4031 1099 4080 xux,
1162 4013 1269 4083 16).
1327 4034 1354 4060 ››
1407 4010 1665 4081 Simplex

66 4100 252 4167 quidem
290 4105 624 4162 intellectus
682 4104 792 4159 hoc
839 4103 1037 4172 habet,
1093 4101 1249 4173 quod
1307 4101 1482 4155 etiam
1540 4099 1665 4154 Dan

65 4188 211 4247 tribus
231 4194 482 4265 judicem
514 4193 743 4263 dederit
773 4193 833 4247 in
875 4190 1068 4246 Israel.
1127 4189 1349 4245 Etenim
1396 4192 1526 4260 post
1569 4188 1665 4243 Je-

65 4289 165 4331 sum
188 4280 329 4339 Nave
348 4284 587 4355 judices
618 4282 857 4336 fuerunt
883 4278 1072 4352 plebis
1104 4278 1174 4333 de
1205 4277 1450 4332 diversis
1489 4276 1669 4331 tribu-

64 4361 161 4420 bus.
190 4368 307 4426 Fuit
336 4377 539 4430 autem
574 4375 630 4426 et
659 4374 908 4425 Samson
941 4368 1011 4424 de
1043 4366 1197 4422 tribu
1234 4368 1374 4431 Dan,
1411 4369 1467 4420 et
1505 4365 1668 4437 judi-

63 4454 180 4510 C‘Wlt
207 4458 369 4516 Israel
400 4459 613 4534 viginti
645 4457 836 4515 annis.
884 4457 995 4513 Sed
1055 4473 1168 4511 non
1218 4455 1373 4510 hunc
1423 4454 1670 4527 prophe~

66 4538 124 4595 tia
148 4544 440 4620 signiﬁcat,
476 4548 540 4605 at
565 4545 989 4604 Antichristum
1037 4544 1136 4617 qui
1196 4544 1429 4599 futurus
1470 4548 1559 4599 est
1604 4559 1672 4598 ex

65 4628 188 4686 tribu
232 4635 373 4706 Dan,
430 4654 623 4694 szevus
673 4635 874 4706 judex,
931 4638 988 4689 et
1042 4638 1328 4705 tyrannus
1370 4632 1668 4700 immanis,

67 4718 365 4787 "judicabit
397 4724 685 4800 populum
720 4739 915 4780 suum.
964 4723 1269 4794 Tanquam
1321 4736 1560 4793 serpens
1610 4720 1670 4774 in

62 4803 148 4867 via,
176 4812 375 4868 sedens
406 4815 467 4869 in
498 4812 730 4879 semita,
767 4835 794 4862 ››
830 4810 1080 4882 dejicere
1131 4809 1383 4865 tentabit
1422 4825 1521 4864 eos
1571 4808 1671 4880 qui

65 4890 183 4950 Viam
214 4902 517 4958 ambulant
544 4902 829 4968 veritatis,
857 4899 1233 4972 supplantare
1281 4898 1524 4971 cupiens
1579 4914 1670 4952 ve-

66 4980 275 5044 ritatem.
310 4990 429 5047 Hoc
459 4996 553 5047 est
581 4990 735 5046 enim
768 4988 1031 5044 mordere
1061 4986 1194 5060 equi
1216 4986 1575 5056 calcaneum,
1611 4989 1677 5051 ut

64 5076 232 5130 veneni
290 5080 618 5136 suﬁ'usione
676 5094 864 5150 equus
922 5077 1183 5145 saucius,
1228 5081 1286 5131 et
1337 5074 1674 5131 vulneratus

64 5156 205 5217 dente
234 5167 546 5240 serpentis,
570 5167 716 5223 levet
746 5166 1081 5223 calcaneum
1101 5183 1297 5231 suum,
1322 5165 1474 5221 sicut
1493 5164 1675 5219 Judas

65 5249 289 5313 proditor
316 5260 582 5312 tentatus
612 5273 646 5312 a
674 5256 906 5312 diabolo
938 5272 1113 5327 super
1129 5254 1442 5310 Dominum
1473 5253 1677 5309 Jesum

63 5329 238 5395 levavit
264 5344 611 5400 calcaneum
645 5361 841 5412 suum,
877 5347 939 5398 ut
968 5342 1244 5414 dejiceret
1274 5343 1554 5413 equitem,
1578 5340 1678 5412 qui

66 5425 336 5496 Bedejeeit
388 5438 458 5486 ut
515 5449 718 5488 omnes
768 5432 999 5488 levaret.
1057 5431 1275 5486 Cecidit
1333 5431 1511 5504 igitur
1562 5446 1677 5486 non

64 5520 357 5580 prostratus
384 5520 444 5576 in
474 5521 679 5578 faciem
711 5521 879 5594 quasi
925 5520 1271 5585 dormitans,
1321 5519 1423 5576 sed
1468 5523 1678 5576 retror-

120 5654 215 5743 (17)
245 5661 386 5727 Mss.
421 5664 711 5741 nonnulli,
740 5665 1045 5743 congressio
1062 5666 1114 5727 et
1142 5664 1365 5737 astutia,
1391 5665 1499 5723 etc.

1762 558 2009 613 Domino
2040 562 2398 630 exspectaret
2428 557 2698 614 salutem.
2731 558 2962 613 Sciebat
2999 559 3154 614 enim
3204 576 3267 615 se
3315 578 3404 618 re-

1762 646 2189 713 suscitandum,
2222 650 2277 702 et
2306 647 2434 702 ideo
2456 647 2747 718 jacentem
2788 647 2973 702 Adam
3032 650 3405 721 exspectabat

1762 735 2002 806 erigere.
3166 791 3175 803 ,

1832 825 1921 879 33.
1954 824 2115 879 Unde
2145 841 2251 880 nos
2280 840 2412 880 cum
2446 824 2596 892 bene,
2622 824 2678 878 in
2711 825 2803 880 via
2837 825 3153 895 currimus,
3202 842 3402 882 cavea-

1764 928 1897 968 mus
1930 912 2135 967 necubi
2167 929 2407 985 serpens
2438 912 2609 968 lateat
2654 913 2711 968 in
2766 914 2993 981 semita,
3052 919 3109 970 et
3155 915 3404 970 subruat
3460 926 3465 931 '

1762 1000 2076 1073 vestigium
2107 1001 2261 1073 equi,
2293 1001 2403 1056 hoc
2435 1004 2524 1056 est
2553 1002 2816 1073 corporis
2850 1002 3053 1070 nostri,
3084 1006 3141 1058 et
3171 1002 3405 1074 dejiciat

1765 1090 1956 1146 subito
1999 1089 2254 1161 equitem
2305 1089 2709 1145 dormientem.
2771 1090 2915 1145 Nam
2972 1090 3021 1144 si
3074 1090 3402 1163 vigilemus,

1764 1196 1964 1235 cavere
1993 1179 2275 1234 debemus
2305 1178 2697 1250 aliquatenus,
2731 1183 2787 1233 et
2824 1195 3058 1234 morsus
3115 1178 3408 1236 declinare

1765 1269 2068 1340 serpentis.
2106 1268 2229 1323 Non
2263 1284 2397 1339 ergo
2446 1284 2553 1323 nos
2599 1267 2890 1339 opprimat
2934 1283 3179 1323 somnus
3223 1267 3409 1340 negli-

1764 1357 1993 1430 gentize,
2018 1372 2261 1411 somnus
2293 1355 2510 1421 saeculi,
2564 1373 2680 1411 non
2740 1355 3031 1428 Opprimat
3073 1356 3405 1412 divitiarum

1764 1462 2047 1512 somnus;
2082 1461 2154 1499 ne
2184 1447 2238 1499 et
2287 1444 2357 1499 de
2408 1444 2578 1500 nobis
2634 1444 2903 1500 dicatur:
2955 1444 3408 1500 Obdormierunt

1764 1550 2034 1590 somnum
2062 1550 2234 1588 suum
2268 1538 2324 1587 et
2354 1532 2497 1587 nihil
2532 1533 2876 1588 invenerunt
2899 1550 3101 1587 omnes
3129 1532 3234 1587 viri
3268 1533 3407 1587 divi-

1762 1625 1977 1678 tiarum
2015 1623 2186 1693 (Psal.
2222 1639 2383 1687 Lxxv,
2413 1622 2487 1693 6).
2525 1644 2552 1670 »
2584 1622 2695 1676 Sed
2746 1626 2885 1677 sunt
2924 1626 2981 1676 et
3018 1620 3240 1693 equites
3271 1622 3403 1677 dor-

1766 1712 2031 1782 mientes,
2065 1712 2135 1765 de
2167 1711 2382 1782 quibus
2414 1711 2695 1782 scriptum
2728 1715 2851 1766 est:
2882 1733 2908 1759 ‹‹
2940 1710 3406 1766 Dormitaverunt

1767 1802 1862 1872 qui
1896 1801 2286 1855 ascenderunt
2315 1816 2495 1871 equos
2517 1800 2673 1870 (Ibid.
2705 1802 2781 1869 7).
2819 1822 2846 1849 ››
2880 1800 2938 1855 Si
2977 1800 3220 1856 avaritia
3271 1817 3407 1873 pec-

1762 1894 1860 1944 tus
1890 1897 2057 1943 tuum
2110 1888 2394 1955 vulneret,
2458 1888 2505 1944 si
2556 1888 2737 1943 libido
2793 1889 3139 1957 inflammet,
3186 1890 3407 1946 dormis

1763 1995 1959 2050 eques,
1995 1982 2051 2032 et
2080 1976 2209 2032 ideo
2242 1994 2453 2049 corpus
2478 1982 2666 2045 tuum,
2700 1977 2809 2032 hoc
2838 1981 2945 2047 est,
2981 1994 3196 2050 equum
3236 1983 3405 2034 tuum

1762 2084 1875 2121 non
1908 2071 2072 2138 potes
2103 2068 2413 2123 relrenare.
2449 2066 2639 2139 Vigila
2670 2084 2825 2139 ergo,
2860 2071 2923 2122 ut
2965 2068 3141 2121 etiam
3200 2067 3248 2123 si
3301 2068 3406 2122 de-

1754 2156 1949 2227 jectus
1980 2156 2181 2222 fueris,
2212 2155 2321 2211 hoc
2354 2160 2461 2221 est,
2514 2161 2781 2211 mortuus
2831 2156 3030 2222 fueris,
3054 2172 3169 2211 non
3202 2156 3408 2212 obdor-

1764 2244 1932 2299 mias.
1966 2244 2070 2308 Qui
2102 2244 2255 2299 enim
2290 2244 2665 2300 obdormiunt
2696 2261 2970 2299 somnum
3012 2261 3209 2313 suum,
3258 2242 3405 2298 nihil

1762 2334 2085 2388 inveniunt.
2117 2334 2201 2388 Tu
2234 2339 2423 2388 autem
2457 2337 2727 2405 exspecta
2757 2332 3006 2388 salutem
3053 2350 3087 2388 a
3133 2333 3403 2399 Domino,

1766 2426 2068 2476 venturam
2100 2421 2339 2493 respice,
2373 2426 2437 2475 ut
2465 2422 2713 2492 gratiam
2757 2421 3198 2478 resurrectionis
3246 2421 3405 2475 inve-

1766 2510 1911 2565 nias.
1952 2509 2517 2565 DormiehatJndas:
2551 2509 2802 2580 denique
2831 2510 3004 2565 verba
3029 2508 3243 2565 Christi
3288 2525 3400 2563 non

1766 2599 2054 2654 audiebat.
2089 2598 2423 2653 Dormiebat
2467 2598 2671 2664 Judas,
2730 2602 2786 2653 et
2843 2598 3078 2670 quidem
3129 2613 3405 2653 somnum

1763 2689 2117 2752 divitiarum,
2151 2688 2249 2759 qui
2283 2688 2604 2742 mercedem
2639 2687 2709 2742 de
2742 2686 3063 2759 proditione
3091 2673 3413 2759 quaerebat;

1764 2776 1922 2831 Vidit
1977 2793 2109 2831 eum
2171 2776 2566 2831 dormientem
2602 2775 2892 2843 diabolus,
2954 2780 3010 2831 et
3057 2791 3406 2848 oppressum

1764 2864 2014 2920 avaritia:
2046 2880 2251 2921 somno
2272 2865 2429 2937 gravi
2456 2882 2467 2918 :
2508 2864 2668 2919 misit
2697 2880 2758 2920 se
2783 2864 2842 2919 in
2882 2882 2981 2921 eor
3008 2866 3156 2937 ejus,
3190 2864 3398 2921 vulne-

1765 2955 1908 3009 ravit
1932 2971 2170 3027 equum,
2213 2954 2423 3025 dejecit
2478 2954 2754 3025 equitem,
2816 2971 2989 3027 quem
3050 2956 3340 3027 separavit
3372 2958 3407 3015 a

1762 3043 2010 3099 Christo.

1832 3133 2107 3188 3d.Hanc
2189 3132 2407 3187 tribum
2484 3131 2776 3188 benedixit
2862 3133 3087 3204 Moyses
3163 3133 3400 3190 dicens:

1683 3213 1724 3279 C
1770 3248 1789 3273 α
1829 3227 1945 3276 Dan
1974 3221 2201 3277 catulus
2232 3220 2438 3289 leonis,
2480 3225 2537 3276 et
2593 3221 2829 3293 effugiet
2886 3238 2954 3276 ex
3009 3222 3195 3276 Basan
3229 3223 3398 3288 (Deut.

1761 3329 1958 3379 xxxm,
1992 3312 2106 3381 2‘2),
2145 3333 2171 3359 ››
2202 3310 2311 3366 hoc
2341 3316 2448 3375 est,
2482 3326 2550 3364 ex
2581 3310 2940 3365 confusione.
2987 3309 3150 3365 Unde
3195 3326 3404 3365 secun-

1763 3402 1900 3456 dum
1934 3399 2194 3454 Graecum
2228 3399 2415 3471 magis
2456 3398 2774 3470 intelligere
2814 3399 3114 3468 debemus,
3175 3415 3243 3453 ex
3291 3416 3405 3471 quo

1767 3488 2008 3544 Latinus
2040 3487 2362 3555 transtulit,
2399 3489 2549 3560 quod
2586 3488 2708 3543 Dan
2754 3487 2878 3558 ipse
2926 3488 3108 3543 factus
3157 3488 3234 3543 sit
3281 3505 3409 3545 εει-ι

1765 3595 1910 3651 pons
1943 3577 1999 3631 in
2030 3577 2122 3632 via
2164 3576 2391 3633 sedens.
2455 3576 2577 3631 Dan
2624 3576 2915 3648 judicium
2971 3575 3407 3649 interpretatur.

1766 3667 1836 3721 Et
1867 3665 1993 3720 ideo
2016 3682 2186 3737 grave
2209 3664 2413 3735 judicii
2447 3665 2768 3736 periculum
2802 3665 2993 3721 tribus
3034 3664 3148 3722 ista
3204 3666 3408 3735 subiit,

1769 3755 1861 3810 cui
1895 3771 2133 3826 serpens
2163 3752 2407 3826 illapsus
2434 3753 2830 3811 Antichristus
2857 3759 2965 3824 est,
3016 3755 3115 3828 qui
3173 3772 3410 3811 curren-

1770 3850 1888 3900 tem
1912 3844 2038 3900 suis
2067 3844 2356 3899 sauciaret
2385 3844 2638 3901 venenis.
2673 3843 2784 3899 Sed
2816 3850 3012 3900 tamen
3051 3844 3180 3916 ipsa
3220 3843 3412 3899 tribus

1771 3931 2119 3988 liberabitur
2169 3949 2203 3987 a
2259 3926 2618 3998 confusione,
2689 3949 2823 3987 cum
2901 3933 3075 3987 fuerit
3148 3932 3415 3987 confessa

1772 4026 2028 4093 equitem
2056 4024 2478 4093 resurgentem,
2512 4021 2609 4093 qui
2644 4020 2755 4076 ait:
2781 4045 2807 4069 ‹‹
2837 4021 2941 4085 Qui
2976 4037 3068 4076 me
3108 4020 3413 4076 confessus

1780 4111 1954 4165 fuerit
1984 4126 2179 4165 coram
2212 4109 2571 4174 hominibus,
2634 4110 2953 4165 conﬁtebor
3010 4113 3069 4165 et
3112 4125 3218 4181 ego
3278 4126 3413 4164 eum

1777 4216 1970 4255 coram
2003 4199 2170 4254 Patre
2201 4214 2328 4253 meo
2361 4198 2460 4269 qui
2492 4201 2579 4253 est
2611 4198 2666 4252 in
2689 4196 2882 4253 oculis:
2926 4198 3024 4269 qui
3077 4202 3272 4253 autem
3323 4214 3417 4254 me

1778 4288 2064 4343 confusus
2097 4287 2269 4341 fuerit
2299 4304 2490 4342 coram
2542 4286 2905 4354 hominibus,
2955 4287 3310 4342 confundam
3363 4290 3421 4342 et

1779 4393 1884 4450 ego
1913 4394 2045 4433 eum
2080 4392 2273 4432 coram
2309 4375 2474 4430 Patre
2506 4391 2632 4431 meo
2664 4375 2761 4447 qui
2795 4376 2853 4431 in
2876 4375 3035 4431 caelis
3076 4380 3165 4431 est
3211 4376 3417 4447 (Matth.

1778 4484 1833 4535 x,
1863 4467 1951 4533 32,
1983 4465 2093 4536 33).
2131 4487 2159 4514 ››

2315 4600 2357 4655 ὃ
2370 4600 2470 4655 24
2499 4598 2727 4655 CAPUT
2765 4598 2888 4654 VIII

1784 4689 2166 4746 Benedictione
2197 4688 2309 4744 Gad
2337 4694 2636 4744 tentuturos
2669 4689 2957 4743 Dominum
2992 4686 3224 4753 Iudaeos,
3256 4694 3307 4742 et
3340 4687 3424 4741 vi-

1992 4763 2176 4816 cissim
2205 4760 2485 4815 tentandos
2514 4761 2580 4815 ab
2623 4760 2824 4830 eodem,
2866 4760 3208 4815 adumbrari.

1858 4895 1945 4949 35.
1980 4916 2005 4942 ‹‹
2039 4893 2158 4949 Gad
2192 4892 2456 4957 tentatio,
2484 4892 2724 4947 tentavit
2759 4907 2915 4956 eum,
2964 4894 3020 4945 et
3066 4889 3190 4960 ipse
3246 4889 3430 4942 tenta-

1783 4981 1864 5036 vit
1894 4998 1992 5036 eos
2019 4996 2187 5035 secus
2218 4981 2393 5051 pedes
2441 4980 2589 5049 (Gen.
2650 4996 2800 5042 xux,
2858 4979 2964 5047 19).
3020 4974 3285 5030 Tentatio
3341 4977 3430 5029 est

1788 5068 2157 5141 congregatio
2197 5074 2255 5122 et
2303 5068 2519 5123 astutia
2548 5067 2659 5138 (t7)
2704 5066 3031 5121 scribarum
3073 5067 3130 5119 et
3160 5061 3432 5118 sacerdo—

1788 5164 1917 5214 tum
1991 5157 2090 5228 qui
2157 5156 2471 5211 Dominum
2534 5156 2739 5210 Jesum
2786 5156 2857 5209 de
2912 5154 3128 5207 tributo
3186 5151 3427 5207 Caesaris

1791 5247 1996 5320 (Matth.
2030 5262 2168 5309 χχιι,
2202 5246 2313 5315 17),
2347 5249 2403 5299 et
2430 5244 2501 5297 de
2531 5242 2776 5298 Joannis
2814 5240 3166 5315 baptismate
3223 5240 3430 5310 (Matth.

1790 5351 1926 5403 xxn,
1975 5336 2086 5403 ‘25),
2147 5340 2212 5388 ut
2270 5333 2466 5387 docuit
2520 5332 2837 5402 Scriptura,
2898 5330 3238 5397 tentabant;
3303 5330 3431 5402 qui-

1790 5426 1901 5482 bus
1932 5423 2213 5480 Dominus
2238 5423 2411 5478 Jesus
2449 5421 2505 5476 in
2564 5437 2671 5477 sua
2720 5420 2953 5492 justitia
3002 5423 3431 5474 tentamentum

1791 5514 2041 5574 retorsit.
2077 5537 2104 5563 ‹‹
2137 5512 2317 5569 Secus
2347 5513 2543 5585 pedes,
2585 5534 2613 5564 ››
2658 5510 2766 5567 hoc
2817 5514 2927 5578 est,
2973 5508 3247 5567 continuo
3307 5508 3432 5582 sine
