3866 6212
449 335 569 397 719
1904 339 1967 397 S.
2018 339 2111 398 AN

2225 341 2388 397 10911

3681 349 3769 405 ἸΞΟ

453 465 577 523 ulla
605 465 1020 524 deliberatione
1072 467 1344 535 referens,
1394 484 1511 538 quo
1556 471 1848 523 tentantes
1901 470 2089 540 magis
2122 470 2168 536 Α
2273 469 2364 525 39.
2398 469 2719 527 Possumus
2750 476 2809 526 et
2835 470 3031 541 ipsum
3072 470 3377 527 Dominum
3419 473 3668 544 accipere,
3692 477 3763 546 qui

451 556 579 629 ipse
605 556 997 614 concluderet.
1029 556 1366 612 Dicentibus
1396 556 1590 613 enim:
1627 580 1655 607 α
1686 558 1749 612 In
1792 574 1908 628 qua
1937 564 2094 629 pote-
2207 558 2356 614 525
2397 576 2564 613 suam
2604 577 2841 614 carnem
2887 560 3056 615 nobis
3096 561 3274 626 dedit,
3333 561 3477 616 sicut
3523 562 3629 633 ipse
3675 564 3763 619 ait;

453 650 607 702 state
634 645 757 702 haec
777 645 960 702 facis?
989 669 1016 694 υ
1038 662 1151 701 non
1182 646 1253 700 ad
1310 646 1554 716 quaesita
1610 646 1930 718 respondit,
1992 647 2091 703 sed
2207 669 2234 695 ‹‹
2268 648 2382 718 Ego
2414 664 2546 702 sum
2574 650 2742 719 panis
2779 649 2927 703 vitaz.
2980 649 3177 704 Patres
3225 649 3394 704 vestri
3446 651 3760 707 manducave-

455 732 632 791 etiam
663 734 787 805 ipse
814 734 1134 805 proposuit,
1167 733 1405 789 dicens:
1435 758 1461 782 ‹‹
1496 734 1869 805 Interrogabo
1903 740 1960 790 et
1991 752 2096 805 ego
2209 741 2345 789 runt
2377 754 2591 793 manna
2618 738 2676 792 in
2711 739 2960 805 deserto,
2994 744 3051 792 et
3098 737 3307 792 mortui
3371 743 3536 794 sunt:
3593 738 3670 795 hic
3699 744 3767 796 est

455 839 557 879 vos
591 838 775 878 unum
804 822 1082 878 verbum:
1116 822 1269 894 quod
1302 823 1350 877 si
1385 822 1645 878 dixeritis
1682 822 1848 889 mihi,
1896 829 1952 878 et
1993 841 2098 893 ego
2210 830 2403 879 autem
2445 826 2612 896 panis
2651 828 2751 897 qui
2792 828 2862 882 de
2900 826 3040 882 cmlo
3078 827 3397 893 descendit,
3429 831 3490 882 ut
3523 827 3564 882 si
3597 827 3704 899 quis
3722 846 3769 884 ex

453 911 618 968 vobis
665 911 855 967 dicam
904 912 963 966 in
1014 929 1132 983 qua
1179 916 1467 983 potestate
1513 912 1633 967 hzec
1695 912 1840 967 facio
1891 913 2099 982 (Matth)
2210 932 2275 968 eo
2316 915 2770 979 manducaverit,
2806 933 2921 969 non
2954 915 3237 970 moriatur
3266 916 3443 983 (Joan.
3471 917 3774 984 vi,t9,50).»

454 1018 569 1070 xxx,
629 1002 740 1070 24).
803 1002 1020 1057 Iterum
1077 1000 1441 1057 dicentibus:
1501 1025 1527 1049 ‹‹
1594 1001 1750 1055 Licet
1816 1002 2100 1055 tributum
2215 1005 2277 1057 Et
2312 1021 2380 1057 ne
2414 1005 2543 1073 quis
2578 1010 2807 1075 putaret
2841 1004 2980 1074 quia
3012 1006 3081 1058 de
3113 1005 3221 1058 hac
3270 1010 3448 1058 morte
3506 1004 3626 1059 dicit
3678 1021 3771 1076 qua

457 1091 583 1147 dari
626 1091 861 1157 Caesari,
920 1107 996 1145 an
1046 1106 1162 1145 non
1224 1089 1428 1161 (Matth.
1488 1107 1625 1156 χχιι,
1691 1090 1834 1155 17)?
1895 1113 1921 1137 η
1984 1091 2098 1143 ait:

458 1204 485 1231 ‹‹
539 1180 687 1245 Quid
730 1195 823 1235 me
876 1179 1137 1245 tentatis,
1196 1177 1557 1250 hypocrita?
1608 1178 1906 1233 Ostendite
1958 1178 2100 1232 mihi

461 1271 758 1327 numisma
785 1285 996 1326 census
1027 1268 1182 1335 (Ibid.
1219 1270 1325 1337 18:.
1360 1292 1385 1315 η
1434 1268 1496 1321 Et
1541 1268 1843 1322 offerentes
1890 1266 2100 1322 iterum

458 1358 869 1431 interrogavit:
904 1357 1140 1426 «Cujus
1174 1361 1261 1410 est
1319 1356 1510 1426 imago
1567 1362 1623 1409 et
1684 1356 2101 1427 superscriptio

458 1453 474 1523 (
513 1451 650 1506 Ibid.
683 1450 771 1518 ‘20)
803 1448 830 1501 ‘?
861 1469 889 1496 »
922 1446 1136 1501 Dicunt
1160 1444 1209 1500 ei
1244 1461 1256 1499 :
1312 1444 1562 1499 Ccrsaris.
1627 1444 1707 1498 Ibi
1770 1444 1950 1516 igitur
2006 1461 2103 1499 eos

456 1537 658 1611 ligavit
682 1537 945 1609 ipsorum
982 1534 1371 1603 sermonibus,
1432 1534 1695 1605 ipsorum
1756 1533 2105 1605 obligatione

458 1626 822 1684 constrinxit.
857 1626 1017 1680 Tunc
1058 1623 1139 1678 ait
1188 1622 1343 1678 illis:
1408 1646 1435 1671 ‹‹
1496 1623 1738 1677 Reddite
1791 1639 1927 1694 ergo
1978 1638 2105 1693 qua:

461 1720 602 1774 sunt
628 1714 890 1782 Cesaris,
918 1713 1148 1778 Caesari,
1173 1718 1233 1769 et
1262 1729 1388 1783 quae
1443 1716 1582 1767 sunt
1637 1710 1756 1777 Dei,
1800 1712 1915 1766 Deo
1947 1710 2103 1780 (Ibid.

460 1805 572 1877 21),
607 1827 635 1855 ››
670 1808 735 1860 ut
788 1807 991 1858 contra
1033 1804 1212 1857 verba
1267 1819 1375 1856 sua
1432 1800 1625 1855 venire
1679 1817 1793 1854 non
1846 1804 2104 1872 possent.

465 1892 722 1966 Denique
745 1892 938 1948 mirati
970 1892 1240 1947 abierunt
1270 1892 1341 1945 ab
1372 1906 1458 1945 eo.
1484 1891 1593 1945 Sed
1629 1906 1742 1943 non
1776 1894 1861 1943 est
1891 1889 2106 1942 mirum

2212 1108 2315 1162 per
2346 1092 2553 1145 anima)
2585 1098 2641 1147 et
2672 1093 2931 1163 corporis
2965 1093 3355 1147 secessionem
3402 1092 3563 1159 venit,
3612 1095 3776 1164 etjure

2212 1181 2458 1248 dubitet,
2490 1197 2623 1235 cum
2663 1181 2811 1235 sciat
2878 1188 3111 1236 sanctos
3169 1180 3455 1252 apostolos
3513 1181 3605 1236 hac
3638 1187 3774 1237 morte

2213 1286 2337 1324 esse
2370 1270 2695 1337 defunctos,
2731 1270 2995 1324 addidit:
3032 1296 3055 1317 α
3098 1269 3212 1341 Ego
3262 1286 3391 1326 sum
3455 1270 3603 1341 panis
3636 1270 3773 1333 vivus,

2212 1448 2361 1501 vivet
2394 1448 2448 1499 in
2484 1452 2760 1501 :utcrnum
2796 1447 2952 1516 (Ibid.
2984 1449 3074 1514 51,
3106 1450 3233 1515 5’2):

2215 1536 2519 1605 temporali
2544 1536 2659 1589 vita
2676 1536 2788 1589 dixi
2815 1553 3012 1607 supra,
3039 1552 3143 1591 nec
3165 1536 3235 1590 de
3268 1540 3447 1591 morte
3492 1534 3639 1591 istius
3669 1534 3772 1597 vita.

2215 1641 2331 1693 qua
2361 1625 2534 1677 etiam
2568 1624 2615 1678 si
2650 1624 2781 1693 quis
2806 1632 3069 1679 mortuus
3101 1623 3295 1689 fuerit,
3327 1628 3513 1679 tamen
3541 1623 3584 1678 si
3627 1637 3778 1695 panem

463 1983 514 2041 si
539 2000 711 2040 secus
740 1982 916 2055 pedes
950 1981 1358 2053 respondebat,
1387 1978 1489 2050 qui
1538 1982 1672 2033 ante
1724 1978 1898 2049 pedes
1952 1978 2106 2032 vide-

461 2072 581 2128 bat.

532 2162 621 2216 36.
656 2160 938 2233 Exposuit
968 2159 1197 2231 Moyses
1225 2157 1522 2212 evidenter
1554 2155 1704 2210 hanc
1745 2154 2108 2226 prOphetiam

462 2249 643 2306 Jacob
675 2247 864 2304 sancti
893 2262 1023 2303 esse
1053 2246 1123 2301 de
1144 2245 1395 2300 Christo.
1430 2245 1523 2299 Sic
1554 2244 1711 2298 enim
1764 2245 1881 2299 ait:
1932 2268 1957 2291 ‹‹
2006 2244 2109 2296 Be-

466 2337 735 2395 nedictus
764 2337 863 2408 qui
896 2334 1198 2408 ampliavit
1244 2334 1386 2389 Gud.
1451 2334 1612 2389 Sicut
1662 2333 1751 2388 leo
1803 2332 2107 2403 requievit,

2217 1981 2302 2034 sio
2336 1986 2701 2049 peccatorum
2729 1985 2835 2034 est.

2290 2069 2375 2120 fit).
2410 2068 2634 2137 Moyses
2665 2084 2893 2138 quoque
2938 2067 3331 2139 pulcherrime
3388 2066 3705 2139 prophetavit
3745 2065 3781 2118 in

2218 2155 2726 2211 benedictionibus
2758 2157 2882 2211 suis
2914 2157 3151 2211 dicens:
3190 2180 3217 2207 ‹‹
3250 2156 3583 2212 Benedictus
3628 2171 3656 2208 a
3690 2153 3784 2207 ﬁliis

2218 2248 2381 2311 Aser,
2424 2250 2482 2299 et
2511 2244 2620 2298 erit
2650 2250 2920 2317 acceptus
2949 2263 2983 2300 a
3013 2245 3296 2300 fratribus
3328 2245 3471 2309 suis,
3508 2248 3560 2300 et
3606 2243 3785 2312 intinget

468 2426 842 2498 confringens
872 2424 1113 2480 brachia
1142 2428 1197 2479 et
1226 2422 1538 2495 principes,
1572 2428 1627 2477 et
1659 2422 1803 2477 vidit
1832 2422 1907 2475 ab
1946 2420 2110 2475 initio

466 2533 587 2573 suo.
607 2515 747 2588 quia
768 2514 846 2570 ibi
878 2514 1066 2569 divisa
1106 2518 1194 2570 est
1250 2518 1403 2567 terra
1450 2511 1781 2583 principum
1841 2508 2110 2565 collecto-

468 2604 799 2661 rumsimul
830 2620 961 2659 cum
998 2601 1358 2673 principibus
1391 2599 1763 2673 populorum.
1808 2598 2109 2653 Justitiam

468 2695 604 2752 fecit
634 2693 937 2759 Dominus,
962 2691 1255 2764 judicium
1286 2688 1420 2745 cuni
1463 2687 1638 2744 Israel
1689 2689 1864 2758 (Deut.
1914 2704 2109 2753 χχχιιι,

465 2785 557 2853 20,
590 2784 702 2853 21).
740 2805 769 2832 η

543 2869 1053 2943 37.Agnoscimus
1111 2868 1306 2938 itaque
1364 2866 1496 2937 quis
1557 2865 1908 2936 requieverit
1955 2864 2110 2919 sicut

470 2960 581 3027 leo,
613 2959 747 3030 quis
811 2956 1157 3028 confregerit
1219 2955 1458 3011 brachia
1524 2954 1869 3026 potentium,
1896 2952 2034 3023 quia
2082 2968 2115 3007 a

470 3047 758 3121 principio
824 3045 1140 3101 divisiones
1206 3043 1559 3099 tentantium
1627 3042 1769 3097 vidit
1834 3043 1970 3112 (48).
2028 3041 2113 3096 Ibi

468 3137 652 3210 igitur
679 3134 878 3191 hiatus
907 3137 999 3190 est
1026 3138 1214 3200 terrae,
1247 3132 1349 3205 qui
1391 3130 1700 3188 absorbeat
1748 3130 2114 3186 calumnian-

456 3231 578 3299 tes,
610 3224 708 3281 ubi
739 3223 982 3280 tentatio
1011 3223 1367 3295 perfidorum
1397 3237 1505 3277 esc.

1109 3328 1342 3385 CAPUT
1383 3328 1473 3383 IX.

470 3428 544 3484 De
577 3422 943 3480 benedictione
989 3422 1137 3486 Aser,
1171 3434 1281 3489 qua
1334 3418 1535 3472 Christi
1587 3418 1846 3488 pauperis
1902 3416 2115 3469 ιίίιείιτίεε

585 3513 648 3552 ac
674 3494 1018 3566 multiplicia
1046 3494 1105 3546 in
1145 3491 1388 3545 homines
1417 3489 1559 3543 dona
1581 3490 1987 3560 exprimuntur.

2224 3137 2333 3193 erit
2354 3137 2531 3207 (Deut.
2565 3152 2771 3212 xxxm,
2797 3136 3012 3205 211-28).

2878 3242 3111 3297 CAPUT
3148 3243 3213 3297 X.

2224 3332 2661 3386 Benedictionem
2724 3330 3059 3401 Nepthaiim,

2143 3206 2185 3273 C

2294 3419 2459 3473 quum
2497 3404 2595 3457 vili
2618 3392 2900 3473 palmites,
2943 3392 3299 3470 Mei-entiam,
3330 3411 3381 3458 et
3410 3403 3587 3457 mortis
3620 3392 3785 3453 vinculis

2292 3475 2663 3529 exsolutorum
2694 3475 2990 3544 imaginem
3018 3490 3148 3529 esse.

2294 3582 2441 3636 41.‹‹
2504 3579 2837 3652 Nepthalim
2903 3580 3038 3635 vitis
3106 3581 3380 3648 remissa,
3447 3579 3705 3654 porrigens
3746 3572 3781 3623 in

2220 3671 2482 3743 germine
2521 3671 2785 3723 decorem
2826 3673 2982 3736 (Gen.
3024 3687 3170 3737 xux,
3232 3671 3350 3741 2i).
3409 3693 3435 3720 ››
3494 3668 3783 3724 Sarmentum

2218 3760 2353 3815 vitis
2391 3759 2549 3814 aliud
2592 3762 2950 3830 amputatur,
3004 3760 3159 3830 quod
3220 3760 3455 3814 videtur
3507 3752 3699 3814 inutile.
3740 3761 3786 3800 ne

533 3605 624 3660 38.
656 3604 801 3658 Aser
828 3598 1067 3672 pinguis
1095 3598 1223 3668 eius
1253 3596 1441 3668 panis,
1478 3600 1536 3651 et
1566 3596 1689 3667 ipse
1718 3595 1884 3649 dabit
1917 3609 2111 3648 escam

458 3690 823 3766 principibus
853 3688 1004 3759 (Gen.
1044 3703 1191 3753 xux,
1248 3685 1359 3753 20).
1407 3708 1425 3731 η
1484 3690 1630 3738 Aser
1685 3682 2109 3753 interpretatio-

461 3798 534 3838 ne
566 3779 773 3836 Latina
819 3776 1109 3849 signiﬁcat
1174 3773 1427 3828 divitias.
1494 3772 1635 3835 Quis
1696 3771 1871 3842 igitur
1926 3771 2107 3836 dives,

460 3869 576 3927 nisi
615 3867 717 3923 ubi
749 3864 994 3922 altitudo
1024 3860 1359 3917 divitiarum
1389 3864 1478 3916 est
1508 3860 1804 3932 sapientia
1836 3865 1893 3914 et
1921 3860 2106 3913 scien—

457 3958 552 4015 tia
589 3955 739 4013 Dei?
768 3953 911 4020 Quis
931 3951 1090 4007 dives
1122 3949 1234 4005 nisi
1263 3949 1546 4005 Dominus
1572 3954 1766 4016 Jesus,
1791 3949 1889 4019 qui
1924 3948 2106 4003 abun-

457 4048 560 4103 dat
590 4060 842 4118 semper,
874 4047 931 4098 et
962 4056 1265 4111 nunquam
1316 4038 1556 4093 deﬁcit?
1585 4037 1813 4108 Pauper
1851 4037 2008 4092 venit
2038 4038 2098 4091 in

458 4137 616 4193 hunc
645 4133 954 4197 mundum,
998 4133 1055 4186 et
1097 4128 1370 4185 omnibus
1417 4126 1754 4196 abundavit,
1803 4126 2105 4181 universos

459 4224 718 4298 replevit.
757 4224 1023 4288 Quantus
1071 4223 1156 4274 est
1208 4218 1268 4272 in
1318 4216 1557 4282 divitiis,
1606 4216 1706 4287 qui
1765 4219 2104 4287 paupertate

459 4332 569 4373 sua
596 4329 800 4369 omnes
830 4310 1037 4365 divites
1058 4308 1229 4363 fecit!
1266 4307 1377 4362 Sed
1422 4323 1643 4377 pauper
1688 4309 1925 4376 propter
1973 4321 2101 4370 nos,

651 4418 787 4457 cum
845 4400 1033 4454 Patre.
1095 4397 1319 4468 Pauper
1344 4370 1458 4463 ille,
1493 4370 1558 4449 ut
1618 4370 1726 4449 nos
1774 4370 1845 4449 ab
1904 4393 2102 4465 inopia
2209 4382 2305 4437 ille
2344 4383 2523 4438 decus
2562 4381 2621 4436 in
2661 4380 3052 4453 generatione,
3094 4385 3235 4452 quia
3272 4380 3465 4453 plenis
3522 4370 3786 4452 palmitibus

460 4489 801 4554 vindicaret,
835 4488 987 4542 sicut
1015 4483 1315 4557 apostolus
1358 4485 1525 4538 docet
1591 4482 1791 4536 dicens
1820 4498 1832 4535 ε
1868 4506 1893 4531 ‹‹
1955 4481 2101 4545 Quia
2211 4471 2426 4528 multos
2460 4471 2683 4525 fructus
2706 4471 2986 4525 exundet.

467 4546 705 4655 propter
731 4546 833 4632 vos
867 4546 1088 4649 pauper
1115 4576 1205 4628 est
1270 4573 1479 4637 factus,
1510 4587 1642 4626 cum
1709 4571 1867 4625 dives
1924 4575 2097 4637 esset,

2283 4563 2367 4615 42.
2412 4560 2697 4616 Decorum
2745 4558 2873 4626 hoc,
2933 4560 3035 4614 scd
3094 4558 3282 4615 multo
3332 4558 3479 4613 illud
3536 4546 3787 4655 pulchriu'if.

466 4632 716 4725 itit—illius
747 4632 944 4736 inopia
967 4632 1069 4719 vos
1098 4659 1430 4717 ditaremini
1463 4632 1543 4730 (II
1591 4661 1718 4715 Cor.
1769 4676 1889 4726 VIII,
1942 4659 2017 4729 9).
2078 4632 2169 4732 J.‘
2214 4652 2369 4722 quod
2411 4650 2721 4705 haerentem
2765 4648 3065 4720 palmitem
3104 4648 3205 4703 viti
3245 4647 3537 4720 significat
3580 4632 3787 4736 spiritali.

473 4754 875 4829 Cujusinopia
904 4752 1071 4817 ditat,
1148 4756 1316 4807 sanat
1371 4748 1620 4814 fimbriu,
1683 4748 1869 4803 fames
1908 4728 2105 4815 satiat,
2214 4742 2384 4811 cujus
2415 4756 2520 4795 nos
2553 4743 2915 4795 sarmentum
2957 4755 3183 4805 sumus,
3238 4742 3293 4792 et
3347 4738 3594 4792 fructum
3649 4726 3790 4784 afferre

468 4825 629 4905 mors
649 4825 919 4909 vivificat,
952 4840 1255 4913 sepultura
1284 4838 1610 4894 resuscitat.
1645 4837 1747 4892 llic
1784 4852 1918 4908 ergo
1948 4836 2106 4890 dives
2215 4846 2550 4903 possumus,
2593 4829 2641 4884 si
2684 4844 3029 4883 maneamus
3069 4828 3127 4881 in
3159 4827 3271 4882 vite
3297 4843 3311 4880 :
3337 4827 3430 4881 sin
3473 4828 3669 4882 autem,
3690 4825 3788 4886 ρκ’

462 4940 556 4995 est
576 4935 920 5000 thesaurus,
956 4932 1134 5002 hujus
1165 4928 1402 5002 pinguis
1448 4926 1637 5000 panis.
1684 4926 1751 4981 Et
1796 4926 1941 4981 bene
1982 4924 2104 4996 pin-
2216 4920 2488 4976 cidimur.

460 4992 592 5102 guis
625 5040 800 5098 quem
831 4992 1419 5094 qu'imanducavverit,
1448 4992 1675 5071 esurire
1714 5032 1828 5069 non
1874 4992 2105 5086 poterit.
2288 5010 2375 5063 43.
2412 5009 2627 5063 Santus
2660 5006 2989 5078 patriarcha
3038 5004 3411 5077 Nephthalim
3475 4992 3786 5102 eratlpclm'?s

464 5085 867 5187 hunc-panem
894 5109 1055 5165 dedit
1086 5106 1385 5180 apostolis,
1412 5112 1475 5160 ut
1524 5105 1843 5159 dividerent
1894 5101 2108 5174 populo
2219 5099 2547 5152 abundans.
2594 5096 2751 5150 Unde
2792 5096 3019 5167 Moyses
3057 5095 3231 5149 dicit:
3273 5116 3301 5143 «
3345 5085 3688 5165 Nephthalim
3722 5091 3785 5187 ἰδ’

462 5165 868 5269 ξτᾎῖιὲιῖιῖιῖᾧς
901 5165 1182 5269 hodieque
1208 5197 1308 5251 dat
1340 5165 1506 5249 nobis
1551 5210 1709 5259 eum,
1760 5165 1933 5264 quem
1973 5165 2111 5263 ipse
2220 5189 2391 5242 tietas
2430 5185 2862 5257 accipientium,
2894 5165 3222 5255 replebitur
3251 5179 3637 5237 benedictione
3669 5187 3694 5223 a
3719 5165 3787 5219 Βο-

464 5292 722 5364 quotidie
753 5290 1024 5345 sacerdos
1052 5266 1352 5342 consecrat
1384 5284 1510 5340 suis
1552 5282 1763 5338 verbis.
1817 5281 1919 5337 Hic
1975 5295 2110 5353 ergo
2220 5276 2403 5345 mino,
2455 5290 2615 5329 mare
2663 5277 2720 5329 et
2761 5273 3017 5328 Africum
3059 5270 3380 5344 possidebit
3438 5268 3601 5341 (Deut.
3643 5266 3783 5364 eximi:

468 5340 634 5452 panis
667 5340 981 5436 tactust—3st
997 5340 1513 5432 escasanctorum.
2040 5340 2073 5353 ν
2219 5367 2331 5437 23),
2366 5340 2398 5415 );
2426 5380 2719 5436 exponens
2750 5362 2859 5417 hoc
2890 5340 3263 5433 quod—Jacob
3312 5359 3554 5422 dixerat,
3592 5347 3703 5423 quid
3738 5340 3784 5393 sit

2217 3942 2273 3994 et
2311 3937 2468 3992 aliud
2508 3936 2804 4008 paulisper
2842 3937 3134 3991 recidetur
3172 3954 3239 3992 ac
3280 3938 3614 4000 remittetur,
3634 3934 3687 3985 ut
3704 3926 3785 3981 {ru-

2216 4031 2375 4083 ctum
2415 4026 2637 4093 atterat,
2678 4027 2847 4096 cujus
2887 4026 3064 4080 decus
3104 4026 3162 4080 in
3202 4026 3570 4098 generatione
3606 4013 3785 4094 porrigi-

2216 4121 2340 4182 tur;
2384 4115 2523 4187 quia
2560 4115 2702 4170 dum
2741 4115 2812 4169 ad
2853 4130 3108 4185 superna
3147 4131 3209 4169 se
3239 4109 3785 4186 subrigit,vitemam-

2211 4204 2505 4277 plectitur,
2548 4208 2603 4258 et
2640 4204 2711 4257 ad
2752 4202 3022 4257 verticem
3063 4202 3554 4275 ascendens,jugi
3590 4195 3785 4270 quaedam

2211 4293 2361 4348 colla
2398 4292 2605 4347 vitium
2636 4291 2870 4364 pretiosi
2902 4290 3160 4362 palmitis
3190 4292 3336 4347 vesti
3379 4288 3591 4346 monili.
3636 4286 3714 4340 Est
3745 4280 3780 4330 εἴ

540 5522 651 5593 (18)
682 5521 835 5578 Edit.
863 5524 921 5576 et
952 5519 1192 5591 quidam
1224 5535 1392 5585 mss.,
1426 5516 1715 5572 divisiones
1746 5516 2116 5572 tantalionum
2224 5512 2363 5593 teget
2390 5508 2568 5593 te'Dei
2582 5508 2969 5593 principatus.

476 5558 651 5650 viiii?
684 5558 835 5578 ““”’
863 5558 921 5576 ””
952 5558 1192 5591 “mw”
1224 5558 1392 5585 ““’””
2247 5558 2382 5639 "’20.
2414 5558 2561 5638 ius;
2582 5558 3079 5653 ἱιῑᾷίιὸιζῆὲεαειι
3110 5574 3235 5633 vitis
3270 5575 3668 5631 sarmentorum,
3709 5558 3782 5611 εισι

540 5663 653 5750 (t9)
685 5660 853 5721 Rom.
904 5660 1067 5730 edit.,
1124 5660 1231 5718 erit
1276 5658 1541 5737 fortitudo
1589 5662 1706 5718 tua.
1743 5700 1755 5718 .
1795 5698 1808 5717 .
1846 5661 1941 5718 ,ει
1989 5672 2116 5734 pro-

2214 1359 2313 1427 qui
2348 1359 2417 1411 de
2450 1358 2590 1411 cmlo
2621 1358 2915 1414 descendi.
2937 1360 2995 1413 Si
3029 1361 3162 1430 quis
3180 1359 3595 1414 manducaverit
3617 1358 3775 1421 exhoc,
3820 1394 3821 1430 (

3296 1447 3402 1501 hoc
3460 1450 3556 1513 est,
3585 1463 3680 1501 non
3728 1446 3776 1500 de
3820 1446 3821 1507 1

3127 3330 3385 3400 ﬁdelium
3448 3330 3654 3388 Christo.
3703 3330 3821 3400 (“Pii

2218 3866 2387 3903 cassa
2424 3848 2555 3902 vitis
2595 3851 3024 3902 sarmentorum
3051 3847 3160 3917 (20)
3200 3848 3549 3903 exultatione
3569 3838 3782 3899 luxuriet:
3820 3856 3821 3917 γ

2218 1729 2411 1766 meum
2440 1712 2745 1782 acceperit,
2781 1712 2931 1767 vivet
2964 1713 3021 1766 in
3053 1718 3355 1768 aeternum.
3391 1712 3486 1768 llle
3515 1713 3651 1767 enim
3677 1711 3779 1767 acci-
3820 1722 3821 1777 ξ

2220 1802 2320 1873 pit,
2357 1802 2455 1872 qui
2490 1802 2749 1872 seipsum
2782 1803 3025 1873 probat:
3062 1803 3162 1873 qui
3195 1807 3393 1857 autem
3457 1801 3655 1873 accipit,
3699 1816 3776 1854 non

2219 1891 2500 1945 morietur
2530 1890 2846 1960 peccatoris
2881 1895 3085 1958 morte,
3120 1891 3259 1963 quia
3293 1891 3455 1962 panis
3509 1889 3591 1945 hic
3632 1888 3776 1944 remis-
3820 1890 3821 1911 ‘

2220 2334 2278 2388 in
2309 2334 2433 2388 oleo
2464 2334 2668 2404 pedem
2712 2351 2909 2399 suum,
2970 2339 3026 2389 et
3084 2335 3299 2389 ferrum
3371 2338 3427 2389 et
3488 2336 3821 2415 iis-ramentum;

2219 2428 2307 2478 est
2337 2421 2797 2477 calceamentum
2828 2424 2976 2493 ejus.
3012 2424 3081 2478 Et
3110 2423 3266 2478 sicut
3295 2423 3420 2479 dies
3451 2423 3531 2478 tui
3574 2424 3701 2487 sunt,
3732 2419 3786 2474 sic
3820 2484 3821 2487 η

2221 2516 2396 2566 erunt
2426 2512 2666 2566 virtutes
2718 2518 2829 2566 tuae
2898 2514 3027 2583 (:9).
3070 2513 3194 2568 Non
3235 2516 3328 2568 est
3367 2511 3648 2583 quisquam
3679 2508 3785 2563 sicut
3820 2542 3821 2565 ;

2220 2606 2309 2657 est
2352 2606 2497 2654 Deus
2537 2605 2675 2654 tuus
2714 2601 2771 2654 in
2817 2600 2980 2668 caelo,
3023 2602 3257 2672 adjutor
3312 2607 3467 2667 tuus,
3506 2605 3557 2655 et
3602 2602 3821 2669 magnust?

2222 2690 2506 2747 Dominus
2539 2691 2890 2745 ﬁrmamenti
2920 2709 2932 2745 :
2975 2697 3033 2746 et
3061 2696 3377 2763 protegens
3414 2698 3468 2746 te
3504 2690 3637 2745 Deus
3665 2685 3785 2745 initii,
3820 2700 3821 2763 1

2222 2784 2278 2835 et
2316 2796 2419 2851 per
2456 2780 2605 2834 vires
2646 2780 3018 2834 brachiorum
3061 2760 3389 2851 potentium
3420 2778 3585 2849 'ejecit
3628 2792 3656 2830 a
3690 2771 3785 2828 facit
3820 2760 3821 2781 ³

2224 2874 2325 2923 tua
2365 2868 2670 2922 inimicum
2712 2873 2906 2935 tuum,
2947 2868 3187 2923 dicens:
3224 2869 3444 2924 Pereat.
3477 2868 3542 2922 Et
3567 2862 3782 2920 inhabita-
3820 2902 3821 2907 η

2224 2958 2309 3012 bit
2349 2958 2524 3013 Israel
2566 2957 2752 3013 ﬁdens
2809 2956 2973 3013 solus
3030 2974 3207 3029 super
3264 2962 3517 3013 terram:
3566 2953 3707 3009 Jacob
3747 2949 3782 3000 in
3820 2962 3821 3015 i

2224 3048 2515 3102 frumento
2546 3052 2601 3101 et
2622 3046 2751 3102 vino
2777 3065 2789 3113 ;
2826 3052 2883 3101 et
2912 3046 3121 3101 coelum
3152 3046 3255 3101 tibi
3302 3063 3435 3102 cum
3463 3042 3653 3101 nebula
3686 3038 3783 3094 roris
3820 3118 3821 3121 η
