3866 6212
382 352 501 419 723

1817 352 1882 416 8.
1933 350 2301 415 AMBROSII

3639 342 3728 419 7'24

385 486 567 545 altero
595 485 941 546 enuntiatus
970 494 1075 558 est,
1111 488 1290 546 altero
1323 488 1785 545 demonstratus.
1823 488 1891 544 Et
1923 489 2021 545 be-
2052 486 2107 554 Α
2134 484 2223 546 los
2255 484 2530 546 sublimis
2562 488 2751 546 meriti
2804 485 2961 545 viros
2986 485 3347 562 patriarchas
3376 491 3433 544 et
3461 487 3730 562 prophetas

386 594 461 634 ne
534 579 735 651 ubera,
794 580 1069 652 quoniam
1126 580 1281 635 velut
1337 580 1589 652 quodam
1623 597 1726 632 nos
1776 578 2022 651 spiritali

386 665 534 722 lacte
564 668 813 723 nutritos
843 669 1125 735 educavit,
1158 674 1215 723 et
1246 670 1454 723 obtulit
1488 670 1601 723 Deo
1637 668 1816 724 Filius
1864 668 1974 738 (25)
2010 684 2023 719 :

387 753 475 810 vel
507 756 699 811 Maria:
729 757 865 811 dicit
896 759 1093 822 ubera,
1128 775 1255 829 quae
1294 774 1425 812 vere
1484 757 1785 812 benedicta
1842 761 2027 825 erant,

390 844 606 915 quibus
638 850 837 900 sancta
864 846 1042 918 Virgo
1091 846 1306 918 populo
1336 847 1565 902 Domini
1602 852 1799 917 potum
1862 844 2029 899 lactis

388 930 694 987 immulsit.
732 933 893 989 Unde
942 941 999 990 et
1053 935 1152 990 illa
1183 936 1393 989 mulier
1440 937 1495 989 in
1544 934 1854 1005 Evangelio
1902 932 2026 988 ait:

386 1042 416 1069 ‹‹
450 1020 661 1076 Beatus
687 1026 889 1077 venter
917 1023 1015 1095 qui
1047 1028 1103 1078 te
1150 1024 1418 1095 portavit,
1461 1028 1515 1079 et
1546 1025 1725 1077 ubera
1754 1039 1879 1094 quea
1938 1039 2033 1075 su-

385 1110 523 1167 xisti
555 1111 706 1182 (Luc.
740 1130 817 1179 χι,
848 1115 938 1182 ‘27)
970 1113 982 1166 l
1022 1136 1049 1160 ››
1094 1114 1256 1177 Quod
1286 1119 1478 1169 autem
1544 1113 1623 1167 ait
1657 1130 1670 1168 :
1749 1136 1776 1160 ‹‹
1836 1109 2030 1165 Vulvze

389 1200 851 1255 benedictionem
886 1202 1067 1273 patris
1098 1204 1260 1257 tuiet
1312 1203 1534 1265 matris,
1602 1226 1628 1249 υ
1695 1202 1742 1256 si
1800 1200 2029 1255 vulvam

390 1289 577 1345 solam
609 1290 797 1345 Mariae
830 1290 1078 1345 velimus
1106 1291 1315 1355 intelli;
1333 1309 1448 1359 ere,
1472 1309 1574 1346 cur
1607 1295 1916 1362 utramque
1938 1290 2032 1344 be-

392 1377 782 1433 nedictionem
836 1379 1223 1447 conjunxerit,
1290 1380 1491 1434 latebit
1557 1396 1751 1434 causa.
1838 1378 2032 1433 Potuit

391 1466 548 1522 enim
581 1466 771 1522 dicere
800 1468 869 1521 de
892 1467 1016 1523 sola
1061 1468 1231 1523 vulva
1296 1468 1519 1523 matris.
1555 1469 1667 1523 Sed
1728 1467 2031 1539 pulchrius

390 1555 659 1625 arbitror,
694 1561 758 1609 ut
785 1557 1109 1611 secundum
1142 1556 1403 1627 spiritale
1435 1558 1779 1629 mysterium
1811 1554 2029 1611 intelli-

390 1659 600 1715 gamus
630 1648 941 1716 utramque
980 1645 1412 1717 generationem
1472 1646 1703 1700 Domini
1756 1645 1919 1710 Jesu,
1978 1647 2033 1699 et

391 1733 714 1787 secundum
746 1734 1204 1799 divinitatem,et
1231 1736 1552 1790 secundum
1579 1751 1813 1789 carnem
1849 1753 1862 1801 ;
1897 1736 2034 1805 quia

394 1824 527 1916 ante
556 1820 768 1916 saecula
796 1826 884 1877 est
904 1826 1221 1916 generatus
1244 1840 1312 1879 ex
1342 1823 1526 1879 Patre.
1569 1822 1730 1878 Unde
1759 1827 1816 1878 et
1865 1822 2034 1877 Pater
2062 1852 2110 1916 Β

393 1909 511 1964 ait:

390 1999 469 2070 2),
546 2020 575 2046 ι)

391 2086 493 2143 bili
524 2086 715 2142 Patris
745 2088 1026 2159 processit
1051 2088 1405 2155 substantia,
1427 2092 1485 2143 et
1516 2090 1574 2143 in
1608 2088 1733 2160 ipso
1764 2093 1854 2143 est
1883 2105 2030 2144 sem-

391 2189 516 2245 per.
543 2173 707 2229 Unde
734 2179 792 2230 et
819 2175 1175 2246 evangelista
1206 2176 1287 2231 ait
1320 2192 1332 2230 :
1369 2200 1395 2224 ‹‹
1430 2176 1614 2231 Deum
1664 2193 1834 2231 nemo
1892 2176 2034 2231 vidit

391 2278 678 2333 unquam,
710 2263 825 2318 nisi
854 2262 1191 2335 unigenitus
1247 2262 1427 2319 Filius
1490 2265 1589 2335 qui
1647 2268 1738 2319 est
1792 2264 1850 2318 in
1899 2264 2029 2319 sinu

393 2348 604 2417 Patris,
635 2351 759 2422 ipse
784 2352 1075 2407 enarravit
1121 2354 1371 2422 (10012.1,
1434 2354 1539 2423 18).
1604 2376 1631 2401 ››
1688 2352 1851 2407 Sicut
1897 2369 2031 2424 ergo

394 2437 562 2493 sinus
585 2437 771 2493 Patris
802 2438 1082 2511 spiritalis
1112 2439 1456 2512 intelligitur
1520 2440 1793 2496 intimum
1848 2440 2029 2511 quod-

393 2525 530 2583 dam
580 2531 832 2598 paterna
879 2527 1180 2584 charitatis
1234 2533 1570 2600 naturaeque
1626 2534 1937 2593 secretum,
1973 2528 2031 2582 in

394 2630 510 2686 quo
541 2630 775 2687 semper
801 2620 890 2671 est
918 2616 1099 2673 Filius
1131 2635 1144 2672 :
1178 2617 1259 2673 ita
1293 2618 1470 2672 etiam
1514 2617 1702 2672 Patris
1752 2616 2033 2689 spiritalis

392 2706 483 2760 est
513 2702 703 2770 vulva,
753 2704 1046 2761 interioris
1077 2722 1378 2771 arcanum,
1403 2700 1473 2760 d’e
1504 2722 1620 2777 qua
1650 2709 1933 2777 tanquam
1965 2723 2033 2761 ex

392 2791 631 2864 genitali
661 2791 787 2847 alvo
818 2794 1103 2863 processit
1133 2794 1334 2849 Filius.
1372 2794 1626 2864 Denique
1674 2794 1898 2849 diverse
1951 2794 2029 2848 le-

393 2878 589 2951 gimus
620 2896 777 2935 nunc
804 2880 1034 2935 vulvam
1066 2882 1274 2941 Patris.
1307 2898 1461 2937 nunc
1493 2898 1590 2936 cor
1619 2883 1746 2952 ejus
1771 2900 1887 2954 quo
1914 2900 2032 2937 ver-

393 2966 537 3022 bum
564 2969 864 3037 eructavit,
899 2985 1054 3024 nunc
1084 2986 1149 3025 os
1188 2971 1316 3041 ejus
1345 2987 1412 3024 ex
1442 2987 1557 3041 quo
1606 2971 1843 3041 justitia
1900 2989 2033 3044 pro-

395 3055 593 3121 cessit,
625 3071 694 3110 ex
718 3073 834 3127 quo
862 3057 1111 3128 prodivit
1140 3058 1444 3129 sapientia,
1515 3060 1663 3114 sicut
1720 3060 1845 3129 ipse
1904 3061 1984 3114 ait
2019 3078 2030 3115 :

396 3164 427 3193 «
460 3144 537 3197 Ex
566 3159 664 3199 ore
695 3144 976 3199 Altissimi
1012 3145 1260 3217 prodivit
1297 3148 1482 3217 (Eccli.
1544 3164 1694 3210 xxiv,
1724 3148 1801 3217 5).
1866 3170 1893 3197 ‹‹
1951 3148 2036 3203 Ita

591 1931 619 1958 ‹‹
658 1910 946 1965 Eructavit
976 1928 1076 1966 cor
1105 1928 1300 1967 meum
1347 1912 1590 1967 verbum
1650 1913 1819 1983 (Psal.
1878 1928 2028 1977 κων,

650 2013 717 2054 eo
745 2000 899 2070 quod
931 2016 1000 2055 ex
1027 1998 1128 2055 illa
1175 2000 1385 2057 intima
1434 2005 1492 2055 et
1532 1999 2028 2072 incomprehensi-

2135 583 2191 633 et
2212 579 2506 651 apostolos
2528 597 2541 645 ;
2565 581 2664 635 sed
2696 580 2871 634 etiam
2902 578 3058 634 ultra
3077 577 3731 649 solem,lunam,archan.

2136 667 2317 739 gelos,
2356 674 2633 739 tanquam
2696 668 2821 722 ρωιί
2874 667 3070 723 lumen
3133 667 3395 733 emicuit,
3452 667 3594 721 sicut
3634 666 3731 740 ipse

2138 756 2217 811 ait
2250 774 2262 810 :
2298 780 2325 803 «
2359 756 2483 810 Non
2516 761 2601 811 est
2643 755 2970 827 discipulus
3019 772 3195 826 super
3246 755 3603 826 magistrum,
3656 773 3731 809 nec

2138 861 2339 899 servus
2366 862 2543 915 super
2571 846 2877 899 dominum
2910 844 3122 911 (Matth.
3154 861 3210 910 x,
3242 845 3355 911 24).
3403 866 3430 891 ι»
3459 843 3585 906 Quis
3610 844 3732 898 enim

2138 932 2371 987 illorum
2405 934 2532 999 fuit,
2566 935 2657 988 cui
2691 935 2955 1003 subjecta
2983 937 3181 989 essent
3200 932 3419 993 omnia.
3449 932 3644 1003 quibus
3668 932 3735 1003 ip-

2140 1038 2202 1076 se
2230 1022 2465 1076 donavit
2486 1023 2637 1094 quod
2670 1023 2884 1078 erant?
2935 1023 2996 1076 In
3028 1039 3144 1094 quo
3199 1021 3613 1076 benedicuntur
3636 1038 3735 1076 orn-

2142 1126 2245 1164 nes
2273 1112 2454 1165 sancti
2487 1112 2635 1181 ejus,
2660 1112 2799 1182 quia
2818 1111 2942 1182 ipse
2962 1115 3051 1167 est
3071 1127 3250 1182 super
3279 1110 3472 1183 capita
3513 1110 3733 1165 omnium

2140 1204 2315 1270 caput
2334 1200 2618 1254 omnium.
2647 1199 2833 1270 Caput
2858 1200 3017 1255 enim
3051 1199 3319 1255 mulieris
3349 1198 3623 1270 vir,caput
3653 1198 3735 1252 viri
3802 1262 3803 1275 χ

2139 1287 2421 1342 Christus.
2448 1311 2475 1335 ‹‹
2510 1290 2577 1343 Et
2608 1306 2783 1360 super
2810 1290 3051 1344 vertices
3083 1288 3399 1353 montium,
3423 1310 3449 1335 υ
3493 1287 3620 1359 quia
3639 1286 3736 1357 ipse

2139 1379 2227 1429 est
2257 1375 2626 1447 superimens
2656 1382 2847 1432 vertex
2872 1377 3318 1433 universorum:
3342 1376 3445 1431 sed
3486 1376 3735 1445 justomm

2140 1468 2228 1518 est
2255 1469 2445 1518 vertex
2476 1464 2821 1519 altissimus.
2846 1467 3001 1530 Quos
3033 1465 3241 1519 fratres
3289 1468 3475 1527 vocat,
3526 1464 3738 1535 acquisi-

2140 1556 2229 1607 tos
2260 1569 2362 1623 per
2382 1554 2654 1625 gratiam,
2688 1558 2743 1606 et
2773 1553 3067 1624 quoddam
3132 1551 3582 1625 regenerationis
3631 1567 3735 1605 con-
3802 1551 3803 1625 l

2141 1641 2408 1695 sortium.
2443 1641 2603 1696 Unde
2629 1646 2683 1696 et
2705 1642 2775 1696 de
2808 1642 3087 1697 fratribus
3124 1642 3343 1712 Joseph
3401 1640 3535 1695 illos
3586 1640 3737 1712 magis

2139 1729 2347 1784 fratres
2378 1729 2780 1801 intelligimus,
2813 1731 2884 1785 de
2931 1730 3149 1802 quibus
3201 1730 3345 1785 dicit
3394 1730 3458 1785 in
3507 1727 3738 1784 Psalmo:
3802 1782 3803 1802 ξ

2142 1838 2172 1867 ‹‹
2202 1818 2460 1873 Narrabo
2493 1835 2704 1873 nomen
2735 1823 2903 1873 tuum
2937 1819 3215 1874 fratribus
3247 1818 3420 1886 meis,
3478 1818 3535 1872 in
3589 1816 3739 1871 medio
3802 1820 3803 1886 )

2142 1906 2409 1961 Ecclesiae
2436 1907 2683 1962 cantabo
2713 1907 2817 1962 tibi
2857 1908 3029 1978 (Ρεαι.
3063 1925 3181 1973 xm,
3213 1908 3325 1979 23).
3366 1929 3392 1954 ι»
3802 1904 3803 1979 ξ

2209 1996 2595 2067 53.ιΙ)θιιίῳιθ
2624 2000 2679 2050 et
2702 1996 2929 2067 Moyses
2958 1995 3359 2067 completurus
3419 1995 3546 2049 vita
3597 1992 3736 2049 istius

2140 2100 2376 2138 cursum
2410 2101 2543 2139 cum
2576 2085 2944 2140 benediceret
2973 2083 3193 2139 tribum
3222 2084 3585 2156 Joseph,non
3606 2080 3739 2137 illum

2141 2172 2345 2244 utique
2364 2173 2489 2243 jam
2522 2173 2860 2228 defunctum
2886 2173 3125 2244 Joseph,
3148 2173 3249 2228 sed
3283 2172 3579 2227 Christum
3601 2170 3740 2225 bene-
3802 2176 3803 2249 l

2142 2261 2390 2325 dicebat,
2423 2262 2574 2317 sicut
2599 2261 2781 2317 habes
2811 2261 3096 2334 scriptum
3129 2262 3201 2317 de
3229 2260 3453 2332 Joseph
3488 2278 3501 2317 :
3536 2283 3560 2309 ‹‹
3588 2261 3630 2314 Α
3671 2258 3744 2313 be-
3802 2280 3803 2337 ς

2142 2350 2469 2405 nedictione
2499 2350 2729 2405 Domini
2756 2354 2909 2406 terra
2936 2351 3064 2421 ejus
3095 2351 3228 2421 (27),
3262 2367 3297 2406 a
3327 2350 3547 2406 ﬁnibus
3572 2346 3742 2414 caali,et

2142 2454 2173 2491 a
2205 2455 2352 2504 rore,
2386 2443 2442 2493 et
2470 2439 2543 2494 ab
2570 2439 2799 2511 abyssis
2829 2438 3079 2494 fontium
3136 2439 3441 2506 deorsum,
3473 2442 3529 2493 et
3574 2451 3740 2492 secun-
3802 2446 3803 2451 ‘

2140 2528 2281 2582 dum
2314 2527 2519 2583 horam
2551 2528 2769 2583 factum
2799 2527 2942 2584 solis
2970 2543 3211 2584 cursum
3242 2528 3377 2600 (28),
3402 2532 3467 2583 et
3492 2545 3525 2583 a
3575 2540 3740 2613 conve-
3802 2588 3803 2613 ι

2143 2615 2439 2672 aientibus
2469 2617 2795 2681 mensibus,
2824 2620 2879 2671 et
2903 2633 2939 2672 a
2968 2615 3178 2672 vertice
3209 2616 3526 2683 montium,
3556 2616 3621 2671 ab
3652 2611 3739 2667 ini-
3802 2620 3803 2687 ξ

2142 2704 2242 2770 tio,
2275 2710 2333 2760 et
2360 2722 2395 2759 a
2421 2706 2633 2760 vertice
2663 2704 2899 2760 collium
2931 2709 3307 2770 aeternorum,
3358 2710 3419 2760 et
3448 2705 3521 2761 ad
3578 2703 3738 2759 horam

2138 2796 2303 2847 terra;
2337 2792 2735 2864 plenitudinis,
2767 2798 2826 2848 et
2854 2794 2925 2848 ab
2956 2809 3023 2849 eo
3054 2794 3155 2864 qui
3186 2794 3351 2849 visus
3375 2799 3471 2849 est
3500 2794 3555 2847 in
3607 2791 3737 2855 rubo,

2139 2881 2332 2936 veniat
2362 2898 2539 2952 super
2566 2887 2743 2953 caput
2772 2881 2989 2953 Josepb
3024 2882 3438 2946 benedictio,et
3468 2897 3631 2953 super
3648 2895 3740 2934 ver~

2141 2969 2313 3025 ticem
2338 2970 2544 3042 ipsius.
2579 2970 2945 3026 Honorificus
2969 2970 3049 3025 sit
3076 2971 3227 3026 inter
3275 2972 3506 3027 fratres.
3561 2969 3736 3025 Primo-

2141 3059 2369 3128 genitus
2395 3058 2546 3113 tauri
2577 3060 2755 3116 decus
2784 3060 2935 3129 ejus,
2967 3075 3185 3115 cornua
3214 3058 3548 3115 unicornui.
3579 3059 3630 3112 ln
3673 3055 3736 3125 ip.

2142 3146 2225 3199 sis
2255 3151 2456 3217 gentes
2488 3146 2787 3202 ventilabit
2815 3146 2990 3203 simul
3026 3163 3211 3218 usque
3242 3147 3315 3201 ad
3330 3149 3735 3203 extremumter-

397 3230 550 3288 528
579 3248 712 3287 cum
745 3250 926 3288 unum
961 3216 1075 3289 non
1133 3235 1429 3301 definitur,
1488 3239 1544 3290 et
1600 3216 1783 3290 unum
1838 3236 2035 3291 omnia
2063 3216 2107 3280 (ἶ
2140 3250 2233 3289 rae.
2266 3216 2397 3305 ipse
2426 3235 2716 3306 myriades
2748 3235 3036 3307 prraam,
3067 3216 3131 3291 et
3171 3236 3297 3307 ipse
3328 3236 3444 3307 (29)
3506 3232 3737 3291 chiliades

389 3323 620 3387 sonant,
674 3319 935 3392 spiritale
990 3321 1179 3393 magis
1239 3323 1580 3393 mysterium
1637 3325 2031 3395 generationis

387 3412 661 3478 paternas,
694 3426 869 3480 quam
898 3411 1228 3466 membrum
1260 3410 1495 3482 aliquod
1528 3414 1823 3484 corporale
1855 3414 2031 3487 signi-

387 3494 543 3551 ficat.
577 3496 688 3552 Sed
719 3498 872 3553 sicut
897 3497 1059 3553 illam
1083 3515 1150 3554 ex
1182 3499 1348 3555 Patre
1376 3502 1808 3572 generationem
1856 3503 2026 3560 intel-

385 3581 628 3653 ligimus
662 3602 676 3650 ;
707 3584 789 3640 ita
818 3586 990 3640 etiam
1028 3587 1098 3641 ad
1125 3589 1692 3645 consummationem
1740 3592 1873 3647 ﬁdei
1926 3608 2025 3664 ge-

384 3670 746 3726 nerationem
781 3673 974 3727 Mariae
1006 3673 1421 3746 intelligamus,
1455 3678 1688 3747 quando
1737 3679 2025 3735 benedici-

379 3761 479 3812 tur
505 3758 675 3813 vulva
703 3759 931 3823 matris,
962 3760 1063 3816 illa
1089 3762 1291 3833 utique
1322 3763 1514 3818 Maria:
1541 3766 1860 3837 virginalis,
1895 3786 2020 3840 quae

378 3845 549 3901 nobis
577 3847 761 3902 edidit
789 3848 1100 3903 Dominum
1126 3850 1350 3906 Jesum.
1384 3852 1463 3907 De
1495 3869 1612 3924 qua
1660 3855 1826 3909 Pater
1882 3857 2022 3913 dicit

373 3935 488 4004 (26)
519 3951 622 4005 per
647 3935 956 3990 Ieremiam
988 3938 1329 4008 prophetam
1363 3955 1375 3993 :
1451 3963 1471 3988 α
1544 3941 1890 4013 Priusquam
1962 3950 2017 3999 te

374 4021 686 4078 formarem
718 4023 774 4077 in
809 4027 992 4092 utero,
1022 4024 1149 4079 novi
1182 4029 1236 4080 te
1270 4043 1281 4091 ;
1316 4032 1374 4081 et
1413 4027 1757 4100 priusquam
1826 4031 2011 4088 exires

373 4108 445 4163 de
473 4108 643 4165 vulva
663 4111 870 4167 matris
900 4111 1251 4167 sanctiﬁcavi
1285 4120 1337 4169 te
1371 4115 1585 4177 (larem.
1620 4119 1763 4182 1.5).
1826 4141 1852 4166 ››
1905 4120 2011 4174 Ge-

374 4196 594 4253 minam
625 4196 804 4270 igitur
834 4200 1114 4270 propheta
1144 4200 1200 4255 in
1234 4201 1460 4257 Christo
1490 4204 1877 4259 substantiam
1913 4208 2011 4262 de-

370 4284 626 4352 claravit,
660 4286 979 4342 divinitatis
1011 4292 1065 4342 et
1095 4290 1289 4344 carnis
1324 4307 1335 4342 :
1399 4291 1639 4345 alteram
1692 4309 1759 4348 ex
1814 4294 2007 4359 Patre,

370 4371 613 4427 alteram
644 4390 714 4429 ex
741 4374 977 4444 Virgine
1008 4394 1021 4442 ;
1056 4376 1136 4430 ita
1164 4382 1360 4431 tamen
1391 4384 1456 4432 ut
1487 4396 1600 4434 non
1632 4397 1829 4436 exsors
1888 4400 2005 4437 suae

370 4465 525 4515 esset
551 4460 894 4532 divinitatis,
915 4479 1048 4518 cum
1079 4480 1145 4518 ex
1164 4464 1398 4536 Virgine
1430 4474 1785 4535 nasceretur,
1819 4475 1877 4525 et
1919 4487 2008 4526 es-

373 4550 463 4601 set
494 4547 553 4601 in
585 4563 845 4621 corpore.
1870 4568 1875 4573 ‘

2140 3322 2438 3378 Manasses
2466 3324 2641 3393 (Deut.
2674 3340 2869 3389 xxviii,
2906 3324 3112 3394 13-47).
3158 3345 3185 3373 ιι

2206 3412 2295 3465 54.
2332 3412 2653 3467 Benedictio
2684 3412 2885 3467 eadem
2916 3416 3025 3483 est,
3058 3428 3187 3484 quas
3218 3428 3455 3467 omnem
3495 3412 3653 3467 habet
3697 3412 3739 3460 et
3802 3420 3803 3479 ξ

2138 3499 2459 3555 ocelestium
2489 3503 2548 3555 et
2574 3501 2940 3556 terrestrium
2973 3500 3424 3573 plenitudinem,
3452 3506 3510 3556 et
3556 3497 3739 3570 specia-

2134 3586 2247 3642 lem
2280 3588 2491 3643 Christi
2514 3590 2759 3660 gratiam
2797 3606 2810 3642 :
2855 3589 2954 3661 qui
2985 3590 3147 3645 visus
3187 3590 3245 3644 in
3305 3591 3454 3645 rubo
3514 3586 3649 3644 dixit
3685 3582 3739 3637 ad
3802 3582 3803 3623 ἓ

2132 3675 2325 3747 ipsum
2359 3678 2592 3748 Moysen
2628 3694 2639 3733 :
2675 3700 2703 3725 α
2739 3676 2905 3733 Solve
2935 3677 3399 3733 calceamentum
3419 3678 3625 3749 pedum
3641 3680 3739 3727 tuo-

2133 3781 2259 3819 rum
2294 3766 2483 3835 (Exod.
2517 3783 2598 3835 ιιι,
2621 3767 2675 3836 5)
2705 3781 2718 3821 :
2755 3788 2782 3815 ››
2814 3766 2915 3837 qui
2980 3770 3072 3821 est
3116 3782 3295 3838 super
3359 3782 3561 3822 omnes
3618 3763 3739 3818 Deus

2129 3854 2241 3924 (30)
2276 3871 2289 3919 ;
2316 3854 2455 3924 quia
2476 3852 2603 3925 ipse
2631 3857 2721 3909 est
2750 3858 2928 3926 caput
2955 3853 3216 3925 corporis
3236 3853 3505 3909 Ecclesia:
3529 3872 3542 3909 :
3576 3850 3742 3923 quiest
3802 3864 3803 3926 ξ

2127 3940 2501 4012 principium,
2529 3941 2953 4013 primogenitus
2974 3958 3043 3997 ex
3071 3942 3338 4009 mortuis,
3361 3948 3427 3997 ut
3447 3942 3547 3997 fiat
3573 3942 3626 3995 in
3650 3954 3742 3992 om-

2126 4029 2300 4084 nibus
2331 4030 2453 4100 ipse
2473 4030 2788 4100 primatum
2808 4035 3013 4085 tenens
3048 4047 3060 4085 :
3085 4031 3365 4101 quoniam
3387 4032 3444 4085 in
3476 4031 3599 4101 ipso
3618 4042 3739 4082 com-

2124 4116 2343 4188 placuit
2372 4134 2604 4173 omnem
2638 4117 3063 4187 plenitudinem
3118 4119 3469 4174 inhabitare.
3526 4119 3592 4173 Et
3637 4115 3737 4168 ideo

2124 4205 2233 4261 soli
2288 4206 2707 4261 benedictionis
2767 4206 2946 4277 hujus
2979 4208 3360 4278 praerogativa
3410 4207 3676 4269 defertur,
3716 4216 3740 4252 8

2122 4295 2459 4350 summitate
2484 4295 2634 4350 529
2665 4295 2789 4349 creli
2824 4311 3013 4367 usque
3072 4296 3141 4349 ad
3196 4298 3521 4350 extremum
3582 4298 3735 4346 terra.

2123 4380 2249 4449 Ipse
2279 4380 2431 4434 enim
2464 4386 2553 4434 est
2581 4385 2714 4435 ante
2743 4397 2970 4443 omnes,
3005 4383 3062 4436 in
3096 4398 3212 4453 quo
3239 4386 3511 4436 constant
3542 4378 3736 4435 omnia:

2120 4468 2419 4539 quietiam
2453 4485 2552 4539 per
2598 4469 2943 4539 sanguinem
3000 4469 3191 4525 crucis
3250 4486 3371 4524 suae
3437 4465 3731 4540 paciﬁcavit

2046 4575 2091 4638 ι)
2123 4556 2341 4615 omnia.
2373 4557 2490 4611 sive
2512 4573 2637 4628 quae
2667 4557 2724 4610 in
2752 4557 2915 4625 cmlo,
2949 4557 3067 4614 sive
3097 4574 3225 4629 quae
3266 4558 3323 4611 in
3384 4556 3549 4613 terris
3603 4555 3736 4609 sunt.

442 4636 529 4689 52.
564 4634 726 4690 Unde
754 4640 811 4690 et
866 4656 888 4684 ι
922 4639 1211 4693 convaluit
1240 4657 1417 4712 super
1437 4657 1639 4697 omnes
1680 4651 1905 4702 montes
1962 4654 2019 4705 et
2048 4634 2081 4638 —
2122 4644 2304 4716 Cujus
2334 4650 2537 4717 typum
2571 4645 2880 4717 praeferens
2910 4646 3152 4717 pulchre
3201 4647 3569 4702 benedicitur
3619 4658 3733 4696 san-

368 4721 659 4779 desideria
670 4722 904 4779 collium
917 4729 1324 4783 aeternorum.»
1341 4730 1527 4801 Super
1538 4747 1741 4787 omnes
1760 4735 1917 4791 enim
1940 4737 2014 4791 il-

582 4864 990 4991 F’J‘Ziitzsomnes,
1022 4868 1218 4925 obtulit
1246 4871 1351 4925 Deo
1377 4871 1540 4940 ﬁlios.
1576 4872 1788 4976 Contra
1809 4887 2014 4935 omnes

367 4952 558 5003 mss...
590 4952 784 4993 Imus.
1603 4961 1621 4976 σ

436 5007 548 5088 (2-6)
577 5006 725 5088 Edit.
760 5023 965 5064 omnes
994 5025 1125 5088 cum
1159 5010 1287 5065 Vat.
1322 5012 1473 5078 cod.,
1506 5015 1581 5067 De
1606 5031 1710 5087 quo
1732 5021 1900 5088 partu
1928 5018 2012 5074 di-

364 5079 438 5161 cit
468 5079 755 5161 .Domipus,
789 5085 1159 5161 ms‘s.__anter_n_
1196 5098 1408 5161 magno
1436 5079 1748 5151 consensu;
1778 5089 1851 5143 De
1906 5108 2009 5161 qua

368 5149 555 5220 (vulva
585 5150 889 5221 nimirum)
916 5153 1081 5206 Pater
1099 5152 1251 5213 dicit,
1293 5149 1403 5207 etc.

435 5222 551 5288 (27)
583 5220 706 5301 l‘lon
740 5221 1041 5301 pauca-hic
1071 5224 1210 5278 edit.
1245 5228 1408 5301 Rom.
1446 5224 2012 5301 immutaverat,quaa

366 5304 501 5366 cum
533 5291 605 5345 ad
635 5291 796 5346 verto
833 5291 1025 5366 potius
1054 5309 1230 5366 quam
1246 5295 1323 5366 ad
1357 5311 1596 5351 sensum
1629 5291 2014 5366 specteu'tIad-

369 5363 569 5441 notare
597 5364 1070 5441 supe‘rsedemus,
1106 5365 1220 5419 Nos
1244 5364 1321 5441 ita
1350 5371 1562 5441 ex_ant.
1624 5363 1759 5423 edit.
1815 5363 2009 5426 emon-

370 5428 758 5491 davimusfut
787 5448 853 5487 ex
885 5448 1028 5487 mss.
1071 5450 1168 5489 eas
1200 5436 1373 5490 etiam
1410 5436 1466 5490 in
1498 5440 1798 5495 nonnullis
1837 5444 2010 5497 casti-

367 5513 667 5567 garemus.

439 5567 965 5654 (28p)rR‘o.m.edit.,a
992 5575 1259 5654 fructibus
1287 5577 1430 5654 casti,
1460 5582 1679 5654 sifore,
1714 5586 1764 5635 et
1797 5583 2014 5654 abysso—

368 5652 492 5691 rum
510 5639 752 5707 fontibus
781 5639 1047 5708 deorsum,
1074 5648 1122 5697 et
1178 5639 1472 5700 secundum
1519 5639 1709 5711 homin
1765 5670 1804 5709 α
1859 5639 2009 5723 ἵναο-

2124 4737 2250 4790 ctus
2279 4734 2516 4806 Joseph,
2548 4739 2614 4789 ut
2643 4734 3059 4791 honoriﬁcetur
3088 4735 3241 4790 inter
3290 4736 3513 4789 lratres.

2125 4875 2268 4930 tibus
2295 4876 2423 4929 solis
2448 4891 2660 4942 cursus,
2689 4880 2801 4930 etc.

2192 4945 2303 5015 (29)
2336 4945 2483 5003 Edit.
2515 4948 2669 5015 Am.,
2704 4947 2828 5001 Era.
2862 4951 2918 5004 et
2964 4948 3089 5003 cod.
3142 4947 3387 5015 Theod.,
3437 4955 3584 5002 terra
3639 4943 3732 5015 ἔρξε

2121 5008 2448 5089 τηῂδεάνῄαάε
2465 5008 2759 5089 seg/‘rmnet,
2792 5022 2842 5073 et
2872 5021 3004 5089 ipse.
3036 5023 3144 5073 etc.
3169 5018 3308 5073 Aliae
3339 5008 3499 5083 edit,
3526 5008 3732 5089 Ipsae?!

2122 5081 2396 5163 muriatica
2451 5081 2704 5163 Ephrem,
2734 5089 2820 5143 vel
2854 5081 3137 5163 Ephreim,
3197 5098 3250 5144 et
3304 5091 3442 5160 ipsa!
3486 5081 3731 5163 ἐΙίίβίξιάέε

2120 5159 2476 5233 (Mammas
2505 5159 2719 5227 quibus
2743 5157 3055 5233 nonrlonge
3085 5162 3302 5217 absunt
3325 5157 3471 5215 mss.
3526 5157 3635 5211 nisi
3683 5157 3730 5233 in
3802 5157 3803 5231 )

2120 5228 2251 5304 hoc,
2285 5229 2439 5304 quod
2491 5226 2694 5304 omnes
2749 5226 3043 5296 exhibent,
3096 5233 3281 5304 Ipse...
3334 5233 3465 5303 ipse,
3516 5226 3729 5304 excepto
3802 5226 3803 5303 i

2119 5292 2427 5374 1}]binf,_in
2456 5300 2787 5374 qqo_legas,
2822 5304 2998 5374 Ipsi...
3030 5292 3174 5374 ipsi,
3211 5292 3367 5358 forte
3401 5292 3518 5374 non
3574 5292 3726 5374 mela-
3802 5292 3803 5315 ἶ

2121 5365 2732 5445 ΟφιίηθῐὶειᾳιὊοιὺῘθῐ
2761 5365 2891 5445 Ger.
2924 5365 3171 5437 habent,
3192 5372 3519 5445 myriadis...
3546 5365 3728 5422 chilia-

2120 5442 2239 5518 dis:
2260 5442 2392 5518 Quae
2421 5440 2589 5494 lectio
2616 5459 2729 5518 non
2764 5443 2935 5515 plane
2966 5440 3354 5518 aspernanda.

2193 5513 2302 5586 (3o)
2336 5515 2566 5586 Cunctas
2599 5513 2956 5586 edit.,lsuper
2984 5513 3168 5572 omnes
3194 5517 3329 5571 Deos
3363 5533 3376 5583 ;
3420 5527 3544 5568 mss.
3602 5519 3719 5559 con-

2122 5588 2211 5638 tra
2240 5583 2355 5639 fere
2388 5585 2460 5638 ad
2493 5601 2696 5652 unum,
2729 5583 2892 5657 super
2913 5603 3095 5643 omnes
3127 5589 3284 5643 Deus.
