3866 6212
141 347 243 412 725

865 340 1097 409 LIBER
1142 344 1243 407 DE
1286 341 1995 407 BENEDICTIONIBUS
2039 336 2742 408 PATBIARCHARUM.

3384 335 3504 400 726

200 481 281 540 55.
329 502 356 531 ‹‹
414 475 836 554 Primogenitus
882 477 1038 537 tauri
1090 480 1267 537 decus
1324 478 1471 551 ejus,
1527 478 1751 536 habens
1778 482 1834 547 Α
1865 476 2336 551 superstitionem
2388 477 2697 547 obtereret,
2727 472 2975 535 salutem
3024 470 3307 544 redderet,
3354 470 3508 531 sicut

142 586 335 629 cornua
364 568 692 636 unicornui,
725 568 784 624 in
816 568 1031 642 quibus
1060 574 1264 641 gentes
1295 567 1644 624 ventilahit.»
1684 568 1752 622 Et

139 662 307 716 bonus
336 662 537 714 taurus
567 658 735 730 quasi
783 658 977 714 hostia
1024 676 1128 730 pro
1175 656 1423 725 delictis,
1466 661 1524 713 et
1570 656 1750 711 totius

141 749 320 805 mundi
347 747 598 815 victima,
632 750 697 801 ut
725 747 1055 819 paciﬁcaret
1099 747 1314 803 omnia.
1347 747 1527 819 Cujus
1571 747 1750 801 decus

140 841 412 903 sanctum;
444 852 614 891 omne
644 835 798 891 enim
830 841 1099 891 sanctum
1133 836 1609 909 primogenitum,
1635 834 1749 889 sic-

140 932 193 980 ut
219 924 347 981 alibi
377 924 910 980 demonstravimus
966 925 1082 995 (lib.
1118 942 1178 992 ιι,
1209 924 1273 980 de
1319 924 1448 979 Abel
1491 928 1541 978 et
1589 925 1745 989 Cain,

136 1032 175 1069 c.
201 1017 250 1080 2,
279 1032 332 1067 η.
371 1013 425 1080 3,
473 1014 579 1081 12).
630 1012 791 1068 Unde
839 1016 897 1068 et
945 1013 1074 1067 Levi
1124 1030 1239 1067 non
1290 1012 1473 1068 citatis
1523 1011 1744 1078 ordine,

136 1102 219 1159 sed
248 1118 414 1157 sacrae
458 1101 848 1156 successionis
897 1102 1274 1173 praerogativa
1321 1100 1747 1173 primogenitus

135 1191 323 1246 meruit
375 1189 721 1262 nuncupari.
762 1191 827 1245 Et
867 1206 999 1244 vere
1047 1195 1317 1245 sanctum
1373 1189 1549 1245 decus
1595 1190 1744 1259 ejus,

134 1281 192 1335 de
225 1295 332 1352 quo
370 1278 651 1350 scriptum
704 1283 794 1333 est
850 1283 1187 1352 resurgente
1257 1295 1269 1333 :
1341 1302 1367 1327 ‹‹
1439 1277 1748 1349 Speciosus

135 1369 297 1424 forma
340 1384 454 1439 pra;
504 1365 639 1421 filiis
688 1366 994 1422 hominum
1045 1368 1214 1437 (Paul.
1248 1383 1395 1434 xmv,
1429 1366 1505 1437 3),
1540 1389 1568 1413 ››
1614 1364 1751 1436 quia

130 1456 236 1529 ipse
265 1459 347 1510 est
374 1455 799 1527 primogenitus
846 1472 914 1510 ex
963 1455 1230 1525 mortuis,
1263 1456 1484 1511 habens
1533 1470 1751 1509 cornua

130 1544 433 1600 unicornui.
505 1544 618 1598 Sed
678 1560 811 1598 cum
876 1543 1083 1599 dixerit
1153 1561 1389 1612 cornua,
1460 1542 1750 1616 quomodo

130 1632 361 1707 posuerit
385 1631 696 1688 unieornui
728 1633 1143 1704 requirendum
1173 1650 1186 1699 ;
1220 1649 1351 1687 cum
1384 1631 1579 1704 ipsum
1623 1631 1748 1685 uni-

130 1736 389 1778 cornuum
448 1721 603 1775 inter
663 1720 1065 1793 generationes
1122 1720 1394 1785 ferarum,
1459 1724 1523 1775 ut
1577 1718 1749 1790 periti

130 1811 289 1879 aiunt,
320 1812 433 1864 non
467 1809 799 1864 inveniatur
827 1809 984 1880 (31)?
1026 1811 1094 1863 Et
1139 1808 1267 1863 ideo
1312 1807 1566 1865 Verbum
1621 1807 1747 1862 uni-

128 1915 242 1954 cum
273 1898 456 1970 magis
484 1896 777 1953 aestimare
809 1896 1111 1963 debemus,
1145 1896 1282 1968 quia
1311 1896 1744 1953 substantivum

126 1986 355 2042 Verbum
380 1985 483 2042 Dei
519 2002 705 2041 unum
736 1988 844 2051 est,
876 2001 991 2040 non
1037 1985 1224 2040 multa
1265 1986 1459 2041 verba.
1501 1984 1663 2040 Unde
1692 1989 1750 2040 et

126 2076 270 2131 Anna
297 2075 376 2130 ait
408 2091 420 2128 :
457 2096 485 2123 ‹‹
522 2073 807 2130 Dominus
830 2072 1058 2145 judicat
1090 2075 1235 2129 fines
1266 2077 1453 2143 terrae,
1486 2077 1544 2128 et
1586 2072 1748 2128 dabit

128 2164 370 2219 virtutem
403 2162 551 2236 regi,
585 2166 643 2217 et
671 2161 945 2217 exaltabit
974 2178 1151 2218 cornu
1184 2162 1396 2218 Christi
1430 2162 1521 2217 sui
1547 2162 1590 2233 (I
1621 2164 1744 2233 Reg.

126 2268 178 2319 ιι,
208 2253 307 2322 l0).
341 2274 368 2300 η
400 2252 469 2306 Et
502 2250 689 2306 Isaias
718 2251 799 2306 ait
831 2267 843 2307 :
880 2272 907 2301 «
937 2250 1120 2307 Vinea
1152 2251 1302 2307 facta
1331 2255 1419 2307 est
1447 2250 1655 2306 dilecto
1688 2250 1748 2305 in

128 2356 304 2411 cornu,
333 2339 390 2395 in
439 2339 570 2395 loco
627 2339 791 2394 uberi
840 2340 971 2411 (Isa.
1013 2357 1069 2409 v,
1130 2340 1207 2410 1);
1261 2365 1281 2391 ι
1339 2340 1616 2410 quoniam
1648 2338 1747 2393 Dei

127 2428 249 2485 Filio
276 2428 583 2502 unigenito
612 2428 778 2483 ﬂoret
806 2426 1082 2493 Ecclesia,
1115 2431 1319 2483 tenens
1361 2427 1599 2483 unicum
1648 2425 1749 2482 Dei

126 2516 371 2585 Verbum,
406 2518 462 2572 in
498 2534 617 2589 quo
648 2519 736 2573 est
766 2515 996 2572 virtutis
1029 2521 1202 2587 atque
1232 2515 1525 2587 sapientiae
1559 2514 1747 2587 pleni-

122 2606 428 2679 tudo,cujus
461 2607 729 2662 ubertate
747 2621 911 2677 seges
933 2604 1065 2659 ﬁdei
1092 2604 1587 2676 pullulavit.Quod
1603 2604 1744 2659 Ver-

124 2695 246 2751 bum
278 2699 610 2768 sequuntur
638 2695 844 2749 sancti.

179 2784 260 2839 56.
305 2806 333 2833 «
390 2784 606 2840 Decem
661 2782 866 2849 millia,
924 2805 953 2831 »
1010 2782 1220 2854 inquit,
1276 2807 1303 2833 ‹‹
1365 2782 1649 2854 Ephrem,
1690 2785 1748 2836 et

123 2871 284 2928 millia
312 2872 616 2927 Manasses
677 2872 853 2941 (Deut.
910 2886 1110 2937 xxxm,
1176 2872 1284 2938 17),
1350 2893 1376 2919 ››
1434 2870 1490 2925 id
1551 2874 1658 2936 est,
1691 2874 1748 2924 et

121 2959 429 3016 Iudaeorum
481 2964 546 3016 et
591 2960 855 3032 gentium
906 2960 1258 3028 dominetur,
1292 2964 1348 3014 et
1391 2976 1459 3015 ex
1498 2964 1747 3029 utroque

120 3048 312 3120 populo
335 3048 606 3121 acquirat
634 3048 743 3104 sibi
778 3047 1042 3103 Ecclesiae
1075 3048 1521 3119 plenitudinem.
1578 3048 1745 3103 Ideo-

123 3152 219 3209 que
244 3138 535 3194 dexteram
569 3153 737 3192 suam
769 3154 945 3208 super
973 3136 1239 3208 Ephrsem
1274 3137 1468 3209 posuit
1509 3141 1746 3192 sanctus

1858 568 1982 640 ipse
2038 568 2168 624 ait:
2212 568 2612 634 «Percutiam,
2673 572 2731 624 et
2786 567 3007 624 sanabo
3066 566 3245 638 (Deut.
3302 581 3500 633 χχχιιι,

1857 656 1968 728 39).
2013 679 2041 706 ››
2082 658 2331 730 Ideoque
2362 663 2643 729 tanquam
2674 657 2937 712 imitator
2973 656 3124 712 tauri
3156 655 3336 727 hujus
3364 653 3501 710 Pro-

1858 746 2033 818 pheta
2062 746 2203 802 dicit
2237 764 2249 802 :
2277 766 2298 794 ι
2330 748 2391 802 In
2424 751 2479 801 te
2510 746 2780 802 inimicos
2810 732 3042 801 nostros
3085 742 3502 799 ventilabimus

1858 852 2036 891 cornu
2068 835 2237 907 (Psal.
2268 853 2424 900 mn,
2458 836 2535 907 6),
2571 857 2598 884 »
2629 834 2686 889 id
2718 838 2826 900 est,
2858 833 3226 889 altitudinem
3266 847 3500 888 omnem

1858 922 2173 979 elevantem
2208 940 2269 979 se
2296 924 2573 979 adversus
2621 923 2717 979 Dei
2765 921 3068 979 scientiam
3108 922 3496 977 destruentes.

1856 1013 1925 1067 Et
1954 1012 2083 1067 ideo
2107 1013 2279 1083 juxta
2312 1011 2463 1068 530
2490 1013 2701 1083 Legem
2735 1012 2954 1066 munda
2983 1010 3262 1066 animalia
3281 1025 3501 1065 cornua

1856 1099 2074 1156 habent
2118 1101 2294 1171 (Deut.
2328 1117 2443 1165 xxv,
2476 1101 2507 1155 4
2536 1107 2586 1155 et
2613 1100 2668 1171 5)
2703 1118 2715 1155 :
2750 1101 2864 1155 Lex
2887 1099 3043 1153 enim
3075 1097 3356 1170 spiritalis
3386 1100 3493 1153 est.

1858 1189 1961 1254 Qui
2013 1189 2168 1245 enim
2220 1193 2466 1261 possunt
2496 1188 2693 1243 saeculi
2744 1188 2925 1258 hujus
2973 1186 3280 1243 illecebras
3324 1186 3498 1242 verbo

1857 1278 1955 1334 Dei
2006 1282 2062 1335 et
2107 1279 2338 1335 virtutis
2401 1278 2769 1334 observantia
2814 1275 3175 1350 propulsare,
3225 1275 3499 1331 cornibus

1854 1365 2012 1423 velut
2052 1368 2402 1439 quibusdam
2437 1366 2644 1438 capitis
2693 1366 2783 1422 sui
2831 1366 3012 1422 armis
3058 1365 3329 1421 videntur
3373 1379 3503 1419 esse

1859 1455 2090 1511 muniti.
2125 1455 2446 1527 Meritoque
2496 1460 2553 1511 et
2599 1455 2742 1510 tuba
2787 1470 2997 1510 cornea
3028 1454 3197 1525 (Psal.
3244 1470 3413 1515 xcvn,
3446 1453 3502 1525 6)

1859 1544 2071 1600 dicitur
2100 1545 2285 1601 virtus
2317 1544 2606 1613 sermonis
2638 1542 2946 1611 mirabilis,
2981 1560 3107 1615 qua:
3136 1543 3323 1598 bonos
3347 1541 3506 1598 Chri-

1860 1633 1933 1689 sti
1965 1632 2179 1689 milites
2211 1634 2475 1690 accendit
2498 1634 2569 1689 ad
2602 1632 2890 1705 praelium,
2924 1635 2987 1687 ut
3017 1632 3086 1687 de
3114 1630 3280 1687 hoste
3311 1631 3504 1686 diabo-

1858 1721 1913 1778 lo
1946 1722 2255 1778 manubias
2288 1727 2669 1794 reportemus.
2702 1722 2765 1777 In
2799 1721 2919 1776 acie
2962 1720 3141 1794 igitur
3183 1736 3412 1787 sumus,
3446 1724 3503 1776 et

1862 1810 2148 1882 plurimos
2199 1828 2268 1867 ex
2313 1811 2481 1867 nobis
2527 1811 2793 1866 videmus
2833 1810 2888 1864 in
2941 1807 3256 1865 adversarii
3293 1808 3501 1864 castris

1854 1916 1981 1956 esse
2011 1899 2267 1971 captivos
2300 1916 2311 1955 :
2346 1898 2406 1955 hi
2438 1898 2605 1955 nobis
2630 1899 2774 1971 jugo
2824 1896 3167 1970 gravissimo
3207 1896 3501 1953 servitutis

1854 1988 2099 2045 exuendi
2126 1992 2289 2044 sunt.

2486 2094 2714 2151 CAPUT
2752 2094 2870 2150 XII.

1830 2185 1928 2251 ,De
1958 2183 2325 2239 benedictione
2355 2184 2664 2255 Benjamin,
2695 2199 2803 2253 qua
2848 2183 3074 2255 mystice
3117 2182 3285 2255 Pauli
3313 2181 3500 2237 adver-

1926 2271 2018 2310 sus
2044 2257 2341 2310 Ecclesium
2367 2253 2686 2326 perseciuio,
2714 2271 2810 2326 nec
2856 2253 2965 2309 non
3001 2253 3240 2326 ejusdem
3272 2268 3499 2308 convcr-

1926 2328 2007 2381 δίο
2039 2329 2196 2396 atque
2221 2325 2542 2398 praedicatio
2570 2325 2972 2397 signiﬁcantur.

1926 2432 2013 2485 57.
2066 2430 2357 2487 Plurimos
2414 2431 2583 2503 lupos
2640 2431 2816 2487 habet
2873 2430 3162 2498 diabolus,
3225 2446 3372 2502 quos
3429 2429 3502 2486 ad

1857 2518 2070 2575 Christi
2099 2536 2234 2575 oves
2282 2519 2510 2593 dirigit;
2561 2525 2619 2576 et
2665 2520 2794 2576 ideo
2840 2518 3225 2592 intelligibilis
3264 2519 3503 2592 Joseph,

1859 2611 1923 2663 ut
1951 2624 2086 2665 oves
2117 2611 2372 2664 servaret
2395 2626 2555 2677 suas,
2587 2609 2783 2681 ipsum
2816 2608 3123 2664 inimicum
3174 2607 3504 2664 venientem

1858 2696 1931 2751 ad
1962 2696 2317 2769 diripiendas
2348 2714 2481 2754 oves
2511 2697 2705 2771 rapuit
2732 2696 2940 2770 lupum
2982 2696 3250 2765 Paulum,
3286 2696 3503 2753 faciens

1857 2800 1926 2840 ex
1986 2791 2354 2856 persecutore
2411 2787 2726 2842 doctorem.
2785 2786 2865 2842 De
2924 2803 3038 2858 quo
3098 2785 3239 2842 dicit
3298 2786 3503 2855 Jacob,

1857 2873 2009 2929 sicut
2037 2875 2322 2946 scriptum
2354 2879 2441 2930 est
2475 2890 2488 2932 :
2526 2897 2553 2925 ‹‹
2590 2876 2890 2947 Benjamin
2919 2874 3095 2947 lupus
3126 2891 3503 2947 rapax,mane

1857 2962 2121 3017 comedet
2178 2963 2388 3032 adhuc,
2451 2968 2509 3019 et
2562 2965 2633 3019 ad
2680 2980 2983 3036 vesperam
3041 2964 3259 3020 dividet
3305 2980 3501 3020 escam

1856 3049 2221 3122 principibus
2253 3051 2403 3123 (Gen.
2438 3069 2588 3117 xux,
2617 3054 2727 3124 27).
2765 3074 2793 3102 ››
2827 3053 3022 3124 Lupus
3052 3055 3333 3108 eratcum
3379 3051 3498 3108 dis-

1856 3144 2116 3211 pergeret
2147 3145 2205 3196 et
2229 3140 2528 3196 devoraret
2557 3158 2689 3197 oves
2722 3140 3004 3197 Ecclesiae.
3038 3141 3148 3196 Sed
3191 3141 3291 3213 qui
3321 3140 3499 3213 lupus

123 3223 299 3296 Jacob,
330 3242 396 3283 eo
426 3227 588 3298 quod
616 3224 881 3297 legamus
906 3225 1192 3281 dicentem
1238 3224 1398 3280 illam
1446 3225 1505 3280 in
1554 3225 1744 3280 Canti-
1776 3211 1818 3277 C
1856 3232 2106 3294 venerat,
2141 3233 2339 3300 pastor
2368 3234 2456 3285 est
2488 3231 2694 3285 factus.
2729 3230 2927 3301 Lupus
2957 3234 3081 3285 erat
3109 3211 3244 3285 cum
3283 3211 3498 3287 Saulus

126 3314 196 3370 cis
220 3315 579 3371 canticorum
606 3331 617 3369 :
653 3315 886 3370 «Frater
915 3331 1082 3369 meus
1113 3314 1396 3369 candidus
1425 3318 1482 3369 et
1511 3314 1746 3369 rubeus.

126 3401 323 3460 electus
350 3420 418 3459 ex
449 3405 653 3459 decem
686 3402 947 3458 millibus
976 3402 1156 3470 (Cant.
1188 3420 1243 3471 v,
1280 3404 1389 3474 10).
1424 3426 1453 3452 ››
1496 3403 1752 3474 Denique

126 3490 279 3547 etiam
321 3492 503 3548 David
548 3490 873 3562 juvenculaa
920 3491 1032 3562 (32)
1082 3491 1272 3547 Mariae
1321 3496 1639 3558 auctorem,
1684 3509 1752 3548 ex

125 3580 272 3651 cujus
301 3580 674 3637 successione
704 3580 969 3637 Christus
1018 3584 1106 3636 est
1148 3585 1320 3636 natus
1363 3598 1466 3652 per
1494 3580 1753 3654 Virginis

124 3674 357 3741 partum,
387 3669 447 3725 in
481 3670 685 3724 decem
718 3667 980 3724 millibus
1010 3668 1404 3740 praedicabant
1436 3687 1448 3723 :
1486 3670 1623 3726 Saul
1647 3688 1751 3726 au-

126 3758 225 3812 tem
254 3758 311 3813 in
342 3757 770 3824 millibus,cum
795 3758 1127 3812 reverentia:
1159 3758 1346 3829 gratia
1376 3759 1527 3813 circa
1558 3776 1749 3832 regem

127 3846 294 3917 magis
340 3846 788 3919 praponderare
837 3845 1195 3901 debuissent.
1231 3847 1336 3910 Qui
1388 3864 1523 3919 ergo
1572 3864 1752 3903 cornu

125 3932 313 3990 Christi
371 3934 733 4001 exaltaverit,
792 3934 1098 3989 confessus
1150 3935 1276 4005 ejus
1335 3935 1579 4007 gloriam
1628 3936 1754 4008 ipse

127 4035 333 4094 quoque
377 4022 626 4095 accipiet
665 4038 899 4078 cornua.
953 4022 1114 4077 Unde
1163 4023 1337 4077 etiam
1388 4024 1573 4079 sancti
1623 4025 1752 4079 uni-

127 4111 304 4165 cornui
336 4111 473 4168 dicti
509 4115 648 4165 sunt
678 4110 738 4164 in
765 4110 978 4182 psalmi
1008 4111 1291 4166 versiculo
1325 4128 1380 4165 :u
1416 4114 1481 4167 Et
1506 4112 1754 4169 dilectus

127 4200 383 4271 tanquam
437 4199 600 4254 ﬁlius
650 4197 1108 4254 unicornuorum
1156 4200 1327 4271 (Psal.
1380 4218 1580 4267 xxvm,
1612 4202 1753 4272 6).»

129 4284 326 4342 Etenim
361 4288 513 4343 sicut
547 4286 763 4342 animal
816 4287 1177 4358 hujusmodi,
1212 4305 1343 4343 cum
1390 4290 1441 4345 ci
1488 4291 1757 4346 oriuntur

130 4389 340 4445 cornua,
370 4392 716 4449 processum
748 4375 1043 4447 significat
1082 4375 1360 4448 plenioris
1406 4378 1592 4433 aetatis
1629 4396 1640 4434 :
1676 4380 1757 4434 ita

130 4476 243 4518 cum
260 4482 288 4518 e
305 4465 491 4537 capite
513 4465 767 4536 quodam
787 4468 992 4520 nostris
1007 4465 1212 4520 animae
1235 4482 1452 4522 cornua
1469 4466 1756 4539 pullulare

1861 3320 2003 3386 erat,
2038 3318 2270 3388 quando
2304 3317 2560 3374 intrabat
2589 3318 2646 3373 in
2677 3318 2902 3386 domos,
2938 3322 2995 3373 et
3020 3317 3176 3373 viros
3206 3334 3271 3373 ac
3303 3317 3508 3373 mulie-

1860 3418 1952 3459 res
1982 3404 2252 3461 trahebat
2282 3405 2340 3461 in
2373 3423 2682 3463 carcerem.
2719 3406 2917 3478 Lupus
2959 3409 3083 3462 erat
3128 3406 3361 3478 quando
3387 3404 3507 3478 spi-

1861 3508 2000 3550 rans
2057 3494 2250 3549 minas
2295 3498 2353 3550 et
2405 3494 2719 3551 homicidia
2773 3496 2829 3550 in
2879 3494 3200 3568 discipulos
3258 3494 3508 3563 Domini,

1861 3583 2094 3655 petebat
2160 3583 2437 3654 epistolas
2495 3602 2529 3640 a
2594 3585 2958 3657 principibus
3011 3584 3403 3653 sacerdotum,
3445 3588 3513 3639 ut

1861 3670 2158 3726 invaderet
2207 3688 2402 3727 servos
2448 3673 2685 3730 Christi.
2737 3676 2919 3740 Quem
2966 3678 3248 3746 tanquam
3301 3672 3508 3745 lupum

1861 3757 2163 3813 nocturnis
2203 3759 2457 3815 tenebris
2507 3761 2874 3817 oberrantem
2927 3762 3112 3818 effusa
3155 3762 3328 3818 Jesus
3376 3761 3507 3817 luce

1863 3846 2111 3903 caecavit.
2150 3847 2279 3903 Ideo
2308 3847 2519 3903 Rachel
2552 3865 2686 3904 cum
2718 3854 2946 3921 pareret
2983 3851 3310 3923 Benjamin,
3339 3866 3508 3905 voca-

1860 3935 1943 3990 vit
1976 3950 2185 3990 nomen
2224 3937 2351 4006 ejus
2401 3958 2427 3985 α
2478 3937 2655 3992 Filius
2702 3938 2920 3994 doloris
2968 3939 3080 3993 mei
3135 3938 3285 4011 (Gen.
3337 3955 3508 4006 xxxv,

1864 4024 1975 4095 18),
2021 4045 2047 4071 ››
2092 4024 2356 4079 futurum
2398 4025 2751 4097 prophetans
2801 4044 2869 4082 ex
2920 4043 2988 4082 ea
3044 4027 3201 4081 tribu
3242 4025 3512 4096 Paulum,

1863 4112 1960 4184 qui
1997 4112 2282 4183 afﬂigeret
2311 4112 2460 4168 filios
2492 4112 2752 4169 Ecclesia:
2785 4114 3202 4185 persecutionis
3224 4131 3341 4169 suae
3372 4118 3511 4170 tem-

1864 4217 2021 4272 pore,
2056 4205 2111 4254 et
2140 4200 2298 4272 gravi
2351 4206 2596 4256 matrem
2646 4201 2843 4257 dolore
2888 4207 3136 4258 vexaret.
3172 4202 3283 4258 Sed
3314 4205 3512 4257 tamen

1866 4289 2019 4344 idem
2062 4295 2260 4362 postea
2300 4289 2664 4362 principibus
2704 4307 2899 4346 escam
2942 4289 3260 4362 posteriore
3317 4289 3516 4346 divisit

1864 4381 2144 4450 tempore,
2203 4377 2607 4450 evangelizaus‘
2671 4377 2944 4451 gentibus
3001 4378 3101 4435 Dei
3150 4378 3417 4444 verbum,
3458 4382 3517 4433 et

1866 4466 2150 4538 plurimos
2183 4467 2250 4521 ad
2288 4466 2457 4521 ﬁdem
2496 4484 2844 4538 provocans;
2883 4485 2998 4541 quo
3046 4468 3402 4541 disputante,
3435 4466 3511 4522 si-

130 4552 1757 4629 cmperint.processumvidenturperfectiorissigniﬁcare
1790 4566 1832 4630 ί)
1864 4560 1963 4610 cut
2010 4554 2284 4628 legimus,
2317 4555 2532 4612 Paulus
2579 4556 2915 4629 proconsul,
2959 4564 3014 4614 et
3062 4556 3305 4614 Publius
3354 4556 3511 4629 prin-

127 4639 355 4704 virtutis.
387 4648 444 4698 et
473 4643 682 4697 tandiu
712 4646 999 4711 crescunt,
1036 4644 1293 4715 quandiu
1335 4645 1754 4716 compleantur.

128 4725 229 4783 Hoc
273 4746 450 4786 cornu
506 4730 795 4785 Dominus
849 4730 1020 4786 Jesus
1067 4731 1413 4787 comminuit
1444 4738 1664 4805 gentes,
1699 4738 1764 4789 ut

190 4871 294 4941 (31)
336 4872 442 4936 Qui
492 4871 684 4927 varias
733 4877 1040 4948 auctorum
1090 4874 1169 4948 de
1217 4881 1582 4948 monocerote
1638 4876 1761 4948 opi-

130 4939 315 5015 niones
372 4959 722 5015 cognoscere
780 4943 1045 5009 voluerit,
1103 4945 1266 4999 adeat
1317 4944 1486 5000 Conr.
1521 4939 1759 5004 Gesner.

130 5007 220 5064 lib.
248 5030 269 5087 ι
294 5007 818 5087 Ηίιςίξαηίγηαιίιιφη,
852 5032 987 5087 pag.
1015 5007 1142 5084 781,
1176 5021 1233 5070 et
1263 5015 1525 5087 Ulyssem
1559 5017 1762 5073 Aldro-

131 5078 390 5160 tandum,
418 5085 489 5141 de
516 5078 813 5160 Quadrupg.’
846 5078 1089 5160 bisulcis,
1129 5078 1241 5142 'lib.
1295 5078 1355 5154 ι,’
1386 5105 1511 5160 cap.
1563 5090 1652 5157 33,
1702 5089 1766 5144 de

135 5152 486 5228 Rhinocerote,
521 5152 652 5228 pag.
685 5152 791 5210 8’78
817 5161 872 5210 et
901 5159 1024 5211 888.
1075 5152 1081 5154 ⁷
1323 5152 1329 5154 ⁷
1456 5152 1475 5160 ’
1639 5152 1680 5169 ”

196 5225 298 5295 (32)
327 5225 661 5300 Iuvencum},
697 5227 751 5281 id
787 5232 893 5300 est,
930 5228 1038 5281 illm
1072 5228 1346 5283 mulieres
1384 5246 1510 5300 qum
1559 5230 1765 5287 choros

135 5291 398 5370 ducentes
423 5298 601 5353 David
635 5315 704 5354 ex
729 5291 887 5354 bello
931 5303 1062 5370 post
1109 5300 1365 5354 occisum
1400 5291 1642 5356 'Goliath
1679 5320 1763 5357 re-

135 5368 359 5488 ἒξιξειιῐὶ
411 5374 808 5437 occurrerunt,
862 5368 949 5424 ιι(
976 5370 1225 5425 habetur
1276 5373 1297 5427 Ι
1344 5372 1481 5444 Reg.
1524 5391 1685 5441 xvm,
1732 5376 1767 5428 6

136 5450 182 5488 ει
207 5450 256 5489 ⁷1.

196 5508 425 5583 (33)_Sic
454 5509 591 5566 edit.
625 5511 813 5583 Rom;
844 5516 901 5566 et
936 5515 1185 5583 quatuor
1233 5515 1454 5568 mss.At
1486 5515 1621 5569 edit.
1654 5520 1763 5571 vet.

133 5578 182 5657 et
234 5578 325 5657 alii
391 5596 534 5657 mss.
593 5582 849 5657 melioris
908 5578 1076 5657 notes,
1149 5586 1245 5657 qui
1304 5601 1364 5657 eo
1435 5586 1765 5657 disputante,

133 5648 503 5729 sicut_legat_us
538 5655 705 5729 Pauli
745 5648 1110 5729 proconsulis,
1145 5648 1195 5709 et
1228 5656 1451 5710 Publius
1492 5648 1766 5729 princeps,

136 5721 233 5774 etc.
267 5722 398 5786 Quae
432 5726 625 5781 tamen
658 5721 828 5782 lectio
861 5726 909 5781 si
944 5741 1076 5781 vera
1105 5730 1276 5789 esset,
1310 5721 1580 5784 sanctum
1634 5721 1768 5784 doc4

1868 4660 2001 4716 ceps
2034 4644 2164 4716 (33),
2200 4644 2433 4700 Domini
2483 4645 2735 4718 gratiam
2787 4651 3130 4721 receperunt
3173 4647 3308 4720 (Act.
3350 4660 3512 4712 χχιιι,

1874 4733 1966 4800 12;
1999 4750 2195 4801 XXVIII,
2223 4734 2299 4805 8).

1869 4879 2056 4930 torem
2082 4875 2394 4944 exemplari
2430 4894 2462 4930 a
2493 4877 2695 4933 Bibliis
2741 4885 2797 4932 et
2843 4879 3212 4936 versionibus
3243 4878 3517 4934 omnibus

1872 4964 1999 5017 qua:
2029 4963 2184 5021 nunc
2217 4947 2523 5021 habentur,
2556 4951 2925 5021 discrepante
2954 4967 3130 5006 usum
3163 4966 3293 5021 esse
3343 4964 3519 5019 opor-

1876 5022 2034 5092 teret.
2070 5018 2215 5092 Nam
2251 5018 2465 5092 ubique
2498 5037 2613 5074 non
2646 5018 2810 5092 Pauli
2857 5020 3223 5092 proconsulis
3267 5018 3514 5092 legatus,

1873 5089 1971 5144 sed
2003 5087 2129 5159 ipse
2161 5087 2395 5159 Paulus,
2426 5091 2737 5159 proconsul
2785 5087 3056 5147 narratur
3101 5087 3415 5147 conversus
3446 5088 3518 5143 ab

1874 5158 2540 5231 Apostolo.Ex_cipimus
2589 5165 2784 5216 tamen
2834 5163 3158 5218 versionem
3186 5160 3515 5231 Arabicam.

1878 5229 1941 5314 [τι
1989 5230 2095 5314 Ιιειο
2143 5229 2439 5314 siquidem
2483 5237 2681 5314 aperte
2725 5233 2851 5287 duae
2901 5249 3276 5314 personas-ex
3321 5230 3518 5314 Sergio

1878 5302 2053 5357 Paulo
2084 5302 2566 5374 constituuntur,_
2588 5303 2683 5357 ubi
2734 5302 3059 5360 secundum
3092 5303 3353 5360 Latinam
3392 5302 3521 5374 ejus

1876 5372 2413 5449 interpretationem
2445 5371 2803 5449 italegimus
2838 5393 2851 5430 ε
2889 5376 2994 5449 Qui
3023 5376 3259 5449 (nempe
3306 5371 3523 5449 Elimas

1879 5443 2106 5516 magus)
2158 5452 2276 5499 erat
2324 5443 2473 5516 apud
2516 5443 2769 5515 Sergium
2819 5443 3102 5503 tribunum
3153 5443 3279 5503 cum
3324 5447 3519 5512 Paulo,

1878 5518 1992 5570 vim
2022 5516 2302 5590 prudente.
2338 5516 2496 5581 Quod
2528 5533 2671 5590 sane»
2699 5516 2926 5573 lectioni
2960 5517 3521 5590 priscarumgeditio-

1878 5604 2017 5642 num
2060 5588 2243 5641 favere
2279 5594 2485 5657 potest,
2521 5589 2567 5643 si
2619 5588 2882 5646 dicamus
2929 5588 3194 5657 Sergium
3246 5589 3415 5645 illum
3455 5604 3525 5645 ex

1878 5658 2138 5733 versione
2191 5660 2435 5733 Arabica
2464 5660 2889 5733 tribunumah
2935 5658 3240 5719 Ambrosio
3266 5661 3523 5733 legatum

1885 5728 2046 5785 Pauli
2078 5729 2440 5800 proconsulis
2466 5730 2687 5788 dictum
2718 5732 2919 5790 fuisse.
