3866 6212
323 305 440 365 727
1094 274 1109 287 ’
1791 308 1850 367 s.

2240 306 2276 367 ll
3602 328 3609 335 '
3635 305 3767 367 728

394 444 482 498 58.
517 438 761 498 Pulchre
792 444 985 497 autem
1016 440 1193 498 etiam
1226 441 1453 515 Moyses
1501 459 1631 497 cum
1665 439 1969 499 benedice-
2000 441 2054 509 Α
2085 438 2144 496 in
2192 436 2375 497 silvis.
2432 439 2573 499 5³1
2634 441 2704 499 Et
2751 440 2904 500 Deus
2952 441 3326 501 obumbravit
3369 457 3551 515 super
3589 456 3761 515 eum,

326 534 413 586 ret
444 530 746 603 Benjamin
791 532 1011 587 tribum
1061 532 1205 587 dixit
1238 550 1250 587 :
1284 556 1310 579 ‹‹
1342 531 1597 587 Dilectus
1650 549 1683 586 a
1729 532 1976 587 Domino
2090 531 2325 602 quando
2346 529 2509 588 visus
2528 538 2613 587 est
2642 532 2693 587 ei
2720 532 3120 600 Christus.Qui
3153 531 3290 588 licet
3317 532 3541 604 apertis
3561 530 3761 587 oculis

327 621 617 676 habitabit
646 622 851 688 ﬁdens,
884 626 939 676 et
986 625 1135 676 Deus
1186 622 1563 676 obumbrabit
1612 638 1790 693 super
1838 637 1973 675 eum
2085 621 2309 677 videret
2341 620 2508 685 nihil,
2542 626 2739 682 tamen
2784 622 3084 677 Christum
3132 621 3385 677 videbat.
3419 622 3493 676 Et
3537 620 3761 676 merito

333 711 612 767 omnibus
665 710 889 775 diebus,
924 714 975 780 et
1019 710 1169 765 inter
1217 710 1494 765 humeros
1549 710 1869 781 requiescet
1897 710 1980 764 di-
2086 708 2321 764 videbat
2354 714 2719 781 praesentem,
2748 726 2920 781 quem
2953 711 3129 766 etiam
3175 710 3454 766 audiebat
3497 709 3761 781 loquen-

331 796 517 853 lectus
549 813 581 851 a
612 796 855 852 Domino
888 799 1063 866 (Deut.
1096 814 1291 863 xxxm,
1328 798 1435 867 12),
1472 820 1498 847 ››
1533 797 1629 868 qui
1663 797 1838 851 etiam
1878 814 1977 852 vas
2088 804 2222 853 tem.
2258 799 2381 853 Non
2414 798 2690 854 caecitatis
2720 803 2811 855 est
2840 799 3210 855 obumbratio
3240 799 3374 867 ista,
3390 799 3491 855 sed
3517 799 3761 871 gratiae.

331 885 632 941 electionis
673 890 762 940 est
792 886 998 941 factus.
1032 886 1229 958 Neque
1287 887 1442 940 enim
1494 886 1659 941 aliter
1708 885 1816 941 nisi
1868 886 1977 941 Do-
2088 887 2347 958 Denique
2378 887 2570 942 Mariis
2603 887 2864 944 dicitur:
2905 888 3222 960 «Spiritus
3251 892 3491 944 sanctus
3537 905 3765 959 super-

330 974 473 1029 mini
524 978 613 1029 est
662 974 1036 1029 miseratione
1085 979 1140 1029 et
1190 992 1388 1030 amore
1431 992 1765 1030 conversus.
1819 975 1979 1030 Unde
2085 976 2307 1031 verniet
2338 975 2394 1029 in
2426 979 2502 1039 te,
2535 981 2593 1031 et
2638 976 2823 1032 virtus
2874 976 3163 1032 Altissimi
3210 977 3594 1033 obumbrabit
3642 976 3763 1031 tibi

330 1068 388 1119 et
416 1062 538 1134 ipse
570 1062 714 1118 nihil
749 1065 961 1118 merito
992 1064 1257 1119 tribuens
1308 1080 1435 1133 suo,
1465 1064 1565 1118 sed
1598 1068 1785 1118 totum
1821 1063 1980 1118 dci'e-
2089 1064 2240 1135 (Luc.
2276 1080 2317 1128 1,
2350 1065 2464 1134 35).

330 1167 466 1208 rens
494 1151 747 1218 Christo,
780 1152 862 1207 ait
893 1153 1065 1223 :«Ego
1098 1152 1253 1207 enim
1287 1170 1415 1206 sum
1452 1152 1735 1206 minimus
1757 1156 1982 1224 aposto-
2158 1153 2248 1208 59.
2287 1174 2314 1202 «
2346 1154 2415 1208 Et
2462 1153 2617 1209 inter
2673 1154 2953 1211 humeros
3010 1155 3358 1227 requiescet,
3402 1177 3431 1205 ››
3480 1155 3594 1211 hoc
3636 1161 3759 1219 est,

329 1241 521 1298 lorum
583 1243 682 1314 qui
742 1258 858 1296 non
911 1258 1040 1296 sum
1108 1241 1323 1314 dignus
1395 1240 1586 1295 vocari
1657 1241 1978 1313 apostolus,
2088 1241 2244 1297 inter
2273 1241 2458 1296 honos
2491 1246 2654 1298 actus
2688 1247 2746 1298 et
2775 1258 2951 1315 opera
2998 1244 3267 1316 pretiosa.
3300 1244 3446 1299 Nam
3478 1248 3536 1300 et
3567 1261 3763 1317 supra

333 1331 612 1403 quoniam
664 1336 1005 1402 persecutus
1057 1348 1188 1384 sum
1234 1328 1552 1384 Ecclesium
1602 1330 1721 1385 Dei.
1783 1329 1983 1385 Gratia
2088 1328 2271 1385 habes
2302 1330 2459 1399 quod
2484 1329 2752 1385 Issachar
2776 1331 3090 1402 supposuit
3119 1331 3434 1387 humerum
3461 1347 3643 1387 suum
3678 1332 3760 1386 ad

333 1424 527 1476 autem
560 1419 659 1475 Dei
693 1436 823 1475 sum
854 1419 907 1473 id
944 1420 1095 1490 quod
1129 1436 1282 1485 sum,
1318 1424 1373 1474 et
1402 1418 1591 1491 gratia
1620 1419 1748 1490 ejus
1797 1435 1980 1491 egena
2088 1416 2499 1488 laborandum,
2532 1422 2590 1473 et
2620 1418 2806 1474 factus
2839 1423 2929 1474 est
2957 1419 3046 1475 vir
3073 1419 3347 1492 agricola.
3378 1421 3562 1486 Quem
3596 1421 3761 1477 Pau-

332 1508 392 1563 in
449 1525 541 1564 me
600 1525 713 1564 non
776 1507 884 1563 fuit
916 1510 963 1579 (I
1009 1509 1132 1563 Cor.
1190 1526 1280 1572 xv,
1331 1508 1385 1575 9,
1440 1508 1546 1578 10).
1602 1530 1629 1557 ››
1688 1507 1983 1563 Habitabit
2085 1506 2187 1562 lus
2212 1506 2708 1580 imitatus,posuit
2737 1507 2871 1563 ﬁdei
2903 1506 3131 1565 novella
3160 1508 3472 1581 plantaria,
3495 1508 3761 1581 ideoque

332 1596 519 1652 ﬁdens
545 1596 602 1651 in
636 1597 811 1651 domo
858 1613 1034 1668 quam
1084 1599 1215 1651 ante
1262 1597 1546 1663 vastabat,
1582 1596 1873 1651 habitabit
1920 1596 1977 1651 in
2091 1596 2260 1668 quasi
2292 1596 2482 1652 bonus
2509 1595 2764 1667 agricola
2792 1596 2939 1652 dixit
2971 1614 2985 1652 :
3023 1620 3049 1647 ‹‹
3088 1598 3206 1670 Ego
3237 1597 3518 1671 plantavi,
3541 1597 3758 1671 Apollo

330 1684 724 1742 tabernaculis
754 1684 987 1755 Christi,
1022 1685 1120 1756 qui
1165 1689 1297 1741 ante
1347 1686 1499 1741 sicut
1542 1685 1717 1758 lupus
1749 1685 1981 1742 errabat
2093 1683 2299 1756 rigavit
2330 1685 2376 1754 (I
2407 1684 2526 1740 Cor.
2563 1702 2643 1751 ιιι,
2676 1686 2752 1757 6).
2790 1708 2817 1735 ››

1722 1890 3755 1921 m

726 2092 834 2175 IN
901 2088 1341 2175 LIBRUM
1395 2089 1542 2173 DE
1603 2088 1852 2172 ELIA
1915 2089 2061 2173 ET
2119 2086 2594 2176 JEJUNIO
2652 2086 3334 2195 ADMONITIO,

370 2297 492 2361 Ubi
521 2295 821 2358 nonnulla
854 2294 930 2354 de
954 2292 1199 2372 jejunio
1230 2291 1766 2370 Quadragesimali
1799 2292 2277 2353 Mediolanensis
2305 2292 2615 2365 Ecclesiae,
2649 2310 2721 2353 ac
2750 2292 2827 2353 de
2864 2291 3156 2353 conviviis
3195 2310 3385 2373 super
3433 2293 3735 2373 sepulcra

1479 2397 1825 2469 martyrum
1857 2390 2184 2452 celebratis
2213 2391 2596 2452 inseruntur.

400 2777 633 2851 Legenti
666 2776 821 2832 hunc
851 2773 1067 2829 librum
1098 2772 1254 2828 haud
1288 2772 1526 2828 difﬁcile
1556 2772 1732 2827 fuerit
1761 2774 1877 2827 tres
1907 2771 1965 2826 in
1997 2786 2062 2827 eo
2092 2775 2288 2843 partes
2318 2771 2797 2827 animadvertere.
2833 2772 2894 2827 In
2930 2772 3147 2844 prima,
3191 2788 3376 2846 eaque
3430 2775 3746 2848 praecipua,

332 2869 402 2925 de
418 2865 644 2940 jejunio
674 2864 888 2937 agitur,
922 2867 977 2917 et
1006 2860 1380 2934 potissimum
1412 2862 1482 2916 de
1511 2859 2010 2932 Quadragesimali
2062 2860 2216 2932 quod
2266 2860 2412 2916 festa
2461 2860 2759 2932 paschalia
2804 2862 3114 2918 antecedit.
3152 2861 3347 2919 Primo
3371 2862 3571 2935 itaque
3598 2864 3744 2920 illud

332 2955 679 3015 Ambrosius
736 2951 944 3008 asserit
992 2952 1139 3022 (cap.
1193 2952 1244 3021 1)
1292 2950 1607 3021 quamdam
1638 2967 1765 3006 esse
1814 2966 2094 3021 pugnam,
2123 2951 2292 3022 cujus
2350 2949 2629 3006 beneﬁcio
2685 2950 2987 3006 victoriam
3041 2951 3260 3017 crucis,
3312 2956 3370 3007 et
3426 2953 3744 3010 Dominicis

334 3041 778 3104 resurrectionis
808 3045 1089 3112 tropaeum
1124 3043 1519 3111 reportamus;
1554 3038 1613 3093 in
1645 3038 1754 3094 hoc
1782 3046 1977 3094 autem
2010 3038 2206 3110 praalio
2238 3039 2434 3110 ipsum
2464 3038 2801 3109 Dominum,
2835 3043 2901 3094 ut
2928 3039 3099 3095 nobis
3146 3041 3403 3097 traderet
3438 3045 3741 3115 pugnandi

334 3140 545 3201 artem,
593 3136 649 3188 et
694 3129 959 3186 vincendi
1010 3129 1257 3202 gratiam
1309 3129 1651 3201 impertiret,
1704 3144 2052 3199 praecurrere
2082 3126 2374 3199 gvoluisse.
2424 3126 2630 3183 Postea
2677 3132 2896 3200 quanta
2934 3128 3148 3200 jejunii
3194 3128 3382 3185 virtus
3431 3131 3527 3197 sit,
3580 3131 3739 3187 brevi

334 3219 797 3282 dinumeratione
827 3218 1221 3291 prodigiorum
1255 3233 1381 3288 quae
1428 3216 1615 3288 ipsius
1665 3232 1772 3288 Ope
1820 3217 1891 3271 ab
1939 3216 2065 3271 Elia
2113 3220 2343 3288 patrata
2390 3220 2807 3283 memorantur,
2841 3217 3026 3289 aperit
3056 3218 3204 3289 (cap.
3238 3220 3273 3271 2
3296 3221 3357 3272 et
3380 3219 3459 3285 3).
3490 3218 3737 3275 Verum-

332 3318 528 3369 tamen
576 3326 710 3366 cum
750 3309 877 3380 jam
929 3306 1145 3361 multos
1200 3305 1381 3361 libros
1429 3304 1493 3360 de
1538 3303 1679 3359 Elia?
1731 3307 1896 3375 gestis
1952 3304 2305 3376 scripsisset,
2366 3303 2634 3377 pluribus
2688 3304 2758 3360 de
2816 3304 2914 3360 illo
2973 3322 3036 3360 se
3092 3305 3533 3378 disputaturum
3564 3315 3739 3381 negat

328 3403 476 3474 (cap.
509 3401 563 3467 3,
598 3416 760 3455 num.
797 3398 876 3469 5),
908 3400 1215 3452 contentus
1265 3394 1433 3451 nobis
1480 3393 1736 3450 suasisse
1792 3398 1856 3449 ut
1911 3395 2183 3451 eumdem
2227 3393 2286 3449 in
2335 3410 2499 3451 sacro
2548 3393 2940 3467 quadraginta
2986 3394 3212 3450 dierum
3254 3395 3485 3467 jejunio
3542 3396 3733 3453 imite-

328 3507 485 3546 mur.

397 3578 491 3632 Sic
519 3576 688 3648 quasi
721 3574 994 3647 praelatus
1024 3574 1095 3629 de
1117 3572 1343 3644 jejunio
1375 3572 1615 3644 propius
1645 3573 1716 3628 ad
1761 3575 2175 3645 argumentum
2224 3588 2399 3630 suum
2449 3572 2690 3629 accedit.
2724 3572 2993 3629 Ostendit
3020 3575 3167 3645 (cap.
3205 3574 3258 3643 4)
3289 3575 3554 3629 eamdem
3603 3591 3734 3631 esse

317 3665 532 3738 jejunii
583 3680 649 3719 ac
698 3661 902 3718 mundi
938 3661 1346 3732 antiquitatem
1382 3678 1395 3716 :
1430 3660 1616 3731 legem
1666 3661 2033 3717 abstinentia
2084 3664 2217 3717 ante
2261 3666 2498 3718 ceteras
2548 3679 2582 3717 a
2629 3662 2745 3717 Deo
2796 3660 2998 3728 latam,
3049 3678 3167 3733 qua
3210 3661 3426 3717 violata
3467 3663 3730 3720 Adamus

322 3754 648 3810 nuditatem
680 3750 1006 3823 cognoverit
1038 3767 1205 3805 suam
1240 3767 1251 3803 :
1287 3748 1543 3805 declarat
1570 3751 1780 3821 (cap.5)
1813 3750 2030 3806 Noachi
2056 3750 2318 3823 exemplo
2347 3750 2614 3824 ignotum
2645 3751 2718 3807 ad
2749 3750 2807 3807 id
2837 3750 3121 3823 temporis
3147 3751 3330 3807 fuisse
3359 3751 3481 3807 vini
3516 3769 3726 3809 usum:

320 3843 609 3900 Abraham
642 3842 700 3896 in
732 3840 990 3896 convivio
1022 3856 1126 3894 suo
1157 3839 1379 3910 angelis
1408 3839 1638 3911 ipsique
1669 3840 1811 3895 adeo
1861 3841 2066 3896 mundi
2114 3840 2295 3897 totius
2344 3841 2589 3896 Domino
2637 3840 2839 3896 vinum
2877 3857 2993 3896 non
3038 3839 3408 3896 ministrasse
3443 3858 3456 3896 :
3489 3840 3726 3914 Moysen

318 3932 570 4004 denique
598 3928 813 4003 populo
845 3928 1027 3984 solam
1059 3944 1272 3999 aquam
1315 3944 1414 4000 per
1466 3927 1816 3984 miraculum
1863 3930 2269 4001 suppeditasse
2318 3930 2376 3984 in
2430 3931 2678 3987 deserto.
2714 3930 2800 3985 Ad
2849 3930 2968 3985 haec
3014 3929 3184 3984 nobis
3231 3929 3506 3985 eumdem
3558 3929 3723 3986 illum

316 4022 574 4094 Moysen,
622 4020 916 4085 Elisseum,
978 4015 1295 4085 Daniclem,
1347 4015 1608 4089 aliosque
1656 4019 2177 4089 praestantissimos
2236 4019 2391 4074 viros
2440 4018 2541 4090 qui
2599 4022 2835 4090 prepter
2886 4018 3179 4089 jejunium
3232 4016 3511 4073 celebrati
3563 4023 3727 4085 sunt,

318 4110 591 4184 proponit
639 4111 788 4181 (cap.
824 4109 859 4163 6
888 4110 943 4163 et
970 4108 1046 4178 7).
1081 4105 1225 4162 Hinc
1272 4107 1504 4162 venitur
1552 4108 1698 4178 (cap.
1751 4110 1803 4174 8,
1850 4108 1885 4161 9
1931 4111 1988 4162 et
2036 4108 2183 4178 seq.)
2234 4107 2303 4162 ad
2330 4106 2542 4177 jejunii
2601 4105 2906 4173 utilitates,
2962 4105 3162 4176 eisque
3218 4120 3433 4177 magno
3484 4123 3729 4163 numero

313 4199 615 4255 recensitis
642 4196 1103 4269 intemperantiae
1151 4212 1217 4252 ac
1266 4194 1439 4251 luxus
1487 4196 1876 4262 incommoda,
1910 4195 2113 4262 turbae,
2165 4195 2473 4267 dispendia
2522 4198 2916 4266 opponuntur.
2950 4193 3150 4264 Neque
3191 4208 3323 4248 vero
3374 4192 3523 4248 illud
3573 4211 3727 4267 pras-

314 4288 657 4344 termittitur
704 4288 854 4358 (cap.
890 4287 979 4353 lO,
1011 4302 1174 4340 num.
1226 4286 1293 4340 34
1343 4289 1399 4340 et
1448 4301 1545 4356 seq
1580 4284 1855 4355 ),jejunii
1907 4300 2084 4355 opera
2142 4301 2248 4338 nos
2309 4284 2381 4338 ad
2430 4281 2688 4354 mystica:
2740 4297 2977 4344 mensae,
3028 4270 3138 4336 hoc
3185 4284 3295 4349 est,
3344 4281 3728 4339 Eucharistiae

310 4376 642 4434 societatem
696 4374 943 4430 admitti.
996 4374 1125 4429 Haec
1180 4380 1416 4429 sanctus
1474 4373 1719 4429 antistes
1777 4371 2165 4445 praecipiendo
2215 4388 2331 4443 qua
2382 4372 2604 4427 ratione
2663 4386 2770 4425 nos
2813 4370 3079 4440 jejunare
3123 4373 3384 4441 oporteat
3430 4369 3728 4427 concludit

314 4466 463 4537 (cap.
499 4465 610 4535 40).
1664 4524 1669 4529 .

378 4552 648 4610 Secunda
677 4555 837 4624 parte
866 4552 1208 4607 Ambrosius
1256 4551 1314 4605 in
1367 4552 1457 4606 sui
1505 4550 1786 4622 temporis
1817 4549 2422 4622 intemperantissime
2475 4547 2735 4603 convivia
2781 4545 3097 4601 invehitur.
3133 4544 3420 4601 Describit
3450 4548 3601 4621 (cap.
3636 4549 3723 4619 l2)

302 4642 492 4715 primo
522 4643 837 4709 vulgarium
864 4650 914 4695 et
946 4642 1333 4696 vilissimorum
1367 4642 1651 4695 hominum
1681 4640 2145 4712 compotationes
2177 4642 2353 4708 atque
2384 4636 2714 4692 ebrietates.
2775 4634 2997 4691 Deinde
3043 4635 3115 4691 ad
3166 4633 3370 4707 epulas
3416 4640 3719 4707 potentium

301 4735 355 4787 et
380 4729 817 4805 fortissimorum
855 4728 1273 4783 atlolcscmztium
1325 4727 1531 4782 transit
1584 4730 1733 4799 (cap.
1782 4729 1849 4783 13
1896 4733 1953 4783 et
2001 4727 2168 4798 seq).
2220 4727 2287 4781 Et
2339 4743 2454 4797 quo
2504 4742 2707 4781 eorum
2754 4723 3164 4780 temulentiam
3216 4724 3406 4797 magis
3457 4727 3716 4783 odiosam

299 4820 529 4887 reddat,
559 4833 862 4890 expressas
894 4834 959 4871 ac
989 4816 1143 4870 velut
1173 4816 1462 4887 spirantes
1494 4816 1756 4887 ipsorum
1789 4817 2075 4889 imagines
2105 4816 2176 4871 ob
2212 4813 2415 4871 oculos
2468 4815 2651 4885 ponit.
2708 4814 3053 4886 Perstringit
3102 4814 3253 4885 (cap.
3291 4815 3378 4882 17,
3414 4831 3584 4872 num.
3629 4818 3717 4885 6t)

299 4907 473 4964 etiam
506 4907 710 4963 modos
740 4904 1024 4977 quosdam
1059 4904 1289 4959 bibendi
1323 4905 1465 4959 adeo
1498 4907 1841 4976 stupendos,
1876 4910 1939 4961 ut
1969 4905 2080 4960 nisi
2114 4903 2229 4959 illis
2261 4907 2473 4959 nostrae
2524 4902 2710 4958 aetatis
2764 4917 3057 4973 ganeones
3110 4900 3341 4957 insania
3389 4918 3500 4958 sua
3547 4904 3715 4960 ﬁdem

295 4998 570 5064 facerent,
603 4996 783 5052 ferme
813 4994 1144 5049 viderentur
1174 4993 1564 5049 incredibiles.
1597 4995 1891 5050 Postremo
1924 4995 2275 5051 feminarum
2330 5008 2562 5064 quoque
2609 4991 2881 5063 objurgat
2930 4994 3081 5062 (cap.
3120 4991 3205 5057 18,
3240 5006 3404 5046 num.
3435 4993 3531 5062 66)
3559 4992 3715 5047 vino-

291 5086 550 5155 lentiam,
581 5103 697 5159 qua
728 5084 835 5141 illa:
870 5084 1098 5155 percitae
1128 5083 1485 5138 Baccharum
1535 5084 1721 5139 instar
1769 5101 1871 5156 per
1918 5084 2081 5140 urbis
2134 5082 2392 5155 compita
2440 5080 2868 5144 discurrebant,
2901 5096 3084 5151 eaque
3121 5080 3559 5152 perpetrabant,
3591 5097 3711 5153 qua:

290 5192 405 5232 non
436 5177 581 5250 ipsis
613 5175 821 5247 magis,
857 5190 1031 5245 quam
1062 5173 1485 5245 spectatoribus
1516 5177 1709 5228 essent
1741 5174 2096 5245 perniciosa.

356 5264 417 5319 1n
448 5264 617 5321 tertia
646 5269 808 5336 parte
839 5262 1331 5335 Opportunitatem
1372 5261 1681 5317 verborum
1715 5262 1895 5332 Isaias,
1931 5279 2060 5334 quae
2115 5262 2176 5316 in
2232 5257 2479 5315 ecclesia
2529 5256 2730 5312 eodem
2780 5256 2873 5312 die
2924 5254 3075 5312 lecta
3122 5256 3373 5324 fuerant,
3426 5257 3709 5330 arripiens

288 5354 455 5409 docet
478 5354 627 5425 (cap.
664 5354 749 5421 19)
783 5352 933 5407 hanc
964 5368 1178 5407 mensae
1208 5350 1503 5406 licentiam
1534 5351 1806 5406 vitiorum
1837 5349 2124 5418 omnium,
2157 5352 2215 5405 et
2244 5347 2433 5420 ipsius
2463 5362 2697 5418 quoque
2726 5344 2981 5401 avaritiae
3030 5361 3149 5417 qua
3180 5360 3284 5416 per
3318 5345 3414 5401 fas
3444 5349 3504 5400 et
3550 5346 3704 5402 nefas

288 5445 560 5511 sumptus
591 5441 830 5496 luxuriae
861 5441 1268 5507 corraduntur,
1297 5440 1677 5496 seminarium
1711 5456 1776 5495 ac
1809 5444 2058 5495 matrem
2089 5438 2514 5494 esse.Attamen
2545 5450 2613 5489 ex
2638 5432 3023 5506 sequentibus
3070 5432 3238 5490 Isaiae
3268 5432 3469 5489 verbis
3497 5434 3700 5507 probat

287 5532 439 5599 (cap.
467 5529 559 5598 20)
590 5528 1111 5584 clementissimum
1139 5530 1309 5599 juxta
1338 5546 1403 5584 ac
1436 5528 1859 5600 peritissimum
1893 5527 2188 5584 medicum
2221 5541 2351 5582 esse
2382 5528 2585 5591 Deum,
2620 5523 2721 5593 qui
2774 5522 3023 5577 salutem
3054 5522 3127 5578 ad
3157 5538 3327 5594 Opem
3374 5538 3545 5577 suam
3576 5539 3696 5595 per-

290 5613 656 5685 fugientibus
712 5616 996 5669 restituet.
1058 5616 1127 5669 Et
1176 5632 1291 5685 quo
1344 5617 1756 5671 vehementius
1816 5618 1888 5672 ad
1942 5617 1999 5671 id
2048 5612 2315 5687 impellat
2371 5612 2686 5678 auditores,
2755 5612 3081 5667 extremum
3145 5608 3464 5681 judicium,
3535 5611 3693 5682 cujus

292 5701 653 5757 mentionem
722 5702 778 5757 in
847 5703 1182 5774 prophetica
1250 5703 1491 5760 lectione
1555 5707 1881 5777 audierant,
1951 5705 2067 5762 illis
2138 5705 2196 5761 in
2267 5702 2608 5760 memoriam
2684 5703 2915 5758 revocat
2979 5703 3129 5773 (cap.
3202 5700 3293 5766 2t,
3356 5715 3518 5757 num.
3582 5701 3686 5767 77).
