3866 6212
78 316 87 323 ‘
173 306 299 371 729
1157 301 1258 365 DE
1300 301 1481 364 ELlA
1523 296 1623 364 ET
1663 299 2005 367 JEJUNIO.
2038 333 2116 348 —
2144 298 2605 365 ADMONITIO.
3461 295 3581 358 730

170 439 303 499 Huc
331 436 498 499 addi
524 436 682 511 (Ibid.
716 444 878 494 num.
910 432 1283 507 79)'athletas
1311 450 1419 492 nos
1444 450 1574 491 esse
1605 434 1821 507 quibus
1849 436 1909 491 in
1941 434 2148 492 ultimo
2192 433 2293 490 illo
2321 433 2416 491 die
2446 447 2660 491 corona
2689 430 2958 507 neganda
2985 429 3085 501 sit,
3134 430 3249 492 nisi
3297 447 3578 505 generoso

175 529 378 587 animo
406 526 843 589 certaverimus.
880 527 1029 582 Tum
1077 541 1390 581 conversus
1442 525 1511 580 ad
1561 524 2010 581 catechumenos
2055 523 2207 578 viam
2260 521 2403 594 ipsis
2454 522 2526 577 ad
2585 518 2995 595 perpurganda
3046 521 3188 577 vitia
3250 520 3570 595 planiorem

150 619 653 690 .aecurioremque
702 620 1011 688 suppetere
1058 615 1422 670 demonstrat
1472 617 1619 685 (cap.
1661 615 1753 684 22,
1812 630 1976 668 num.
2021 612 2132 684 83),
2188 611 2549 684 baptismum
2593 611 2874 667 videlicet
2916 628 3030 685 quo
3070 616 3355 683 tanquam
3411 628 3577 667 sacro

154 708 432 780 lquodam
463 707 595 780 igne
618 706 898 762 universae
930 704 1130 761 sordes
1163 705 1613 759 consumuntur.
1653 701 1872 758 Verum
1917 717 2051 758 cum
2096 701 2337 757 minime
2367 702 2655 768 deessent,
2716 701 2817 773 qui
2867 705 2933 756 ut
2963 701 3170 772 majori
3232 700 3466 757 licentia
3509 701 3569 756 in

175 796 419 870 ﬂagitiis
475 797 599 852 suis
666 796 1116 867 perseverarent,
1165 796 1597 848 sacramentum
1645 790 1790 847 illud
1835 790 1894 846 in
1944 790 2164 847 exitum
2208 790 2333 845 vitae
2384 789 2750 856 differebant,
2801 790 3011 846 acriter
3058 806 3157 846 eos
3206 790 3581 862 reprehendit

172 890 327 958 (cap.
357 887 449 952 22,
481 901 643 939 num.
670 883 782 955 84),
817 886 1182 953 mortemque
1211 881 1352 936 dum
1385 878 1907 952 procrastinantur,
1940 878 2209 950 ingruere
2240 878 2789 945 commonefaciens,
2822 879 3058 934 eosdem
3102 895 3174 934 ne
3230 894 3578 951 comperen-

172 973 479 1030 dinatione
508 989 616 1029 sua
644 971 888 1027 Cainum
920 970 1115 1042 potius
1145 986 1321 1042 quam
1351 968 1586 1024 Abelem
1608 967 1669 1022 in
1700 966 1981 1023 sacrificio
2014 966 2308 1022 offerendo
2338 965 2703 1033 aemulentur,
2736 966 3027 1022 absterret
3058 967 3213 1037 (Ibid.
3249 984 3413 1023 num.
3460 968 3572 1039 85).

247 1060 506 1118 Tametsi
530 1061 717 1131 tribus
748 1060 1032 1132 partibus,
1061 1063 1127 1114 ut
1155 1075 1336 1130 supra
1363 1058 1728 1113 declaratum
1757 1059 1866 1121 est,
1899 1059 2121 1111 constet
2136 1054 2230 1110 hic
2262 1053 2446 1119 liber;
2490 1058 2687 1109 tamen
2720 1054 2859 1126 quia
2882 1054 3115 1110 illarum
3150 1055 3458 1126 potissima
3487 1064 3577 1113 est

173 1168 247 1208 ea
277 1151 338 1206 in
370 1167 487 1223 qua
515 1150 710 1222 agitur
740 1147 1076 1219 dejejunio,
1098 1148 1255 1219 quod
1285 1150 1702 1220 argumentum
1733 1144 1921 1199 Eliani
1946 1144 2159 1216 jejunii
2189 1144 2494 1199 occasione
2524 1147 2865 1214 susceptum
2906 1142 3035 1212 fuit,
3084 1143 3215 1200 ideo
3245 1145 3310 1200 de
3356 1148 3485 1202 Elia
3532 1151 3585 1203 et

163 1240 389 1312 jejunio
419 1237 776 1296 inscribitur.
811 1237 976 1292 Hunc
1019 1236 1261 1291 titulum
1292 1251 1494 1291 omnes
1526 1250 1671 1290 mss.
1706 1250 1821 1305 prae
1851 1249 1914 1288 se
1945 1233 2158 1300 ferunt,
2193 1235 2430 1304 excepto
2463 1232 2615 1304 quod
2651 1230 2834 1303 aliqui
2885 1231 3021 1288 Elia:
3080 1249 3295 1291 nomen
3343 1234 3605 1307 prmter-'

173 1327 481 1384 mittentes
519 1325 793 1381 exhibent
821 1328 1075 1392 tantum,
1097 1324 1284 1381 Sermo
1299 1325 1477 1380 sancti
1504 1323 1779 1378 Ambrosii
1808 1322 1876 1378 de
1902 1316 2138 1393 Jejunio.

250 1414 379 1470 Divi
397 1413 591 1471 Basilii
618 1413 920 1469 homiliam
940 1429 1058 1484 qua
1086 1412 1367 1485 populum
1391 1427 1566 1466 suum
1589 1411 1659 1466 ad
1674 1410 1972 1483 jejunium
1996 1408 2463 1481 Quadragesimaa
2490 1408 2761 1465 alacriter
2780 1410 3220 1483 suscipiendum
3243 1413 3588 1471 adhortatur

174 1502 477 1577 (Homilde
500 1503 759 1574 jejunio),
814 1501 1087 1574 quisquis
1108 1517 1243 1557 cum
1288 1499 1398 1556 hoc
1437 1498 1823 1555 Ambrosiano
1876 1501 2128 1554 tractatu
2186 1496 2520 1565 contulerit,
2572 1497 2710 1553 inde
2765 1499 3069 1572 complura
3121 1502 3182 1556 in
3241 1501 3397 1558 hunc
3455 1518 3589 1565 esse

172 1591 471 1649 translata
492 1591 664 1648 facile
698 1589 1001 1663 intelliget.
1046 1590 1465 1646 Verumtamen
1513 1588 1607 1644 hic
1663 1603 1897 1660 quoque
1938 1603 2160 1643 morem
2204 1603 2381 1642 suum
2442 1586 2655 1643 retinet
2692 1588 2750 1643 S.
2795 1587 3024 1655 Doctor,
3075 1589 3354 1647 nimirum
3416 1593 3589 1649 modo

175 1681 366 1750 addit,
400 1681 569 1738 modo
600 1684 844 1749 resecat,
876 1679 1146 1752 quaedam
1176 1679 1531 1750 transponit,
1563 1676 1678 1733 alia
1708 1693 1841 1733 cum
1871 1693 1965 1733 res
1997 1677 2054 1732 id
2084 1692 2323 1748 poscere
2361 1675 2609 1744 videtur,
2645 1675 2985 1748 amplificat.

250 1769 534 1829 Similiter
553 1767 1011 1826 animadvertere
1041 1770 1130 1824 est
1157 1767 1533 1823 Ambrosium
1562 1766 1621 1821 in
1672 1764 1897 1822 ultimis
1946 1766 2179 1821 duabus
2227 1765 2475 1837 hujusce
2518 1764 2944 1821 lucubrationis
2984 1765 3250 1839 partibus
3303 1770 3590 1827 nonnulla

179 1875 315 1932 quae
346 1856 533 1930 plebis
562 1874 681 1913 suae
702 1855 967 1912 moribus
997 1854 1473 1923 accommodarit,
1507 1857 1839 1911 mutuatum
1870 1870 2000 1911 esse
2030 1871 2105 1909 ex.
2127 1854 2358 1909 duabus
2388 1852 2519 1910 aliis
2551 1853 2725 1909 Basili
2768 1854 2962 1927 Magni
3006 1855 3287 1925 homiliis,
3338 1875 3588 1930 quarum

178 1947 369 2004 altera
398 1963 547 2018 quae,
581 1949 782 2002 contra
810 1945 1318 2017 intemperantiam
1350 1945 1478 2016 ipso
1508 1944 1658 1999 sacri
1688 1943 1990 2000 Paschatis
2010 1943 2103 1999 die
2128 1942 2415 1999 committi
2447 1941 2680 1999 solitam
2711 1942 3306 2015 scripta,inscribitur
3326 1949 3385 2003 In
3409 1949 3587 2005 ebrie-

175 2042 355 2094 tatem
384 2040 436 2092 et
480 2037 696 2102 luxum,
729 2033 915 2090 altera
943 2034 1023 2089 Ad
1049 2034 1380 2106 baptismum
1408 2035 1717 2090 exhortatio
1748 2036 1845 2088 est.

250 2127 319 2183 In
348 2125 458 2180 hoc
493 2124 688 2196 itaque
722 2123 871 2180 libro
913 2139 1030 2179 non
1061 2140 1248 2195 pauca
1278 2123 1554 2195 reperias,
1615 2138 1740 2194 quae
1790 2122 1861 2177 ad
1915 2121 2367 2178 Mediolanensis
2413 2120 2683 2178 Ecclesiae
2730 2122 3188 2181 consuetudines
3236 2126 3588 2197 pertineant.

177 2216 316 2271 Haec
335 2214 486 2269 inter
514 2212 917 2269 observatione
949 2212 1242 2286 praecipua
1271 2212 1516 2285 dignum
1562 2211 1792 2267 videtur
1842 2212 1997 2282 quod
2039 2214 2399 2266 memoratur
2427 2211 2498 2266 de
2520 2211 2749 2281 jejunio
2781 2211 3271 2283 Quadragesimaa.
3333 2216 3588 2285 Quadra-
3638 2232 3643 2235 ·

166 2304 404 2378 gesima,
438 2301 632 2374 inquit
659 2300 748 2355 vir
774 2304 1034 2367 sanctus,
1065 2302 1193 2357 totis
1219 2308 1422 2373 prater
1451 2300 1747 2356 Sabbatum
1776 2308 1829 2355 et
1856 2300 2199 2355 Dominicam
2218 2298 2729 2371 jejunaturdiebus.
2762 2303 2934 2355 Docet
2954 2300 3194 2372 quidem
3221 2303 3586 2376 Augustinus

185 2391 389 2464 (epist.
432 2391 522 2446 36.
571 2390 641 2445 ad
677 2391 850 2456 casul,
901 2406 1064 2445 num.
1098 2390 1206 2457 32;
1264 2393 1321 2445 et
1376 2388 1528 2462 epist
1563 2390 1632 2443 54
1663 2389 1733 2444 ad
1771 2389 2044 2460 januar.,
2105 2403 2268 2443 num.
2318 2388 2374 2458 3)
2434 2386 2676 2443 Sabbati
2733 2387 2855 2443 dies
2903 2389 3162 2460 jejunari
3214 2408 3330 2447 non
3391 2391 3595 2450 solitos

182 2478 520 2546 Mediolani,
548 2478 1045 2551 quemadmodum
1078 2478 1271 2533 Romae
1293 2476 1747 2549 jejunabantur;
1772 2477 1872 2532 sed
1906 2476 2032 2545 ejus
2061 2474 2466 2531 testimonium
2494 2476 2763 2547 generale
2784 2479 2890 2531 est.
2916 2480 2992 2531 At
3025 2493 3154 2534 vero
3181 2479 3276 2535 hic
3294 2481 3591 2539 Ambrosii

185 2569 360 2625 locus
390 2571 585 2640 aperte
633 2567 827 2640 prodit
856 2583 927 2622 ne
957 2565 1429 2638 Quadragesimas
1461 2563 1699 2636 quidem
1731 2564 1991 2621 sabbatis
2020 2564 2140 2621 illic
2188 2563 2369 2620 fuisse
2420 2565 2783 2636 jejunatum.
2816 2565 3229 2624 Verumtamen
3272 2570 3592 2629 Sabbatum

184 2661 462 2715 sanctum
496 2656 614 2712 sive
642 2654 943 2711 Paschatis
970 2653 1231 2727 vigiliam
1257 2653 1396 2709 inde
1424 2652 1745 2726 excipimus
1770 2671 1783 2721 ;
1814 2652 1911 2709 hic
1940 2654 2097 2710 enim
2126 2659 2206 2709 sic
2227 2654 2295 2709 ab
2322 2654 2593 2722 omnibus,
2624 2657 2689 2709 ut
2729 2654 3042 2726 loquamur
3071 2672 3203 2712 cum
3263 2660 3596 2732 Augustino

181 2746 384 2819 (epist.
415 2746 504 2812 57,
538 2760 701 2800 num.
731 2744 843 2813 51),
866 2743 1174 2815 jejunatur,
1206 2750 1269 2798 ut
1290 2744 1460 2798 etiam
1489 2742 1579 2797 illi
1605 2742 1823 2798 sabbati
1841 2743 2123 2815 jejunium
2160 2743 2503 2799 devotissime
2547 2743 2838 2811 celebrent,
2885 2746 2983 2816 qui
3026 2749 3238 2802 caeteris
3278 2765 3378 2819 per
3422 2753 3597 2807 totum

183 2851 404 2890 annum
432 2832 681 2889 Sabbatis
708 2832 998 2904 prandent.
1031 2832 1167 2896 Quae
1198 2848 1333 2886 cum
1364 2830 1449 2885 ita
1481 2830 1622 2897 sint,
1654 2830 2118 2887 Mediolanenses
2147 2835 2378 2886 tantum
2407 2847 2540 2885 xxxx
2570 2831 2695 2887 dies
2719 2832 3094 2902 jejunabant,
3127 2851 3265 2891 cum
3289 2836 3591 2909 jejunium

185 2939 370 2979 suum
403 2938 517 2977 non
552 2921 666 2977 nisi
694 2920 838 2975 feria
866 2920 1124 2975 secunda
1145 2922 1277 2991 post
1303 2918 1553 2991 primam
1583 2918 1947 2983 Dominicam
1981 2919 2040 2974 in
2071 2917 2528 2990 Quadragesima
2559 2919 2982 2977 exordirentur.
3045 2922 3245 2995 Neque
3302 2925 3457 2982 enim
3508 2931 3599 2983 est

182 3010 350 3084 quod
380 3026 488 3065 vox
516 3008 985 3080 Quadragesimaa
1013 3023 1370 3081 quemquam
1403 3012 1650 3074 moveat,
1682 3007 1975 3079 siquidem
2001 3008 2058 3062 in
2087 3006 2217 3064 aliis
2249 3024 2481 3080 quoque
2510 3008 2805 3075 Ecclesiis,
2838 3009 2940 3064 ubi
2967 3012 3199 3083 jejunia
3255 3030 3373 3069 non
3406 3020 3602 3073 matu-

179 3100 317 3155 rius
346 3098 722 3171 incipiebant,
754 3114 869 3153 non
897 3096 1150 3169 amplius
1196 3113 1364 3151 xxxv:
1412 3095 1618 3152 diebus
1645 3096 2064 3168 jejunabatur;
2096 3112 2245 3166 quos,
2282 3099 2348 3150 ut
2395 3095 2477 3150 ait
2524 3095 2840 3169 Gregorius
2887 3098 3136 3170 Magnus
3165 3100 3348 3168 (hom.
3402 3103 3469 3157 16
3525 3106 3588 3160 in

190 3188 435 3256 Evang.)
466 3192 522 3241 et
552 3189 683 3259 post
729 3201 864 3240 eum
896 3184 995 3239 alii
1024 3184 1218 3253 multi,
1250 3187 1411 3256 quasi
1440 3188 1576 3239 anni
1594 3187 1768 3240 nostri
1797 3184 2042 3240 decimas
2090 3186 2193 3240 Deo
2233 3183 2446 3240 domus.
2497 3185 2649 3250 Quin
2707 3185 2885 3241 etiam
2918 3188 3138 3242 recenti
3196 3191 3491 3247 memoria
3529 3193 3590 3248 S.

187 3275 440 3333 Carolus
471 3274 530 3330 in
563 3275 753 3346 prima
783 3291 889 3329 sua
918 3274 1139 3346 synodo
1169 3273 1373 3329 statuit
1401 3273 1510 3329 hoc
1537 3273 1832 3345 jejunium
1881 3290 1995 3329 non
2044 3273 2210 3346 prius
2259 3273 2657 3345 incipiendum
2706 3274 3041 3343 Mediolani,
3088 3276 3278 3350 iisque
3332 3279 3598 3337 dimcesis

186 3364 357 3421 illius
387 3362 675 3435 partibus,
707 3362 803 3417 ubi
832 3378 903 3417 ea:
931 3363 998 3417 D.
1037 3363 1316 3418 Ambrosii
1352 3362 1599 3417 instituto
1621 3362 1811 3417 divina
1847 3361 2029 3432 ofﬁcia
2066 3361 2436 3417 celebrantur.

264 3452 384 3507 Hoc
414 3452 476 3506 in
505 3467 677 3523 opere
707 3449 854 3505 nihil
884 3450 1170 3506 contineri
1228 3453 1437 3522 praeter
1464 3466 1762 3506 sermones
1793 3466 1941 3522 quos
1971 3449 2319 3506 Ambrosius
2349 3451 2421 3505 ad
2476 3450 2712 3522 plebem
2753 3469 2946 3520 suam,
2990 3454 3202 3526 partim
3252 3474 3283 3512 e
3334 3459 3603 3516 catechu-

185 3540 409 3608 menis,
436 3539 650 3613 partim
680 3555 710 3594 e
740 3538 1048 3611 baptizatis
1080 3538 1465 3619 compositam
1497 3538 1725 3607 habuit,
1757 3544 1918 3595 extra
1948 3539 2402 3595 controversiam
2441 3544 2548 3596 est.
2583 3539 2851 3596 Dubitari
2897 3547 3093 3598 autem
3152 3548 3345 3616 potest
3398 3546 3605 3605 illosne

182 3630 432 3689 ineunte
461 3645 536 3685 an
567 3631 813 3684 exeunte
842 3627 1301 3700 Quadragesima
1328 3627 1614 3683 habuerit.
1650 3628 1953 3683 Enimvero
1985 3628 2141 3698 quod
2172 3628 2348 3683 dicit:
2380 3630 2446 3683 Et
2476 3636 2536 3683 tu
2565 3628 2763 3684 dedisti
2814 3645 3016 3686 nomen
3062 3636 3220 3689 tuum
3256 3635 3326 3691 ad
3372 3653 3604 3707 agonem

185 3717 419 3781 Christi,
450 3717 823 3787 subscripsisti
850 3715 921 3770 ad
947 3717 1389 3787 competitionem
1408 3729 1627 3771 coronae
1655 3715 1805 3787 (cap.
1838 3716 1928 3780 21,
1963 3731 2126 3771 num.
2158 3715 2250 3786 79)
2277 3733 2290 3781 ;
2342 3715 2400 3769 id
2446 3715 2686 3787 quidem
2745 3716 3078 3791 significare
3132 3721 3365 3778 videtur
3425 3726 3603 3781 verba

184 3805 323 3863 ﬁeri
350 3805 422 3861 ad
457 3804 864 3876 Competentes
895 3804 995 3875 qui
1018 3804 1145 3874 jam
1176 3804 1249 3859 ad
1281 3803 1596 3875 baptisma,
1621 3804 1693 3859 ad
1715 3803 1867 3875 quod
1895 3820 2009 3859 non
2042 3802 2156 3859 nisi
2186 3803 2296 3859 sub
2326 3803 2547 3859 exitum
2578 3805 3049 3880 Quadragesimaa
3109 3808 3602 3878 inscribebantur,

184 3910 411 3950 nomen
437 3892 755 3950 dedissent.
788 3897 863 3947 At
895 3908 925 3947 e
953 3892 1243 3947 contrario
1273 3893 1505 3948 eosdem
1537 3908 1837 3948 sermones
1870 3896 2001 3947 ante
2030 3891 2246 3947 initum
2273 3909 2506 3948 sacrum
2558 3892 2669 3950 hoc
2713 3899 2946 3967 tempus
3008 3899 3418 3969 pronuntiatos
3473 3919 3601 3959 esse

183 3982 458 4054 apertius
523 3985 819 4038 testantur
886 3980 989 4036 illa
1035 3980 1210 4053 primi
1251 3980 1461 4052 capitis
1514 3980 1726 4035 verba:
1792 3979 2067 4035 Canamus
2108 3980 2241 4035 tuba
2290 3984 2556 4053 tanquam
2608 3984 2669 4037 in
2718 3984 2986 4053 praelium
3035 3986 3462 4056 progredientes.
3514 4033 3526 4046 .
3590 4032 3603 4045 .

180 4074 469 4129 certamen
491 4071 742 4127 imminet
777 4111 791 4125 .
827 4110 840 4124 .
876 4112 889 4125 .
922 4072 1197 4125 certamen
1224 4072 1474 4125 nostrum
1493 4069 1776 4141 jejunium
1795 4076 1870 4125 est
1900 4069 2088 4140 (num.
2125 4070 2198 4139 1).
2233 4069 2385 4124 Tum
2416 4073 2694 4140 praeterea
2722 4070 2935 4126 Christi
2989 4073 3323 4145 exemplum
3376 4075 3597 4134 ibidem

180 4158 577 4234 propositum,
604 4157 837 4230 aliaque
868 4158 1252 4230 sequentibus
1294 4157 1586 4230 capitibus
1645 4158 1910 4229 subjecta
1940 4157 2086 4214 satis
2125 4157 2478 4213 confirmant
2516 4158 2576 4212 id
2608 4163 2812 4217 sancto
2842 4159 3079 4231 praesuli
3112 4162 3340 4218 consilii
3402 4165 3604 4235 fuisse,

179 4247 393 4306 fideles
423 4248 495 4303 ad
548 4247 990 4320 suscipiendum
1042 4246 1187 4303 illud
1236 4247 1535 4319 jejunium
1566 4262 1914 4319 prmparare.
1951 4247 2112 4312 Quod
2146 4246 2327 4318 igitur
2382 4246 2454 4301 de
2515 4246 2946 4320 subscriptione
3004 4249 3075 4304 ad
3131 4252 3604 4322 competitionem

180 4352 417 4395 corona
467 4334 704 4405 dicitur,
755 4336 813 4390 id
854 4334 1130 4408 explicari
1150 4338 1339 4407 potest
1367 4336 1437 4391 de
1483 4335 1761 4391 omnibus
1807 4336 1868 4390 in
1926 4334 2265 4390 universum
2326 4333 2697 4403 Christianis,
2749 4335 2964 4408 quibus
3010 4339 3138 4409 jam
3192 4338 3325 4395 inde
3377 4358 3409 4396 a
3468 4342 3601 4400 libri

178 4425 426 4483 exordio
456 4424 759 4482 victoriam
792 4429 967 4497 atque
1005 4429 1292 4498 tropmum
1323 4428 1447 4481 erat
1476 4423 1790 4496 pollicitus.
1846 4424 1957 4480 Sed
2012 4423 2156 4479 forte
2213 4422 2410 4478 licebit
2464 4421 2643 4478 etiam
2701 4427 3014 4496 utramque
3063 4426 3401 4499 Opinionem
3459 4447 3597 4487 con-

178 4513 410 4579 ciliare,
450 4512 500 4568 si
542 4529 692 4585 opus
734 4511 879 4568 illud
928 4512 1118 4568 tribus
1159 4511 1540 4569 concionibus
1576 4516 1842 4568 constare
1904 4512 2245 4579 dixerimus,
2297 4529 2327 4566 e
2377 4511 2595 4583 quibus
2637 4511 3060 4570 Basilianaram
3110 4516 3298 4573 insrar
3368 4519 3601 4577 diverso

175 4609 450 4674 tempore
480 4600 698 4659 habitis
740 4601 1083 4658 Ambrosius
1123 4606 1326 4674 postea
1380 4601 1597 4656 librum
1657 4600 1992 4657 confecerit:
2049 4601 2203 4672 quod
2252 4615 2387 4656 eum
2446 4600 2622 4656 etiam
2678 4599 2818 4657 alibi
2871 4618 2986 4658 non
3045 4604 3228 4660 semel
3305 4607 3609 4665 factitasse

172 4690 535 4747 videbimus.

252 4778 471 4834 Verum
532 4777 717 4835 multo
765 4778 1006 4849 majoris
1054 4778 1418 4835 difﬁcnltatis
1466 4795 1559 4836 res
1598 4783 1689 4835 est
1726 4782 1983 4835 statuere
2032 4783 2210 4851 quoto
2252 4796 2408 4835 anno
2448 4781 2667 4836 eaedem
2715 4780 2827 4836 illae
2874 4781 3182 4839 conciones
3242 4784 3607 4857 assignandae

173 4868 343 4935 sint;
394 4870 452 4922 et
480 4871 546 4923 ut
573 4866 886 4939 loquamur
934 4868 1205 4940 ingenue,
1264 4867 1358 4923 vix
1405 4868 1728 4941 quidquam
1760 4867 1899 4924 certi
1952 4869 2109 4939 quod
2142 4868 2214 4922 ad
2273 4868 2424 4924 hanc
2465 4869 2860 4942 cognitionem
2914 4872 3226 4938 conducat,
3261 4888 3292 4926 e
3345 4871 3601 4930 lectione

169 4957 361 5015 istius
391 4954 526 5013 libri
556 4957 682 5012 erui
740 4960 949 5029 potest.
982 4956 1377 5014 Nihilominus
1431 4961 1627 5014 tamen
1686 4957 1735 5012 si
1793 4956 1935 5028 quid
1993 4955 2192 5027 petitis
2250 4973 2316 5011 ex
2375 4957 2502 5027 ipso
2562 4957 2915 5027 conjecturis
2970 4958 3151 5014 fidere
3210 4961 3605 5031 permittatur,

172 5045 598 5120 cognoscimus
618 5046 747 5115 jam
779 5050 898 5101 tam
931 5045 1113 5102 libros
1143 5045 1430 5118 plurimos
1460 5052 1540 5102 De
1564 5047 1705 5104 Elim
1759 5048 1928 5115 gestis
1959 5045 2270 5116 scripsisse
2316 5045 2693 5101 Ambrosium
2755 5046 2902 5117 (cap.
2963 5048 3017 5111 3,
3076 5063 3241 5103 num.
3274 5049 3330 5116 5)
3358 5065 3372 5103 :
3405 5051 3604 5120 proin-

172 5137 374 5207 deque
401 5134 597 5206 ipsum
626 5137 767 5190 tunc
795 5134 1076 5207 temporis
1105 5151 1223 5191 non
1278 5151 1496 5208 paucos
1555 5135 1613 5190 in
1669 5134 2007 5207 episcopatu
2061 5149 2245 5189 annos
2286 5133 2580 5205 peregisse
2627 5150 2864 5190 necesse
2895 5138 3003 5190 est.
3038 5137 3355 5209 Quousque
3400 5143 3598 5195 autem

169 5223 545 5298 producendi
575 5223 714 5279 anni
744 5222 829 5277 illi
884 5223 1023 5291 sint,
1075 5241 1190 5280 non
1228 5222 1476 5280 aliunde
1536 5222 1748 5279 melius
1803 5222 2073 5295 colligere
2129 5237 2300 5293 posse
2357 5209 2532 5276 nobis
2588 5221 2882 5289 videmur,
2944 5240 3122 5294 quam
3179 5239 3250 5279 ex
3308 5227 3606 5287 mentione

166 5312 546 5386 psalmorum
577 5318 750 5383 atque
779 5312 1153 5384 hymnorum,
1187 5329 1438 5385 quorum
1495 5318 1732 5369 cantum
1789 5312 1860 5368 ab
1917 5311 2044 5384 ipso
2101 5327 2202 5383 per
2255 5309 2501 5365 Justinae
2563 5309 3057 5381 persecutionem,
3117 5312 3228 5369 hoc
3278 5319 3388 5383 est,
3450 5331 3605 5374 anno

167 5391 301 5470 386,
338 5401 395 5457 in
426 5401 845 5458 Mediolanensi
879 5401 1131 5458 Ecclesia
1159 5402 1497 5459 institutum
1553 5406 1785 5458 constat
1823 5406 1973 5474 (cap.
2034 5401 2122 5468 45,
2180 5416 2344 5455 num.
2404 5400 2517 5464 55).
2582 5399 2786 5470 Itaque
2851 5400 3177 5457 dicendum
3233 5408 3391 5460 esset
3446 5404 3605 5463 hunc

163 5490 394 5546 librum
427 5489 709 5563 scriptum
743 5505 858 5546 non
902 5490 1085 5547 fuisse
1117 5495 1252 5547 ante
1307 5491 1560 5547 reditum
1615 5489 2014 5546 Valentiniani
2074 5488 2321 5559 iunioris
2379 5486 2796 5554 Mediolanum,
2858 5506 3037 5560 quam
3097 5490 3158 5545 in
3218 5492 3421 5549 urdem
3487 5511 3606 5551 una

164 5593 310 5635 cum
342 5576 669 5633 Theodosio
697 5580 833 5648 post
861 5577 1220 5633 exstinctum
1253 5577 1573 5634 Maximum
1603 5580 1942 5650 tyrannum,
1973 5577 2033 5633 id
2064 5581 2176 5644 est,
2208 5592 2362 5633 anno
2389 5576 2515 5643 389,
2551 5591 2818 5632 reversus
2848 5581 2958 5633 est.
3026 5577 3141 5634 Nec
3196 5578 3312 5636 alia
3354 5581 3501 5637 forte
3531 5582 3602 5637 de

166 5666 716 5726 causa‘rel‘eruntur
746 5665 1033 5724 militares
1063 5665 1169 5725 viri
1201 5665 1326 5723 suis
1379 5666 1439 5721 in
1470 5666 1982 5739 propinationibus
2038 5664 2305 5722 dictitare
2338 5684 2352 5721 :
2387 5666 2519 5738 Opto
2569 5667 2805 5722 salutem
2863 5669 3264 5742 imperatorum
3312 5670 3464 5743 (cap.
3500 5671 3589 5725 i7:

167 5771 341 5814 num.
380 5755 492 5828 62).
1632 5765 1639 5775 '
