3866 6212
302 315 416 379 ’131
1751 323 1813 386 S.

2173 316 2240 387 sn
2272 336 2277 339 ·
3585 324 3700 388 732

375 452 568 512 Unum
599 458 690 512 est
719 455 872 529 quod
906 453 1075 512 nobis
1104 468 1395 513 remoram
1425 455 1615 528 possit
1642 456 1905 528 injicere,
1937 456 2161 513 scilicet
2189 453 2586 513 conviviorum
2615 468 2744 529 quis
2773 453 3091 514 Christiani
3119 454 3260 514 olim
3308 473 3491 533 super
3547 472 3704 514 mur-

300 547 497 617 tyrum
545 544 832 615 sepulcris
886 544 1279 610 celebrabant,
1303 546 1451 602 facta
1466 545 1684 601 mentio
1705 546 1855 618 (cap.
1889 546 1977 611 i7,
2013 562 2176 601 num.
2207 546 2321 617 62).
2355 545 2582 601 Etenim
2602 561 2672 602 ea
2691 546 3056 603 consuetudo
3082 548 3216 604 ante
3231 564 3454 603 annum
3479 564 3513 603 a
3532 545 3704 603 nobis

300 633 673 706 designatum
689 634 917 689 videtur
939 634 1133 689 studio
1153 634 1339 690 sancti
1370 633 1665 689 Antistitis
1682 634 1863 688 fuisse
1892 633 2219 706 antiquata;
2235 634 2709 707 quandoquidem
2728 635 2800 691 ab
2819 636 3144 709 Augustino
3166 637 3449 692 traditum
3467 641 3557 691 est
3575 634 3705 710 (lib.

300 740 355 779 v1
384 726 609 794 confess.
644 741 769 797 cap.
801 728 854 789 2,
889 740 1052 778 num.
1084 725 1139 795 2)
1172 724 1400 778 beatam
1436 722 1745 789 Monicam,
1778 739 1914 778 cum
1946 722 2339 778 Mediolanum
2391 739 2544 778 anno
2574 724 2681 779 38$
2709 723 2990 789 venisset,
3051 726 3315 781 sobrium
3375 727 3700 798 prandium

301 829 462 868 more
492 830 598 867 suo
627 830 803 884 super
832 830 1030 867 sacros
1059 812 1322 869 tumulos
1352 812 1499 867 ferre
1528 812 1803 877 voluisse,
1833 817 1894 867 at
1922 812 2105 867 fuisse
2150 828 2280 867 eam
2312 812 2386 866 ab
2429 812 2669 868 ostiario
2698 828 2874 885 quem
2930 813 3147 868 idcirco
3178 814 3256 868 ibi
3312 815 3706 871 constituerat

298 903 663 967 Ambrosius,
695 902 1070 975 prohibitam.
1103 902 1266 956 Unde
1294 902 1613 957 admodum
1644 900 1963 956 verisimile
2022 904 2113 956 est
2140 900 2624 957 consuetudinem
2657 901 2807 956 hanc
2837 901 2908 956 ad
2942 918 3123 973 quam
3152 902 3504 959 abolendam
3551 905 3703 960 tanti

295 994 549 1068 episcOpi
580 1010 720 1049 cura
745 991 1043 1063 vigilabat,
1075 1007 1191 1045 non
1222 991 1321 1045 diu
1354 994 1487 1062 post
1515 989 1616 1044 illa
1642 990 1917 1061 viguisse.
1950 991 2037 1044 Ad
2067 990 2188 1045 haec
2217 989 2501 1045 discimus
2531 1007 2600 1046 ex
2628 990 2859 1047 duabus
2887 992 3403 1065 sanctiAugustini
3430 993 3703 1064 epistolis

298 1085 491 1156 (epist.
523 1086 615 1147 22,
647 1097 812 1137 num.
847 1082 900 1145 4,
932 1084 987 1132 et
1015 1079 1188 1151 epist.
1221 1079 1310 1143 29,
1346 1096 1508 1134 num.
1546 1079 1654 1149 10),
1688 1095 1939 1150 quarum
1970 1079 2153 1134 altera
2180 1078 2239 1133 in
2283 1078 2490 1134 ultima
2517 1079 2771 1135 editione
2801 1079 3059 1152 primum
3089 1081 3149 1135 in
3208 1079 3400 1136 lucem
3460 1082 3698 1153 prodiit.

298 1190 472 1229 nsum
501 1171 668 1227 illum
699 1175 801 1225 aut
827 1170 1023 1225 verius
1073 1168 1322 1223 abusum
1356 1184 1508 1222 anno
1565 1167 1796 1222 circiter
1823 1168 1920 1222 391
1956 1167 2257 1240 viiglantia
2286 1168 2574 1223 bonorum
2631 1169 3063 1241 episcoporum,
3120 1169 3273 1225 inter
3328 1187 3480 1242 quos
3540 1170 3701 1227 haud

298 1261 477 1317 dubie
507 1277 620 1315 non
655 1263 945 1330 postremo
975 1257 1098 1312 loco
1132 1257 1530 1310 numerandus
1558 1261 1647 1310 est
1674 1256 2040 1325 Ambrosius,
2074 1273 2176 1329 per
2203 1257 2534 1313 universam
2579 1257 2760 1312 ferme
2818 1256 3045 1312 Italiam
3102 1256 3363 1313 excisum
3420 1259 3702 1332 proﬂiga-

300 1360 544 1421 tumque
573 1349 775 1403 fuisse.
808 1347 1221 1402 Verumtamen
1255 1345 1375 1398 haec
1404 1344 1661 1416 opinioni
1695 1350 1905 1399 nostra
1935 1362 2144 1417 parum
2175 1346 2478 1413 officiunt;
2521 1345 2570 1401 si
2600 1346 2759 1401 enim
2815 1347 3034 1418 quibus
3088 1346 3281 1401 verbis
3339 1348 3703 1403 Ambrosius

297 1444 514 1501 utatur,
547 1437 1006 1504 consideremus,
1039 1433 1197 1488 nullo
1228 1434 1457 1505 negotio
1488 1433 1993 1505 deprehendemus
2022 1432 2187 1488 illum
2221 1450 2336 1487 non
2365 1449 2434 1489 ea
2460 1433 2828 1488 vehementia
2857 1433 3067 1499 dicere,
3099 1450 3218 1505 qua
3245 1439 3449 1489 contra
3486 1436 3702 1492 vitium

294 1544 549 1599 praesens
578 1544 646 1584 ac
676 1528 878 1598 vigens
908 1525 1287 1595 disputasset,
1316 1539 1504 1594 neque
1534 1522 1646 1578 sibi
1678 1527 2141 1593 temperaturum
2174 1522 2374 1587 fuisse,
2409 1526 2474 1576 ut
2503 1522 2649 1577 dum
2680 1522 2795 1577 alia
2823 1521 3287 1594 intemperantia
3329 1540 3547 1596 genera
3576 1530 3701 1583 tam

293 1616 505 1670 acriter
533 1612 883 1669 debellabat.
915 1610 1060 1667 illud
1094 1628 1275 1665 unum
1306 1615 1427 1665 tam
1458 1610 1565 1665 levi
1600 1610 1835 1665 brachio
1866 1616 2245 1682 oppugnaret.
2280 1611 2640 1682 Quapropter
2671 1627 2706 1666 a
2734 1610 2848 1666 ﬁde
2877 1610 3220 1683 neutiquam
3279 1612 3594 1670 abhorreat
3652 1615 3705 1670 si

293 1703 615 1757 dixerimus
644 1706 912 1757 sanctum
945 1699 1251 1771 praesulem
1284 1700 1471 1754 obiter
1508 1698 1621 1753 ista
1651 1698 2084 1770 perstrinxisse,
2110 1699 2264 1770 quod
2295 1697 2655 1770 imprudenti
2686 1698 2807 1755 zelo
2865 1699 3073 1771 privati
3106 1700 3375 1773 quipiam
3427 1702 3706 1759 convivia

292 1790 633 1861 huiusmodi
664 1791 1099 1860 frequentarent
1131 1805 1144 1842 :
1178 1791 1281 1842 aut
1311 1787 1455 1842 forte
1483 1787 1680 1858 ipsum
1711 1786 1967 1843 indicare
1994 1786 2249 1842 voluisse
2277 1787 2599 1843 Romanam
2631 1786 2966 1855 Ecclesiam,
2991 1788 3090 1843 ubi
3106 1789 3311 1845 eadem
3333 1793 3705 1848 consuetudo

293 1881 639 1944 etiamnum,
673 1882 738 1934 ut
768 1876 1133 1932 memorabili
1163 1875 1497 1931 Pammachi
1529 1875 1793 1948 exemplo
1822 1876 2280 1942 demonstratur,
2312 1876 2429 1930 vim
2461 1876 2782 1933 obtinebat.

366 1968 449 2022 Ad
485 1972 807 2023 extremum
839 1965 934 2020 hic
966 1964 1099 2019 addi
1169 1968 1359 2036 potest
1387 1964 1477 2019 vix
1508 1963 1695 2019 ullum
1728 1980 1796 2019 ex
1825 1964 2230 2020 Ambrosianis
2258 1964 2534 2037 operibus
2564 1964 2623 2020 in
2654 1964 3011 2021 editionibus
3056 1965 3165 2022 hoc
3222 1969 3475 2023 tractatu
3509 1969 3706 2042 magis

291 2055 669 2128 depravatum
701 2059 963 2111 exstare:
996 2053 1097 2107 sed
1130 2068 1263 2107 eum
1322 2068 1356 2106 a
1386 2052 1555 2107 nobis
1584 2067 1797 2124 magna
1827 2068 1969 2108 cura
2023 2053 2093 2108 ad
2127 2069 2270 2109 mss.
2327 2052 2557 2109 codices
2620 2053 2784 2109 bona
2869 2057 3042 2120 notae,
3064 2058 3241 2126 atque
3267 2054 3569 2128 imprimis
3623 2058 3704 2113 ad

289 2145 683 2201 Colbertinum
716 2143 817 2216 qui
848 2147 983 2197 ante
1013 2140 1172 2196 mille
1203 2157 1388 2196 annos
1415 2140 1647 2196 videtur
1702 2145 1992 2208 exemtus,
2025 2146 2292 2198 exactum
2349 2142 2819 2214 oastigatumque
2878 2142 3079 2198 fuisse.

941 2563 1763 2723 SANCTI
1952 2474 3048 2724 AMBROSII

1544 2838 2176 2900 MEDIOLANENSIS
2218 2839 2575 2902 EPISCOPI

1134 3030 1337 3157 DE
1426 3029 1795 3158 ELIA
1885 3031 2091 3157 ET
2174 3008 2863 3163 JEJUNIO'

1704 3280 1991 3355 LIBER
2028 3280 2101 3342 (ί)
2151 3280 2398 3354 UNUS

645 3647 943 3705 582-85
992 3644 1226 3702 CAPUT
1262 3644 1569 3702 PRIMUM.

290 3758 443 3814 Sicut
480 3755 613 3811 olim
640 3761 841 3827 patres,
899 3752 1532 3827 cumhprogrcderentur
1584 3751 1655 3807 ad
1676 3824 1688 3827 Α
1710 3751 1931 3825 bellum,

360 3837 522 3908 εηιιιξε
551 3829 609 3908 ἐτι
641 3823 981 3908 ameris.
1017 3823 1341 3908 ςίίεθξιδμιυι..
1369 3824 1581 3908 Isti“?
1604 3824 1735 3908 ξειὺα
1771 3823 1933 3908 cena

360 3894 506 3962 baut,
548 3898 626 3953 ita
656 3901 706 3952 et
737 3897 892 3951 nobis
921 3894 1109 3950 diebus
1132 3895 1341 3966 jejunii
1391 3895 1744 3968 paschalique
1799 3899 1934 3967 festo

357 3967 925 4042 appropinquantibus
952 3966 1085 4021 tuba
1112 3965 1436 4021 canendum.

1962 3649 2018 3715 Α
2049 3644 2135 3701 ria
2162 3648 2364 3702 nostra
2393 3662 2534 3703 crux
2563 3645 2775 3704 Christi
2807 3650 2933 3716 est;
2969 3651 3253 3721 tropaeum
3280 3653 3578 3717 nostrum,
3604 3668 3710 3724 pa-

2043 3734 2186 3792 scha
2213 3739 2301 3791 est
2332 3735 2560 3791 Domini
2608 3736 2770 3793 Jesu.
2802 3736 2914 3793 Sed
2956 3735 3052 3792 ille
3081 3741 3214 3793 ante
3243 3742 3334 3794 est
3374 3739 3709 3812 praeliatus,

2041 3828 2109 3880 ut
2143 3824 2414 3891 vinceret,
2447 3842 2563 3881 non
2593 3826 2748 3898 quod
2794 3825 2922 3898 ipse
2967 3830 3161 3898 egeret
3207 3828 3554 3896 certamine,
3601 3830 3708 3885 sed

2045 3916 2110 3967 ut
2139 3913 2313 3969 nobis
2380 3914 2629 3970 formam
2689 3911 2945 3969 bellandi
3005 3917 3139 3969 ante
3169 3916 3599 3986 prmscriberet,
3656 3923 3717 3974 et

2043 4004 2248 4072 postea
2279 4002 2443 4058 daret
2482 4001 2732 4075 gratiam
2764 4001 3199 4074 triumphandi.
3245 4003 3557 4059 Certamen
3606 4023 3716 4062 no-

359 4095 410 4150 4.
448 4093 716 4149 Divinum
748 4092 820 4146 ad
864 4095 1060 4163 patres
1116 4088 1422 4145 resultavit
1494 4089 1820 4157 oraculum,
1870 4096 1938 4146 ut

287 4199 418 4239 cum
451 4182 867 4255 egrederentur
896 4180 965 4235 ad
999 4178 1241 4245 bellum,
1271 4180 1416 4234 tuba
1444 4183 1721 4236 canerent
1748 4181 1932 4248 (Num.

286 4290 341 4341 χ,
382 4272 459 4342 9),
493 4273 663 4342 cujus
694 4269 891 4325 sonitu
923 4268 1203 4324 Dominus
1231 4267 1704 4324 reminisceretur
1735 4267 1934 4340 populi

287 4360 399 4428 sui,
441 4376 555 4431 quo
586 4360 831 4430 petitum
866 4357 1155 4412 conferret
1190 4355 1474 4412 auxilium
1506 4355 1641 4427 plus
1670 4372 1795 4428 quae
1826 4356 1937 4411 mi-

286 4448 615 4504 sericordia:
655 4464 775 4502 suae
805 4445 1095 4502 incentiva
1126 4447 1613 4515 cognoscens(2);
1647 4449 1704 4499 et
1735 4444 1791 4499 in
1816 4443 1934 4500 die-

285 4537 398 4591 bus
445 4534 659 4590 laatitiaa
703 4551 845 4600 sum,
901 4534 959 4588 in
1019 4532 1344 4588 neomeniis
1392 4532 1517 4587 suis
1568 4532 1940 4589 concinerent

286 4625 562 4679 tubarum
596 4639 761 4678 sono.
795 4622 957 4678 Unde
998 4626 1057 4678 et
1103 4621 1282 4676 David
1323 4620 1499 4685 dicit;
1563 4644 1590 4669 ‹‹
1623 4622 1822 4693 Canite
1878 4623 1938 4678 in

288 4711 453 4768 initio
486 4709 710 4767 mensis
735 4711 879 4766 tuba
906 4709 966 4764 in
997 4709 1092 4766 die
1122 4709 1410 4781 frequenti
1440 4708 1517 4781 (3)
1548 4708 1940 4766 solemnitatis

284 4800 681 4873 \estra(Psal.
718 4815 885 4865 Lxxx,
918 4799 995 4871 4).
1039 4819 1066 4849 ››
1099 4797 1306 4853 Veniet
1363 4797 1543 4871 igitur
1601 4798 1770 4854 nobis
1816 4797 1941 4854 dies

285 4888 702 4954 solemnitatis,
733 4890 793 4944 et
810 4888 938 4961 jam
970 4886 1420 4959 appropinquat.
1466 4888 1760 4943 Canamus
1799 4887 1943 4943 tuba

283 4985 566 5053 tanquam
599 4978 656 5034 in
685 4977 947 5051 prelium
982 4975 1434 5049 progredientes.
1454 4974 1748 5031 Canamus
1775 4976 1939 5045 tuba,

286 5073 351 5125 ut
373 5074 800 5124 annuntlemus
840 5065 1230 5121 solemnitatis
1262 5064 1437 5132 diem,
1483 5063 1661 5119 simul
1694 5064 1863 5119 nobis
1893 5068 1955 5121 et

285 5162 580 5215 certamen
613 5156 903 5224 imminet,
936 5158 995 5211 et
1020 5153 1259 5209 victoria
1280 5153 1724 5225 repromittitur.
1746 5153 1937 5213 Victo-

384 5325 438 5399 t)
468 5325 736 5399 Scriptus
759 5325 903 5381 forte
931 5340 1084 5381 anno
1110 5323 1237 5399 390.

383 5392 445 5466 2)
475 5397 560 5451 Ita
588 5392 732 5452 mss.
776 5412 1024 5468 omnes;
1068 5394 1166 5468 ubi
1190 5398 1321 5468 post
1336 5395 1629 5461 incentiva,
1653 5392 1941 5468 subintel-

290 5465 427 5537 lige,
461 5472 611 5522 sunt.
644 5471 690 5521 A
721 5485 865 5521 mss.
906 5467 1018 5522 vel.
1080 5465 1222 5522 edit'.
1272 5466 1380 5521 hoc
1436 5469 1665 5537 tantum
1725 5465 1941 5520 discre-

294 5536 455 5607 pant,
492 5538 643 5606 quod
686 5536 934 5607 legunt..
993 5539 1221 5607 plusque
1270 5536 1667 5593 misericordia?
1702 5552 1815 5591 sua:
1855 5538 1941 5591 in-

291 5607 509 5661 centiva
535 5610 904 5675 coynoscentes
938 5611 993 5662 in
1027 5610 1234 5673 diebus,
1266 5613 1378 5662 etc.
1420 5611 1637 5662 Verum
1690 5608 1943 5662 editores

296 5676 546 5751 Romani
579 5678 934 5751 conjecturis
965 5678 1088 5733 suis
1121 5679 1264 5751 forte
1284 5676 1526 5751 liberius
1548 5676 1942 5751 indulgentes,

298 5748 382 5803 sic
410 5745 603 5804 locum
651 5745 969 5804 reformare
1017 5748 1209 5803 conati
1239 5751 1407 5804 sunt:
1470 5749 1613 5804 Tuba
1666 5745 1941 5819 cauerent,

2043 4091 2256 4156 atrum,
2284 4089 2575 4161 jejunium
2605 4093 2712 4146 est.
2747 4090 3312 4162 Deniquejejunavit
3339 4090 3638 4161 Salvator,
3661 4098 3720 4149 et

2045 4176 2131 4232 sic
2159 4181 2413 4234 tentator
2443 4179 2515 4235 ad
2547 4194 2683 4235 eum
2713 4179 2981 4235 accessit.
3000 4180 3069 4234 Et
3097 4179 3356 4251 primum
3378 4180 3530 4253 gulae
3554 4183 3717 4239 dire-

2043 4264 2131 4319 xit
2159 4264 2454 4337 spiculum
2484 4266 2723 4336 dicens;
2756 4289 2787 4317 «
2818 4267 2877 4323 Si
2909 4267 3091 4323 Filius
3121 4268 3220 4324 Dei
3253 4284 3339 4334 es,
3373 4268 3468 4324 dic
3522 4269 3718 4343 lapidi

2043 4353 2205 4420 huic,
2236 4358 2302 4410 ut
2332 4354 2500 4426 panis
2530 4356 2632 4412 ﬁat
2662 4357 2813 4428 (Luc.
2863 4372 2941 4421 1v,
2978 4357 3049 4427 3).
3088 4378 3115 4405 »ι
3152 4355 3255 4413 Ille
3302 4357 3502 4413 cibum
3549 4358 3719 4415 velut

2045 4457 2239 4498 escam
2274 4441 2471 4515 laquei
2496 4443 2830 4516 praetendit,
2862 4448 2926 4500 ut
2956 4446 3041 4501 sic
3060 4444 3408 4517 illaquearet
3426 4451 3720 4518 appeten-

2046 4531 2193 4587 tiam
2225 4529 2618 4604 corporalem:
2653 4532 2937 4589 Dominus
2957 4533 3251 4606 jejunium
3312 4533 3597 4607 praetulit,
3655 4543 3721 4591 ut

2046 4619 2292 4692 laqueos
2321 4620 2660 4689 tantatoris,
2694 4625 2762 4677 ut
2787 4621 3021 4679 vincula
3049 4622 3411 4679 dissolveret.
3443 4623 3721 4697 Denique

2048 4707 2134 4764 sic
2162 4707 2345 4764 babes
2374 4707 2662 4781 scriptum
2691 4724 2705 4766 :
2741 4731 2771 4760 (ι
2792 4708 2920 4766 Non
2942 4710 3003 4767 in
3024 4711 3148 4768 solo
3170 4728 3319 4784 pane
3347 4712 3491 4767 vivit
3505 4712 3717 4779 homo,

2052 4796 2153 4852 sed
2188 4796 2249 4851 in
2275 4796 2436 4859 omni
2466 4796 2641 4853 verbo
2670 4797 2770 4855 Dei
2802 4798 2959 4871 (Ibid.
3002 4803 3077 4869 4).
3098 4822 3126 4850 ››
3159 4799 3263 4856 Illo
3289 4798 3502 4873 laqueo
3519 4802 3717 4858 Adam

2047 4885 2241 4942 fuerat
2268 4885 2421 4943 586
2450 4885 2875 4958 strangulatus,
2907 4887 3016 4944 hac
3067 4888 3439 4945 absolutione
3496 4889 3714 4946 diabo-

2051 4973 2176 5028 licie
2210 4972 2551 5045 quaestionis
2581 4974 2777 5030 omnis
2804 4974 2980 5032 homo
3020 4982 3110 5031 est
3147 4975 3453 5033 liberatus.

2709 5062 2948 5119 CAPUT
2987 5064 3056 5120 ΙΙ.

2050 5150 2223 5219 Quam
2258 5166 2462 5222 magna
2484 5152 2658 5207 virtus
2694 5153 2770 5209 sit
2783 5152 3012 5227 jejunii,
3045 5166 3313 5226 quamque
3337 5156 3588 5226 speciosa
3647 5170 3716 5210 ac

2057 5322 2211 5394 quod
2247 5326 2389 5393 [oret
2423 5323 2670 5392 signum,
2712 5330 2776 5379 ut
2804 5324 3252 5380 reminisceretur
3300 5325 3566 5378 Dominus
3615 5339 3712 5392 po-

2048 5394 2178 5466 puli
2206 5395 2317 5459 sui,
2351 5402 2403 5449 et
2425 5394 2659 5466 petitum
2680 5396 2952 5465 conferret
2990 5396 3289 5461 auxilium,
3321 5396 3547 5466 insuper
3578 5396 3639 5451 et
3658 5397 3716 5447 ut

2048 5464 2369 5537 provocare:
2394 5464 2628 5537 papulas
2657 5464 2932 5521 incentiva
2960 5465 3369 5526 misericordiae.
3417 5467 3478 5520 in
3515 5464 3713 5519 diebus

2054 5536 2271 5593 laetitiae
2294 5550 2433 5604 aute,
2468 5537 2529 5591 in
2555 5536 2883 5604 Neomeaiis,
2909 5540 2959 5594 et
3003 5539 3155 5608 festis
3209 5537 3397 5592 diebus
3455 5538 3713 5590 conciue-

2237 5611 2438 5761 flttcditu
2495 5680 2556 5734 in
2586 5678 2674 5735 die
2699 5679 2998 5751 frequenti,
3032 5679 3235 5753 scripti
3282 5678 3435 5746 cod.,
3497 5679 3558 5732 in
3616 5675 3711 5731 die

2054 5766 2286 5820 iustam.
