3866 6212
304 390 439 461 ’133

1458 381 1686 448 LIBER
1728 381 1831 445 DE
1874 378 2054 442 ELIA
2102 377 2204 442 ET
2244 375 2587 442 JEJUNIO.

3603 368 3723 430 734

392 526 580 587 valida
608 525 726 602 ejus
755 525 974 602 militia,
1009 514 1253 598 maniplo
1320 514 1525 579 Christi
1577 529 1737 593 atque
1791 517 1969 573 sancti
1995 513 2050 580 Α
2080 511 2323 569 humani
2389 510 2669 586 corporis,
2728 505 3190 584 incorruptibilis
3234 504 3443 582 jejunii
3508 505 3721 564 virtute

395 602 537 660 Elite
563 599 962 673 eoinprobatur.

391 713 448 764 2.
480 708 691 781 Magna
720 706 904 762 virtus
944 710 1032 761 est
1081 705 1313 777 jejunii.
1365 701 1625 775 Denique
1668 704 1789 754 tam
1835 716 1966 771 spc-

318 798 485 853 ciosa
514 798 643 869 ejus
701 796 910 851 militia
953 798 1060 863 es‘,
1094 799 1157 850 ut
1206 794 1475 865 jejunare
1541 790 1852 846 delectaret
1917 793 1973 844 et

317 884 658 939 Christum:
688 887 809 937 tam
839 882 1049 949 valida,
1084 885 1147 937 ut
1177 882 1248 937 ad
1296 881 1503 937 cmlum
1542 879 1810 935 homines
1863 877 1973 932 eri-

322 976 510 1045 geret.
541 972 612 1027 Et
640 975 703 1026 ut
725 971 1002 1027 humanis
1035 970 1221 1043 magis
1262 987 1432 1042 quem
1483 968 1715 1024 divinis~
1741 970 1978 1022 utamur

322 1060 639 1134 exemplis,
673 1061 743 1117 de
770 1059 905 1115 Elian
946 1061 1153 1130 jejuno
1197 1076 1295 1115 ore
1335 1077 1444 1115 vox
1489 1058 1708 1114 emissa
1763 1054 1976 1111 coelum

325 1150 546 1208 clausit
575 1149 855 1222 sacrilego
887 1148 1101 1222 populo
1132 1150 1465 1205 Judaeorum
1511 1150 1623 1219 (III
1676 1149 1798 1218 Reg.
1837 1160 1975 1209 xvu,

331 1240 410 1311 1).
445 1239 667 1294 Etenim
703 1255 836 1293 cum
884 1255 917 1294 a
963 1255 1095 1309 rege
1142 1238 1337 1294 Achab
1388 1237 1568 1293 altare
1616 1240 1771 1292 esset
1825 1234 1980 1290 idolo

329 1328 745 1394 constitutum,
777 1328 847 1383 ad
879 1328 1120 1383 verbum
1151 1326 1443 1400 prophetae
1474 1325 1664 1381 tribus
1712 1324 1881 1379 annis
1925 1328 1983 1379 et

331 1433 439 1474 sex
467 1415 769 1472 mensibus
801 1433 896 1472 ros
928 1415 1132 1488 pluvia:
1165 1433 1280 1471 non
1308 1416 1519 1471 cecidit
1543 1431 1717 1486 super
1745 1418 1979 1470 terram.

330 1506 524 1579 Digna
544 1521 716 1576 poena
745 1521 870 1577 quas
906 1505 1418 1579 intemperantiam
1463 1520 1716 1576 congrue
1754 1518 1983 1558 coerce-

333 1598 463 1661 ret;
497 1598 561 1647 ut
590 1592 799 1648 cmlum
828 1593 1025 1665 impiis
1056 1594 1441 1659 clauderetur,
1475 1592 1573 1665 qui
1604 1597 1832 1649 terrena
1861 1590 1984 1663 pol-

333 1680 586 1737 luerant.
642 1681 894 1755 Dignum
946 1682 1147 1748 etiam,
1192 1686 1258 1737 ut
1312 1683 1382 1737 ad
1440 1680 1986 1738 condemnationem

335 1770 494 1843 regis
525 1769 792 1842 sacrilegi
837 1770 1118 1843 propheta
1171 1771 1242 1826 ad
1289 1771 1524 1826 viduam
1576 1770 1631 1823 in
1684 1770 1986 1840 Sareptam

334 1858 590 1914 Sidonias
622 1858 974 1924 mitteretur,
998 1875 1126 1930 qua!
1158 1859 1435 1931 quoniam
1469 1859 1831 1915 devotionem
1856 1858 1983 1912 cibo
2013 1878 2062 1946 Β

336 1946 618 2020 praetulit,
643 1947 857 2002 meruit
889 1951 951 2002 ut
981 1947 1269 2004 ariditatis
1298 1948 1542 2020 publica
1572 1947 1693 2002 sola
1721 1964 1836 2002 non
1860 1964 1986 2003 sen-

338 2035 478 2091 tiret
508 2050 849 2089 aerumnam.
885 2037 1084 2108 Itaque
1105 2053 1221 2091 non
1249 2038 1455 2093 defecit
1491 2036 1698 2109 hydria
1741 2035 1983 2108 polenta:

341 2124 439 2195 (4),
471 2140 606 2178 cum
637 2125 911 2179 torrentis
942 2125 1159 2180 fluenta
1190 2126 1520 2181 deficerent.

414 2211 467 2266 3.
501 2211 647 2275 Quid
690 2212 820 2283 ejus
851 2212 1075 2284 reliqua
1107 2214 1455 2269 contexam?
1497 2214 1745 2285 Jejunus
1798 2213 1984 2270 ﬁlium

344 2300 529 2356 vidua:
560 2300 635 2356 ab
666 2300 869 2357 inferis
901 2302 1299 2357 resuscitavit:
1340 2303 1584 2374 jejunus
1626 2302 1853 2374 pluvias
1893 2320 1991 2358 ore

349 2389 650 2461 deposuit:
679 2390 919 2461 jejunus
950 2389 1116 2462 ignes
1160 2391 1230 2446 de
1278 2390 1421 2446 ccelo
1468 2391 1706 2447 eduxit:
1746 2392 1992 2463 jejunus

349 2494 524 2534 curru
554 2481 760 2551 raptus
790 2482 878 2534 est
903 2479 973 2533 ad
1002 2478 1204 2534 ccelum
1232 2498 1244 2535 :
1269 2483 1324 2535 et
1355 2479 1743 2552 quadraginta
1767 2480 1991 2535 dierum

342 2566 570 2639 jejunio
602 2566 857 2622 divinam
890 2567 1198 2640 acquisivit
1225 2568 1615 2640 praesentiam.
1646 2572 1807 2623 Tunc
1840 2569 1994 2623 deni-

351 2670 462 2728 que
492 2654 628 2727 plus
678 2655 909 2721 meruit,
955 2657 1190 2728 quando
1232 2656 1365 2729 plus
1401 2656 1711 2728 jejunavit.
1759 2657 1994 2728 Jejunio

348 2759 444 2800 ore
475 2743 682 2798 statuit
728 2743 945 2799 ﬂuenta
991 2744 1265 2801 Jordanis
1316 2746 1415 2817 (5),
1465 2750 1519 2801 et
1567 2746 1993 2801 redundantem

348 2831 611 2887 fluminis
663 2830 888 2887 alveum
943 2837 1179 2904 repente
1245 2833 1525 2889 siccatum
1592 2833 1993 2907 pulverulento

347 2920 678 2976 transmisit
697 2920 958 2993 vestigio.
979 2921 1181 2978 Merito
1199 2921 1361 2977 illum
1381 2923 1625 2995 dignum
1648 2923 1790 2979 coelo
1804 2923 2001 2979 divina

344 3007 632 3081 judicavit
649 3010 959 3077 sententia,
981 3014 1045 3065 ut
1069 3027 1202 3065 cum
1232 3012 1359 3083 ipso
1393 3016 1692 3083 raperetur
1737 3029 1997 3084 corpore,

354 3096 630 3170 quoniam
650 3097 939 3154 cmlestem
962 3098 1138 3154 vitam
1171 3099 1398 3155 vivebat
1454 3100 1600 3157 581
1646 3100 1704 3155 in
1740 3117 1998 3174 corpore,

356 3203 420 3242 ac
440 3202 708 3259 supernae
731 3204 902 3244 usum
925 3188 1379 3244 conversationis
1391 3189 1701 3246 exhibebat
1728 3190 1783 3245 in
1808 3190 1998 3246 terris.

995 3320 1227 3377 CAPUT
1268 3321 1361 3376 Ill.

358 3424 570 3496 Jejunii
620 3426 1042 3499 commendatio.
1109 3427 1279 3498 deque
1334 3430 1552 3499 jejunio
1616 3431 1795 3485 sancti
1838 3431 2003 3486 Joan-

560 3498 671 3561 nis,
703 3502 755 3552 et
785 3499 965 3569 qualis
988 3514 1107 3553 esca
1136 3516 1168 3553 a
1197 3498 1350 3554 nobis
1379 3498 1670 3570 quaerenda
1698 3503 1787 3555 sit.

428 3612 481 3666 4.
514 3610 660 3674 Quid
712 3615 802 3666 est
846 3612 999 3667 enim
1041 3612 1360 3684 jejunium,
1410 3614 1524 3669 nisi
1572 3615 1903 3671 substantia
1953 3621 2008 3671 ct

356 3698 553 3771 imago
583 3698 834 3755 cmlestis
856 3701 933 3772 (6)
954 3701 1300 3772 ‘IJejunium
1333 3703 1542 3759 refecto
1573 3703 1803 3768 animai,
1837 3705 2007 3760 cibus

358 3788 573 3845 mentis
598 3789 1151 3859 estjejunium,vita
1190 3795 1277 3847 est
1298 3791 1639 3864 angelorum
1681 3794 2005 3864 jejunium,

359 3875 542 3949 culpa
572 3892 751 3943 mors,
785 3878 1073 3933 excidium
1107 3879 1472 3947 delictorum,
1500 3881 1825 3937 remedium
1858 3881 2008 3937 salu-

358 3964 459 4028 tis,
498 3964 664 4019 radix
693 3964 910 4036 gratim,
936 3966 1385 4023 fundamentum
1417 3971 1506 4024 est
1535 3968 1845 4025 castitatis.
1892 3970 2011 4025 Hoc

361 4052 432 4108 ad
467 4052 653 4107 Deum
680 4054 862 4124 gradu
894 4053 1067 4111 citius
1105 4056 1471 4126 pervenitur;
1502 4056 1611 4111 hoc
1639 4058 1825 4129 gradu
1856 4058 2012 4114 Elias

360 4140 647 4203 ascendit,
681 4144 996 4212 antequam
1028 4159 1223 4198 curru.
1267 4144 1425 4199 Hanc
1469 4145 1867 4201 hereditatem
1920 4164 2011 4202 so-

361 4228 630 4284 brietatis
662 4233 718 4285 et.
760 4230 1055 4286 abstemias
1102 4233 1173 4287 ad
1218 4232 1428 4288 ccelum
1472 4232 1673 4289 abiens
1726 4234 2014 4307 discipulo

362 4316 695 4388 dereliquit.
722 4318 784 4373 In
818 4318 927 4375 hac
953 4319 1164 4377 virtute
1194 4325 1251 4377 et
1271 4322 1478 4394 spiritu
1501 4322 1634 4377 Elite
1660 4322 1818 4378 venit
1838 4324 2012 4380 Joan-

361 4421 494 4461 nes.
553 4405 815 4478 Denique
863 4407 922 4462 in
972 4408 1201 4464 deserto
1251 4414 1307 4465 et
1335 4409 1434 4465 ille
1461 4410 1706 4466 vacabat
1746 4412 2013 4483 jejuniis.

361 4495 511 4550 Esca
540 4499 735 4549 autem
767 4496 893 4566 ejus
922 4500 1045 4552 erat
1076 4497 1301 4554 locusta
1348 4503 1405 4554 et
1453 4498 1564 4554 mel
1617 4499 1901 4556 silvestre.
1949 4502 2018 4556 Et

357 4583 496 4674 ideo
528 4583 668 4655 quia
712 4584 842 4639 vitae
892 4585 1160 4641 humana:
1214 4586 1665 4659 possibilitatem
1715 4589 2016 4646 continen-
2049 4608 2094 4674 Β

357 4672 448 4728 tia
478 4686 895 4743 supergressus
929 4674 1137 4746 fuerat,
1194 4692 1307 4731 non
1353 4675 1549 4741 homo,
1609 4678 1710 4733 sed
1770 4677 2015 4751 angelus

358 4760 695 4816 aestimatus
716 4766 825 4817 est.
853 4761 934 4817 De
965 4762 1091 4835 ipso
1124 4762 1375 4836 legimus
1399 4782 1412 4819 :
1438 4788 1466 4815 «
1490 4766 1678 4821 Etiam
1702 4766 2016 4839 plusquam

358 4848 671 4923 prepheta.
696 4848 798 4905 Hic
828 4855 916 4906 est
946 4851 1016 4906 de
1047 4869 1161 4924 quo
1192 4852 1476 4925 scriptum
1508 4862 1593 4909 est
1620 4871 1631 4909 :
1666 4855 1808 4910 Ecce
1848 4857 2016 4911 mitto

358 4935 641 5008 angelum
673 4953 867 4992 meum
900 4942 1033 4995 ante
1064 4940 1265 4995 faciem
1299 4948 1481 5007 tuam,
1525 4943 1623 5014 qui
1671 4945 2020 5016 praeparabit

356 5024 520 5080 viam
543 5029 704 5081 tuam
739 5032 874 5083 ante
902 5032 958 5083 te
987 5027 1197 5099 (Matth.
1227 5047 1304 5096 x1,
1336 5030 1391 5097 9,
1421 5038 1473 5086 et
1502 5032 1608 5099 10).
1649 5054 1675 5080 ››
1719 5032 1858 5095 Quis
1906 5032 2015 5087 hu-

360 5129 544 5170 mana
564 5113 777 5170 virtute
805 5131 987 5187 equos
1016 5116 1237 5189 igneos,
1267 5134 1476 5172 currus
1501 5117 1702 5189 igneos
1733 5122 2020 5191 potuisset

359 5202 701 5269 ascendere,
735 5220 934 5275 regere
963 5220 1171 5262 currus
1204 5206 1425 5279 igneos,
1468 5206 1579 5261 nisi
1617 5208 1716 5279 qui
1747 5212 2017 5263 naturam

439 5345 779 5419 ({1)Cuncta3
840 5347 1015 5412 edit.,
1078 5348 1279 5419 hydria
1334 5350 1561 5419 farinae.
1617 5350 1817 5404 Cuncti
1849 5368 2018 5419 mss.,

354 5416 565 5492 hydria
584 5418 847 5492 polenta,
875 5419 1022 5473 duos
1070 5416 1263 5492 tamen
1308 5416 1652 5492 excipimus,
1699 5421 1758 5475 in
1803 5416 2020 5492 quibus

347 5487 558 5559 hydria
586 5487 799 5560 farinae
826 5491 1082 5560 polentae.
1118 5491 1227 5546 Sed
1270 5487 1588 5547 verisimile
1639 5487 1727 5546 est
1796 5487 2015 5558 vocem,

353 5558 592 5632 farinae,
621 5559 811 5635 primo
828 5558 888 5614 in
909 5561 1101 5635 glossa
1118 5561 1389 5635 positam,
1415 5578 1481 5617 ac
1504 5566 1703 5635 postea
1722 5563 1779 5618 in
1801 5566 2017 5620 textum

352 5635 686 5705 receptam,
734 5632 974 5687 domum
1032 5632 1170 5688 inde
1224 5632 1548 5705 legitimam
1614 5635 1879 5704 eiectam.
1921 5636 2022 5691 Est

353 5702 559 5761 autem
593 5702 835 5774 polenta
864 5705 1049 5760 t'arina
1078 5705 1279 5760 hordei
1294 5702 1473 5759 't'rixa.

2078 602 2405 658 mutasset?

2146 690 2199 744 5.
2233 689 2341 744 Sed
2377 689 2448 743 de
2477 688 2610 743 Elia:
2644 688 2825 761 gestis
2856 686 3109 760 plurima
3130 686 3255 757 jam
3299 685 3585 758 frequenti
3637 685 3724 741 di-

2080 794 2379 833 versorum
2414 777 2690 833 librorum
2723 793 2993 832 sermone
3023 775 3410 849 digessimus;
3444 780 3499 830 et
3529 792 3728 832 caven-

2084 867 2222 921 dum
2258 866 2508 921 arbitror
2535 884 2606 921 ne
2638 866 2693 920 in
2726 867 2928 921 eadem
2961 880 3355 927 rerurramus,
3389 881 3523 920 cum
3583 882 3726 937 prze-

2085 954 2286 1009 sertim
2319 954 2396 1009 im
2431 971 2601 1026 opere
2632 971 2739 1009 suo
2771 955 2894 1025 ipse
2919 954 3207 1009 laudetur.
3242 953 3546 1008 Imitemur
3592 970 3728 1026 ergo

2086 1043 2275 1110 illum,
2309 1047 2366 1098 et
2392 1060 2517 1098 eam
2550 1059 2741 1098 escam
2776 1060 3127 1114 quzeramus,
3160 1043 3328 1113 cujus
3366 1044 3578 1099 virtute
3610 1045 3729 1098 die-

2087 1133 2199 1187 bus
2229 1149 2293 1186 ac
2318 1133 2585 1186 noctibus
2617 1132 2884 1204 progredi
2916 1133 2988 1186 ad
3014 1147 3399 1204 supernorum
3437 1132 3732 1205 possimus

2090 1221 2501 1293 cognitionem.
2527 1221 2647 1275 Non
2680 1220 2833 1275 enim
2866 1220 3057 1276 omnis
3088 1238 3220 1277 esca
3250 1222 3594 1285 materialis,
3628 1238 3734 1276 nec

2090 1310 2282 1366 omnis
2313 1310 2479 1364 cibus
2509 1309 2844 1381 corporalis,
2878 1314 2966 1365 est
2994 1310 3159 1365 cibus
3192 1310 3423 1375 mentis,
3468 1315 3535 1365 ut
3587 1311 3734 1365 dixi-

2092 1415 2247 1460 mus,
2279 1414 2395 1471 quo
2423 1397 2737 1470 epulantur
2765 1397 2993 1467 animas,
3026 1399 3099 1454 de
3130 1416 3245 1471 quo
3286 1400 3366 1453 ait
3414 1397 3733 1454 Dominus:

2093 1510 2122 1537 ‹‹
2156 1488 2317 1543 Meus
2341 1486 2505 1541 cibus
2535 1490 2625 1542 est
2654 1504 2718 1540 ut
2747 1485 2952 1541 faciam
2984 1486 3340 1541 voluntatem
3385 1488 3573 1542 Patris
3626 1488 3737 1542 mei

2095 1577 2195 1650 qui
2226 1577 2285 1632 in
2317 1576 2479 1632 caelis
2510 1580 2598 1632 est
2626 1577 2801 1647 (Joan.
2833 1593 2909 1645 ιν,
2942 1577 3050 1645 34).
3084 1597 3111 1624 υ
3148 1575 3249 1631 Hic
3292 1576 3458 1631 cibus
3504 1575 3737 1647 angelo-

2095 1683 2224 1721 rum
2255 1670 2362 1731 est,
2394 1670 2461 1720 ut
2489 1664 2683 1720 divino
2716 1665 3076 1721 famulentur
3105 1664 3369 1736 imperio.
3403 1664 3571 1720 Nulla
3620 1664 3739 1719 illis

2095 1773 2234 1811 cura
2263 1772 2625 1822 mensarum,
2664 1754 2861 1811 nullus
2905 1754 3299 1810 conviviorum
3347 1771 3512 1820 usus,
3565 1754 3739 1811 nullae

2095 1844 2360 1916 reposita:
2391 1843 2594 1915 cpulze,
2630 1842 2829 1898 nullus
2857 1843 2974 1898 vini
3003 1847 3177 1916 potus
3207 1847 3309 1898 aut
3338 1844 3555 1911 sicerie,
3580 1842 3745 1900 nulla

2095 1932 2375 1990 distensio
2408 1931 2686 2004 corporis,
2719 1932 2883 1987 nulla
2908 1932 3127 1988 ventris
3158 1932 3419 1988 oti‘ensio.

2731 2039 2963 2096 CAPUT
3015 2039 3102 2095 IV.

2096 2130 2168 2185 De
2195 2131 2410 2200 origine
2437 2131 2487 2183 et
2517 2130 2846 2201 antiquitate
2867 2129 3094 2201 jejunii,
3131 2145 3164 2183 a
3212 2144 3315 2199 quo
3361 2132 3579 2201 primus
3617 2146 3746 2185 usus

2168 2200 2363 2255 mundi
2389 2202 2572 2271 coepit,
2603 2200 2667 2254 de
2696 2216 2799 2270 quo
2828 2202 3009 2270 prima
3041 2201 3130 2255 lea:
3169 2202 3227 2254 in
3255 2200 3508 2270 paradiso
3554 2203 3748 2258 consti-

2170 2277 2285 2327 tuta
2314 2273 2458 2398 ἔτλη,
2514 2271 2655 2341 quod
2699 2271 2917 2326 tandem
2972 2287 3104 2343 quos
3165 2272 3299 2339 gula
3366 2273 3744 2340 denudaverit,

2171 2360 2319 2398 oneri
2351 2384 2363 2396 .

2171 2360 2363 2415 opem.

2170 2450 2224 2504 6.
2257 2448 2457 2520 Itaque
2494 2464 2567 2503 ne
2603 2452 2897 2503 terrenum
2936 2449 3069 2520 quis
3107 2455 3208 2505 aut
3254 2448 3545 2506 novellum
3588 2452 3752 2523 putet

2103 2554 2230 2594 esse
2252 2537 2571 2608 jejunium,
2604 2537 2833 2608 primus
2861 2554 3006 2594 usus
3037 2540 3242 2595 mundi
3274 2557 3307 2596 a
3328 2540 3557 2610 jejunio
3579 2539 3753 2610 ocepit

2105 2628 2342 2699 quando
2374 2625 2474 2680 lux
2505 2625 2662 2681 clara
2693 2626 3053 2697 resplenduit
3087 2628 3237 2699 (Gen.
3274 2646 3315 2692 ι,
3346 2629 3420 2700 3).
3452 2628 3753 2684 Secundus

2104 2716 2230 2771 dies
2259 2716 2316 2770 in
2336 2714 2585 2786 jejunio,
2618 2715 2854 2785 quando
2882 2714 3003 2769 cceli
3038 2716 3256 2771 factum
3289 2722 3380 2773 est
3417 2717 3754 2772 firmamen-

2106 2809 2231 2859 tum
2257 2804 2415 2875 (Ibid.
2448 2804 2526 2873 6).
2559 2803 2751 2858 Tertio
2792 2803 2885 2858 die
2933 2804 3213 2875 pabulum
3259 2809 3414 2861 terra
3460 2805 3756 2876 germina-

2105 2893 2187 2948 vit
2214 2893 2374 2963 (Ibid.
2411 2893 2521 2964 lt),
2554 2896 2764 2947 natura
2789 2892 3136 2963 obsequium
3169 2894 3433 2965 praebuit,
3459 2893 3755 2965 jejunium

2107 2985 2304 3037 tamen
2335 2980 2588 3036 caelestis
2618 2979 2934 3052 disciplina
2963 2981 3248 3036 servabat.
3282 2981 3498 3046 Quarto
3529 2982 3623 3038 die
3665 2980 3758 3036 lu-

2110 3070 2357 3124 minaria
2389 3069 2540 3124 facta
2560 3074 2700 3124 sunt
2731 3068 2872 3124 solis
2902 3072 2959 3124 et
2986 3068 3137 3125 lunae
3161 3070 3318 3141 (Ibid.
3350 3072 3458 3141 16),
3481 3075 3537 3127 et
3565 3070 3759 3126 adhuc

2103 3160 2419 3230 jejunium.
2454 3158 2664 3224 Quinto
2690 3159 2784 3214 die
2835 3160 3238 3230 produxerunt
3287 3176 3449 3232 aqua:
3498 3160 3761 3232 repentia

2033 3243 2076 3308 C
2114 3248 2446 3303 animarum
2476 3247 2814 3312 viventium,
2854 3251 2912 3301 et
2962 3246 3218 3303 volatilia
3273 3246 3529 3303 volantia
3584 3264 3763 3319 super

2110 3340 2326 3393 terram
2350 3336 2670 3392 secundum
2697 3337 3132 3391 firmamentum
3160 3335 3286 3391 cmli
3313 3352 3325 3390 :
3360 3341 3416 3391 et
3443 3335 3588 3391 vidit
3607 3336 3760 3391 Deus

2113 3427 2251 3499 quia
2305 3427 2460 3480 bona
2517 3425 2674 3496 (Ibid.
2730 3424 2844 3497 21),
2906 3428 2965 3480 et
3020 3423 3321 3480 benedixit
3373 3441 3461 3491 ea,
3521 3424 3761 3481 dicens:

2115 3538 2143 3565 ‹‹
2175 3514 2428 3570 Crescite
2458 3518 2515 3569 et
2545 3512 3044 3585 multiplicamini,
3078 3518 3135 3568 et
3164 3512 3382 3585 replete
3413 3530 3597 3585 aquas
3636 3529 3764 3584 quae

2114 3607 2253 3659 sunt
2283 3603 2341 3658 in
2376 3602 2526 3658 588
2558 3601 2741 3658 mari:
2775 3606 2832 3657 et
2860 3600 3117 3657 volatilia
3148 3600 3617 3673 multiplicantur
3662 3618 3767 3657 su-

2113 3708 2218 3764 per
2245 3695 2459 3747 terram
2484 3691 2638 3761 (Ibid.
2661 3692 2774 3756 22).
2798 3712 2825 3739 »
2852 3690 2920 3745 Et
2947 3690 3138 3746 adhuc
3160 3689 3478 3761 jejunium.
3504 3690 3768 3761 Denique

2117 3779 2412 3836 benedixit
2441 3796 2527 3845 ea,
2562 3779 2713 3835 sicut
2744 3778 3029 3850 scriptum
3075 3782 3183 3845 est,
3233 3784 3293 3834 et
3337 3778 3522 3834 dixit:
3564 3801 3593 3828 «
3639 3780 3767 3835 Cre-

2118 3869 2259 3923 scite
2292 3890 2344 3934 »,
2376 3872 2433 3923 et
2460 3885 2575 3922 non
2629 3867 2809 3923 dixit:
2861 3868 3025 3922 Edite
3072 3871 3129 3922 et
3181 3868 3550 3923 manducata.
3600 3872 3767 3922 Sexto

2119 3957 2211 4011 die
2240 3957 2439 4012 bestia?
2464 3960 2600 4011 sunt
2631 3960 2834 4010 creatis
2865 3956 3021 4026 (Ibid.
3050 3957 3153 4023 25;
3186 3956 3321 4010 dist.
3364 3957 3456 4022 35,
3505 3972 3555 4009 c.
3608 3956 3767 4010 Sexto

2118 4045 2248 4115 die),
2272 4049 2328 4099 et
2356 4060 2489 4099 cum
2522 4044 2723 4100 bestiis
2743 4048 2869 4099 orta
2900 4043 3105 4099 edendi
3131 4048 3385 4114 potestas
3407 4048 3513 4110 est,
3542 4048 3601 4098 et
3624 4060 3769 4098 usus

2120 4148 2410 4187 escarum.
2470 4131 2577 4187 Ubi
2638 4132 2804 4186 cibus
2860 4131 3047 4201 cmpit,
3106 4130 3185 4184 ibi
3244 4131 3379 4186 tinis
3437 4133 3625 4185 factus
3681 4135 3771 4186 est

2123 4221 2348 4276 mundi.
2382 4220 2485 4276 Ubi
2521 4219 2695 4291 cmpit
2720 4236 2827 4275 sua
2856 4219 3219 4275 incrementa
3248 4220 3493 4287 nescire,
3530 4218 3606 4274 ibi
3657 4235 3768 4275 coa-

2122 4314 2336 4382 perunt
2366 4308 2563 4363 divina
2593 4308 2748 4363 circa
2776 4324 2910 4362 eum
2944 4323 3119 4379 opera
3144 4306 3359 4363 feriari.
3395 4308 3517 4371 Quo
3551 4307 3769 4363 indicio

2124 4397 2478 4454 declaratum
2511 4401 2599 4452 est
2655 4397 2809 4466 quod
2868 4412 2972 4467 per
3027 4396 3191 4451 cibos
3228 4396 3484 4452 mundus
3533 4395 3771 4452 haberet

2125 4485 2398 4541 imminui
2422 4486 2641 4558 (7),per
2661 4501 2807 4557 quos
2838 4484 3011 4540 desiit
3034 4484 3254 4556 augeri.
3281 4485 3460 4540 Nemo
3492 4484 3766 4540 delictum

2126 4559 2543 4639 sciebat,n,emo
2556 4590 2785 4646 pmnam
2799 4574 3245 4640 timcbat,nemo
3260 4589 3399 4628 nove
3410 4578 3497 4628 rat
3522 4578 3769 4629 mortem

2195 4668 2248 4721 7.
2284 4663 2572 4719 Plantavit
2628 4662 2913 4718 Dominus
2965 4662 3301 4734 paradisum
3378 4662 3449 4718 ad
3520 4661 3769 4734 gratiam
3816 4706 3823 4711 ,

2126 4754 2450 4819 beatorum,
2478 4752 2674 4825 posuit
2703 4751 2782 4807 ibi
2812 4750 3112 4808 hominem
3144 4751 3370 4823 Operari
3401 4755 3458 4806 et
3479 4750 3773 4806 custodire

2125 4858 2281 4899 eum.
2316 4842 2386 4896 Et
2414 4846 2479 4896 ut
2507 4840 2766 4896 sciamus
2797 4840 2963 4911 (Dist.
2997 4843 3055 4895 et
3083 4856 3210 4911 cap.
3253 4839 3483 4905 iisdem,
3517 4838 3547 4911 §
3601 4839 3668 4893 Et
3713 4845 3774 4892 ut

2125 4930 2384 5001 sciamus)
2409 4946 2521 4984 non
2543 4945 2672 4985 esse
2702 4928 2994 4984 novellum
3018 4927 3338 4999 jejunium,
3369 4926 3619 4998 primam
3653 4925 3774 4979 illic

2126 5019 2311 5092 legem
2345 5018 2647 5073 constituit
2676 5018 2747 5071 de
2769 5017 3015 5087 jejunio.
3045 5016 3277 5070 Sciebat
3305 5014 3460 5069 enim
3493 5013 3649 5084 quod
3671 5029 3775 5084 per

2126 5123 2319 5163 escam
2352 5105 2525 5176 culpa
2549 5105 2787 5159 haberet
2815 5105 3052 5159 intrare.
3086 5104 3283 5159 Prima
3311 5118 3482 5174 pmna
3510 5102 3581 5158 de
3615 5102 3772 5173 jeju-

2128 5195 2205 5250 nii
2260 5192 2726 5266 praevaricatione
2782 5192 3117 5256 intraverat,
3190 5191 3419 5246 dicente
3495 5191 3773 5247 mandato

2200 5340 2277 5411 (5)
2309 5334 2536 5411 V'idesis
2560 5337 2755 5390 notam
2787 5333 2889 5389 lib.
2935 5336 3009 5391 De
3058 5336 3187 5391 Ben.
3233 5332 3565 5402 Patriarch.,
3620 5349 3671 5389 c.
3718 5334 3773 5401 3,

2130 5428 2187 5465 n.
2208 5408 2311 5473 ⁷44,
2344 5408 2690 5479 subjectam.

2201 5481 2275 5553 (6)
2310 5474 2483 5553 Romi.
2511 5476 2821 5553 edit.,n_isi
2846 5477 2971 5532 vitae
2993 5477 3173 5547 imago
3194 5477 3442 5532 caelestis.
3470 5474 3611 5532 Alia:
3641 5491 3775 5530 cum

2130 5547 2274 5609 mss.
2308 5549 2603 5614 omnibus,
2639 5552 2700 5601 ut
2732 5547 2789 5600 in
2824 5553 3003 5602 textu.

2202 5626 2279 5696 (7)
2313 5622 2452 5678 Mss.
2482 5622 2723 5691 aliquot,
2756 5620 2988 5674 mundus
3010 5619 3229 5676 haberet
3256 5621 3464 5690 perire.
