3866 6212
264 361 382 422 725

1727 363 1871 424 8.Α

2064 362 2215 426 OSll
3540 370 3648 433 ’136

263 498 398 555 Dei:
436 520 463 545 «ι
494 497 574 554 De
605 497 763 568 tigno
794 493 951 563 quod
982 496 1073 551 est
1101 490 1355 551 scientiae
1385 490 1524 550 boni
1553 496 1611 551 et
1641 492 1912 553 malinon
1942 496 1999 564 Α
2024 494 2170 553 vidit
2197 510 2261 554 se
2289 511 2418 556 esse
2447 493 2705 567 nudam;
2728 493 3296 572 quiaindamentam
3320 499 3475 574 quod
3489 500 3648 562 babe-

262 586 615 643 comedetis:
649 603 765 657 qua
794 584 886 640 die
916 587 1109 640 autem
1160 583 1651 640 manducaveritis
1699 600 1767 641 ex
1816 602 1904 651 co,

262 680 449 731 morte
479 673 806 730 moriemini
840 673 992 728 (Gen.
1025 673 1219 743 11,47).
1266 692 1288 722 ι
1342 673 1421 727 Eo
1480 689 1666 744 usque
1714 679 1907 729 autem

260 765 432 833 (Dist.
463 769 519 820 et
548 782 679 836 cap.
722 764 947 827 iisdem,
990 762 1020 831 ξ
1061 763 1135 817 Eo
1180 762 1367 833 usque)
1418 778 1588 817 nemo
1636 763 1906 834 prevari-

2019 586 2136 652 bat,
2160 587 2458 642 amiserat.
2479 586 2543 643 In
2560 587 2768 643 diebus
2782 586 2940 644 enim
2962 588 3314 660 jejunioruu:
3332 596 3638 650 vesti-0mm

2020 698 2047 721 «
2077 675 2317 743 orietur,
2345 675 2559 747 inquit,
2590 675 2693 732 tibi
2726 675 3081 732 matutinum
3104 676 3214 747 (l0)
3244 676 3437 735 lumen
3468 684 3641 745 tuum,

2017 768 2075 818 et
2104 764 2325 819 sanitas
2355 769 2456 819 tua
2486 768 2715 821 matura
2745 764 2983 830 orietur,
3022 770 3080 820 et
3126 767 3409 837 praecedet
3438 775 3564 825 ante
3594 777 3643 826 te

260 855 375 911 cari
404 860 656 918 noverat,
684 856 747 907 ut
775 852 963 906 adhuc
986 856 1114 905 orta
1162 868 1276 905 non
1324 856 1499 917 esset,
1540 868 1669 923 quae
1718 852 1908 923 prima
2007 852 2264 921 justitia,
2295 858 2353 908 et
2392 854 2779 909 circumdabit
2824 857 2881 910 te
2927 855 3205 924 majestas
3252 856 3482 911 Domini
3526 860 3636 926 (Isa.

257 951 345 1001 est
394 942 759 1016 praevaricata
808 940 1094 995 indictum
1145 940 1533 995 abstinentiae.
1586 940 1699 995 Lex
1753 944 1830 1007 (8)
1870 958 1905 996 a
2018 958 2172 1007 Lvm,
2202 944 2277 1013 8).
2316 964 2341 990 »
2375 942 2597 998 Bonum
2628 943 3041 999 vestimentum
3074 942 3193 998 lux.
3235 944 3524 1017 Scriptum
3563 954 3639 1003 est

256 1034 501 1090 Domino
530 1032 665 1096 Deo,
699 1030 1090 1102 praevaricatio
1134 1028 1280 1100 legis
1327 1046 1361 1083 a
1409 1028 1639 1083 diabolo
1669 1045 1684 1083 :
1733 1029 1906 1101 culpa
2013 1030 2208 1085 enim:
2243 1054 2269 1077 ι(
2304 1030 2713 1087 Circumdatus
2743 1030 2871 1087 luce
2901 1031 3055 1086 sicut
3093 1032 3439 1089 vestimento
3482 1035 3635 1101 (Psal.

254 1126 357 1194 per
383 1123 600 1188 cibum,
633 1119 858 1176 latebra
890 1124 1021 1191 post
1053 1118 1270 1172 cilium.
1303 1117 1567 1187 Cognitio
1595 1118 1900 1173 inﬁrmita-

2011 1133 2128 1173 cui.
2160 1120 2238 1188 2).
2278 1142 2303 1165 n
2337 1119 2559 1174 Bonum
2591 1120 3028 1187 vestimentum,
3057 1120 3292 1191 quando
3337 1120 3637 1180 circumdat

252 1212 329 1267 tis
389 1214 445 1266 in
506 1211 654 1278 cibo,
707 1209 893 1263 virtus
942 1207 1237 1261 ﬁrmitatis
1278 1205 1334 1259 in
1360 1206 1607 1276 jejunio.
1641 1206 1900 1278 Denique
2013 1206 2293 1263 Dominus
2323 1213 2379 1263 ct
2404 1209 2590 1281 operit
2609 1209 2966 1279 jejunantes.

254 1302 511 1373 quandiu
539 1298 868 1354 interdictis
901 1297 1255 1362 abstinuere,
1290 1295 1625 1349 nesciebant
1664 1312 1793 1349 esse
1836 1313 1897 1351 se

251 1395 475 1446 nudos:
510 1393 889 1461 posteaquam
928 1385 1427 1439 manducaverunt
1470 1384 1540 1437 de
1587 1384 1899 1440 interdicta

250 1480 474 1543 arbore,
511 1478 762 1533 nudatos
792 1491 921 1530 esse
951 1490 1012 1529 se
1054 1477 1466 1544 cognoverunt.
1513 1474 1714 1528 Merito
1757 1490 1894 1545 ergo

248 1568 460 1626 mulier
507 1566 606 1621 ubi
647 1564 832 1637 culpa:
884 1562 1120 1636 agnovit
1174 1568 1491 1627 auctorem,
1538 1564 1894 1634 interrogata

247 1656 580 1730 respondit:
611 1678 638 1705 «ι
672 1656 922 1725 Serpens
954 1652 1243 1724 persuasit
1275 1650 1440 1717 mihi,
1474 1656 1531 1705 et
1569 1651 1891 1707 manduca-

244 1749 295 1803 vi
327 1748 480 1818 (Gen.
526 1762 610 1811 Ill,
656 1745 745 1811 13)
791 1750 819 1791 ﬁ
866 1747 1114 1812 Serpens
1161 1739 1359 1811 gulam
1409 1740 1638 1805 suadet,
1686 1739 1888 1795 Domi-

2655 1324 2890 1380 CAPUT
2925 1324 2993 1379 V.

2005 1412 2115 1466 Noe
2142 1413 2283 1483 quod
2332 1414 2635 1468 inebriatus
2654 1415 2847 1484 fuerit,
2890 1415 2956 1468 ob
3001 1416 3381 1484 ignorantiam
3426 1430 3633 1470 excuse

2076 1488 2204 1558 tur:
2234 1490 2285 1540 et
2315 1500 2441 1556 quae
2486 1486 2632 1558 mata
2681 1502 2755 1540 ex
2796 1486 3057 1558 vinirusu
3112 1489 3247 1539 nata
3290 1487 3423 1554 sint,
3462 1501 3633 1558 quaeve

2076 1557 2213 1610 bona
2251 1573 2318 1630 ea:
2362 1556 2603 1630 ejusdem
2645 1557 3000 1622 abstinentia,
3057 1557 3348 1628 prepositis
3396 1556 3633 1630 utrinque

2072 1629 2336 1697 exemplis
2367 1628 2696 1682 declaratur.

2074 1744 2158 1796 10.
2219 1743 2486 1799 Nudatos
2532 1747 2657 1800 erat
2702 1743 2821 1799 Noe
2864 1743 3101 1815 quando
3150 1742 3473 1800 inebriatus
3532 1747 3627 1811 est,

246 1854 359 1895 nus
382 1837 652 1908 jejunare
677 1832 931 1888 decernit
960 1830 1132 1899 (Dist.
1166 1834 1222 1884 et
1257 1845 1385 1901 cap.
1420 1828 1648 1895 iisdem,
1682 1828 1711 1901 §
1764 1829 1886 1883 Ser-
1916 1868 1964 1933 B
1998 1831 2141 1886 texit
2187 1848 2323 1887 eum
2367 1832 2556 1904 pietas
2604 1831 2880 1888 ﬁliorum.
2925 1832 3037 1888 Sed
3075 1833 3337 1889 nudatus
3379 1837 3499 1888 erat
3541 1849 3632 1905 per

239 1927 417 1999 pens).
452 1924 713 1994 Denique
754 1922 879 1994 ipse
926 1918 1042 1975 ait:
1090 1944 1117 1967 ‹‹
1168 1918 1439 1989 Jejunate
1487 1922 1544 1973 et
1589 1922 1769 1985 orate,
1816 1934 1889 1974 ne

243 2014 470 2072 intretis
499 2013 559 2069 in
590 2010 967 2068 tentationem
998 2008 1203 2079 (Matth.
1243 2024 1398 2075 xxvx,
1451 2007 1560 2074 41).
1614 2028 1641 2053 ››
1691 2007 1889 2078 Itaque

204 2104 381 2179 (gula
408 2104 480 2160 de
526 2100 797 2175 paradiso
848 2101 1189 2171 regnantem
1237 2095 1481 2169 expulit,
1532 2094 1889 2151 abstinentia

243 2195 314 2251 ad
345 2192 684 2268 paradisum
716 2187 1002 2247 revocavit
1030 2189 1346 2243 errantem.

311 2286 366 2339 8.
398 2284 467 2338 Et
496 2281 643 2337 dixit
672 2280 861 2335 Deus:
891 2301 919 2325 «
953 2281 1095 2332 Ecce
1121 2275 1305 2330 Adam
1343 2274 1533 2329 factus
1579 2277 1667 2329 est
1718 2272 1886 2345 quasi

240 2389 396 2429 unus
426 2388 495 2427 ex
516 2368 684 2425 nobis
705 2368 857 2437 (Gen.
879 2383 962 2431 ιιι,
984 2367 1097 2435 22).
1129 2385 1155 2415 η
1191 2362 1444 2418 Irridcns
1468 2362 1668 2433 utique
1711 2365 1885 2432 Deus,

240 2478 355 2518 non
387 2458 719 2532 approbans
748 2455 910 2523 dicit,
942 2454 1051 2509 hoc
1077 2458 1200 2507 est:
1248 2450 1499 2506 Putabas
1528 2454 1583 2505 te
1630 2448 1885 2506 similem

238 2552 358 2607 fore
388 2549 611 2605 nostri:
643 2546 743 2603 sed
776 2544 916 2617 quia
943 2541 1179 2599 voluisti
1211 2557 1340 2597 esse
1364 2540 1521 2612 quod
1566 2556 1681 2595 non
1730 2555 1881 2607 eras,

239 2638 513 2696 destitisti
545 2653 673 2693 esse
702 2634 855 2707 quod
887 2648 1017 2689 cras
1043 2650 1055 2687 :
1088 2631 1242 2687 intra
1269 2635 1323 2685 te
1354 2646 1503 2698 cras,
1526 2632 1585 2684 et
1610 2629 1754 2684 dum
1784 2645 1884 2684 su-

237 2746 342 2802 pra
368 2732 426 2785 te
454 2743 583 2784 esse
603 2724 841 2782 auectas
872 2724 971 2795 (9),
1000 2721 1151 2776 infra
1201 2724 1258 2775 te
1300 2735 1427 2775 esse
1478 2717 1723 2790 ccepisti.
1775 2717 1883 2773 De-

238 2816 415 2889 nique
454 2814 681 2872 vestivit
728 2829 856 2869 eun:
911 2810 1111 2865 tunica
1168 2808 1409 2881 pellicea
1462 2807 1647 2878 prius,
1699 2813 1753 2860 et
1800 2805 1884 2861 sic

237 2906 348 2963 ait:
381 2928 409 2954 ‹‹
457 2903 603 2959 Ecce
643 2902 850 2970 Adam,
899 2921 926 2948 »
978 2896 1147 2970 quasi
1190 2896 1383 2951 dicat:
1433 2896 1577 2950 Ecce
1625 2894 1879 2949 amictus

236 2998 398 3061 tuus,
431 3008 564 3047 ecce
593 2990 837 3062 dignum
870 2987 1283 3042 indumentum
1315 2988 1509 3051 tuum,
1540 2982 1635 3037 hic
1656 2986 1712 3038 te
1753 2999 1880 3038 ves-

235 3082 381 3138 titus
412 3080 592 3136 decet.
613 3078 719 3145 Qui
750 3076 948 3131 divina
967 3074 1260 3139 affectant,
1286 3071 1387 3127 tali
1410 3071 1568 3144 digni
1594 3072 1883 3126 habentur

234 3175 464 3227 ornatu.
494 3170 634 3224 Ecce
664 3183 780 3238 quo
808 3169 864 3220 te
894 3168 996 3219 tua
1015 3161 1189 3234 culpa
1236 3160 1495 3228 deduxit,
1543 3176 1676 3215 ecce
1726 3176 1881 3215 nunc

1996 1919 2410 1991 ignorantiam,
2479 1937 2594 1976 non
2669 1936 2773 1992 per
2844 1920 3399 1994 intemperantiam;
3456 1921 3630 1977 adhuc

1997 2008 2153 2065 enim
2186 2010 2385 2065 vinum
2418 2009 2805 2066 nesciebatur.
2839 2011 2900 2065 In
2932 2010 3222 2082 principio
3268 2009 3493 2084 generis
3530 2010 3626 2065 hu-

1997 2097 2155 2152 mani
2205 2097 2585 2169 ignorabatur
2635 2098 2887 2154 ebrietas
2933 2098 3101 2168 (Dist.
3155 2099 3248 2167 35,
3297 2115 3423 2171 cap.
3473 2098 3623 2155 Sexto

1995 2184 2111 2251 die,
2143 2185 2174 2257 §
2200 2188 2257 2241 In
2286 2188 2604 2259 principio).
2636 2186 2869 2242 Primus
2895 2188 3020 2259 ipse
3049 2186 3335 2258 plantavit
3371 2188 3582 2243 vineam
3608 2205 3619 2242 :

1995 2275 2156 2330 dedit
2198 2281 2494 2346 naturam,
2544 2276 2646 2332 sed
2698 2275 2985 2348 ignoravit
3048 2276 3392 2347 potentiam.
3441 2276 3622 2346 Itaque

1993 2362 2193 2420 vinum
2227 2381 2331 2420 nec
2374 2382 2480 2421 suo
2537 2365 2795 2438 pepercit
2849 2364 3090 2421 auctori.
3124 2365 3277 2431 Quid
3328 2365 3534 2421 mirum
3578 2364 3619 2419 si

1994 2468 2129 2509 cum
2162 2454 2444 2510 Dominus
2491 2455 2618 2526 ipse
2663 2458 2962 2511 creaturas
3004 2470 3144 2510 suas
3192 2453 3527 2521 laudaverit,
3569 2457 3619 2508 et

1993 2541 2102 2597 iste
2133 2541 2383 2599 miratus
2407 2542 2543 2600 est?
2591 2543 2794 2615 Itaque
2832 2560 2968 2599 cum
3014 2558 3151 2599 eum
3191 2541 3500 2599 delectaret
3542 2557 3616 2597 re-

1993 2629 2139 2702 perti
2168 2631 2431 2688 muneris
2476 2631 2687 2703 gratia,
2742 2630 2985 2688 tentavit
3037 2631 3435 2688 vehementior
3476 2646 3618 2685 crea-

1990 2722 2125 2775 tura
2153 2719 2418 2776 insuetos
2469 2719 2628 2776 senis
2676 2724 2862 2788 artus,
2928 2720 3187 2776 turbavit
3248 2737 3397 2776 nova
3457 2718 3615 2791 potio.

1992 2832 2019 2858 ‹‹
2076 2808 2565 2880 Dormitaverunt,
2608 2807 2822 2881 inquit,
2870 2809 2970 2881 qui
3023 2809 3414 2865 ascenderunt
3457 2822 3618 2879 equos

1991 2897 2160 2965 (Psat.
2195 2914 2356 2964 ων,
2388 2899 2467 2966 7).
2504 2920 2534 2947 ››
2562 2897 2839 2955 Ascendit
2863 2896 3121 2969 corporis
3165 2897 3491 2970 voluptates
3532 2897 3617 2966 ju-

1990 2989 2139 3053 stus,
2172 2990 2233 3042 et
2261 2984 2630 3042 obdormivit.
2664 2986 2776 3042 Sed
2808 2984 2968 3041 illius
2994 2985 3250 3042 ebrietas
3288 2985 3455 3042 nobis
3493 2999 3615 3040 sua-

1990 3075 2088 3130 det
2116 3074 2485 3131 sobrietatem
2517 3074 2686 3147 (Dist.
2717 3078 2776 3131 et
2801 3090 2928 3148 cap.
2962 3072 3193 3139 iisdem,
3227 3075 3261 3148 §
3309 3074 3410 3132 Sed
3437 3072 3613 3143 illius).

1988 3164 2177 3220 Semel
2206 3164 2362 3221 enim
2415 3165 2739 3222 inebriatus
2777 3168 2868 3221 est
2894 3165 3032 3221 Noe.
3067 3164 3176 3220 Ubi
3232 3182 3369 3221 vero
3415 3162 3615 3221 malum

233 3260 291 3316 in
315 3259 422 3315 hac
453 3257 647 3313 tunica
672 3253 911 3329 pellicea
939 3258 1222 3323 tanquam
1253 3266 1410 3306 unus
1435 3265 1505 3304 ex
1530 3249 1699 3305 nobis
1742 3265 1876 3321 ape-
1906 3238 1950 3305 C
1988 3252 2287 3309 ebrietatis
2317 3254 2570 3326 agnovit,
2621 3254 2921 3309 inventum
2968 3269 3143 3309 suum
3190 3254 3265 3309 ad
3311 3253 3611 3310 remedium

233 3348 402 3406 ruisti
438 3346 659 3405 oculos.
707 3342 1100 3415 Circumspice
1158 3338 1487 3413 diligenter,
1543 3338 1770 3394 nudum
1818 3342 1876 3393 te

232 3437 466 3511 aspicis,
499 3450 673 3509 quem
712 3433 988 3490 vestitum
1020 3431 1292 3504 putabas.

299 3528 354 3581 9.
388 3525 538 3582 Gula
564 3540 701 3597 ergo
731 3523 922 3578 nudos
953 3521 1110 3587 facit,
1134 3519 1363 3590 jejunia
1391 3516 1664 3591 operiunt
1696 3517 1872 3573 etiam

231 3620 457 3673 exutos.
490 3612 652 3668 Unde
680 3610 858 3667 David
891 3610 1007 3665 ait:
1041 3632 1069 3658 ‹‹
1121 3608 1329 3681 Operui
1379 3607 1440 3662 in
1481 3606 1709 3679 jejunio
1756 3606 1875 3661 ani-

232 3720 389 3761 mam
417 3717 607 3758 meam
632 3699 805 3772 (Psal.
839 3715 1027 3764 vam,
1061 3698 1170 3765 11).
1207 3719 1233 3746 ››
1274 3697 1501 3751 Bonum
1545 3695 1874 3768 operimen-

231 3797 380 3858 tum,
407 3790 561 3864 quod
596 3788 856 3845 animam
878 3785 1039 3858 tegit,
1073 3803 1144 3841 ne
1174 3802 1207 3839 a
1232 3788 1518 3841 tentatore
1547 3784 1870 3857 deprehen-

230 3882 422 3946 datur,
469 3896 541 3935 ne
585 3895 618 3934 a
646 3868 955 3932 tentatore
1041 3873 1317 3929 nudetur.
1351 3874 1577 3929 Bonum
1608 3872 1869 3927 velamen

231 3970 385 4042 quod
412 3969 558 4042 tegit
590 3964 843 4039 culpam,
875 3962 1019 4037 tegit
1046 3962 1420 4027 abstinentia,
1470 3962 1615 4034 tegit
1660 3961 1866 4033 gratia.

230 4058 390 4115 Beati
419 4056 573 4114 enim
626 4070 879 4127 quorum
923 4051 1180 4108 remissa:
1229 4054 1369 4106 sunt
1408 4048 1766 4121 iniquitates,
1815 4052 1873 4105 et

228 4162 478 4219 quorum
500 4148 652 4201 tecta
679 4148 820 4199 sunt
843 4144 1099 4214 peccata.
1133 4138 1301 4211 Tegit
1332 4138 1537 4211 gratia,
1587 4138 1728 4193 dum
1782 4154 1869 4194 re-

228 4236 426 4301 mittit,
458 4238 514 4290 et
543 4248 775 4290 omnem
806 4229 998 4286 abolet
1035 4243 1323 4285 errorem:
1374 4226 1519 4299 tegit
1568 4226 1871 4283 abstinen-

227 4326 329 4391 tia,
362 4325 502 4379 dum
552 4321 867 4378 obumbrat
921 4318 1147 4384 vitium,
1201 4321 1258 4373 et
1314 4320 1521 4371 mcesto
1566 4314 1874 4372 abscondit

225 4414 454 4479 affectu,
477 4415 651 4482 atque
670 4412 942 4465 extenuat
961 4406 1314 4479 pcenitendo.
1336 4405 1558 4461 Etenim
1574 4404 1869 4476 jejunium

225 4504 285 4559 et
313 4500 465 4558 589
522 4498 891 4569 cleemosyna
935 4512 969 4551 a
1020 4499 1253 4567 peccato
1297 4494 1566 4549 liberant.
1622 4494 1872 4566 Opertus

1982 3342 2349 3413 temperavit,
2381 3358 2498 3398 non
2528 3341 2735 3398 eﬁ‘udit
2774 3342 2847 3397 ad
2894 3341 3120 3397 vitium.
3171 3341 3340 3399 Unde
3385 3347 3442 3398 et
3482 3347 3611 3413 Apo-

1983 3428 2172 3486 stolus
2196 3430 2311 3485 ait:
2344 3452 2372 3479 «
2409 3430 2633 3486 Modico
2670 3430 2805 3486 vino
2834 3433 2995 3486 utere
3024 3435 3265 3503 propter
3303 3432 3610 3505 frequentes

1981 3519 2115 3573 tuas
2176 3517 2547 3574 inﬁrmitates
2578 3519 2627 3591 (I
2641 3519 2773 3573 Tim.
2804 3535 2860 3587 v,
2889 3518 3003 3589 23).
3037 3540 3065 3568 »

2053 3606 2142 3660 11.
2176 3605 2451 3663 Manebat
2481 3610 2795 3679 antequam
2823 3607 3026 3663 vinum
3072 3606 3448 3675 inveniretur,
3498 3623 3608 3662 om-

1981 3694 2156 3750 nibus
2186 3695 2536 3752 inconcussa
2561 3695 2825 3764 libertas,
2857 3711 3029 3752 nemo
3054 3697 3279 3753 sciebat
3307 3715 3342 3753 a
3369 3700 3607 3752 consorte

1981 3786 2202 3838 natura:
2231 3800 2352 3840 sum
2383 3784 2666 3857 obsequia
2693 3783 2992 3841 servitutis
3021 3785 3270 3858 exigere.
3312 3786 3434 3842 Non
3471 3786 3607 3840 esset

1980 3871 2153 3928 hodie
2182 3872 2452 3941 servitus,
2487 3873 2536 3929 si
2566 3873 2819 3930 ebrietas
2843 3890 2960 3930 non
3005 3874 3233 3929 fuisset.
3282 3874 3607 3946 Obrepserat

1980 3960 2219 4032 quidem
2240 3962 2368 4032 jam
2385 3960 2652 4018 fraterna:
2682 3961 3037 4035 prmlationis
3065 3962 3305 4031 invidia,
3358 3961 3606 4017 manebat

1978 4052 2175 4107 tamen
2220 4050 2411 4107 adhuc
2464 4054 2717 4123 paternas
2786 4051 3020 4124 pietatis
3068 4051 3405 4107 reverentia.
3465 4051 3607 4105 Laesa

1978 4140 2164 4211 pietas
2192 4144 2301 4206 est,
2332 4140 2475 4195 dum
2513 4139 2738 4195 ridetur
2767 4140 3037 4196 ebrietas.
3087 4140 3214 4196 Non
3260 4139 3375 4196 illis
3428 4137 3604 4210 itaque

1978 4228 2120 4285 solis
2147 4232 2356 4285 nocent
2383 4228 2517 4284 vina
2544 4243 2693 4300 quos
2719 4232 2965 4298 tentant,
3000 4229 3102 4285 sed
3132 4232 3190 4285 et
3217 4228 3333 4285 illis
3372 4225 3603 4299 amplius

1979 4334 2230 4391 quorum
2261 4315 2447 4373 oculis
2481 4316 2804 4374 temulenta
2858 4318 3155 4374 ebriorum
3206 4318 3466 4375 membra
3506 4330 3601 4370 nu-

1979 4407 2214 4463 dantur.
2238 4406 2384 4462 Hinc
2402 4406 2559 4463 risus
2584 4406 2911 4463 irreverens
2932 4406 3213 4474 nascitur,
3256 4405 3391 4462 hinc
3438 4402 3600 4459 libido

1978 4496 2414 4562 inﬂammatur;
2445 4499 2513 4550 ut
2540 4494 2725 4551 multo
2756 4497 2978 4568 majore
2997 4495 3340 4552 temulentis
3366 4511 3461 4551 eos
3486 4492 3602 4546 vina

225 4594 351 4645 erat
405 4587 589 4642 Adam
637 4585 920 4640 virtutum
968 4583 1253 4639 velamine
1323 4582 1666 4654 priusquam
1717 4599 1867 4654 prm-
1900 4608 1945 4674 Β
1978 4584 2341 4659 perturbent,
2361 4600 2613 4656 quorum
2634 4582 2837 4642 oculos
2856 4600 2923 4640 ac
2944 4588 3168 4640 mentes
3189 4580 3596 4645 inebriaverint,

222 4678 595 4741 varicaretur,
623 4674 723 4731 sed
763 4678 1044 4745 tanquam
1096 4676 1307 4728 exutus
1371 4671 1861 4743 praevaricatione,

292 4840 369 4910 (8)
398 4836 525 4893 Vet.
557 4835 720 4910 edit,
752 4850 877 4910 (luta
902 4834 1105 4910 prima,
1123 4835 1532 4910 prqvaricatio.
1578 4832 1864 4910 [adustum

212 4903 514 4983 jejunium,
545 4903 1029 4983 abstinentiae'tea',
1049 4903 1167 4983 etc.
1201 4905 1345 4983 Cod.
1376 4903 1518 4983 Vell.
1559 4909 1640 4983 et_
1662 4904 1859 4983 M_icb.,

221 4975 340 5055 qua:
360 4984 543 5054 prima
566 4976 1234 5055 pr.z:varz'cata_indiet_um
1263 4977 1541 5048 jejunium
1585 4975 1863 5055 abstinen-

221 5048 337 5110 t'izc.
360 5048 498 5121 'Leav,
531 5048 637 5109 etc.
675 5053 840 5108 Rom.
874 5049 1014 5107 edit.
1048 5053 1105 5104 et
1133 5048 1260 5103 Vat.
1294 5064 1539 5121 un_us,...
1585 5051 1863 5120 prmad-

218 5130 340 5180 cata
373 5119 607 5181 edibtum
656 5123 1007 5179 Abstinentiae
1044 5121 1152 5187 tear,
1204 5124 1312 5174 etc.
1366 5119 1684 5175 Nobiscum
1731 5137 1862 5178 vero

223 5197 443 5253 iaciunt
469 5196 718 5263 Thuan.,
751 5196 973 5260 Germ.,
1004 5192 1175 5255 Vict.,
1212 5192 1394 5247 Laud.
1427 5196 1483 5247 et
1508 5190 1668 5248 Colb.
1715 5192 1862 5248 Rur-

222 5284 325 5323 sus
355 5268 457 5324 ubi
486 5268 682 5340 plures
722 5284 864 5322 mss.
915 5281 982 5321 ac
1029 5280 1238 5340 omnes
1283 5263 1699 5340 edit.,___late_bra
1744 5273 1865 5336 post

220 5339 426 5463 cigum,
458 5334 709 5409 q'uatuor
736 5355 880 5394 mss.
923 5335 1157 5408 Optimae
1213 5340 1383 5401 notae,
1433 5334 1688 5389 ittecebra
1739 5334 1864 5407 post

220 5426 271 5463 σι
315 5426 427 5463 um.

220 5426 427 5464 meum.

295 5480 371 5548 (9)
400 5479 524 5551 Yet.
558 5480 719 5551 edit.,
760 5478 901 5551 quod
953 5494 1095 5534 eras.
1155 5480 1343 5551 Itaque
1395 5476 1528 5532 dum
1580 5494 1747 5549 supra
1774 5549 1784 5551 4
1815 5484 1865 5537 te

222 5547 602 5619 esseaﬁertas.
648 5547 843 5605 Bonus
900 5566 1149 5604 sensus:
1209 5547 1414 5604 melior
1465 5547 1662 5605 tamen
1720 5549 1861 5606 edit.

224 5619 391 5674 Rom.
424 5634 493 5672 ex
531 5635 645 5674 uno
690 5624 818 5675 Vat.
874 5619 1084 5674 codice.
1136 5618 1419 5674 Gallicani
1466 5635 1601 5676 vero
1650 5622 1861 5676 partim

274 5635 391 5673 om.
424 5635 493 5672 ex
531 5635 645 5674 uno
699 5635 818 5675 νειῑ.
874 5635 1084 5674 ουαιςο.
1136 5635 1419 5674 uanucani
1466 5635 1601 5675 vero

224 5635 391 5674 nom.
424 5635 493 5672 ex
531 5635 645 5674 uno
699 5635 818 5675 vat.
874 5635 1084 5674 OOGICO.
1136 5635 1419 5674 uauicani
1466 5635 1601 5676 vero
1650 5635 1864 5692 parum

224 5688 382 5754 huic,
415 5689 625 5759 partim
657 5689 774 5745 illis
802 5691 1105 5759 accedunt,
1149 5689 1211 5744 in
1255 5688 1473 5761 quibus
1512 5695 1708 5748 tamen
1759 5693 1866 5748 ali-

1974 4689 2152 4745 quam
2183 4688 2434 4745 quorum
2465 4672 2730 4729 membra
2758 4673 3194 4745 prostraverint.

1973 4834 2112 4916 ςξξίᾲ
2144 4833 2433 4916 omissum
2462 4850 2593 4915 esse
2622 4838 2883 4916 apparet,
2905 4837 3125 4916 praeter
3153 4849 3330 4916 quam
3385 4832 3442 4886 in
3483 4828 3594 4916 eqd.

1972 4899 2147 4979 Mieb.
2193 4909 2250 4961 et
2289 4905 2438 4962 Vell.
2492 4906 2553 4960 in
2618 4899 2836 4979 quibus
2868 4899 3064 4979 legas
3109 4899 3252 4979 satis
3295 4899 3593 4964 commode,

1971 4978 2123 5051 quod,
2138 4993 2279 5051 eras.
2304 4981 2386 5035 Ita
2406 4978 2505 5049 qui
2528 4976 2699 5051 supra
2723 4981 2776 5051 te
2801 4992 2915 5033 esse
2929 4976 3238 5049 aﬂectabas,
3268 4979 3377 5032 etc.

2043 5049 2156 5122 (10)
2188 5050 2356 5107 Rom.
2414 5045 2560 5122 cum
2591 5045 2609 5051 '
2633 5047 2931 5122 plerisque
2966 5045 3203 5105 "mss".
3268 5045 3592 5122 Mutinam,

1971 5123 2028 5177 et
2050 5116 2059 5122 ’
2084 5116 2577 5196 cumunonnulis,
2612 5116 2659 5176 ,ἶ
2680 5161 2693 5175 .
2714 5162 2726 5174 .
2745 5161 2759 5175 .
2785 5116 3021 5175 malure.
3089 5123 3215 5176 Vet.
3240 5116 3417 5196 _edit.
3475 5126 3592 5196 cum

1973 5209 2117 5249 mss.
2170 5191 2429 5249 aliis....
2496 5208 2881 5262 magnum...
2958 5198 3196 5247 matura.
3240 5189 3411 5245 Porro
3449 5189 3592 5240 visus

1971 5268 2062 5321 est
2089 5264 2444 5336 quibusdam
2461 5261 2603 5319 viris
2617 5263 2803 5336 doctis
2817 5262 2922 5336 hic
2942 5262 3105 5319 locus
3123 5278 3252 5318 esse
3271 5261 3560 5336 corruptus
3576 5270 3588 5317 ς

1972 5331 2125 5392 cum-
2139 5336 2239 5392 ubi
2272 5336 2491 5391 habent
2516 5334 2872 5407 exemplaria
2898 5338 3118 5400 nostra,
3150 5336 3225 5389 Et
3246 5332 3455 5407 sanitas
3479 5331 3591 5407 tua;

1972 5409 2155 5481 Tert.,
2186 5407 2356 5481 Cypr.
2388 5410 2447 5463 et
2470 5408 2642 5481 Aug.
2684 5399 2982 5481 scribant,
3040 5407 3107 5462 Et
3152 5405 3469 5481 vestimenta
3507 5399 3590 5450 tua

1970 5480 2139 5554 citius
2170 5477 2438 5554 orientur.
2470 5477 2995 5554 Ubimapit‘estum
3016 5481 3112 5554 est
3130 5493 3232 5554 eos
3251 5490 3383 5554 _non
3409 5478 3589 5554 idem

1974 5550 2076 5606 sed
2091 5558 2272 5624 ipa-na
2301 5549 2533 5624 legisse.
2578 5550 2650 5606 Et
2696 5550 2846 5606 forte
2880 5566 2997 5606 non
3039 5548 3209 5605 aliter
3251 5545 3447 5619 legerit
3484 5545 3589 5611 ipse

1972 5622 2340 5680 Ambrosius.
