3866 6212
216 359 324 415 737

1344 352 1575 411 LIBER
1619 348 1720 411 DE
1768 350 1939 410 ELIA
1990 348 2087 409 ΕΤ
2130 349 2473 411 JEJUNIO.

3513 349 3631 410 738

204 544 213 551 λ
282 490 369 541 12.
402 486 674 559 Legimus
720 486 897 543 etiam
928 484 1097 557 (Dist.
1131 488 1188 541 et
1229 501 1355 557 cap.
1384 484 1671 551 ~iisdem,§
1700 484 1855 554 Legi-
1885 484 1939 550 Α
1972 484 2219 552 Moyses,
2267 482 2579 554 indignum
2621 481 2899 554 judicans
2947 486 3017 538 ut
3070 481 3231 538 ebrio
3280 482 3494 567 populo
3544 482 3635 539 lex

214 578 349 647 mus)
380 576 538 648 quod
594 582 821 649 patrem
881 576 989 631 Lot
1044 573 1462 631 inebriaverint
1512 572 1645 628 filia:
1686 572 1748 627 in
1791 587 1858 627 eo

214 668 401 720 monte
431 666 602 737 (Gen.
652 681 771 733 xxx,
804 665 873 720 33
903 663 1075 737 seq.),
1107 665 1180 720 ad
1229 679 1403 736 quem
1452 660 1726 719 timentes
1767 660 1857 715 in-

213 752 409 810 cendia
438 753 821 809 Sodomitana
867 752 1272 825 confugerant,
1305 755 1363 807 et
1402 749 1751 806 habitabant
1797 747 1857 804 in

210 842 508 913 spelunca.
546 841 823 897 Convenit
852 841 1119 898 ebrietati
1165 844 1341 912 atque
1372 836 1668 895 concurrit
1696 840 1859 905 tetas,

211 946 395 998 sexus,
455 930 738 998 solitudo,
794 929 983 997 locus,
1017 930 1273 986 ferarum
1331 928 1522 1001 magis
1572 925 1855 993 latibulis,

212 1035 378 1090 quam
410 1020 689 1075 humanis
721 1019 912 1092 aptior
937 1018 1273 1075 domiciliis.
1303 1018 1434 1073 Fuit
1455 1017 1652 1089 itaque
1672 1015 1857 1072 ebrie-

210 1112 293 1164 tas
322 1107 487 1180 origo
537 1109 766 1178 incesti,
800 1109 1066 1181 pessimae
1108 1106 1489 1180 generatricis
1525 1110 1730 1178 partus
1759 1106 1856 1161 de-

211 1196 400 1252 terior.

278 1286 358 1340 13.
390 1288 465 1341 At
496 1301 615 1341 non
645 1285 939 1341 Abraham
970 1286 1104 1341 vina
1148 1285 1209 1340 in
1240 1301 1347 1341 suo
1389 1282 1652 1340 convivio
1684 1282 1855 1339 mini-

209 1374 464 1431 strabat:
493 1374 595 1430 sed
623 1374 970 1430 immolabat
998 1373 1271 1441 vitulum,
1298 1374 1593 1447 butyrum,
1618 1376 1675 1428 et
1706 1372 1859 1428 540

211 1464 296 1519 lac
323 1462 499 1518 etiam
557 1463 782 1535 angelis
840 1463 1171 1536 hospitibus
1221 1461 1551 1519 exhibebat.
1585 1460 1722 1517 Coeli
1757 1462 1856 1517 do-

212 1552 455 1619 minum,
501 1551 711 1608 mundi
764 1553 1119 1625 agnoscebat
1164 1555 1460 1607 auctorem
1492 1569 1505 1608 :
1538 1551 1740 1606 vinum
1774 1554 1858 1605 ta-

213 1657 336 1697 men
366 1640 647 1698 exhibere
689 1658 804 1697 non
853 1644 1096 1714 poterat.
1131 1641 1243 1698 Sed
1294 1644 1447 1696 recte
1495 1640 1614 1695 illic
1662 1640 1863 1696 deerat

210 1730 447 1787 materia
478 1731 723 1803 peccati,
757 1730 855 1786 ubi
887 1735 1013 1787 erat
1055 1729 1323 1786 remissio
1348 1734 1747 1802 peccatorum.

276 1820 357 1874 14.
392 1819 661 1892 Denique
719 1819 1092 1876 annuntiavit
1142 1835 1275 1874 eum
1331 1818 1610 1885 Joannes,
1668 1833 1855 1890 neque

210 1908 572 1964 manducans
604 1924 837 1979 panem,
872 1923 1062 1980 neque
1092 1906 1300 1964 bibens
1333 1905 1555 1962 vinum.
1575 1907 1682 1973 Qui
1704 1906 1863 1962 enim

207 1996 496 2053 Christum
548 1996 882 2062 annuntiat,
924 1998 997 2052 ab
1039 1996 1200 2052 omni
1248 1994 1525 2051 vitiorum
1571 1995 1861 2052 incentivo

208 2089 475 2156 prestare
524 2101 591 2142 se
639 2084 811 2141 debet
849 2084 1129 2140 alienum.
1162 2084 1317 2140 Vicit
1363 2084 1545 2157 igitur
1593 2089 1863 2141 sanctum

209 2173 337 2242 Noe,
363 2174 454 2230 vel
485 2173 667 2230 etiam
700 2174 806 2229 Lot
834 2173 1078 2229 Abrahae
1110 2177 1382 2246 nepotem
1414 2172 1686 2241 ebrietas,
1721 2190 1864 2244 quo-

210 2280 330 2318 rum
376 2263 548 2333 alter,
579 2279 715 2319 cum
764 2262 1080 2333 jejunaret,
1112 2260 1331 2318 diluvio
1378 2265 1678 2335 superstes
1729 2261 1861 2331 fuit,

207 2351 346 2407 alter
373 2351 671 2408 incendio.

280 2442 361 2497 15.
397 2441 648 2514 Moysen
679 2457 913 2514 quoque
957 2439 1336 2513 cognovimus
1387 2439 1605 2496 sitienti
1650 2438 1864 2512 populo

214 2528 642 2585 amaritudines
692 2545 982 2601 aquarum
1014 2532 1392 2601 temperasse,
1426 2545 1544 2584 non
1586 2528 1734 2584 vina.
1762 2528 1866 2584 Cui

214 2622 370 2689 petra
400 2634 627 2690 aquam
660 2617 902 2685 vomuit,
925 2618 1114 2690 potuit
1142 2622 1199 2674 et
1218 2617 1338 2673 vini
1367 2618 1731 2674 adundantia
1752 2634 1866 2673 non

214 2707 429 2770 deesse.
452 2708 725 2778 Denique
760 2707 905 2763 dixit
926 2707 1081 2764 Deus
1106 2724 1156 2762 τε(
1182 2707 1475 2763 Percuties
1526 2712 1774 2779 petram,
1811 2713 1868 2764 et

217 2795 358 2853 exiet
385 2813 554 2869 aqua
582 2813 648 2852 ex
679 2814 767 2862 ea,
801 2800 859 2853 et
886 2795 1046 2852 bibet
1076 2796 1330 2870 populus
1360 2796 1550 2868 (Exod.
1585 2810 1722 2865 xvn,
1754 2798 1866 2869 6).»

215 2884 331 2941 Non
380 2885 537 2941 dixit
569 2903 582 2941 :
616 2885 780 2941 Exiet
834 2885 1035 2941 vinum
1084 2886 1143 2940 in
1200 2885 1437 2958 populo.
1469 2885 1869 2943 Periculosum

218 2974 367 3029 enim
399 2978 535 3031 erat
562 2974 764 3030 vinum
796 2973 1013 3046 populo
1040 2974 1395 3045 ministrare,
1420 2975 1575 3047 quod
1600 2976 1869 3033 fortiores

217 3063 357 3119 ferre
386 3064 481 3119 vix
514 3068 784 3136 possent.

853 3179 1089 3237 CAPUT
1129 3180 1221 3238 VI.

214 3270 283 3325 De
299 3270 420 3344 lege
439 3269 661 3344 jejunii
689 3285 723 3323 a
753 3270 928 3344 Moyse
974 3269 1121 3339 data,
1150 3274 1203 3325 et
1233 3270 1307 3344 de
1337 3272 1555 3343 jejunio
1601 3272 1860 3344 ejusdem.

1972 571 2230 626 daretur.
2266 570 2463 642 Itaque
2504 570 2735 627 tabulas
2785 570 2952 646 legis,
2986 588 3135 645 quas
3168 572 3395 646 accepit
3444 571 3627 629 absti-

1968 657 2189 727 nentia,
2217 657 2440 714 conteri
2471 657 2606 713 fecit
2633 657 2908 716 ebrietas.

2041 746 2129 801 17.
2161 744 2310 810 Quid
2352 762 2487 803 vero
2533 745 2650 802 alia
2705 746 2940 803 dicam?
2999 747 3203 806 Nonne
3265 747 3633 805 sterilitatem

1968 833 2176 891 matris
2208 834 2457 890 Samson
2494 834 2614 891 vini
2647 835 3004 891 abstinentia
3051 836 3414 905 fecundavit,
3446 841 3505 894 et
3532 853 3634 909 pa-

1970 922 2216 977 rientem
2246 922 2384 978 fecit
2412 939 2483 978 ex
2506 923 2736 980 sterili?
2768 924 3051 988 Quoniam
3075 925 3247 996 juxta
3276 928 3631 999 praeceptum

1914 1030 1921 1035 ·
1969 1009 2202 1066 Domini
2230 1009 2436 1067 vinum
2468 1027 2584 1067 non
2616 1012 2781 1068 bibit.
2820 1014 3023 1069 Nonne
3052 1016 3280 1070 Annam
3311 1031 3430 1071 non
3463 1031 3630 1070 man-

1968 1099 2282 1155 ducantem
2333 1100 2627 1155 exaudivit
2679 1101 2990 1174 Dominus,
3043 1106 3100 1158 et
3148 1103 3632 1160 infecunditatem

1967 1189 2094 1259 ejus
2123 1186 2345 1244 solvere
2367 1189 2642 1259 jejunia?
2673 1190 2752 1245 Ex
2774 1191 2993 1262 quibus
3013 1192 3129 1247 duo
3163 1193 3447 1265 generati,
3472 1209 3628 1248 unus

1970 1276 2353 1344 fortissimus,
2380 1277 2534 1333 alius
2560 1278 3154 1349 observantissimus,
3186 1282 3396 1354 dignos
3425 1297 3487 1337 se
3521 1297 3641 1354 prie

1969 1365 2242 1432 buerunt,
2277 1365 2377 1437 qui
2413 1367 2631 1437 jejunii
2681 1368 2904 1441 gremio
2956 1370 3058 1425 diu
3108 1369 3230 1439 foti,
3263 1376 3320 1426 et
3370 1370 3625 1443 quodam

1968 1454 2332 1510 abstinentiae
2387 1455 2557 1511 effusi
2617 1459 2780 1511 utero
2832 1457 3190 1515 viderentur.
3226 1459 3385 1515 Idem
3434 1458 3634 1531 itaque

1969 1541 2239 1620 Samson,
2272 1542 2373 1615 qui
2407 1545 2614 1599 matris
2645 1546 2962 1602 sobrietate
2994 1551 3309 1620 generatus
3348 1550 3457 1620 est,
3489 1546 3633 1604 allo-

1967 1630 2282 1704 phylorum
2314 1631 2740 1689 insultantium
2784 1634 2896 1690 sibi
2947 1635 3225 1693 ebrietate
3254 1639 3344 1693 est
3373 1634 3639 1692 vindica-

1969 1723 2067 1775 tus
2100 1722 2237 1792 (11).

2041 1808 2128 1863 l8.
2163 1808 2410 1867 Eliszeus
2438 1815 2600 1868 vates
2633 1813 2732 1884 qui
2765 1814 2835 1869 de
2870 1814 3154 1887 magistro
3185 1813 3472 1875 didicerat
3503 1832 3635 1888 par-

1973 1898 2314 1966 cimoniam,
2365 1916 2502 1956 cum
2561 1900 2714 1958 filios
2771 1902 2952 1959 aleret
3008 1903 3450 1977 prophetarum,
3500 1904 3635 1960 vitis

1972 1987 2219 2060 agrestis
2251 1988 2544 2061 grumulis
2585 2006 2820 2047 mensas
2864 1992 3162 2062 onerabat,
3196 1995 3253 2049 et
3284 1992 3498 2065 ineptis
3528 1992 3632 2049 sil-

1972 2076 2262 2133 vestribus
2303 2077 2562 2135 oleribus
2595 2080 2707 2151 (12)
2740 2079 3156 2152 hospitalitatis
3194 2080 3478 2153 implebat
3506 2081 3633 2138 offi-

1974 2164 2150 2221 cium.
2179 2167 2436 2231 Quorum
2459 2167 2665 2224 offensi
2688 2170 3082 2226 amaritudine
3112 2187 3247 2227 cum
3277 2171 3634 2227 manducare

1974 2269 2090 2309 non
2123 2260 2383 2326 possent,
2411 2254 2555 2312 levis
2586 2256 2787 2312 farinae
2832 2258 3172 2330 aspersione
3200 2275 3437 2316 omnem
3470 2257 3629 2315 illam

1975 2342 2430 2400 amaritudinem
2476 2346 2841 2418 temperavit,
2873 2348 3241 2404 abstinentiae
3282 2347 3633 2421 prophetica)

1977 2447 2219 2488 munere
2249 2433 2460 2489 veneni
2484 2435 2636 2491 vires
2666 2452 2980 2494 evacuans.

2518 2540 2664 2597 541
2702 2542 2937 2599 CAPUT
2976 2544 3094 2600 VII.

1979 2636 2167 2713 Tribus
2199 2637 2387 2708 pueris
2417 2638 2478 2713 in
2509 2639 2793 2713 fornacem
2831 2640 3022 2713 jejuno
3068 2641 3339 2697 stomacho
3371 2643 3633 2713 ingressis

2047 2710 2310 2786 flammas
2334 2710 2689 2786 relrigerium
2715 2710 2997 2786 attulisse,-
3046 2728 3112 2786 ac
3158 2713 3337 2770 leones
3364 2710 3534 2769 eiiam
3551 2715 3634 2786 je-

2040 2780 2245 2850 junare
2275 2781 2524 2836 Danielis
2546 2781 2753 2837 edoctos
2773 2798 2888 2841 esse
2906 2784 3147 2854 jejunio.

2049 2876 2137 2933 19.
2171 2879 2272 2933 Est
2302 2879 2572 2951 quaedam
2615 2883 2893 2935 creaturae
2935 2884 3166 2950 natura,
3200 2897 3378 2954 quam
3409 2881 3630 2942 amian-

1979 2969 2105 3020 tum
2138 2971 2343 3024 vocant
2373 2966 2508 3039 (13),
2543 2967 2705 3024 nullo
2755 2967 2943 3025 facilis
2988 2969 3109 3043 igni
3151 2970 3420 3027 consumi
3455 2986 3469 3027 :
3506 2987 3631 3044 quas

1979 3054 2255 3127 imposita
2298 3056 2440 3112 focis
2490 3057 2757 3130 ignescit,
2788 3057 2945 3115 illico
2995 3058 3229 3115 sublata
3274 3061 3345 3116 de
3392 3061 3631 3118 ﬂamma

1979 3147 2262 3218 tanquam
2284 3162 2572 3218 aquarum
2594 3146 2889 3204 infusione
2911 3148 3131 3203 munda
3153 3148 3503 3221 resplendet.
3528 3150 3632 3206 Ta-

1897 3234 1939 3302 ί]
1977 3231 2057 3289 lia
2086 3238 2252 3291 erant
2296 3234 2670 3291 Hebraeorum
2717 3250 2963 3307 corpora
3010 3253 3348 3309 puerorum,
3380 3255 3509 3310 quae
3558 3239 3630 3294 de

283 3322 1195 3409 0,135,335Mtpdhfstimgbﬁ'};
1218 3322 1863 3400 ggmﬁigg'mgﬁgggg
1966 3322 2195 3394 jejunio
2220 3323 2278 3378 in
2302 3323 2547 3379 amianti
2577 3324 2991 3380 transformata
3036 3330 3331 3393 naturam,
3355 3343 3627 3398 vaporem

282 3413 622 3487 abstinentia
653 3414 783 3487 vini
816 3412 1215 3487 fecunda-verit,
1247 3416 1549 3487 quibusque
1583 3415 1719 3470 cibis
1748 3416 1865 3471 Eli-

280 3501 419 3540 sazus
444 3484 598 3556 filios
622 3485 1018 3555 prophetarum
1046 3484 1267 3541 aluerit.

287 3599 369 3653 16.
403 3598 674 3670 Denique
704 3598 931 3672 Moyses
979 3599 1049 3654 de
1090 3600 1318 3671 jejunio
1367 3600 1551 3673 legem
1582 3602 1764 3668 dedit,
1792 3602 1867 3658 de

218 3687 342 3742 vino
371 3704 486 3743 non
526 3687 704 3742 dedit.
735 3688 933 3760 Ipsum
968 3704 1201 3761 quoque
1224 3690 1590 3760 jejunantem
1622 3707 1738 3747 non
1768 3708 1864 3747 vo-

219 3791 307 3831 ces
348 3793 602 3850 magnae,
637 3792 751 3831 non
802 3776 1037 3849 fulgura
1083 3781 1140 3832 et
1191 3778 1377 3833 nubes
1426 3779 1715 3849 nimbosa,
1748 3796 1865 3836 non

220 3863 509 3937 fumigans
561 3864 702 3920 Sina
759 3865 1092 3937 perterruit.
1139 3866 1339 3937 Neque
1386 3883 1520 3922 vero
1568 3867 1867 3924 introisset

222 3951 275 4007 in
304 3955 545 4019 nubem,
578 3957 635 4009 et
664 3970 861 4009 vocem
915 3954 1010 4009 Dei
1050 3953 1344 4026 loquentis
1373 3956 1446 4011 de
1477 3956 1667 4012 medio
1710 3956 1865 4029 ignis

218 4041 336 4097 sine
363 4041 628 4115 periculo
672 4042 879 4099 salutis
910 4043 1188 4112 audisset,
1222 4042 1335 4099 nisi
1368 4044 1634 4101 munitus
1683 4045 1865 4102 armis

211 4129 412 4201 jejunii
444 4131 677 4187 fuisset.
711 4130 1111 4204 Quadraginta
1141 4131 1297 4188 enim
1329 4131 1536 4189 diebus
1574 4133 1867 4204 jejunavit

220 4217 274 4272 in
303 4224 521 4288 monte,
554 4236 687 4275 cum
727 4220 914 4294 legem
959 4220 1252 4293 acciperet
1276 4237 1310 4277 a
1338 4221 1582 4278 Domino
1613 4222 1728 4279 Deo
1760 4239 1863 4279 no-

220 4310 352 4362 stro.
376 4309 447 4364 Et
474 4308 540 4364 in
579 4309 980 4382 superioribus
1010 4309 1248 4381 quidem
1296 4309 1515 4367 montis
1563 4310 1655 4367 lex
1685 4311 1862 4368 daba-

218 4397 309 4449 tur
338 4396 525 4471 Moysi
558 4397 880 4469 Ajejunanti,
916 4397 973 4452 in
1005 4398 1381 4455 inferioribus
1427 4398 1642 4473 populo
1696 4418 1861 4458 man-

220 4482 445 4540 ducanti
499 4486 895 4558 praevaricatio
938 4486 1223 4561 sacrilega
1264 4487 1406 4544 luxu
1436 4490 1863 4547 accendebatur

1973 3409 2129 3482 ignis
2159 3428 2275 3467 non
2308 3410 2380 3467 ad
2411 3411 2790 3484 dispendium
2835 3410 2949 3479 sui,
2983 3411 3085 3467 sed
3117 3412 3187 3467 ad
3217 3414 3466 3485 gratiam
3499 3430 3628 3469 mu-

1974 3499 2295 3555 tuabuntur
2323 3500 2455 3571 (14).
2481 3499 2742 3571 Denique
2772 3516 2906 3555 cum
2955 3499 3215 3556 furerent
3258 3502 3508 3558 fornacis
3536 3502 3624 3559 in-

1975 3588 2202 3657 cendia,
2237 3592 2302 3643 ut
2329 3588 2485 3643 ultra
2532 3587 2920 3662 quadraginta
2959 3590 3189 3646 cubitos
3236 3590 3476 3647 ﬂamma
3525 3607 3628 3663 per

1976 3677 2286 3735 circuitum
2336 3678 2700 3746 funderetur,
2734 3694 3090 3735 consumens
3139 3679 3427 3752 plurimos
3480 3697 3626 3753 quos

1976 3770 2271 3839 repererat
2302 3765 2733 3836 Chaldaeorum,
2759 3768 2859 3840 qui
2889 3768 3175 3841 naphtha,
3208 3771 3353 3841 pice,
3384 3773 3441 3825 et
3469 3770 3635 3842 stupé

1976 3873 2052 3929 pa
2080 3860 2253 3928 atque
2280 3860 2576 3913 sarmento
2599 3855 2880 3913 alimenta
2909 3857 3146 3930 ignibus
3168 3858 3621 3915 ministrabant:

1975 3945 2075 4001 ubi
2121 3963 2254 4002 cum
2305 3946 2555 4018 jejunio.
2591 3946 2840 4018 ingressi
2892 3951 3047 4015 sunt,
3101 3947 3370 4003 discusso
3420 3949 3625 4005 ardore

1974 4034 2366 4102 ﬂammarum,
2396 4036 2456 4091 in
2488 4035 2682 4091 medio
2716 4035 2968 4091 fornacis
2989 4051 3211 4107 coepere
3243 4036 3442 4092 statim
3475 4036 3623 4094 roris

1975 4123 2186 4195 spiritu
2218 4123 2615 4196 refrigerantia
2664 4123 3007 4180 humescere
3035 4125 3177 4196 (t5);
3208 4125 3291 4181 ita
3320 4128 3385 4180 ut
3421 4140 3625 4183 eorum

1975 4212 2176 4269 nullus
2206 4213 2454 4285 capillus
2484 4212 2690 4285 capitis
2730 4217 3087 4283 exureretur,
3120 4213 3259 4286 quia
3287 4213 3449 4271 illam
3480 4232 3623 4288 quo-

1975 4318 2088 4374 que
2111 4302 2339 4374 jejunia
2367 4318 2595 4358 comam
2626 4305 2925 4374 paverunt.
3184 4358 3185 4361 η

2040 4392 2135 4447 20.
2170 4390 2394 4457 Daniel,
2421 4391 2507 4446 vir
2537 4390 2983 4460 desideriorum,
3008 4392 3188 4450 trium
3224 4394 3624 4452 hebdomada-

1972 4497 2102 4536 rum
2129 4480 2352 4552 jejunio
2384 4478 2580 4536 leones
2603 4497 2836 4554 quoque
2860 4482 3061 4539 docuit
3083 4483 3374 4555 jejunare,
3400 4485 3623 4544 missus

221 4572 605 4643 epulantium.
634 4575 756 4640 Quo
801 4575 1132 4648 spectaculo
1164 4579 1358 4634 motus
1408 4577 1581 4651 fregit
1630 4577 1862 4636 tabulas
1897 4608 1939 4675 Β
1971 4570 2030 4626 in
2062 4570 2274 4638 lacum,
2307 4569 2367 4625 in
2399 4572 2728 4628 adamantis
2777 4571 3031 4645 rigorem
3079 4572 3444 4632 abstinentia:
3476 4575 3624 4633 soli-

263 4758 272 4768 .
285 4688 397 4769 (⁸11)
442 4690 612 4746 Rom.
664 4690 829 4761 edit.,
875 4692 1269 4747 insultantium
1313 4693 1423 4750 sibi
1464 4695 1730 4751 ebrietate
1774 4688 1872 4768 pe-

224 4762 400 4908 νέῑᾷἓ)
433 4831 799 4908 Εᾴἱῐ.γ-Ειιδ.,
858 4832 992 4889 Gill.
1037 4838 1095 4890 et
1152 4833 1343 4903 Rom.,
1404 4837 1659 4908 inemptis
1713 4838 1871 4893 silue-

224 4902 415 4980 stribus
465 4903 724 4980 oleribus.
756 4906 887 4980 Am_.
937 4909 994 4962 et
1042 4922 1188 4961 mss.
1230 4902 1455 4980 omnes,
1505 4902 1725 4980 ineptis,
1758 4914 1867 4965 etc.

226 4968 343 5095 ἔξω
369 4973 543 5056 male.
579 4974 738 5032 Idem
786 4976 942 5031 enim
991 4981 1081 5033 est
1110 4982 1284 5050 atque
1314 4978 1386 5033 ad
1418 4968 1613 5035 escam
1660 4968 1868 5052 parum

223 5055 241 5093 1
284 5059 462 5101 011818.

292 5087 580 5204 (δῆμε.
642 5117 780 5204 duo,
838 5134 1006 5204 q‘uam
1048 5121 1378 5204 amantium
1405 5130 1636 5204 vocant;
1694 5138 1872 5204 unus,

227 5198 382 5254 quam
419 5188 801 5251 adamantem;
841 5188 976 5246 'Am.
1010 5194 1067 5246 et
1095 5190 1250 5260 Era.,
1284 5208 1450 5263 quam
1491 5192 1871 5248 adamantium

226 5262 427 5325 vocant,
478 5263 531 5315 et
580 5260 664 5316 sic
709 5259 884 5335 infra.
916 5261 1222 5335 Alii_msgs.
1275 5267 1451 5335 atque
1493 5263 1654 5334 edit.,
1700 5279 1870 5335 quam

228 5337 524 5403 conantum,
554 5335 665 5403 etc.
699 5331 834 5395 Quae
864 5348 1002 5389 vera
1049 5331 1217 5403 lectio
1248 5331 1375 5403 est}
1406 5334 1502 5389 hic
1533 5331 1869 5390 enim'red-

229 5395 357 5454 dere
409 5395 593 5458 voluit
648 5404 999 5461 Ambrosius
1053 5402 1200 5461 illud
1256 5395 1458 5462 Basilii
1506 5423 1576 5462 ex
1625 5406 1784 5462 hom.
1839 5409 1863 5463 1

228 5466 290 5548 tle
349 5472 577 5543 Jejunio
633 5490 652 5528 .‘
718 5487 851 5531 Ἔστι
909 5499 977 5542 τις
1036 5483 1175 5548 φύσες
1235 5484 1457 5548 σώματος
1512 5485 1575 5544 ἣν
1631 5485 1868 5537 καλοῦσιν

230 5545 744 5619 ᾁμὶᾳπᾳν,ἐγᾴλωτρς
788 5553 923 5618 πυρί,
972 5545 1082 5603 Βΐό.
1133 5545 1213 5602 De
1268 5545 1379 5619 hoc
1428 5546 1629 5619 lapide
1683 5548 1869 5605 multa

231 5607 647 5692 h’abent'Plin.
687 5607 790 5692 lib.
842 5607 1050 5692 xxxvi,
1090 5633 1217 5692 cap.
1266 5617 1364 5692 l9;
1413 5607 1614 5692 Diosc.
1674 5620 1775 5692 lib.
1812 5637 1864 5691 v,

233 5695 351 5759 cap.
380 5684 474 5760 93;
529 5691 584 5749 et
632 5687 692 5749 in
739 5686 898 5754 hunc
945 5684 1224 5773 ultimum
1265 5684 1779 5779 Matthiolue,‘lib.
1807 5684 1862 5765 v,

1980 4704 2106 4759 cap.
2143 4688 2263 4758 113,
2299 4686 2399 4742 ubi
2429 4686 2597 4743 docet
2633 4689 2905 4772 eumdem
2947 4688 3203 4773 lapidem
3255 4692 3623 4764 ipsissimum

1979 4758 2214 4815 alumen
2259 4775 2407 4820 esse.
2432 4760 2589 4820 quod
2620 4777 2654 4815 a
2682 4761 2851 4816 nobis
2904 4760 3119 4818 dicitur
3163 4763 3298 4819 alun
3328 4763 3393 4820 de
3417 4765 3623 4820 nlume.

1979 4776 2214 4815 alumen
2259 4776 2407 4841 esse,
2432 4776 2589 4831 quoa
2620 4777 2654 4815 a
2682 4776 2871 4843 nonis.
2904 4776 3119 4818 dicitur
3163 4776 3298 4819 alun
3328 4776 3393 4820 de
3406 4776 3623 4846 ptume,

1978 4846 2193 4905 ex‘quo
2222 4834 2400 4886 etiam
2440 4847 2595 4886 nunc
2625 4830 2915 4905 ellychnia
2959 4833 3459 4890 incombustibilia
3486 4851 3621 4891 con-

1978 4901 2276 4975 ﬁciuntur.
2309 4904 2379 4959 Et
2426 4906 2558 4974 post
2599 4901 2954 4975 pau'capro,
2998 4906 3222 4975 ignescit
3272 4906 3442 4973 illico,
3476 4922 3619 4962 mss.

1979 4972 2160 5047 aliqui
2207 4972 2445 5047 habent,
2476 4972 2641 5045 ignis,
2673 4979 2725 5031 et
2772 4972 2952 5043 illico;
2982 4972 3187 5047 aliqui,
3214 4977 3327 5046 foci
3355 4972 3499 5047 igne,
3532 4976 3622 5032 vel

1978 5044 2217 5114 ignibus,
2250 5050 2300 5099 et
2323 5044 2509 5104 illico.
2528 5049 2636 5099 etc.

2049 5115 2159 5196 (14)
2184 5116 2269 5169 Ita
2299 5132 2440 5171 mss.
2467 5114 2958 5196 Thuan.‘,“Germ.,
2992 5116 3181 5196 Dion._,
3201 5116 3347 5196 Vict.
3373 5120 3430 5173 et
3458 5117 3618 5175 Colb.

1974 5183 2096 5268 Alii.
2119 5183 2251 5241 vero
2303 5203 2439 5273 cum
2487 5191 2606 5273 aut.
2639 5185 2803 5273 edit.,
2834 5201 2953 5257 quae
3090 5183 3375 5273 jejunio...
3426 5206 3624 5273 vapore

1930 5298 1936 5305 .
1978 5258 2189 5335 ignis...
2238 5258 2616 5335 mutabantur.
2647 5258 2720 5312 At
2759 5257 2925 5313 Rom.
2959 5257 3101 5315 edit.
3130 5257 3274 5328 sola,
3307 5276 3434 5333 quae
3471 5257 3620 5335 jeju-

1977 5329 2162 5392 nio...,
2192 5330 2504 5383 utebantur.

2047 5398 2158 5471 (15)
2190 5398 2364 5466 Edit.,
2397 5402 2587 5474 Rom.,
2619 5398 2717 5455 ubi
2762 5401 2915 5474 quia
2941 5401 3118 5474 iejuni
3162 5404 3395 5474 ingressi
3421 5413 3617 5463 sunt...

1973 5471 2162 5543 ﬂatum
2195 5473 2336 5526 roris
2364 5471 2747 5543 refrigerantis
2775 5472 2978 5543 spiritu
3007 5471 3252 5530 hausere.
3275 5479 3397 5531 Vet.
3423 5483 3621 5534 autem

1975 5541 2112 5632 edit:
2147 5558 2281 5598 cum
2314 5541 2457 5598 mss.
2491 5541 2567 5632 i’n‘
2592 5541 2902 5632 lectionem
2954 5549 3213 5632 nostram
3261 5547 3617 5632 conspirant,

1974 5617 2184 5698 praeter
2209 5630 2389 5698 quam
2416 5614 2571 5698 quod
2602 5614 2663 5671 hi
2693 5614 3031 5698 praeferunt,
3052 5633 3261 5694 carpere
3286 5614 3493 5693 statim,
3521 5614 3619 5681 ubi

1974 5685 2036 5746 in
2063 5685 2181 5747 illis
2209 5685 2452 5768 legitur;
2475 5695 2656 5766 tepore
2677 5685 2881 5762 statim,
2915 5685 3024 5751 etc.
