3866 6212
242 343 362 400 ’ῖῖςυ

1705 339 1770 397 S.
1814 336 2187 399 AMBROSII

3537 335 3685 397 7407

242 476 423 529 ditate
448 474 714 527 membra
733 472 982 528 duratus
1011 488 1123 526 non
1156 472 1344 541 patuit
1373 469 1617 525 vulneri.
1641 470 1730 523 Sic
1753 486 1883 524 eum
1916 470 1972 535 Α
2003 472 2263 524 niuntur.
2297 470 2598 540 Jejuniuni
2623 471 2905 525 sobrietas
2940 472 3149 525 mentis
3178 476 3289 537 est,
3315 471 3652 544 boc‘vigent

244 562 713 617 constrinxerant
745 561 996 630 jejunia,
1023 564 1085 613 ut
1119 559 1172 612 in
1207 560 1333 628 ejus
1362 575 1599 630 corpore
1635 558 1885 613 ferarum

242 650 537 707 morsibus
587 649 749 704 locus
779 666 907 703 esse
960 665 1071 701 non
1122 653 1337 718 posset.
1370 646 1579 701 Clausa
1620 648 1892 701 tenebant

239 739 437 796 leones
476 756 596 802 ora,
630 756 754 810 qua:
795 736 1163 791 abstinentiae
1217 736 1561 807 prophetica:
1609 737 1889 790 sanctitas

239 828 666 901 comprimehat
698 843 711 880 :
748 830 811 880 ut
840 842 908 880 ea
937 825 1066 879 fero:
1098 826 1323 896 aperire
1356 842 1471 879 non
1505 829 1745 896 possent
1773 841 1891 879 me-

238 918 333 973 riti
367 916 721 989 quibus-lam
752 913 999 969 vinculis
1029 912 1269 985 alligata
1299 914 1432 983 (16,.

307 1008 395 1061 21.
426 1005 729 1076 Jejunium
763 1004 958 1075 itaque
988 1003 1265 1057 virtutem
1300 1002 1451 1073 ignis
1477 1001 1775 1065 exstinxit,
1797 1001 1886 1071 jc-

227 1096 468 1167 junium
524 1112 625 1150 ora
681 1092 972 1147 obstruxit
1029 1090 1305 1155 leonum,
1353 1090 1646 1161 jejunium
1708 1089 1888 1143 maris

238 1187 456 1241 ﬂuenta
484 1182 775 1249 solidavit,
803 1181 1097 1251 jejunium
1138 1184 1364 1251 petram
1398 1179 1570 1234 solvit
1610 1179 1665 1232 in
1700 1179 1888 1232 fontes

238 1289 548 1345 aquarum,
579 1271 795 1324 virtute
836 1268 1044 1340 jejunii
1078 1273 1280 1323 contra
1310 1284 1479 1322 suam
1529 1271 1752 1322 mutata
1785 1284 1883 1321 na-

240 1370 432 1418 turam
463 1365 518 1415 et
549 1360 763 1413 ﬂuctus
793 1357 1070 1428 obriguit,
1105 1363 1158 1411 et
1192 1362 1354 1429 petra
1383 1356 1703 1411 inundavit.

849 1444 1082 1500 CAPUT
1120 1446 1267 1499 Vill.

235 1540 453 1612 Jejunii
477 1536 763 1612 commoja
813 1542 872 1587 ut
918 1536 1094 1612 magis
1124 1534 1391 1612 eluceonl,
1421 1549 1547 1612 cum
1593 1534 1743 1600 gula?
1790 1534 1883 1585 in.

305 1605 599 1666 connuodis
662 1610 974 1675 camparal.
1054 1621 1119 1658 ac
1178 1605 1682 1674 perturbationum,
1749 1619 1884 1672 quas

305 1681 493 1738 eadem
543 1679 675 1748 gula
722 1680 930 1747 inferre
957 1676 1107 1748 solet,
1158 1676 1617 1741 elegentissimam
1662 1677 1883 1743 subjici!

305 1747 739 1821 descriptionem,
760 1751 850 1801 cui
880 1747 1184 1801 exhortatio
1212 1748 1281 1800 od
1300 1749 1642 1801 sobrietatem
1660 1763 1719 1800 co
1729 1748 1885 1814 νηη-

338 1827 383 1881 il
392 1840 477 1877 ur.

392 1842 477 1877 ur.

306 1842 398 1965 Si;
420 1911 530 1966 Sed
553 1908 694 1980 quid
718 1907 960 1961 vetustis
985 1912 1115 1960 utar
1137 1906 1441 1977 exemplis,
1464 1923 1599 1961 cum
1622 1906 1883 1961 abundet

228 2000 524 2072 jejunium
547 2000 720 2052 etiam
759 1996 1128 2067 presentium
1154 1995 1495 2049 muneribus
1517 1997 1837 2066 gratiarum
1856 1995 1882 2048 '?

235 2090 379 2155 Quis
400 2084 1026 2144 deterioravitdomum
1058 2100 1226 2137 suum
1262 2084 1413 2138 542
1438 2084 1709 2151 jejunio?
1740 2086 1881 2148 Quis

236 2176 537 2235 imminuit
553 2172 894 2229 facultates?
910 2172 1010 2226 Cui
1037 2189 1147 2225 non
1170 2178 1442 2242 suspecta
1466 2172 1760 2225 luxuries?
1776 2172 1879 2225 (Sui

237 2284 352 2322 non
384 2262 728 2320 venerabilis
760 2259 1156 2315 abstinentia?
1177 2261 1358 2329 Cujus
1390 2259 1621 2313 thoruin
1654 2260 1882 2330 appeti-

236 2358 317 2409 vit
347 2350 744 2425 parsimonia?
766 2350 946 2419 Cujus
974 2348 1254 2418 pudorem
1278 2365 1393 2402 non
1423 2348 1569 2402 laesit
1593 2346 1883 2402 ebrietas?

234 2443 537 2513 Jejunium
582 2438 953 2495 continentiae
1001 2436 1400 2506 magisterium
1441 2448 1546 2505 est,
1588 2438 1878 2508 pudicitia:

236 2530 568 2603 disciplina,
601 2526 905 2583 humilitas
936 2526 1170 2591 mentis,
1194 2526 1496 2597 castigatio
1527 2527 1744 2591 carnis,
1766 2530 1880 2581 l‘or-

235 2639 331 2676 mn
379 2618 733 2683 sobrietatis,
764 2632 969 2671 norma
1008 2614 1260 2683 virtutis,
1285 2614 1610 2685 purificatio
1647 2618 1878 2681 animae,

236 2708 630 2765 miserationis
654 2721 928 2777 expensa,
954 2703 1211 2758 lenitatis
1244 2703 1555 2765 institutio,
1577 2703 1879 2759 cliaritatis

236 2799 529 2863 illecebra,
561 2795 762 2852 senilis
810 2793 1016 2865 gratia,
1050 2792 1317 2847 custodia
1337 2790 1683 2860 juventutis.
1716 2792 1878 2863 Jeju-

236 2889 399 2943 nium
448 2892 538 2941 est
593 2880 953 2938 inﬁrmitatis
1008 2880 1480 2946 allevamentum,
1532 2880 1879 2937 alimentum

235 2974 463 3031 salutis.
492 2973 673 3027 Nemo
704 2968 1049 3025 cruditatem
1072 2968 1398 3038 jejunando
1430 2967 1652 3033 incidit,
1682 2970 1880 3025 nullus

236 3081 339 3136 per
366 3058 783 3118 continentiam
834 3057 1014 3112 ictum
1043 3055 1349 3127 sanguinis
1379 3056 1489 3127 (17)
1522 3057 1723 3123 sensit,
1761 3058 1877 3113 imo

236 3152 437 3209 nullus
493 3167 609 3206 non
670 3147 947 3219 repressit
994 3152 1053 3201 et
1104 3146 1334 3217 repulit.
1369 3146 1595 3199 Bonum
1651 3146 1877 3203 itineris

234 3243 532 3306 viaticum,
565 3242 784 3295 bonum
823 3236 1004 3291 totius
1036 3236 1161 3290 ViliB
1195 3253 1208 3290 :
1243 3236 1457 3289 bonum
1494 3236 1550 3288 in
1582 3236 1752 3300 mari,
1784 3252 1873 3291 se-

232 3332 335 3387 dat
363 3328 689 3400 naut'ragia,
720 3326 917 3381 cibum
952 3330 1160 3379 servat.
1704 3392 1713 3393 ί

300 3422 393 3475 23.
424 3419 528 3484 Qui
561 3432 732 3489 grave
761 3414 964 3469 dicunt
986 3413 1282 3483 jejunium
1313 3429 1463 3477 esse,
1486 3414 1877 3485 respondeant

229 3510 361 3581 quis
385 3506 612 3578 jejunio
659 3504 951 3559 defecerit.
990 3502 1156 3557 Multi
1205 3502 1266 3557 in
1315 3503 1578 3573 prandio,
1613 3502 1875 3574 plerique

231 3597 371 3650 dum
414 3596 657 3647 vomunt
701 3589 965 3661 epulum,
998 3590 1197 3644 fudere
1244 3590 1525 3644 animam.
1558 3591 1721 3655 Quod
1772 3607 1871 3660 po-

232 3692 452 3740 stremo
482 3678 698 3735 animal
723 3678 1017 3749 jejunium
1046 3678 1157 3732 sibi
1186 3694 1423 3732 causam
1456 3678 1636 3733 fuisse
1668 3679 1873 3733 mortis

230 3767 560 3844 ingemuit?
590 3767 696 3823 Per
724 3783 916 3822 escam
952 3764 1197 3837 laqueus
1228 3782 1342 3820 non
1373 3772 1629 3834 cavetur,
1654 3768 1712 3821 in
1742 3784 1875 3822 esca

232 3861 447 3916 hamus
502 3857 667 3923 latet,
714 3855 881 3910 cibus
926 3854 1164 3909 deducit
1208 3854 1269 3909 in
1318 3854 1560 3921 foveam,
1607 3862 1664 3910 et
1708 3856 1874 3912 cibus

230 3951 458 4006 inducit
512 3947 572 4001 in
633 3944 797 4010 retia,
828 3943 996 3999 cibus
1034 3942 1190 3997 visco
1246 3942 1420 3998 etiam
1476 3959 1611 3998 aves
1666 3943 1872 4015 illigat,

227 4040 397 4096 cibus
427 4036 689 4093 volantes
731 4033 971 4105 deponit
997 4032 1069 4087 ad
1100 4036 1369 4087 mortem.
1395 4034 1529 4097 Quae
1577 4050 1693 4088 non
1742 4050 1872 4105 pro-

227 4134 357 4199 pter
389 4128 649 4182 ventrem
682 4120 981 4196 pericula?
1023 4120 1185 4175 Muta
1214 4119 1493 4175 animalia
1522 4121 1741 4176 crimen
1772 4139 1872 4177 ne-

226 4217 441 4284 sciunt,
474 4220 533 4271 et
561 4213 621 4269 in
669 4211 779 4267 hoc
825 4210 950 4266 solo
996 4215 1277 4282 tanquam
1326 4226 1429 4281 pro
1476 4209 1718 4265 crimine
1763 4228 1871 4282 pu-

295 4359 408 4430 (1η)
441 4358 567 4413 Vet.
600 4356 764 4422 edit.,
800 4355 1002 4430 Clauso
1056 4352 1311 4430 tenebant
1361 4353 1471 4430 feri
1524 4354 1718 4430 leones
1751 4370 1869 4430 ora,

225 4425 357 4502 qum
379 4425 710 4502 abstinentia
752 4425 1484 4502 ρνορΙιινίίρέξζεεαηιςιὶιαιίδ..ἶ
1530 4426 1718 4502 meriti
1747 4428 1869 4502 qui-

226 4496 484 4565 busdam,-
506 4500 669 4553 Rom.
693 4496 938 4559 autem,
960 4497 1297 4551 abstinentia
1322 4496 1601 4566 propheta:
1629 4500 1867 4551 sancti

224 4573 392 4628 veluti
410 4558 754 4642 quibusdam,
777 4574 883 4623 etc.
918 4569 990 4622 At
1016 4584 1157 4622 mss.
1185 4558 1446 4621 nosti-am
1479 4567 1537 4621 in
1566 4566 1872 4624 lectionem
1908 4558 1950 4622 D

225 4640 432 4700 omnes
460 4640 852 4696 consentiunt.

296 4712 411 4785 (t7)
435 4715 604 4785 Ictum
622 4710 928 4785 sanguinis,
959 4707 1013 4761 id
1031 4713 1161 4785 est,
1182 4715 1476 4785 ἀτςοπλξξίαν
1508 4731 1521 4765 :
1549 4724 1664 4785 quo
1694 4709 1868 4785 etiam

222 4779 403 4841 verbo
432 4782 703 4838 morbum
728 4779 892 4834 hunc
920 4780 1193 4834 vocitavit
1230 4779 1289 4833 in
1340 4780 1533 4834 Marco
1572 4779 1870 4836 Antonino

220 4855 495 4912 Aurelius
526 4854 740 4908 Victor.

292 4929 404 5010 (18)
437 4926 523 4982 Ita
554 4942 695 5006 mss.
732 4919 1112 5010 omnesAGall.
1143 4920 1655 5010 pisiquodﬁlﬁon.
1693 4922 1870 5010 codex

222 5016 252 5055 e
285 4991 519 5073 regione
546 4997 723 5061 vocis,
748 4996 1115 5073 vestigiorum“,
1142 4992 1315 5046 habet
1346 4991 1401 5043 in
1430 5008 1618 5073 marg.
1644 4994 1727 5073 vel
1752 5010 1867 5073 ma-

218 5064 819 5142 ιςίἰθιῗιιιηιῑιηι,κειῃίξιῐιΔ
846 5064 1041 5142 vocem
1076 5064 1267 5142 Germ.
1304 5064 1533 5142 praefert
1576 5064 1647 5142 in-
1686 5069 1866 5142 textu,

221 5086 589 5142 sugzatorum,
657 5086 791 5123 uam
846 5086 1041 5120 vocem
1076 5086 1267 5119 ucrm.
1304 5086 1533 5134 primum.
1577 5086 1631 5117 in
1686 5086 1866 5131 (sxw,

221 5159 324 5215 pro
356 5159 472 5215 qua
504 5086 1021 5215 inliiichzlegitur
1054 5140 1393 5215 posti-orum,
1424 5139 1481 5189 et
1511 5134 1567 5215 in
1601 5134 1745 5215 Val].
1782 5152 1867 5191 ve-

221 5205 480 5269 strorum.
518 5213 659 5269 Hinc
691 5205 931 5283 colligas
963 5208 1021 5283 in
1051 5207 1165 5262 ista
1196 5205 1449 5283 dictione
1484 5206 1702 5278 aliquid
1738 5224 1868 5283 cor-

224 5285 514 5356 ruptionis
544 5284 745 5353 videri,
778 5277 933 5356 quod
967 5280 1022 5333 in
1056 5295 1233 5356 causa
1266 5277 1459 5356 fuerit,
1482 5277 1597 5332 cur
1617 5278 1867 5356 nonnul-

222 5348 564 5410 lis'vocibus
600 5348 877 5409 detractis
908 5356 1093 5405 totum
1127 5349 1316 5405 locum
1336 5348 1400 5402 in
1436 5348 1587 5403 hanc
1620 5350 1866 5405 formam

221 5426 361 5479 edit.
394 5425 746 5491 exhiberem,
782 5438 987 5493 nempe
1017 5426 1127 5475 vet.
1155 5420 1605 5493 inquietudinem.
1632 5422 1870 5479 Obsona-

220 5500 306 5568 tor
337 5503 414 5568 est
447 5497 541 5565 qui
569 5503 875 5568 antequam,
900 5500 1006 5568 etc.
1042 5493 1207 5548 Rom.
1233 5508 1387 5568 vero,
1410 5493 1864 5568 inquietudinem,

221 5564 507 5639 Jejunium
534 5566 645 5620 otia
688 5564 1105 5639 (juwritLquus
1150 5567 1389 5639 sectatur
1435 5566 1669 5639 negotia.
1704 5564 1865 5623 012.co-

223 5634 384 5697 νιὰιον
411 5634 721 5710 antequam,
754 5641 863 5694 etc.
888 5634 1001 5693 Sed
1032 5650 1155 5714 quas
1187 5634 1577 5714 praetermissa
1609 5641 1747 5694 sunt
1776 5652 1867 5695 re-

2002 577 2232 623 sensus,
2252 560 2308 613 in
2332 558 2678 628 hocjuilicia
2694 564 3039 625 tractantur,
3056 560 3113 613 in
3131 560 3397 615 convivio
3421 561 3646 631 pocula.

1997 648 2298 715 Jejunium
2330 648 2585 702 custodit
2623 647 3016 718 disciplinam,
3049 646 3343 703 luxuriam
3384 650 3653 720 sequitur

2004 738 2217 808 inopia.
2245 738 2487 791 Luxuria
2518 745 2694 790 mater
2720 746 2799 791 es!
2824 739 3014 805 famis,
3046 736 3376 792 secundum
3409 738 3653 810 prophe-

2002 826 2178 880 ticum
2208 826 2447 880 dictum.
2467 825 2765 894 Jejunium
2791 826 3046 895 quietem
3070 824 3281 896 diligit,
3302 824 3543 881 luxuria
3570 826 3652 881 in~

1999 912 2855 984 quietudlnem(18}.Jejunium
2875 913 2990 967 otia
3011 912 3173 979 serit,
3192 912 3369 969 luxus
3396 915 3647 987 negotia.

2067 1012 2155 1064 '24.
2213 1010 2471 1065 Ferietur
2525 1008 2841 1080 aliquando
2897 1027 3216 1081 coquorum
3261 1011 3646 1083 vestigiorum

2000 1100 2307 1154 machaua.
2357 1098 2707 1168 Requiescat
2764 1099 3080 1154 Obsonator
3138 1100 3277 1171 qui,
3328 1106 3647 1172 antequam

1994 1188 2206 1253 luceat,
2241 1190 2394 1243 fores
2449 1186 2648 1258 pulsat
2702 1186 2946 1251 alienas,
2985 1195 3040 1242 et
3090 1192 3375 1260 tanquam
3425 1188 3646 1246 bellum

1995 1277 2228 1346 aliquod
2282 1274 2603 1343 immineat,
2646 1276 2857 1329 excitat
2908 1277 3282 1332 dormientes.
3318 1277 3647 1335 Turbatum

1994 1366 2174 1425 vides,
2206 1362 2575 1418 anhelantem
2616 1363 2867 1419 advortis
2900 1382 2914 1417 :
2950 1364 3277 1437 interrogas
3308 1383 3439 1438 qua:
3470 1382 3650 1423 causa

1996 1453 2450 1525 perturbationis
2497 1452 2591 1506 sit.
2628 1452 2837 1519 Poscit,
2872 1452 3083 1524 inquit,
3121 1455 3405 1509 dominus
3457 1472 3648 1523 meus,

1996 1542 2093 1595 ubi
2126 1543 2325 1595 vinum
2374 1540 2583 1594 melius
2616 1546 2836 1607 veneat,
2860 1542 3065 1610 qumrit
3099 1542 3193 1595 ubi
3234 1542 3443 1597 durior
3480 1542 3650 1598 vulva

1993 1637 2247 1685 curetur.
2276 1629 2372 1683 ubi
2399 1630 2566 1698 jecur
2595 1628 2834 1683 mollius
2865 1630 2997 1697 iit)”
3032 1630 3128 1683 ubi
3162 1630 3493 1701 phasianus
3526 1633 3650 1703 pin-

1994 1720 2180 1792 guior,
2216 1717 2315 1772 udi
2365 1718 2539 1788 piscis
2588 1718 2893 1772 recentior.
2927 1718 3181 1773 Cursitat
3237 1735 3342 1790 per
3389 1719 3646 1786 diversa,

1914 1832 1959 1895 Β
1992 1818 2049 1865 et
2077 1826 2211 1863 cum
2246 1808 2549 1872 invenerit,
2585 1823 2819 1861 summo
2863 1824 3039 1862 cuxsu
3082 1814 3372 1879 properat.
3408 1807 3649 1881 Inquie-

1993 1903 2075 1953 tat
2106 1896 2409 1951 dominum
2456 1894 2911 1960 somnolentum,
2943 1896 3315 1951 auctionatur
3342 1898 3559 1967 pretia.
3592 1900 3646 1953 Si

1991 1986 2243 2058 pretium
2304 1983 2544 2038 moverit
2592 1986 2703 2053 (20)
2750 1984 2947 2055 piscis,
2994 2001 3289 2056 nusquam
3336 1985 3644 2041 meliorem

1990 2076 2198 2130 asserit
2248 2073 2511 2138 inveniri,
2544 2072 2661 2127 imo
2709 2074 2932 2127 deesse.
2969 2073 3121 2137 Heri,
3156 2074 3370 2144 inquit,
3422 2080 3644 2147 tempe-

1990 2170 2209 2235 pcstas,
2234 2161 2405 2214 hodie
2435 2158 2708 2230 procella,
2733 2159 2825 2213 vix
2856 2161 3032 2214 istum
3060 2160 3222 2231 potui
3244 2160 3531 2216 latentem
3555 2162 3646 2217 de-

1990 2251 2368 2323 prehendere.
2420 2247 2584 2302 Multi
2637 2254 2987 2303 concursant
3033 2249 3091 2303 in
3138 2248 3429 2305 macello:
3478 2250 3533 2306 si
3582 2255 3643 2305 tu

1990 2340 2335 2403 reddideris,
2367 2337 2512 2393 alter
2560 2336 2691 2410 plus
2738 2338 2927 2405 dabit;
2960 2342 3016 2392 et
3053 2339 3193 2409 quid
3241 2338 3555 2395 exhibebis
3587 2339 3640 2394 in

1990 2429 2277 2501 prandio?
2308 2428 2483 2483 Istius
2515 2427 2629 2481 vini
2654 2429 2764 2497 (21)
2797 2427 2889 2481 ille
2916 2427 3129 2483 natalis
3149 2433 3257 2493 est,
3284 2427 3411 2483 hzec
3441 2444 3515 2483 ex
3548 2428 3642 2484 illo

1989 2519 2120 2575 lacu
2164 2517 2313 2572 lecta
2360 2510 2596 2571 ostrea':
2630 2515 2766 2571 talis
2823 2518 2888 2570 ﬁt
2944 2517 3015 2571 dc
3065 2515 3316 2589 singulis
3372 2516 3639 2573 licitatio.

1990 2609 2145 2665 54³
2214 2608 2390 2661 llasta
2446 2605 2713 2676 quaedam
2780 2607 3035 2676 agitatur
3101 2606 3251 2661 inter
3321 2606 3640 2662 obsonato-

1988 2714 2111 2752 rem
2144 2697 2257 2766 (22)
2296 2701 2353 2750 et
2399 2698 2713 2766 pastorem.
2746 2694 3042 2749 Turbatus
3088 2693 3307 2749 addicit
3355 2697 3638 2766 patrimo-

1991 2787 2175 2849 nium,
2202 2789 2368 2855 rogat
2396 2783 2587 2839 adhuc
2618 2800 2720 2855 per
2741 2799 2887 2854 quos
2918 2800 3161 2838 suorum
3192 2783 3483 2838 bonorum
3503 2786 3642 2855 jura

1991 2874 2350 2928 minuantur.

2057 2974 2145 3025 25.
2180 2971 2451 3025 Curritur
2480 2970 2552 3024 ad
2592 2970 2928 3040 coquinum,
2964 2969 3026 3023 tit.
3074 2970 3281 3040 ingens
3327 2972 3638 3042 strepitus,

1988 3062 2053 3115 fit
2094 3059 2407 3115 tumultus.
2437 3059 2583 3112 Tota
2628 3058 2954 3129 exagitetur
3000 3058 3241 3124 familia,
3274 3058 3641 3115 maledicunt

1987 3167 2213 3215 omnes,
2236 3148 2392 3219 quod
2425 3146 2586 3201 nulla
2617 3146 2706 3202 his
2750 3147 2981 3217 requies
3010 3148 3203 3202 detur.
3232 3147 3503 3202 Tandem
3537 3148 3638 3204 ali~

1935 3235 1948 3259 ‘
1987 3238 2221 3310 quando
2251 3238 2327 3291 da
2357 3236 2617 3307 requiem
2640 3252 2846 3306 coquo.
2874 3236 3061 3290 lnstar
3098 3240 3305 3291 statua:
3340 3236 3638 3308 pincernaa

1983 3329 2219 3383 dextera
2245 3341 2479 3380 summo
2523 3324 2657 3396 gelu
2688 3325 2854 3395 riget.
2890 3323 2987 3379 Ille
3036 3324 3093 3379 in
3145 3324 3363 3397 frigida
3409 3330 3638 3383 exercet

1984 3434 2215 3481 manus,
2248 3414 2332 3469 illi
2378 3430 2672 3469 marmora
2709 3413 2921 3467 lavant.
2959 3413 3245 3468 Mundant
3297 3414 3639 3485 pavimenta

1982 3507 2117 3560 vino
2140 3504 2395 3571 madida,
2422 3508 2479 3557 et
2509 3502 2697 3574 spinis
2726 3508 2996 3574 cooperta
3021 3502 3303 3574 piscium;
3338 3508 3398 3559 et
3428 3504 3635 3576 quanti

1983 3596 2124 3650 dum
2166 3592 2492 3655 ambulant,
2514 3590 2932 3645 vulnerantur?
2963 3591 3026 3646 ln
3056 3590 3183 3663 ipso
3214 3592 3485 3648 convivio
3518 3591 3638 3648 cla-

1984 3700 2111 3738 mor
2130 3680 2519 3752 epulantium,
2535 3680 2790 3751 gemitus
2806 3679 3229 3751 vapulantium.
3243 3680 3305 3734 Si
3322 3680 3468 3752 quid
3497 3684 3637 3737 forte

1982 3770 2287 3842 displicuit
2331 3768 2558 3833 amicis,
2592 3767 2676 3822 illi
2722 3768 2931 3835 rident,
2960 3775 3021 3823 tu
3072 3768 3421 3840 indignaris.
3458 3769 3639 3828 Sileat

1982 3859 2296 3930 aliquando
2337 3858 2551 3911 domus
2597 3873 2631 3911 a
2677 3855 2884 3911 multis
2932 3857 3478 3928 perturbationibus
3525 3858 3638 3914 huc

1983 3953 2158 4019 atque
2188 3946 2328 4002 illuc
2357 3945 2836 4011 discurrentium,
2860 3953 3022 4001 vacet
3048 3946 3207 4001 fumo
3233 3951 3290 4001 et
3320 3948 3640 4003 semiustu-

1982 4036 2235 4091 latorum
2282 4034 2505 4089 nidore.
2538 4034 2663 4089 Non
2694 4035 3027 4105 coquinam,
3069 4035 3169 4089 sed
3226 4036 3637 4092 carniﬁcinam

1984 4131 2198 4197 putes:
2242 4122 2507 4195 praelium
2554 4123 2699 4194 geri,
2748 4140 2861 4178 non
2913 4123 3226 4194 prandium
3276 4126 3507 4193 curari;
3561 4126 3640 4181 ita

1984 4213 2271 4285 sanguine
2300 4212 2501 4268 omnia
2530 4216 2751 4267 natant.

1982 4355 2279 4411 stituenda
2308 4350 2435 4409 esse
2458 4352 2600 4412 satis
2621 4353 2875 4408 ostendit
2907 4352 3001 4408 hic
3029 4353 3202 4409 Basili
3232 4354 3420 4421 locus,
3444 4366 3635 4413 πέπαυ-

2052 4568 2380 4693 (éQR_V_'ulva
2408 4566 2666 4693 potrcina,
2699 4572 2755 4623 et
2789 4569 2957 4639 jecur
2994 4567 3333 4624 anserinum
3367 4570 3634 4643 antiquis

2112 4656 2140 4693 e
2170 4656 2296 4693 iens
2327 4655 2462 4693 eran
2500 4681 2511 4692 .

1978 4641 2034 4694 in
2062 4640 2296 4694 deliciis
2327 4644 2511 4694 erant.

2052 4712 2163 4783 (20)
2194 4710 2254 4765 Si
2279 4713 2517 4783 pretium
2541 4709 3191 4783 moverit,_subintellige
3222 4721 3545 4783 emptorem,
3574 4711 3631 4766 id

1978 4780 2087 4849 est,
2121 4780 2166 4835 si
2197 4780 2446 4853 pretium
2470 4781 2736 4853 emptori
2758 4780 2996 4836 charius
3025 4780 3215 4853 visum
3248 4780 3447 4838 tuerit.

2049 4798 2087 4849 ι,
2121 4799 2166 4835 SI
2237 4798 2446 4836 retium
2481 4798 2727 4853 emptori
2758 4798 2996 4836 cnarlus
3025 4798 3215 4835 Visum
3248 4798 3447 4838 tuerit.

2049 4854 2162 4924 (21)
2194 4798 2381 4908 ἓοᾶθκ
2429 4852 2600 4907 Mich.
2655 4850 2837 4924 solus,
2886 4854 2948 4907 In
2993 4852 3230 4924 prandio
3275 4855 3433 4908 istius
3484 4856 3633 4909 uiri?

1978 4926 2137 4980 Illius
2166 4924 2390 4978 natalis.
2424 4924 2549 4980 Haec
2577 4938 2646 4978 ea:
2675 4923 2793 4987 illo,
2820 4929 2927 4979 etc.
2956 4924 3182 4979 Rursus
3204 4924 3303 4980 ubi
3324 4931 3438 4993 vet,
3463 4926 3628 4992 edit.,

1978 4997 2267 5064 iactitatio,
2302 4995 2468 5049 Rom.
2502 4998 2558 5049 et
2587 5011 2730 5066 mss.
2766 4994 2981 5066 plures,
3017 4996 3272 5063 licitatio,
3302 5000 3438 5064 etc.,
3471 5002 3540 5050 ut
3571 4996 3628 5050 in

1977 5071 2137 5192 testu
2175 5084 2187 5121 :
2220 5066 2440 5191 thabent
2472 5065 3026 5137 nonnulli,ilitigatio
3059 5069 3199 5122 aestu
3242 5068 3479 5138 quodam
3507 5084 3624 5138 ag:-

2003 5155 2036 5192 a
2064 5154 2150 5192 ur.
2183 5154 2211 5192 e
2244 5153 2292 5190 c.

2003 5147 2150 5201 alur,
2183 5147 2292 5192 etc.

2051 5212 2165 5276 (22)
2198 5208 2256 5263 ld
2291 5210 2378 5262 est
2409 5207 2620 5279 auctio,
2655 5208 2789 5279 quia
2822 5224 3011 5263 rerum
3042 5208 3334 5264 venalium
3382 5207 3625 5263 licitatio

1978 5279 2149 5335 hasta
2178 5280 2236 5334 in
2270 5279 2393 5333 foro
2421 5278 2610 5353 posita
2639 5278 2762 5335 fieri
2793 5279 3034 5335 solebat.
3062 5280 3235 5353 Paulo
3266 5285 3401 5353 post
3430 5286 3622 5353 autem

1981 5357 2275 5424 pastorem
2303 5366 2433 5404 eum
2464 5350 2677 5405 vocitat
2702 5367 2874 5422 quem
2908 5351 3225 5424 parocbum
3263 5350 3328 5408 ac
3361 5351 3627 5424 praebito-

1979 5422 2101 5494 rem
2134 5422 2423 5487 dicebant,
2458 5437 2590 5477 eum
2623 5438 2830 5494 nempe
2864 5422 2961 5493 qui
2995 5424 3262 5478 convivas
3292 5422 3500 5478 mensa
3528 5438 3622 5477 ex-

1978 5493 2246 5567 cipiebat.
2268 5493 2391 5556 Quo
2414 5509 2587 5567 sensu
2623 5493 2775 5567 infra
2798 5510 2922 5566 cap.
2950 5495 3035 5561 13,
3060 5511 3223 5567 num.
3250 5494 3340 5561 49,
3363 5495 3517 5549 idem
3550 5494 3620 5547 ab

1974 5563 2282 5649 Ambrosio
2309 5563 2635 5649 appellatur
2665 5565 2712 5619 is
2744 5563 3075 5649 guij’z‘ascit:
3107 5565 3262 5649 unde
3292 5568 3500 5649 pastus
3532 5580 3619 5621 se-

1976 5637 2127 5701 cutis
2148 5635 2510 5716 temporibus
2531 5635 2688 5697 idem
2709 5635 3057 5715 significavit
3070 5642 3246 5716 atque
3266 5635 3617 5698 convivium.
