3866 6212
188 347 301 408 741

1332 333 1556 402 LIBER
1607 343 1707 401 DE
1755 335 1926 400 ELIA
1973 341 2070 400 ΕΤ
2112 333 2452 403 JEJUNIO.

3473 341 3590 401 742

261 482 348 534 26.
382 478 546 533 Malas
579 477 836 534 Dominae
867 477 1118 533 servitur
1137 475 1282 547 gulae
1319 475 1452 543 (23),
1495 491 1621 546 quae
1680 490 1832 529 sem-
1864 477 1919 541 Α
1951 473 2125 528 unius
2157 473 2420 529 mulieris
2443 473 2742 544 jejunium
2773 472 3114 531 innumeros
3163 474 3370 531 stravit
3424 490 3592 530 exer—

194 587 295 643 pcr
326 569 562 641 expetit,
591 583 896 640 nunquam
927 565 1208 638 expletur.
1244 565 1390 628 Quid
1424 565 1578 619 enim
1599 563 1837 618 insatia-

194 659 372 713 bilius
403 662 602 712 ventre
631 658 658 711 ‘?
692 657 871 711 Hodie
902 654 1170 724 suscipit,
1203 656 1260 708 et
1291 669 1418 708 cras
1449 651 1644 725 exigit.
1695 653 1840 708 Cum

195 746 480 818 impletus
512 744 708 813 fuerit,
733 745 1067 816 disputatur
1087 742 1156 798 de
1179 742 1537 797 continentia
1561 757 1573 796 :
1598 758 1729 796 cum
1753 740 1839 796 di-

195 834 464 908 gesserit,
487 833 613 890 vale
645 832 961 888 virtutibus
987 831 1217 898 dicitur,
1271 831 1478 902 qumrit
1525 829 1838 887 luxuriam.

198 925 352 980 Inter
375 920 586 994 pocula
616 920 984 993 philosophia
1005 919 1375 990 praedicatur,
1399 918 1550 974 inter
1585 918 1841 991 philoso-

197 1011 345 1084 phos
367 1011 504 1064 vina
524 1009 855 1064 laudantur.
881 1031 908 1058 «
965 1006 1206 1080 Vigiliae,
1276 1007 1487 1078 inquit,
1513 1011 1568 1062 et
1613 1006 1846 1062 cholera

197 1101 332 1170 (24),
367 1103 424 1154 et
451 1103 680 1154 tortura
709 1096 831 1153 viro
861 1095 1181 1152 insatiabili
1212 1096 1403 1168 (Eccli.
1435 1113 1590 1164 χχχι,
1638 1096 1731 1164 23)
1767 1112 1780 1151 :
1817 1117 1843 1145 »

200 1188 520 1243 manducet
548 1189 605 1242 et
634 1184 806 1258 paulo
836 1189 967 1256 post
997 1182 1237 1257 pcenitet
1269 1201 1281 1241 :
1323 1201 1439 1241 non
1480 1183 1648 1242 illum
1714 1184 1845 1242 diu-

199 1277 320 1333 tius
341 1293 452 1332 sua
480 1273 930 1346 intemperantia
957 1273 1277 1330 delectavit.

269 1367 361 1419 27.
399 1364 641 1419 Attende
670 1362 906 1418 divitem
940 1362 1042 1434 qui
1079 1361 1433 1418 induebatur
1484 1378 1743 1434 purpura
1793 1366 1850 1419 et

201 1454 404 1525 bysso,
437 1456 494 1507 et
534 1451 882 1524 epulabatur
913 1451 1172 1523 quotidie
1219 1451 1544 1524 splendide,
1575 1453 1744 1523 cujus
1775 1453 1845 1507 ad

194 1543 445 1613 januam
483 1539 784 1595 mendicus
816 1539 910 1594 ille
944 1540 1194 1595 Lazarus
1218 1540 1452 1611 jacebat
1471 1539 1678 1612 plenus
1701 1539 1850 1595 ulce-

204 1630 396 1697 ribus,
418 1629 661 1702 cupiens
693 1629 942 1684 saturari
977 1646 1043 1684 ex
1075 1629 1166 1686 his
1197 1645 1322 1700 quae
1355 1629 1424 1684 de
1448 1645 1652 1684 mensa
1682 1629 1848 1684 cade-

204 1721 346 1775 bant
377 1717 594 1774 divitis.
630 1718 806 1772 Paulo
841 1721 971 1789 post
1001 1733 1132 1775 cum
1167 1722 1321 1772 esset
1360 1723 1646 1783 mortuus,
1681 1718 1854 1790 coepit

203 1824 414 1881 rogare
443 1807 670 1879 positus
703 1807 759 1860 in
792 1806 1039 1872 inferno,
1074 1810 1138 1861 ut
1181 1811 1503 1862 extremum
1545 1806 1708 1879 digiti
1759 1806 1850 1862 sui

206 1914 434 1970 pauper
461 1895 560 1950 ille
588 1895 646 1950 in
680 1912 895 1967 aquam
917 1894 1252 1968 intingeret,
1279 1898 1335 1951 et
1354 1895 1720 1968 refrigeraret
1749 1894 1854 1950 lin-

203 2002 383 2058 guam
415 1985 567 2055 ejus,
599 2001 725 2056 qua;
775 1984 1016 2038 ardebat
1083 1984 1373 2039 incendio.
1408 1983 1514 2039 Ubi
1580 1983 1690 2039 illae
1759 2000 1851 2039 co-

207 2074 312 2146 piae
342 2073 370 2128 ?
401 2073 509 2128 Ubi
542 2072 652 2127 illae
684 2071 994 2128 ebrietates
1024 2071 1052 2125 ?
1085 2071 1220 2128 Sitit
1251 2071 1350 2143 qui
1402 2071 1806 2127 inebriabatur
1838 2089 1850 2126 :

209 2162 473 2219 abundat
511 2161 612 2233 qui
661 2161 1047 2216 mendicabat.
1109 2159 1171 2214 In
1213 2160 1339 2231 ipso
1397 2159 1654 2215 convivio
1715 2160 1855 2215 dum

210 2252 447 2318 bibunt,
480 2249 706 2318 sitiunt,
735 2254 792 2304 et
824 2265 957 2303 cum
989 2248 1257 2304 inebriati
1309 2248 1544 2314 fuerint,
1605 2249 1859 2318 amplius

215 2342 444 2396 bibunt.
481 2340 652 2404 Quasi
687 2343 885 2411 aperto
915 2337 1141 2410 gurgite
1170 2338 1372 2393 vinum
1397 2338 1523 2408 jam
1560 2355 1673 2394 non
1708 2324 1858 2393 bibi-

212 2434 329 2499 tur,
361 2430 464 2484 sed
499 2426 824 2484 infunditur
858 2445 870 2482 :
904 2427 1176 2499 poculum
1204 2444 1318 2483 non
1351 2426 1585 2498 libatur,
1618 2427 1717 2482 sed
1749 2427 1861 2481 exi-

219 2518 476 2573 nanitur.

856 2632 985 2687 CAP
995 2631 1083 2688 UT
1156 2631 1227 2686 IX

221 2741 327 2798 Cur
352 2742 594 2810 potentes
621 2742 812 2811 vinum
844 2740 1024 2792 bibere
1047 2737 1486 2811 prohibeantur.
1532 2739 1728 2795 Judith
1777 2741 1866 2811 je~

279 2815 491 2881 junans
547 2810 949 2880 Holophernem
1004 2810 1332 2881 obtruncat:
1385 2810 1580 2864 iisdem
1631 2810 1867 2865 artibus-

281 2883 550 2954 populum
580 2898 741 2954 suum
785 2882 984 2954 liberat
1031 2880 1244 2954 Esther,
1291 2881 1385 2954 cui
1433 2897 1620 2954 pinnas
1646 2952 1653 2954 _
1679 2882 1866 2936 ebrius

293 2951 464 3008 Aman
498 2953 750 3007 exsolvit.
783 2953 1058 3007 Postremo
1089 2953 1263 3009 varia:
1283 2951 1494 3024 jejunii
1524 2952 1709 3007 laudes
1739 2968 1868 3008 enu-

290 3040 481 3080 meran
489 3028 599 3078 tur.

1949 561 2099 616 citus
2131 562 2425 616 ebriorum
2460 562 2591 633 (25).

2019 651 2107 705 30.
2143 651 2348 706 Esther
2377 668 2608 723 quoque
2647 651 2944 724 pulchrior
3002 651 3154 707 facta
3181 655 3272 707 est
3315 651 3544 724 jejunio
3578 670 3591 720 ;

1949 737 2233 794 Dominus
2264 738 2421 794 enim
2478 739 2725 811 gratiam
2785 741 2993 796 sobriae
3050 741 3265 796 mentis
3321 741 3592 813 augebat.

1951 827 2135 883 Omne
2165 843 2351 899 genus
2390 845 2584 895 suum,
2617 828 2675 883 id
2708 835 2816 897 est,
2851 834 3039 884 totum
3060 829 3344 901 populum
3365 830 3595 886 Judaso-

1953 933 2084 970 rum
2119 933 2151 970 a
2178 916 2600 986 persecutionis
2632 917 3046 974 acerbitatibus
3076 917 3343 974 liberavit
3374 937 3388 987 ;
3428 919 3506 974 ita
3537 923 3601 974 ut

1952 1021 2148 1076 regem
2179 1003 2292 1059 sibi
2325 1004 2535 1060 faceret
2564 1022 2692 1060 esse
2747 1006 3099 1076 subjectum,
3159 1025 3275 1063 non
3334 1007 3600 1063 libidinis

1954 1093 2162 1149 ardore
2192 1093 2582 1161 ﬂammatum,
2637 1095 2738 1148 sed
2772 1095 2989 1150 caelesti
3045 1096 3418 1152 miseratione
3469 1113 3603 1152 con-

1953 1197 2187 1238 versum
2217 1181 2295 1237 ita
2327 1185 2389 1236 ut
2417 1185 2472 1237 et
2502 1199 2673 1253 poena
2702 1188 3134 1253 retorqueretur
3166 1183 3225 1240 in
3259 1184 3605 1257 impium,et

1955 1269 2143 1325 honor
2170 1270 2356 1326 sacris
2416 1270 2756 1326 redderetur
2781 1270 3083 1328 altaribus.
3117 1274 3316 1344 Itaque
3345 1273 3448 1330 illa
3477 1290 3603 1346 qua

1955 1357 2150 1414 triduo
2173 1359 2474 1429 jujunavit
2502 1361 2799 1428 continuo,
2833 1367 2890 1416 et
2916 1377 3126 1433 corpus
3154 1379 3333 1418 suum
3362 1363 3606 1435 aquale-

1957 1446 2058 1516 vit,
2092 1447 2224 1520 plus
2247 1447 2485 1520 plaeuit,
2510 1453 2566 1503 et
2587 1447 2900 1504 vindictam
2935 1451 3151 1506 retulit.
3187 1455 3376 1508 Aman
3407 1457 3604 1510 autem

1959 1536 2100 1592 dum
2131 1553 2192 1592 se
2220 1534 2596 1608 rcgalijactat
2620 1537 2902 1604 convivio,
2937 1539 3088 1594 inter
3116 1539 3246 1610 ipsa
3294 1540 3428 1598 vina
3485 1559 3603 1614 pce-

1960 1642 2094 1680 nam
2127 1641 2248 1680 sua:
2280 1625 2579 1682 ebrietatis
2607 1625 2873 1682 eXsulvit.
3580 1624 3582 1631 ’

2029 1713 2118 1768 31.
2153 1713 2254 1768 Est
2301 1728 2437 1784 ergo
2481 1713 2773 1784 jejunium
2835 1715 3324 1774 reconciliationis
3379 1719 3606 1776 sacriﬁ-

1961 1801 2138 1868 cium,
2170 1800 2404 1858 virtutis
2433 1801 2882 1870 incrementum,
2926 1808 3081 1877 quod
3111 1806 3248 1863 fecit
3302 1808 3478 1866 etiam
3527 1811 3606 1866 fe-

1963 1889 2156 1947 minas
2181 1889 2450 1947 fortiores
2477 1901 2794 1964 augmento
2821 1895 3043 1966 gratia.
3075 1897 3374 1969 Jejunium
3424 1899 3612 1955 nescit

1964 1976 2370 2046 feneratorem,
2402 1998 2521 2036 non
2552 1990 2768 2037 sortem
2803 1983 3020 2041 tenoris
3050 1987 3229 2057 novit,
3253 2004 3368 2043 non
3391 1987 3611 2044 redolet

1963 2083 2172 2123 usuras
2194 2086 2397 2124 mensa
2417 2071 2811 2141 jejunantinm
2847 2091 2858 2127 :
2919 2091 3032 2129 non
3087 2077 3456 2147 strangulant
3485 2076 3594 2132 ﬁli-

1967 2173 2068 2212 um
2101 2158 2454 2214 continentis
2482 2158 2587 2214 viri
2618 2165 2868 2230 paterna:
2911 2163 3239 2220 centesimae
3274 2181 3288 2220 :
3343 2181 3459 2220 non
3512 2182 3610 2221 ve-

1967 2249 2107 2301 xant
2136 2245 2372 2302 viduam
2406 2247 2793 2319 oppignerata
2817 2251 2997 2306 sobrii
3027 2252 3133 2308 viri
3155 2254 3294 2324 jura
3353 2255 3609 2311 defuncti

1971 2334 2081 2405 (26)
2115 2350 2128 2388 ;
2163 2351 2277 2390 non
2309 2335 2907 2394 defenerataexcludit
2933 2340 3218 2398 haeredem
3250 2343 3610 2414 aulajejuni.

2039 2422 2129 2476 32.
2164 2423 2349 2478 Etiam
2379 2423 2524 2495 ipsis
2547 2425 2842 2497 jejunium
2875 2429 3154 2485 conviviis
3183 2430 3282 2487 dat
3341 2431 3611 2504 gratiam.

1973 2510 2274 2568 Dulciores
2304 2517 2435 2584 post
2464 2513 2656 2570 famen
2690 2515 2874 2588 epulae
2907 2519 3075 2584 ﬁunt,
3111 2535 3240 2590 quae
3270 2520 3614 2579 assiduitate

1973 2600 2204 2657 fastidio
2238 2606 2399 2671 sunt,
2431 2606 2487 2658 et
2517 2603 2795 2660 diuturna
2823 2607 3261 2664 continuatione
3308 2607 3612 2667 vilescunt.

1973 2689 2423 2747 Condimentum
2455 2691 2569 2747 cibi
2593 2693 2887 2764 jejunium
2933 2703 3045 2754 est.
3115 2699 3340 2763 Quanto
3395 2698 3618 2756 avidior

1974 2779 2320 2850 appetentis,
2357 2787 2514 2836 tanto
2545 2800 2678 2838 esca
2697 2784 3035 2854 jucundior.
3069 2786 3451 2844 Commendat
3488 2788 3617 2845 sitis

1974 2867 2273 2939 poculum,
2309 2869 2490 2925 nescit
2518 2870 2636 2925 vini
2668 2876 2984 2928 vetustates
3006 2874 3120 2945 (27)
3151 2892 3424 2945 quaerere.
3456 2877 3616 2948 Jeju-

1976 2973 2087 3012 nus
2119 2957 2406 3028 quidquid
2437 2958 2716 3028 hauserit,
2751 2961 3097 3018 transmittit
3139 2965 3210 3018 ad
3263 2965 3616 3035 satietatem,

1977 3061 2092 3101 non
2125 3046 2195 3100 ad
2219 3046 2509 3116 judicium
2545 3065 2716 3104 nares
2745 3051 3069 3122 suspendit.
3110 3052 3227 3108 Usu
3283 3054 3460 3110 etiam
3491 3072 3621 3127 pre-

290 3142 381 3196 28.
407 3161 436 3190 ‹‹
469 3140 684 3211 ὃρὶῐιω,
715 3138 928 3210 inquit,
979 3143 1301 3195 nascuntur
1329 3139 1388 3194 in
1419 3155 1598 3196 manu
1654 3140 1866 3197 ebriosi
1910 3211 1938 3215 ᾧ
1975 3133 2128 3190 tiosa
2156 3135 2513 3206 degenerant
2543 3155 2556 3193 :
2592 3155 2843 3210 quorum
2875 3145 3072 3196 autem
3105 3141 3340 3198 diﬁcilis
3389 3161 3620 3215 posses-

222 3231 408 3301 (Prov.
440 3245 591 3295 xxvr,
618 3228 696 3294 9),
733 3251 754 3277 ι
793 3229 930 3298 quia
961 3228 1085 3300 ipse
1112 3245 1174 3284 se
1196 3227 1468 3283 manibus
1499 3228 1623 3285 suis
1661 3229 1864 3284 vulne-
1898 3211 1940 3278 C
1983 3221 2088 3292 sio,
2121 3239 2323 3279 eorum
2355 3230 2521 3296 grata
2549 3227 2893 3297 perfunctio.
2929 3229 3057 3298 Ipse
3088 3229 3172 3283 sol
3205 3236 3336 3301 post
3389 3211 3618 3287 noctem

221 3322 336 3384 rat,
369 3321 427 3372 et
464 3316 661 3372 ulcera
708 3315 820 3371 sibi
878 3316 935 3370 in
997 3319 1199 3388 pectus
1250 3315 1465 3387 dejicit.
1522 3316 1623 3372 His
1681 3317 1868 3389 spinis

222 3406 445 3462 scindit
474 3405 886 3461 vestimentum
919 3405 1050 3460 fidei
1085 3405 1236 3476 quod
1270 3405 1510 3476 accepit,
1541 3411 1600 3461 et
1637 3406 1868 3463 thesau-

222 3512 361 3550 rum
393 3511 570 3549 suum
595 3510 822 3549 servare
852 3510 966 3548 non
999 3494 1226 3564 poterit.
1260 3493 1464 3548 Omnis
1495 3493 1650 3549 enim
1681 3495 1868 3551 ebrio-

220 3600 332 3639 sus
365 3587 422 3638 et
452 3583 765 3638 fornicator
793 3581 1001 3654 egebit,
1024 3592 1077 3636 et
1134 3581 1338 3638 induet
1368 3598 1428 3637 se
1459 3582 1644 3639 scissa
1694 3585 1868 3639 vesti-

219 3676 429 3727 menta
458 3671 806 3742 insipientia:
861 3671 925 3724 Et
964 3670 1092 3725 ideo
1126 3674 1390 3742 potentes
1417 3670 1618 3727 vinum
1674 3672 1869 3744 prohi-

213 3761 442 3816 bentur
471 3760 667 3814 bibere
701 3776 712 3814 :
749 3775 819 3813 ne
841 3775 974 3814 cum
1005 3758 1279 3828 biberint,
1313 3758 1732 3816 obliviscantur
1777 3778 1868 3818 sa-

210 3848 510 3922 pientiam
543 3848 726 3919 (Prov.
760 3865 912 3916 xxxx,
942 3849 1018 3915 5).

291 3937 472 3993 544.
505 3939 594 3991 20.
628 3937 887 4008 Denique
919 3936 1197 3992 bibebant
1225 3935 1428 3992 vinum
1487 3937 1545 3993 in
1595 3938 1872 3995 ebrietate

210 4029 516 4100 potentes,
567 4026 665 4097 qui
727 4024 1076 4097 Il010pherni
1133 4024 1381 4098 principi
1441 4025 1660 4082 militia
1718 4028 1871 4100 regis

206 4115 596 4187 Assyriorum
625 4131 686 4170 se
724 4115 952 4170 tradere
982 4114 1344 4186 gestiebant:
1378 4115 1478 4170 sed
1537 4132 1653 4170 non
1711 4116 1870 4172 bibe-

211 4206 326 4260 bat
363 4203 578 4258 t‘emina
609 4203 1142 4275 Judith,jejunans
1193 4203 1466 4259 omnibus
1522 4204 1729 4260 diebus
1777 4205 1861 4260 vi-

211 4292 474 4347 duitatis
503 4308 642 4360 sure,
675 4297 882 4363 prater
905 4292 1184 4347 festorum
1198 4291 1426 4347 dierum
1449 4291 1870 4349 solemnitates.

211 4383 321 4438 His
347 4381 532 4436 armis
554 4381 782 4436 munita
799 4380 1101 4453 processit,
1126 4385 1182 4435 et
1204 4397 1440 4437 omnem
1495 4381 1868 4454 Assyriorum

211 4470 613 4525 circumvenit
641 4469 980 4524 exercitum.
1012 4468 1202 4525 Sobrii
1235 4468 1428 4542 vigore
1461 4470 1688 4526 consilii
1739 4471 1870 4527 abs-

1978 3310 2218 3384 gratior,
2249 3313 2377 3384 ipsa
2406 3312 2506 3368 lux
2535 3319 2668 3385 post
2701 3315 2968 3371 tenebras
2990 3315 3370 3387 splendidior,
3403 3325 3460 3375 et
3490 3327 3622 3392 post

1977 3399 2203 3472 vigilias
2232 3418 2406 3473 sopor
2435 3401 2678 3472 dulcior,
2711 3404 2840 3474 ipsa
2859 3404 3020 3460 salus
3077 3412 3209 3478 post
3258 3409 3620 3479 aegritudinis

1978 3492 2698 3561 tentamentajucundior.
2731 3494 2816 3548 Ab
2881 3493 3009 3566 ipso
3061 3497 3266 3552 mundi
3325 3499 3621 3555 conditore

1979 3578 2292 3635 didicimus
2320 3597 2472 3652 saepe
2515 3581 2949 3640 diversitatibus
3005 3585 3293 3641 cumulari
3350 3588 3618 3660 gratiam.

1981 3667 2382 3724 Patrocinatur
2409 3687 2544 3741 ergo
2579 3677 2635 3726 et
2665 3671 2922 3728 convivio
2954 3675 3158 3742 l‘ames,
3193 3681 3257 3731 ut
3284 3678 3502 3746 gratior
3521 3679 3623 3734 ﬁat

1980 3771 2186 3814 mensa
2202 3758 2467 3829 jejuniis.

2634 3895 2863 3952 CAPUT
2900 3897 2965 3952 X.

1978 4007 2202 4078 Mystica
2224 4023 2415 4092 prensa
2431 4010 2649 4092 jejunio
2685 4016 3051 4092 comparatur.
3087 4015 3214 4092 Qum
3240 4017 3426 4092 fames
3453 4019 3626 4092 faciat

2050 4080 2380 4156 acceptabile
2418 4080 2742 4156 jejunium;
2797 4080 3006 4154 'quid-ve
3046 4080 3118 4140 sit
3163 4080 3302 4156 quod
3367 4080 3574 4142 dicitur
3602 4105 3621 4142 :

2049 4152 2193 4206 Cum
2217 4151 2522 4226 jejunatis,
2557 4154 2757 4225 ungite
2778 4151 2953 4226 caput
3000 4151 3279 4222 vestrum,
3337 4159 3624 4215 moraliter

2051 4239 2114 4277 ac
2143 4223 2361 4291 mystice
2387 4223 2734 4294 disquiritur.
2829 4290 2831 4293 l

2052 4365 2141 4420 33.
2176 4365 2420 4437 Mystica
2450 4382 2680 4439 quoque
2713 4385 2914 4424 mensa
2934 4369 3163 4441 jejunio
3204 4376 3576 4444 comparatur
3607 4389 3620 4429 :

1985 4452 2086 4510 illa
2113 4471 2316 4510 mensa
2345 4455 2477 4526 (28),
2512 4457 2581 4512 de
2613 4473 2731 4528 qua
2759 4457 2899 4513 dicit
2927 4459 3104 4515 David
3139 4477 3152 4514 :
3212 4459 3362 4517 545
3399 4481 3426 4511 κ
3459 4461 3627 4518 Para-

211 4558 363 4613 tulit
395 4556 784 4629 Holophernis
806 4561 999 4629 caput,
1032 4558 1282 4613 servavit
1320 4559 1870 4630 pudicitiam,victo—
1905 4583 1951 4646 D
1985 4542 2492 4646 Stiin‘conspc“?
2537 4563 2662 4646 mf”
2722 4562 2987 4604 mensam
3037 4549 3317 4606 adversus
3367 4566 3466 4606 θοε
3524 4551 3627 4622 qni

211 4647 372 4702 riam
407 4647 738 4719 reportavit.
785 4645 914 4701 Hae
965 4645 1121 4701 enim
1181 4647 1479 4702 succincta
1529 4648 1754 4719 jejunio
1813 4648 1872 4703 in

211 4736 435 4791 castris
468 4735 862 4806 praetendebat
891 4735 1098 4798 alienis
1131 4752 1145 4790 :
1179 4735 1278 4791 ille
1306 4737 1442 4792 vino
1473 4737 1742 4808 sepultus
1784 4738 1876 4808 ja-

213 4825 413 4887 cebat,
449 4828 510 4878 ut
531 4822 710 4879 ictum
741 4823 1000 4880 vulneris
1021 4824 1237 4880 sentire
1269 4841 1385 4880 non
1414 4829 1631 4896 posset.
1676 4827 1876 4898 Itaque

293 4966 412 5036 (23)
446 4965 594 5021 Edit.
625 4971 756 5021 Am.
790 4970 848 5022 et
877 4966 1068 5031 Rom.,
1099 4967 1243 5022 Male
1270 4967 1508 5022 servitur
1536 4968 1697 5034 gulae.
1745 4971 1873 5024 Era.

214 5043 276 5092 et
303 5037 468 5103 Gill.,
500 5038 636 5092 Male
663 5039 977 5102 Dominicaz,
1013 5042 1120 5093 etc.
1156 5038 1294 5093 Mss.
1326 5055 1482 5106 vero,
1516 5039 1675 5095 Malm
1698 5040 1878 5095 Domi~

214 5125 336 5195 ηεξ,
375 5109 622 5164 Basilius
651 5109 968 5172 ἀπαραιτήτῳ
1014 5108 1246 5169 δεσποίνη
1274 5110 1337 5168 τῆ
1391 5111 1602 5173 γαφστρὶ
1655 5109 1876 5174 λειτουρ-

216 5196 706 5321 1,mz‘.’.”:‘)J’Ibatinius
739 5251 1050 5323 legendum
1083 5250 1318 5320 conjicit
1351 5267 1364 5304 :
1400 5250 1581 5323 labor,
1618 5252 1876 5323 inquit,et

217 5295 466 5377 cholera.
501 5322 568 5376 Et
598 5323 647 5377 ei
680 5295 914 5394 quidem
950 5339 1063 5376 ms.
1125 5295 1279 5378 un’us
1337 5295 1712 5394 astipulatur:
1772 5295 1873 5377 οό-

216 5393 315 5449 bis
348 5399 543 5448 autem
577 5393 788 5458 caeteri,
820 5399 992 5465 atque
1024 5409 1228 5465 omnes
1259 5393 1379 5465 edit
1411 5411 1424 5459 ;
1458 5393 1602 5448 LXX
1631 5409 1763 5448 vero
1795 5393 1873 5449 le-

212 5471 418 5537 ευηιν,
435 5464 587 5537 Five:
613 5462 994 5537 ἀγρυπνιαςὶκαι
1017 5462 1230 5537 χολέρςις
1287 5464 1512 5537 (ιιηιιτη
1555 5465 1877 5537 exemplar

212 5533 375 5592 {este
401 5535 652 5605 Nobilio,
679 5536 905 5601 χολέρα),
945 5537 1028 5583 καὶ
1076 5533 1279 5599 στρόφος
1298 5533 1431 5598 ’μετά
1486 5533 1658 5599 ἀνδρός
1714 5533 1876 5598 alios,

325 5625 374 5656 υ.

217 5623 413 5763 “$35)
446 5677 992 5755 Rom.edit.,stravit
1010 5677 1281 5739 exercitus
1309 5675 1878 5753 Assyriorumcodex

1986 4632 2270 4689 tribulant
2300 4651 2392 4690 me
2450 4635 2620 4707 (Psal.
2652 4637 2892 4708 xxn,5).
2925 4659 2954 4688 »
3024 4638 3224 4694 Mensa
3289 4639 3403 4694 ista
3457 4638 3628 4694 famis

1990 4723 2320 4796 acquiritur
2341 4725 2525 4796 pretio
2555 4740 2568 4781 :
2602 4729 2658 4780 et
2688 4725 2962 4798 poculum
3003 4726 3145 4782 illud
3193 4727 3494 4783 inebrians
3535 4741 3626 4782 so-

1988 4811 2250 4879 brietate,
2280 4813 2607 4870 caelestium
2633 4820 3131 4872 sacramentorum
3174 4815 3272 4871 siti
3329 4814 3628 4888 quaeritur.

1988 4959 2230 5014 Germ...
2303 4957 2705 5016 Chaldmorum.
2739 4959 2848 5014 Alii
2903 4976 3106 5016 omnes
3138 4972 3280 5013 mss.
3317 4973 3383 5012 ac
3443 4954 3628 5011 edit...

1986 5031 2282 5084 e'wiorum.

2058 5101 2168 5170 (26)
2209 5100 2422 5155 Aberat
2475 5116 2584 5155 vox
2631 5101 2785 5169 jura,
2847 5105 2979 5156 ante
3033 5099 3296 5170 defuncti,
3357 5096 3632 5153 omnibus

1986 5169 2157 5235 edit.,
2185 5170 2287 5224 sed
2318 5187 2387 5224 ea
2417 5171 2476 5224 in
2509 5171 2786 5226 omnibus
2821 5188 2964 5226 mss.
3000 5169 3308 5225 invenitur.

2057 5242 2167 5313 ('27)
2198 5241 2412 5296 Omnes
2442 5241 2605 5305 edit.,
2632 5243 2805 5296 nescit
2828 5245 3020 5297 vinum
3048 5257 3287 5313 quarere
3314 5257 3334 5302 ;
3367 5256 3511 5294 mss.
3544 5256 3634 5294 ve-

1985 5311 2249 5381 r0,ne.scit
2275 5315 2390 5366 vini
2414 5318 2952 5383 quaererevetustates
2974 5330 2988 5380 ;
3014 5311 3634 5377 nonnulli,venu.states.

2057 5387 2169 5456 (28)
2205 5384 2288 5439 Ita
2316 5384 2454 5440 edit.
2490 5400 2694 5440 omnes
2725 5401 2858 5439 cum
2889 5401 3034 5439 mss.
3084 5384 3328 5455 aliquot.
3379 5383 3489 5438 Alii
3548 5390 3632 5439 ta-

1986 5455 2120 5514 men
2152 5471 2257 5511 nec
2285 5460 2448 5510 aetate
2480 5472 2583 5510 nec
2613 5472 2858 5511 numero
2888 5455 3214 5521 inferiores,
3248 5456 3483 5527 Mysticw
3512 5472 3638 5525 quo-

2021 5546 2087 5584 ue
2116 5542 2320 5584 mensa?
2340 5528 2556 5599 jejunio
2584 5539 2933 5599 comparatur
2965 5527 3064 5584 illa
3093 5545 3300 5583 mensa.
3331 5528 3507 5584 Torn.
3542 5545 3635 5582 so-

2021 5547 2087 5584 ue
2116 5547 2320 5584 mensa:
2340 5547 2556 5599 jejunio
2584 5547 2933 5599 comparatur
2965 5547 3064 5584 uta
3093 5547 3300 5583 mensa.
3332 5547 3507 5584 '1'01‘n.
3542 5547 3635 5582 SU-

1983 5547 2097 5671 ilus,
2131 5600 2355 5671 Mystica
2397 5615 2606 5676 quoque
2650 5615 2842 5659 mensa
2891 5601 3098 5673 jejunio
3145 5602 3494 5676 comparatur
3549 5599 3638 5660 illi

1985 5688 2206 5734 φηεηδίε.
