3866 6212
264 347 381 405 743

1719 347 1781 405 S.
1829 346 2197 404 AMBRQSII

3546 329 3658 406 τη

264 477 420 530 Dixit
448 478 607 530 enim
642 476 925 530 Dominus
957 492 973 528 ε
1008 500 1033 521 υ
1067 476 1173 538 Qui
1208 476 1409 541 sititis,
1439 476 1513 531 ite
1546 477 1616 530 ad
1670 492 1904 546 aquam,
1938 480 1990 542 Α
2090 477 2177 529 35.
2217 481 2343 546 Ipsa
2374 486 2561 547 tis—jura
2590 479 2849 548 corporis
2881 477 3055 549 plena
3082 478 3407 550 gravitatis,
3462 477 3655 534 nullus

262 572 317 621 et
346 567 683 636 quicunque
716 582 830 618 non
862 565 1085 618 habetis
1117 572 1444 636 argentum,
1491 566 1565 618 ite
1596 570 1651 619 et
1709 568 1903 628 emite,

261 660 317 710 et
340 655 519 708 bibite
548 659 605 709 et
634 655 980 708 manducate
1034 656 1137 708 Ιςα.
1177 671 1262 708 Lv.
1298 660 1368 721 1,,
1402 682 1427 703 η
1464 655 1529 709 Et
1576 655 1713 708 alibi
1772 656 1853 708 ait
1887 672 1902 708 :

266 768 289 789 ι-
314 745 457 801 Ecce
486 744 587 815 qui
610 744 869 799 serviunt
898 744 1063 805 mihi,
1095 744 1537 798 manducabunt
1568 759 1583 796 :
1616 760 1717 797 vos
1770 760 1903 798 vero

261 834 552 887 esurietis.
584 832 725 887 Ecce
755 832 855 902 qui
889 832 1149 886 serviunt
1182 832 1349 895 mihi,
1378 832 1579 886 bibent
1610 850 1625 886 :
1656 848 1757 886 vos
1800 848 1903 885 au-

262 926 379 976 tem
410 920 620 975 sinetis
651 921 779 987 (Im.
812 936 937 984 ων,
974 921 1082 987 13,
1118 944 1145 968 η
1178 920 1285 984 Qui
1317 937 1417 974 vos
1469 921 1580 974 nisi
1614 920 1714 990 qui
1770 926 1903 974 ante

260 1012 503 1082 putastis
524 1013 551 1064 ἒ
581 1009 659 1064 De
689 1010 907 1079 quibus
936 1026 1112 1079 supra
1132 1009 1279 1063 dixit
1310 1026 1325 1061 :
1362 1034 1387 1055 ι-
1425 1009 1902 1063 Parastisdazmo—

258 1099 373 1153 uiis
404 1114 692 1159 mensam,
724 1102 783 1151 et
814 1097 1103 1167 implestis
1135 1099 1377 1150 fortuna
1406 1098 1679 1168 poculum
1746 1100 1897 1152 'lbbl.

266 1191 367 1253 11,.
405 1212 433 1235 η
468 1187 613 1256 Ergo
646 1188 689 1239 si
726 1187 799 1239 ad
832 1203 1095 1240 mensam
1128 1186 1285 1239 illam
1318 1187 1705 1240 venerabilem
1746 1189 1901 1257 jeju-

257 1278 355 1329 nia
384 1282 587 1330 sancta
616 1292 721 1328 nos
755 1275 1119 1345 perducunt:
1153 1276 1199 1328 si
1236 1275 1341 1329 hac
1399 1275 1552 1328 fame
1612 1275 1715 1328 illa
1772 1292 1899 1345 quae

258 1370 397 1419 sunt
424 1370 639 1419 aterna
666 1380 1026 1417 mereamur:
1046 1363 1185 1433 quid
1212 1364 1281 1417 de
1314 1365 1383 1416 iis
1405 1364 1749 1417 dubitamus
1773 1381 1899 1433 qua:

256 1455 313 1507 in
351 1470 461 1508 usu
491 1454 745 1507 humano
769 1460 927 1513 sunt,
962 1453 1113 1523 quod
1141 1453 1317 1507 etiam
1351 1454 1619 1507 suaviora
1648 1453 1766 1506 haec
1796 1470 1899 1507 no-

254 1544 343 1597 bis
376 1542 549 1597 faciat
572 1542 866 1611 jejunium
898 1540 925 1594 ?

322 1631 413 1685 31.
445 1630 570 1685 Non
607 1636 801 1684 autem
848 1630 1039 1684 omnis
1098 1630 1283 1684 fames
1340 1630 1696 1702 acceptabile
1742 1632 1898 1700 jeju-

253 1721 415 1774 nium
451 1720 606 1783 facit,
642 1718 742 1772 sed
777 1720 957 1773 fames
989 1736 1117 1789 quae
1142 1719 1239 1772 Dei
1296 1721 1505 1773 timore
1554 1719 1893 1789 suscipitur.

250 1808 607 1862 Considera:
641 1808 1101 1877 Quadragesi'na
1154 1814 1222 1859 Ἀθ
1277 1810 1411 1862 totis
1444 1816 1648 1877 praeter
1676 1810 1895 1862 Sabba-

251 1903 374 1950 tum
407 1904 463 1950 et
494 1896 854 1950 Dominicam
879 1897 1183 1965 jejunatur
1212 1897 1440 1951 diebus.
1474 1897 1891 1967 llocjejunium

252 1986 481 2040 Domini
514 1985 734 2055 pascha
752 1984 1069 2039 concludit.
1103 1984 1269 2039 Venit
1292 1988 1419 2055 jam
1451 1986 1577 2041 dies
1608 2004 1894 2041 resurrec«

248 2073 444 2142 tionis,
475 2074 845 2144 baptizantur
876 2074 1041 2129 electi
1086 2076 1174 2128 €30
1205 2116 1218 2133 .
1251 2080 1491 2128 veniunt
1547 2076 1618 2128 ad
1688 2075 1891 2144 altare,

248 2163 541 2233 accipiunt
590 2169 1049 2226 sacramentum,
1108 2162 1371 2216 sitientes
1419 2164 1557 2217 totis
1614 2164 1893 2219 hauriunt

248 2252 428 2305 venis.
465 2250 667 2304 Merito
692 2251 898 2303 dicunt
924 2251 1141 2320 singuli
1177 2250 1370 2304 refecti
1406 2252 1651 2321 spiritali
1683 2252 1893 2315 cibo,et

246 2338 439 2409 spitali
473 2344 613 2408 potu
642 2354 656 2390 :
691 2362 715 2381 α
756 2336 972 2391 Parasti
1008 2339 1063 2390 in
1097 2346 1407 2409 conspectu
1440 2356 1568 2393 meo
1584 2357 1889 2395 mensam..

244 2434 301 2482 et
328 2426 601 2498 poculum
635 2432 799 2480 tuum
830 2426 1120 2480 inebrians
1177 2444 1353 2497 quam
1410 2429 1751 2499 praclarum
1802 2437 1891 2484 est

244 2522 332 2571 est
366 2518 530 2585 (Pati.
557 2532 694 2579 xm,
725 2518 781 2583 5)
814 2515 827 2567 !
866 2540 893 2563 ››
925 2515 1047 2569 Non
1082 2514 1206 2570 sola
1245 2523 1439 2571 autem
1465 2520 1647 2572 lames
1679 2519 1888 2588 quaeri-

244 2612 359 2674 tur,
392 2605 492 2660 sed
527 2604 700 2677 plena
729 2603 1041 2675 disciplina
1063 2606 1297 2674 jejunii.
1331 2605 1591 2676 Denique
1639 2607 1769 2661 aliis
1802 2608 1890 2660 di-

243 2695 397 2748 citur
426 2710 441 2747 :
474 2718 501 2741 α
538 2693 599 2748 In
633 2694 841 2747 diebus
862 2694 1225 2763 jejuniorum
1248 2700 1575 2748 vestrorum
1618 2696 1888 2749 invenitis

243 2783 569 2839 voluntates
592 2788 837 2848 vestras,
869 2789 927 2837 et
954 2799 1157 2838 omnes
1188 2784 1455 2837 subditos
1485 2785 1648 2837 vobis
1679 2785 1887 2838 stimu-

244 2872 397 2926 latis.
428 2874 512 2926 An
541 2872 854 2940 adjudicia
883 2877 941 2925 et
972 2872 1127 2925 rixas
1152 2872 1439 2941 jejunatis
1466 2878 1523 2925 et
1584 2874 1886 2943 percutitis

246 2960 459 3031 pugnis
488 2958 516 3011 ?
548 2959 619 3013 L't
640 2959 780 3029 quid
806 2958 949 3012 mihi
974 2958 1419 3029 talejejunium,
1442 2960 1523 3014 ita
1572 2967 1635 3015 ut
1683 2962 1883 3017 audia-

244 3056 339 3103 tur
360 3050 415 3102 in
438 3048 691 3103 clamore
709 3064 815 3100 vox
839 3053 1027 3101 vestra
1046 3048 1074 3101 ?
1111 3048 1236 3102 Non
1282 3048 1388 3103 hoc
1431 3050 1722 3118 jejunium
1756 3068 1882 3122 ego,

241 3138 481 3209 elegi,et
500 3137 653 3191 diem
678 3137 747 3189 ad
774 3136 1205 3191 humiliandum
1229 3139 1485 3192 animam
1511 3156 1680 3194 suam
1702 3140 1885 3194 homi-

2016 566 2193 618 rubor
2221 566 2519 620 ebrietatis
2551 566 2945 621 circumfusus
2984 583 3161 638 genas
3189 567 3288 638 qui
3348 565 3654 621 intention!

2014 653 2269 707 offendat
2298 662 2589 725 aspectus,
2615 656 2715 710 sed
2746 656 2945 710 vultus
2994 662 3152 710 casto
3209 658 3383 710 micet
3444 654 3655 726 pallore

2015 736 2404 807 reverendus;
2456 761 2647 798 sermo
2712 746 2961 816 gravior,
3024 745 3225 800 oculus
3288 744 3656 811 vercundior,

2013 846 2253 902 gressus
2310 831 2577 886 stabilior
2640 840 2815 903 atque
2881 833 3256 897 moderatior,
3314 833 3656 904 plerumque

2010 920 2167 971 enim
2199 921 2517 975 turbatiore
2547 922 2776 975 incessu
2806 923 3071 992 proditur
3098 921 3653 977 motusanimorum.

2012 1005 2221 1061 Vultus
2255 1009 2548 1073 intentior,
2580 1016 2637 1063 et
2672 1012 2911 1080 quidam
2945 1011 3315 1082 cogitationis
3356 1027 3479 1064 sua:
3506 1010 3654 1065 arbi-

2010 1100 2118 1159 ter,
2152 1104 2207 1149 et
2240 1098 2449 1150 tacitus
2484 1098 2675 1152 cordis
2708 1100 3014 1169 interpres,
3046 1106 3107 1152 ut
3141 1115 3329 1170 neque
3354 1098 3653 1153 tristitiam

2012 1192 2304 1255 praetexat,
2338 1202 2525 1257 neque
2556 1188 2817 1241 solvatur
2847 1189 2967 1241 risu
3033 1188 3187 1243 518
3246 1187 3653 1243 incontinenti.

2011 1272 2133 1326 Non
2170 1275 2325 1327 enirn
2359 1276 2722 1345 superfluum
2758 1276 2863 1331 hoc
2897 1284 3066 1347 putes
3099 1282 3307 1331 nostra:
3340 1276 3657 1331 commoni-

2012 1362 2207 1419 tionis.
2240 1379 2374 1416 cum
2407 1363 2706 1434 Sapientia
2737 1365 2891 1418 dicat
2924 1367 2980 1418 in
3028 1365 3337 1437 Evangelia
3368 1382 3383 1418 :
3450 1389 3479 1413 τί
3511 1365 3653 1420 Cum

2011 1458 2203 1504 autem
2229 1452 2537 1520 jejunatis.
2568 1453 2743 1507 nolite
2778 1454 2897 1507 ﬁeri
2940 1454 3091 1507 sicut
3122 1454 3435 1525 hypocrita
3457 1451 3655 1509 tristes

2032 1540 2214 1592 Humi.
2244 1558 2318 1603 η,
2356 1542 2419 1594 l6
2460 1590 2465 1595 ,
2514 1568 2537 1585 ιι
2601 1542 2729 1596 [deo
2760 1542 2903 1595 dixit
2962 1542 3313 1613 bypocritas,
3372 1560 3441 1598 eo
3500 1542 3650 1613 quod

2008 1628 2384 1682 simulatione
2414 1630 2665 1683 alienam
2698 1646 3006 1700 personam
3074 1631 3341 1697 induant,
3376 1630 3529 1686 sicut
3592 1631 3652 1686 in

2010 1732 2183 1769 scena
2214 1719 2311 1787 qui
2351 1720 2641 1787 tragedias
2672 1724 2911 1787 canunt,
2943 1737 3044 1791 pro
3076 1737 3275 1774 eorum
3302 1720 3476 1774 dictis
3510 1736 3651 1792 quo-

2008 1823 2135 1858 rum
2173 1824 2448 1876 personas
2482 1816 2709 1878 gerunt.
2746 1816 2938 1862 motus
2971 1826 3107 1862 suos
3137 1809 3409 1872 excitant,
3444 1814 3508 1863 ut
3553 1814 3654 1864 aut

2005 1893 2350 1959 irascantur,
2382 1902 2485 1948 aut
2517 1902 2819 1960 maereant,
2852 1897 2937 1949 vel
2997 1897 3309 1951 exsultent.
3360 1898 3652 1952 Afl'ectant

2002 1983 2157 2035 enim
2191 1984 2311 2045 isti,
2344 1990 2407 2037 ut
2432 1986 2701 2053 jejunare
2740 1986 3067 2048 videantur,
3126 1986 3467 2041 hominibus
3526 2003 3648 2043 ma-

2002 2071 2091 2141 gis
2126 2088 2301 2141 quam
2346 2072 2458 2126 Deo
2512 2074 2813 2143 cupientes
2862 2074 3114 2145 probari,
3147 2075 3300 2145 quod
3360 2076 3648 2131 faciebant

2000 2159 2207 2214 Judaei.

2071 2252 2159 2301 313.
2197 2254 2260 2302 Et
2288 2250 2416 2303 ideo
2447 2252 2613 2304 nobis
2645 2252 2860 2305 dicitur
2889 2270 2902 2305 :
2941 2276 2967 2299 ιι
3002 2251 3117 2307 Vos
3158 2258 3352 2307 autem
3376 2269 3511 2307 cum
3555 2252 3640 2323 je-

1992 2338 2243 2405 junatis,
2280 2340 2478 2410 ungite
2510 2345 2681 2410 caput
2713 2349 2993 2407 vestrum,
3023 2348 3077 2395 et
3120 2341 3325 2395 faciem
3392 2346 3641 2395 vestram

2001 2426 2205 2490 lavate,
2240 2445 2310 2481 ne
2344 2429 2595 2498 parcatis
2626 2428 2967 2483 hominibus
2999 2431 3139 2500 quia
3174 2430 3483 2501 jejunatis,
3540 2431 3636 2485 sed

1999 2515 2155 2569 Patri
2188 2523 2373 2571 vestro
2406 2519 2503 2589 qui
2538 2524 2625 2571 est
2658 2518 2714 2571 in
2747 2520 3087 2573 abscondito
3121 2536 3135 2572 :
3176 2525 3233 2573 et
3289 2520 3461 2574 Pater
3516 2535 3636 2574 ves-

1998 2610 2085 2657 ter
2115 2606 2213 2675 qui
2246 2607 2399 2659 videt
2434 2607 2490 2659 in
2525 2606 2857 2674 absondito,
2892 2608 3093 2661 reddet
3124 2608 3282 2662 vobis
3332 2608 3492 2678 [Ιὸίιι.
3545 2609 3633 2662 17-

2002 2696 2114 2761 18,
2162 2718 2187 2739 υ
2216 2694 2361 2757 Quid
2394 2700 2481 2750 est
2508 2719 2535 2743 «
2572 2695 2773 2766 L'ngite
2804 2702 2980 2767 caput
3011 2703 3266 2751 vestrum
3290 2697 3318 2749 '2’
3344 2720 3370 2745 η
3418 2696 3531 2753 Sed
3583 2700 3639 2752 et

1994 2782 2277 2837 luxuriosi
2319 2784 2517 2837 dicunt
2554 2783 2744 2837 :\'ino
2774 2788 2833 2837 et
2892 2786 3205 2855 unguentis
3263 2801 3370 2841 nos
3419 2785 3637 2857 replea-

1996 2888 2149 2925 mus.
2187 2871 2490 2942 L'nguento
2533 2873 2688 2927 enim
2719 2889 2781 2927 se
2812 2880 3057 2944 ungunt,
3088 2876 3189 2946 qui
3218 2875 3479 2946 corporei
3509 2875 3639 2930 odo-

1997 2960 2075 3016 ris
2110 2962 2220 3029 13:)
2249 2962 2496 3032 gratiam
2529 2966 2818 3033 quaerunt.
2844 2962 2953 3017 Sed
2989 2962 3090 3017 illa
3120 2968 3422 3035 unguenta
3450 2962 3640 3018 libidi-

1996 3052 2088 3104 nis
2114 3049 2443 3104 illecebram
2468 3066 2694 3105 movere
2715 3051 3269 3105 consuerunt.Aliud
3300 3058 3391 3107 est
3415 3053 3634 3108 sobrie-

1995 3140 2537 3210 tatisunguentum,
2570 3139 2639 3193 de
2688 3156 2803 3210 quo
2834 3140 2973 3194 dicit
3030 3140 3281 3195 Ecclesia
3338 3141 3413 3196 ad
3471 3159 3640 3214 spon-

240 3243 372 3282 nem
398 3244 412 3281 ;
436 3243 539 3281 nec
564 3227 609 3279 si
636 3226 831 3280 ﬂectas
855 3230 918 3279 ut
939 3226 1226 3281 circulum
1247 3226 1459 3281 collum
1507 3229 1876 3294 tuum,cine-
1904 3217 1947 3283 C
1985 3244 2119 3283 sum
2149 3244 2325 3283 suum
2360 3243 2374 3282 :
2409 3228 2823 3299 «Unguentum
2851 3229 3214 3285 exinanitum
3243 3245 3458 3285 nomen
3475 3228 3636 3286 tuum

242 3333 361 3372 rem
385 3316 561 3372 etiam
581 3315 905 3369 etcilicium
926 3315 1402 3382 substernas,nec
1418 3318 1503 3372 sic
1527 3319 1894 3390 vocabitisje-

230 3406 470 3476 junium
498 3411 825 3475 acceptum.
856 3404 978 3458 Non
1012 3404 1127 3459 tale
1147 3406 1444 3475 jejunium
1476 3423 1582 3477 ego
1611 3406 1779 3480 elegi,
1801 3410 1888 3463 di-

240 3495 319 3549 cit
348 3493 631 3549 Dominus
661 3494 789 3560 (lsa.
825 3510 979 3557 Lvm,
1003 3494 1140 3561 3-5).
1180 3520 1206 3542 η
1230 3495 1393 3558 Quod
1436 3496 1732 3566 jejunium
1780 3500 1888 3553 im-

242 3583 542 3654 probetur,
572 3582 957 3636 audivimus:
1022 3600 1175 3638 nunc
1236 3586 1547 3640 audiamus
1603 3587 1757 3657 quod
1815 3590 1891 3643 sit

240 3670 558 3743 probabile.
592 3692 618 3717 ‹‹
651 3670 761 3723 Sed
803 3669 957 3723 solve
984 3688 1219 3726 omnem
1254 3672 1685 3744 colligationem
1736 3676 1887 3746 inju—

238 3757 411 3813 stitim
443 3762 556 3811 tua:
590 3775 603 3812 :
637 3758 887 3811 dissolve
904 3758 1288 3828 obligationes
1317 3760 1702 3817 violentarum
1728 3781 1886 3821 com-

240 3846 659 3913 mutationum,
693 3844 921 3899 dimitte
951 3849 1279 3903 confractos
1308 3849 1364 3904 in
1399 3852 1887 3917 remissionem,et

242 3951 477 3991 omnem
504 3934 990 4006 conscriptionem
1022 3934 1285 4007 iniquam
1319 3938 1608 4010 dirumpe.
1665 3940 1885 4013 Frange

234 4023 545 4079 essurienti
576 4039 787 4094 panem
812 4028 982 4078 tuum
1015 4040 1029 4077 ε
1060 4028 1117 4079 et
1147 4040 1362 4096 egenos
1428 4043 1543 4081 non
1602 4028 1884 4085 habentes

237 4118 456 4169 tectum
501 4154 515 4178 ,
551 4113 725 4167 induc
761 4113 815 4167 in
847 4112 1089 4168 domum
1124 4118 1282 4168 tuam
1317 4133 1330 4170 :
1364 4120 1420 4170 et
1445 4116 1495 4171 si
1525 4115 1735 4173 videris
1772 4136 1883 4173 nu-

236 4202 402 4267 dum,
432 4201 661 4273 conperi
690 4218 824 4257 eum
857 4220 870 4257 :
905 4207 961 4257 et
989 4202 1342 4259 domesticos
1372 4205 1615 4261 seminis
1638 4208 1721 4260 tui
1765 4224 1881 4264 non

237 4290 523 4363 despicias
553 4290 712 4359 (Ibid.
746 4292 889 4359 6-7;.
924 4313 952 4339 ››
979 4290 1149 4345 Vides
1179 4308 1305 4363 quae
1337 4294 1561 4365 species
1591 4295 1665 4349 sit
1689 4299 1747 4350 et
1767 4296 1879 4350 for-

234 4395 332 4435 ma
350 4378 584 4451 jejunii,
615 4380 750 4451 quis
785 4379 999 4435 mentis
1027 4379 1263 4436 habitus
1292 4382 1402 4452 (3|)
1439 4400 1453 4449 ;
1517 4387 1581 4437 ut
1629 4384 1877 4439 orationi

235 4484 426 4534 vaces,
455 4473 515 4524 et
544 4468 603 4522 in
633 4466 757 4540 lege
791 4468 892 4523 Dei
924 4468 1018 4522 die
1046 4485 1113 4523 ac
1146 4474 1313 4525 nocte
1345 4471 1663 4527 mediteris.

2000 3318 2179 3372 .Cant.
2200 3334 2238 3382 ι,
2269 3320 2321 3387 2)
2356 3342 2383 3363 ι»
2412 3318 2572 3372 aliud
2604 3317 2797 3372 oleum
2829 3335 2944 3390 quo
2975 3324 3137 3374 artus
3168 3318 3376 3374 anima:
3404 3324 3463 3374 et
3480 3337 3638 3391 qua:-

1998 3407 2134 3461 dam
2166 3408 2428 3460 membra
2456 3406 2866 3477 pinguescunt.
2900 3406 3059 3461 L'nde
3105 3412 3161 3462 et
3211 3407 3392 3462 David
3451 3409 3590 3463 dicit
3620 3425 3634 3463 :

1997 3519 2024 3543 ‹‹
2060 3495 2448 3568 Impinguasti
2479 3496 2537 3549 in
2567 3494 2692 3549 oleo
2722 3501 2901 3567 caput
2930 3513 3126 3550 meum
3156 3497 3332 3565 (Psal.
3362 3498 3634 3567 xxu,5).»

1997 3590 2063 3639 Et
2094 3585 2199 3639 hoc
2231 3590 2318 3639 est
2347 3583 2539 3639 oleum
2572 3582 2803 3649 laetitiae,
2836 3602 2953 3655 quo
2984 3590 3198 3640 unctus
3229 3589 3317 3640 est
3366 3585 3631 3641 Christus

1998 3691 2030 3728 a
2063 3673 2178 3727 Deo
2208 3675 2394 3742 Patre,
2430 3678 2491 3725 ut
2523 3688 2634 3743 pra:
2682 3673 2957 3727 omnibus
3003 3675 3129 3728 suis
3176 3674 3463 3730 emineret
3506 3693 3635 3731 con-

1996 3762 2275 3817 sortibus.
2310 3761 2425 3815 Hoc
2447 3762 2617 3832 jubet
2667 3761 2807 3833 ungi
2846 3768 3021 3834 caput
3068 3766 3356 3831 nostrum,
3408 3768 3474 3818 ut
3517 3764 3635 3820 oleo

1995 3849 2203 3904 laetitiae
2235 3850 2563 3905 obducatur
2591 3851 2784 3905 omnis
2815 3850 3093 3906 simulata
3122 3851 3383 3923 tristitia,
3436 3870 3508 3908 nc
3556 3853 3635 3907 vi-

1994 3938 2187 3993 dearis
2209 3938 2506 4008 jejunium
2538 3942 2704 3992 tuum
2740 3940 2987 3994 vendere
3017 3940 3375 4008 hominibus,
3425 3958 3501 3998 ne
3558 3943 3635 3997 vi-

1993 4028 2188 4083 dearis
2218 4027 2550 4082 contristari
2580 4028 2639 4081 in
2666 4028 2872 4083 anima:
2904 4033 3016 4083 tuze
3049 4029 3256 4085 salute.
3272 4030 3456 4086 Nemo
3484 4032 3636 4086 enim

1994 4118 2181 4172 tristis
2224 4121 2556 4186 coronatur,
2589 4132 2758 4172 nemo
2806 4121 3051 4172 mmstus
3080 4118 3422 4190 triumphat.
3483 4119 3639 4192 Unge

1992 4223 2129 4278 ergo
2161 4211 2338 4277 caput
2366 4210 2556 4273 tuum,
2590 4206 2690 4261 ubi
2712 4222 2927 4262 sensus
2958 4206 3238 4278 sapientis
3269 4212 3409 4262 sunt
3440 4227 3455 4275 ;
3490 4208 3636 4264 oculi

1991 4297 2149 4351 enim
2181 4295 2462 4364 sapientis
2490 4295 2550 4349 in
2582 4296 2771 4367 capite
2823 4296 2973 4366 ejus.
3004 4296 3089 4350 Ad
3146 4297 3425 4368 mysteria
3480 4313 3638 4353 voca-

1990 4386 2073 4441 ris
2104 4386 2234 4455 (33),
2265 4388 2321 4439 et
2353 4385 2544 4440 nescis
2576 4402 2593 4438 :
2624 4384 2824 4450 discis,
2855 4401 2991 4440 cum
3032 4384 3210 4441 venis.
3274 4385 3339 4439 Et
3397 4386 3637 4442 remini-

1990 4488 2152 4529 scere
2180 4472 2327 4528 illud
2360 4491 2374 4527 :
2410 4496 2437 4521 ‹‹
2478 4472 2640 4528 Sicut
2678 4478 3045 4545 unguentum
3097 4474 3157 4528 in
3216 4472 3423 4545 capite,
3485 4475 3636 4546 quod

307 4592 417 4668 (29)
447 4591 693 4646 Adverte
724 4590 832 4668 h_o_c
862 4590 988 4646 loco
1018 4597 1268 4668 veterem
1302 4594 1756 4668 Mediolanensis
1781 4598 1885 4654 Ec-
1916 4589 1961 4653 D
1995 4598 2205 4652 fuisset
2229 4595 2556 4667 judicatus,
2588 4596 2784 4668 ipsum
2816 4596 2875 4652 in
2905 4598 3211 4651 Eleclorum
3238 4598 3508 4654 ordinem
3555 4614 3639 4654 ne-

235 4662 426 4718 clesia:
456 4663 937 4736 consuetudinem
970 4679 1085 4736 non
1129 4666 1440 4734 jejunandi
1501 4668 1773 4736 Sabbato,
1832 4676 1890 4726 et

235 4751 417 4797 super
444 4733 649 4789 eadem
691 4749 749 4788 re
782 4732 1022 4788 consule
1045 4732 1307 4791 nostram
1363 4736 1422 4791 in
1456 4736 1611 4793 hunc
1670 4732 1885 4797 librum

235 4804 734 4861 Admonitionem.

305 4878 417 4949 (30)
448 4877 638 4941 Electi,
668 4875 886 4949 gradus
918 4874 1010 4929 hic
1061 4880 1187 4949 erat
1212 4876 1363 4949 inter
1418 4880 1885 4939 catechumenos.

235 4947 462 5004 Etenim
521 4947 792 5019 quamvis
848 4963 1056 5001 omnes
1083 4947 1153 5001 ad
1201 4948 1561 5019 baptismum
1592 4955 1887 5009 candidati

233 5020 530 5075 communi
574 5019 808 5074 nomine
836 5024 1185 5073 vocarentur
1231 5022 1653 5089 calet-humani,
1714 5026 1889 5081 variis

232 5095 427 5173 tamen
451 5092 603 5173 inter
626 5096 791 5173 seut
819 5090 1124 5173 gradibus,
1164 5090 1240 5146 ita
1270 5097 1327 5146 et
1356 5094 1653 5173 vocabulis
1683 5097 1889 5173 distin:

231 5163 585 5235 guebantur.
619 5162 726 5229 Qui
752 5162 1032 5235 episcopo
1064 5179 1233 5217 suam
1284 5163 1705 5235 amplectenda:
1754 5168 1889 5223 ﬁdei

234 5233 595 5307 voluntatem
630 5234 929 5307 professus
954 5233 1162 5307 fuerat,
1186 5236 1312 5307 jam
1335 5233 1650 5307 Christiani
1678 5254 1889 5295 nomen

233 5306 527 5377 obtinebat
560 5324 573 5361 :
616 5305 945 5377 inoxrfactis
974 5306 1442 5377 abjurationibus
1472 5309 1542 5363 ad
1576 5326 1773 5366 sacras
1793 5312 1893 5367 ad-

235 5376 576 5450 mittebatur
593 5376 949 5450 catecheses,
965 5393 1032 5432 ac
1055 5383 1180 5450 tum
1206 5378 1451 5450 propriae
1472 5381 1890 5439 catechumenus

236 5445 573 5502 dicebatur:
607 5464 740 5502 eum
776 5447 986 5502 deinde
1016 5445 1527 5511 solitis-expiatum
1549 5453 1888 5511 exorcismis

237 5519 525 5596 initiatum
577 5518 962 5596 nominabant
993 5534 1020 5596 :_
1042 5522 1240 5587 postea
1255 5518 1353 5596 ubi
1383 5538 1516 5577 cum
1532 5522 1666 5578 aliis
1698 5525 1887 5596 bapti-

237 5586 347 5668 smi
378 5586 628 5668 gratiam
675 5586 1078 5668 posgilasset,_
1107 5591 1395 5668 vocabant
1450 5586 1837 5668 competentehz
1872 5615 1886 5656 :

238 5657 479 5717 domum
508 5657 560 5716 si
586 5657 692 5737 per
717 5657 997 5734 autfragia
1023 5659 1238 5738 dignus
1267 5661 1473 5722 eodem
1516 5657 1887 5731 sacramento

1998 4670 2278 4724 ferebant.
2316 4668 2466 4723 Sunt
2495 4668 2671 4721 etiam
2705 4668 2804 4725 aui
2859 4668 3307 4724 catechumenos
3347 4669 3481 4725 aliis
3540 4686 3637 4725 no-

1998 4684 2278 4724 terebant.
2316 4684 2466 4723 sunt
2495 4684 2671 4721 etiam
2746 4685 2804 4721 ui
2859 4684 3307 4724 catecuumenos
3347 4684 3481 4725 auis
3540 4686 3637 4725 no-

1997 4740 2257 4795 minibus
2290 4744 2647 4813 recenseaut,
2681 4684 2813 4794 illos
2863 4740 3155 4811 siquidem
3199 4740 3504 4806 audientes,
3551 4758 3637 4813 gg-

1998 4813 2362 4884 nu/lectentes,
2386 4812 2711 4884 Asubalraloa,
2771 4812 2983 4884 electos,
3038 4817 3393 4884 competente:
3416 4883 3419 4884 ν
3439 4811 3638 4884 appel-

1999 4883 2139 4957 lant.
2174 4882 2397 4957 Vide__si
2424 4882 2585 4936 lubet
2612 4881 3010 4957 Albaspin.__in
3042 4881 3376 4955 OptLMilev.
3399 4881 3635 4957 Jcséph.

1996 4954 2285 5009 Vicecom.
2316 4951 2511 5024 libr“,
2542 4969 2669 5024 cap.
2704 4956 2757 5018 2,
2791 4951 2848 5007 et
2877 4952 3044 5009 alios.

2070 5026 2181 5095 (3|)
2216 5024 2356 5080 Mss.
2389 5022 2635 5095 aliquot,
2664 5027 2795 5097 quin
2826 5024 3015 5079 abdita
3041 5027 3260 5097 probati.
3322 5024 3456 5080 Edit
3510 5028 3632 5080 Am.

1997 5101 2055 5152 et
2084 5097 2239 5162 Era.,
2272 5097 2638 5168 quiarmentes
2668 5096 2882 5150 abditas
2902 5096 3115 5167 probat,
3144 5096 3354 5153 Melius
3384 5113 3528 5153 mss.
3561 5102 3637 5151 at-

1999 5184 2112 5239 que
2143 5167 2374 5239 edit.ut
2404 5167 2463 5222 in
2494 5171 2675 5221 textu.

2071 5240 2182 5309 (32)
2214 5238 2363 5293 Edit.
2396 5254 2621 5299 omnes,
2654 5239 2752 5309 qui
2778 5240 2993 5309 corpori
3018 5236 3217 5294 odoris.
3253 5238 3466 5294 Contra
3495 5254 3629 5294 mss.

2000 5308 2630 5391 οωρεειλαίβονρρνεί
2656 5308 2997 5391 Wes“-
3264 5381 3281 5391 .
3369 5380 3403 5391 ..
3490 5382 3523 5391 _.

2070 5382 2181 5452 (33)
2216 5378 2313 5436 llic
2360 5378 2630 5436 inanitur
2684 5380 3093 5452 cautissimum
3138 5378 3283 5434 illud
3334 5380 3624 5437 silentium

2045 5451 2331 5525 uosancti
2366 5452 2564 5509 Patres
2594 5451 2871 5525 mysteria
2909 5451 3197 5525 quaedam,
3228 5467 3296 5507 ac
3354 5453 3629 5525 praecipue

2045 5471 2115 5508 UO
2146 5471 2331 5508 sancti
2366 5471 2564 5509 ratres
2594 5471 2871 5522 mysrena
2909 5471 3197 5523 ςυωαιιω,
3228 5471 3296 5507 ac
3396 5471 3627 5525 PEBCIPDB

1997 5471 2376 5581 Eucharistite
2403 5523 2793 5599 cognitionem
2832 5522 3282 5580 catechumenos
3294 5471 3479 5581 celare
3504 5539 3627 5580 con-

1997 5600 2328 5656 enaverant.
