3866 6212
138 326 231 390 745

1217 322 1449 386 LIBER
1495 324 1597 387 DE
1641 322 1817 387 ELIA
1862 327 1961 385 ET
2003 324 2342 388 JEJUNIO.

3364 333 3493 392 746

137 461 393 519 descendit
419 458 473 513 in
504 459 743 514 barbam
773 460 963 516 Aaron
994 458 1161 529 (Psal.
1194 476 1402 525 cum,
1434 464 1556 525 2),»
1592 466 1727 514 tunc
1760 470 1807 526 Α
1913 461 1996 515 ἀί).
2035 460 2160 514 Noli
2191 478 2324 529 ergo
2376 466 2430 515 te
2470 462 2693 530 jactare
2745 478 2879 517 cum
2920 464 3179 534 jejunae,
3214 464 3331 519 noli
3364 464 3484 536 glo-

134 547 393 622 cognoscis
437 546 571 619 quid
620 547 737 602 sit:
773 570 800 597 ‹‹
835 547 1045 620 Ungite
1092 552 1269 620 caput
1315 551 1573 603 vestrum
1629 565 1642 604 :
1697 571 1723 598 ››

134 638 381 711 quomodo
408 635 691 709 placueris
720 637 857 703 Deo,
890 639 955 691 ut
984 637 1089 692 tibi
1121 654 1229 692 sua
1259 637 1607 709 patefaceret
1637 654 1725 693 sa-

131 730 405 791 cramenta,
434 729 490 780 et
518 724 680 780 daret
710 724 958 797 gratiam
985 724 1330 797 spiritalem.

182 818 257 871 37.
288 815 379 870 Est
421 817 478 869 et
523 812 679 869 aliud
732 817 908 887 caput
955 814 1289 887 mysticum.
1324 814 1487 878 Quod
1534 814 1727 870 illud?

125 904 246 961 Audi
276 920 289 958 :
323 925 348 953 «
377 906 552 974 Caput
585 901 849 959 mulieris
877 903 986 971 vir,
1020 906 1196 976 caput
1223 908 1419 959 autem
1443 903 1550 959 viri
1570 904 1729 961 Chri-

126 998 227 1061 stus
272 992 315 1063 (Ι
356 992 470 1047 Cor.
524 1008 601 1059 x1,
657 992 733 1060 3).
768 1015 798 1042 »
848 991 1009 1048 Mitte
1067 993 1127 1048 in
1185 992 1503 1059 Christum,
1565 992 1727 1049 mitte

123 1082 268 1139 etiam
294 1080 349 1135 in
382 1084 553 1152 caput
583 1081 711 1152 ejus
746 1086 1131 1151 unguentum.
1166 1082 1350 1153 Caput
1396 1083 1524 1152 ejus
1571 1082 1726 1139 Deus

123 1175 207 1226 est.
236 1168 330 1225 llla
375 1168 583 1224 mulier
632 1169 901 1225 Ecclesia:
959 1174 1162 1243 typum
1219 1187 1448 1242 gerens,
1483 1187 1612 1242 quae
1664 1171 1723 1226 in

121 1261 264 1328 caput
310 1257 431 1328 ejus
479 1257 640 1313 misit
691 1262 1057 1330 unguentum
1121 1259 1330 1329 (Matth.
1398 1275 1551 1327 xxvr,
1613 1259 1721 1331 10),

117 1347 345 1403 confessa
388 1349 472 1402 est
524 1346 652 1417 ejus
700 1345 1098 1416 divinitatem;
1150 1351 1206 1403 et
1256 1364 1383 1419 quae
1436 1349 1495 1403 in
1548 1350 1724 1421 pedes

117 1435 219 1505 ejus
262 1433 412 1490 misit
459 1436 609 1506 (Luc.
642 1452 742 1503 vu,
797 1436 863 1490 44
894 1444 946 1491 et
974 1436 1111 1508 seq.)
1143 1436 1411 1493 confessa
1458 1441 1548 1493 est
1594 1438 1722 1509 ejus

113 1522 424 1595 passionem.
458 1523 713 1595 Utraque
742 1523 1033 1580 laudatur.
1066 1525 1136 1580 Et
1181 1530 1246 1581 tu
1295 1525 1384 1581 fac
1433 1542 1547 1591 quo
1595 1525 1720 1583 lau-

112 1612 254 1681 deris,
291 1629 399 1684 quo
432 1612 825 1669 remisiionem
859 1612 1111 1685 accipias
1142 1619 1532 1686 peccatorum.
1572 1617 1723 1673 Lava

108 1701 281 1756 faciem
310 1708 487 1764 tuam,
510 1700 781 1757 Aemunda
810 1702 1070 1757 animam
1101 1706 1263 1758 tuam
1310 1705 1717 1777 peccatricem,

107 1788 209 1844 lava
233 1788 641 1846 conscientiam
673 1792 1042 1846 tuam.Index
1072 1791 1226 1847 enim
1259 1792 1434 1849 facies
1467 1792 1719 1865 plerum-
1749 1832 1797 1899 Β
1830 1786 2042 1843 cendit.

109 1893 191 1899 ..μμ
222 1883 295 1899 --ι
330 1877 685 1899 -,-_--2__Ll__
722 1881 769 1899 ,Α
810 1878 1034 1899 μΑ-1.ι-..-
1077 1879 1287 1899 1__,!A,A_
1330 1898 1335 1899 ,
1362 1897 1393 1899 _,
1432 1898 1497 1899 ,,,
1564 1898 1567 1899 ,

104 1893 194 1948 que
216 1883 298 1933 est
324 1877 774 1943 conscientiae,et
802 1878 1044 1949 quidam
1077 1879 1289 1936 tacitus
1320 1897 1512 1937 sermo
1548 1898 1714 1937 men-

102 1966 179 2031 tis,
202 1983 322 2022 cum
353 1971 452 2023 aut
484 1972 721 2038 peccato
753 1966 1226 2040 compungimur,
1250 1974 1350 2025 aut
1383 1971 1717 2042 integritate

102 2054 345 2111 laetamur.
370 2054 494 2111 Noli
530 2054 681 2110 hanc
713 2054 1100 2111 exterminare
1132 2056 1498 2123 faciem,lava
1529 2056 1712 2124 illam,

100 2147 143 2195 et
166 2158 379 2198 omnem
426 2142 663 2198 sordem
713 2143 1079 2198 conscientiae
1130 2150 1237 2200 tuae
1290 2144 1467 2202 dilue.
1518 2147 1713 2201 Exter-

99 2231 253 2287 minat
299 2232 504 2288 faciem
558 2249 725 2287 suam
775 2232 875 2302 qui
925 2231 1083 2287 aliud
1137 2234 1306 2289 corde
1353 2234 1523 2305 gerit,
1558 2235 1713 2290 aliud

96 2319 210 2375 foris
238 2321 557 2392 praetendit.
588 2319 708 2375 Non
744 2337 850 2376 nos
879 2320 1037 2376 velut
1071 2322 1216 2377 547
1256 2323 1509 2394 quodam
1562 2324 1714 2395 peri-

94 2411 377 2478 petasmate
423 2409 766 2482 operiamus
813 2410 924 2481 (34)
960 2427 971 2465 :
1009 2412 1163 2483 quod
1214 2411 1377 2467 intus
1422 2417 1529 2478 est,
1574 2414 1715 2468 foris

92 2495 294 2553 luceat:
335 2499 484 2570 quod
541 2498 681 2554 foris
729 2502 838 2565 est,
888 2499 1049 2555 intus
1100 2505 1389 2571 operetur.
1424 2500 1604 2556 Nemo
1654 2501 1712 2556 in

85 2583 277 2655 jejunio
322 2586 562 2659 culpam
613 2585 898 2652 includat,
932 2604 1076 2659 pure
1120 2588 1267 2643 ferat
1296 2589 1710 2646 innocentiam.

87 2673 352 2743 Jejunium
378 2677 544 2732 enim
576 2674 756 2746 culpae
787 2674 1249 2741 interfec‘torium
1282 2682 1386 2734 est.

708 2791 938 2848 CAPUT
976 2792 1068 2848 XI.

83 2880 260 2944 Jejunii
289 2884 467 2937 virtus
496 2882 841 2935 amariorum
868 2882 1119 2952 exemplo
1146 2882 1479 2952 illustratur,
1513 2885 1563 2938 et
1593 2899 1714 2938 esca

139 2952 250 3006 licet
276 2952 469 3020 dulcis,
504 2968 673 3023 quam
700 2952 873 3006 noxia
902 2955 993 3018 sit,
1027 2955 1171 3007 Esau
1208 2961 1259 3008 et
1286 2954 1448 3009 Iacob
1482 2953 1713 3010 historia

133 3023 417 3096 ostenditur
430 3041 452 3085 ,·
476 3033 608 3096 tum
637 3024 885 3096 sequitur
931 3023 1235 3080 ecchorlatio
1283 3024 1353 3080 ad
1374 3026 1713 3096 jactantiam

140 3095 190 3147 in
209 3096 420 3166 jejunio
448 3094 860 3151 declinandam.

1843 546 1999 612 riari,
2033 564 2103 602 ne
2136 547 2278 602 nihil
2310 548 2415 603 tibi
2460 549 2644 620 prosit
2680 550 2999 621 jejunium.
3033 554 3170 617 Quae
3218 550 3375 609 enim
3415 554 3487 609 ad

1839 635 2287 692 ostentationem
2347 637 2513 704 fiunt,
2574 656 2687 695 non
2761 640 2819 694 in
2894 640 3157 696 futurum
3234 642 3490 697 fructum

1840 725 2151 779 extendant
2182 741 2376 792 suum,
2412 727 2510 781 sed
2542 728 2913 798 praesentium
2964 729 3229 785 mercede
3274 736 3486 785 consué

1837 817 2022 867 munt.
2059 812 2213 868 Elias
2244 813 2302 868 in
2328 814 2555 869 deserto
2587 819 2728 882 erat,
2761 833 2832 871 ne
2862 816 2996 888 quis
3036 834 3169 872 eum
3193 818 3492 889 jejunan~

1836 904 1952 955 tem
1999 901 2238 972 videret,
2284 902 2397 957 nisi
2447 903 2555 958 soli
2605 905 2759 960 corvi
2818 905 2917 976 qui
2975 923 3110 962 eum
3163 910 3489 979 pascerent.

1841 988 2084 1044 Eliszeus
2116 990 2174 1044 in
2208 991 2439 1045 deserto
2470 997 2611 1059 erat,
2649 993 2747 1047 ubi
2780 1010 2893 1048 non
2926 995 3286 1051 inveniretur
3331 1012 3485 1065 esca,

1841 1077 1951 1132 nisi
2001 1094 2220 1134 amara.
2280 1080 2537 1136 Joannes
2586 1082 2644 1135 in
2696 1082 2926 1137 deserto
2987 1088 3129 1150 erat,
3183 1084 3282 1139 ubi
3332 1083 3488 1141 solas

1837 1166 2098 1223 locustae
2145 1173 2201 1223 et
2251 1168 2364 1224 mel
2415 1168 2679 1225 silvestre
2728 1171 3031 1227 inveniret.
3072 1172 3486 1244 Jejunantibus

1834 1253 2016 1325 epulae
2084 1254 2178 1326 pio
2246 1256 2588 1328 angelorum
2658 1257 2982 1315 ministerio
3050 1260 3479 1319 deferebantur.

1834 1344 2164 1399 Prandebat
2229 1345 2431 1400 Daniel
2487 1345 2638 1401 inter
2685 1347 3022 1417 jejunantes
3095 1347 3312 1408 leones.
3384 1348 3485 1406 Ille

1833 1432 2155 1504 prandebat
2218 1431 2476 1488 alienum
2536 1435 2870 1506 prandium,
2922 1438 3054 1491 feras
3112 1454 3228 1493 non
3284 1440 3484 1511 tange-

1832 1520 1977 1577 bant
2007 1537 2202 1576 suum.
2234 1521 2649 1592 Jejunantibus
2681 1524 2861 1596 epulae
2892 1525 3104 1591 volant,
3142 1526 3484 1597 prandenti-

1830 1608 1943 1664 bus
1974 1610 2148 1681 pedes
2176 1609 2449 1667 vacillant
2483 1628 2495 1665 :
2520 1612 2927 1683 jejunantibus
2957 1631 3175 1670 manna
3222 1615 3293 1671 de
3339 1614 3481 1671 caelo

1830 1698 2151 1768 descendit,
2203 1698 2581 1771 epulantibus
2629 1701 2801 1774 culpa
2848 1702 3338 1775 praevaricationis
3387 1722 3480 1762 as-

1830 1947 2293 2024 Quemadmodam
2324 1951 2383 2024 in
2407 1878 3147 2024 ἕεῖίφέἓῇνωοίρίιθι
3175 1955 3414 2010 ebrietas
3465 1971 3477 2009 :

1899 2035 2167 2089 quamque
2196 2020 2297 2074 illa
2326 2020 2567 2075 ridicula
2594 2020 2665 2076 sit
2693 2030 2745 2077 et
2772 2020 2976 2089 odiosa,
3009 2020 3247 2092 eleganti
3273 2025 3477 2081 descri-

1895 2092 2080 2163 ptione
2105 2093 2413 2161 exponitur.
2448 2098 2577 2163 Post
2621 2108 2745 2163 qua:
2793 2095 3066 2149 nonnulla
3096 2096 3160 2151 de
3199 2096 3479 2153 luxurioso

1897 2162 2230 2285 gulolcscenle
2285 2164 2354 2217 ad
2415 2162 2819 2234 philosophiam
2876 2182 3125 2222 converso
3194 2167 3472 2240 adjiciun-

1920 2249 2006 2285 τιν.

1920 2249 2006 2286 ην.

1896 2321 1984 2376 Ill.
2021 2322 2130 2376 Sed
2166 2322 2303 2393 quid
2338 2326 2427 2377 est
2458 2322 2604 2378 hoc?
2636 2323 2786 2379 Dum
2837 2326 2907 2379 de
2946 2326 3175 2397 jejunio
3215 2326 3472 2399 disputo,

1825 2407 2107 2479 strepitus
2153 2407 2326 2464 audio
2377 2411 2792 2467 conviviorum.
2830 2412 2955 2467 Nisi
3002 2412 3197 2480 fallor,
3243 2414 3300 2469 in
3348 2429 3477 2470 ser-

1826 2512 1996 2551 mone
2029 2512 2155 2552 meo
2190 2497 2441 2553 redoluit
2469 2499 2781 2570 prandium
2813 2502 2946 2571 (36).
2979 2502 3171 2557 Sonus
3200 2518 3335 2574 ergo
3379 2501 3474 2558 lit-

1824 2590 2085 2640 terarum
2116 2586 2339 2652 invitat,
2371 2587 2745 2659 impatientiae
2776 2589 3041 2661 exempla
3070 2607 3185 2645 non
3233 2595 3472 2648 terrent.

1824 2674 2048 2728 Etenim
2109 2675 2209 2746 qui
2260 2676 2650 2746 jejunantem,
2700 2681 2756 2732 et
2803 2694 2871 2733 ea
2927 2695 3053 2751 quae
3111 2679 3262 2735 548
3319 2678 3468 2752 legis

1822 2767 1961 2817 sunt
1992 2762 2103 2833 (37)
2136 2763 2435 2831 ferentem,
2472 2770 2805 2837 exspectare
2836 2783 2950 2822 non
2982 2783 3195 2839 passus
3230 2771 3320 2824 est
3366 2784 3470 2840 po-

1823 2850 2018 2922 pulus,
2052 2852 2256 2924 utique
2288 2853 2439 2908 sedit
2469 2855 2840 2923 manducare,
2873 2859 2930 2911 et
2975 2856 3192 2920 bibere,
3236 2860 3293 2912 et
3341 2874 3471 2912 sur-

1823 2944 2097 2995 rexerant
2148 2939 2370 2997 ludere.
2429 2943 2710 2998 Videmus
2767 2943 3137 3017 sacrilegium
3203 2945 3469 3003 ebrietati

1822 3027 2004 3083 fuisse
2034 3028 2434 3098 conjunctum.
2469 3030 2615 3085 Nam
2665 3031 2820 3086 sicut
2866 3036 3051 3087 mater
3096 3032 3233 3089 ﬁdei
3282 3033 3471 3090 conti-

1821 3117 2038 3183 nentia,
2073 3116 2153 3172 ita
2184 3118 2435 3189 perﬁdia:
2467 3123 2654 3174 mater
2683 3120 2934 3176 ebrietas
2963 3123 3068 3175 est.
3105 3120 3167 3176 In
3191 3122 3345 3193 quod
3378 3122 3469 3179 fa-

128 3210 206 3266 38.
238 3210 416 3267 Nemo
467 3209 864 3266 amarioribus
908 3211 1102 3267 dulcia
1159 3216 1455 3284 praeoptet.
1506 3211 1701 3269 Dulcis
1734 3194 1776 3260 (ἶ
1815 3205 1982 3260 ciuus
2015 3222 2128 3261 non
2161 3205 2276 3261 ista
2304 3207 2669 3278 praecipitat?

76 3298 309 3371 voluptas
355 3300 617 3366 videtur,
666 3315 932 3355 amarum
972 3299 1287 3371 jejunium.
1335 3301 1453 3356 Hoc
1500 3317 1699 3357 amaro

75 3386 193 3444 illud
223 3388 386 3445 dulce
416 3387 685 3445 tollatur.
716 3387 914 3443 Solent
944 3404 1144 3443 amara
1174 3388 1348 3444 etiam
1382 3387 1525 3460 ipsis
1565 3389 1699 3460 plus

73 3478 315 3546 prodesse
341 3476 717 3550 corporibus.
762 3476 924 3532 Sicut
970 3476 1127 3532 enim
1175 3494 1310 3532 cum
1363 3477 1422 3531 in
1471 3476 1699 3534 intimis

70 3580 353 3634 puerorum
385 3565 719 3622 visceribus
760 3581 988 3620 vermes
1036 3582 1104 3621 ex
1160 3564 1273 3619 cibi
1318 3565 1699 3638 indigestione

71 3660 379 3723 nascuntur,
397 3653 700 3726 exstingui
736 3670 850 3708 non
885 3658 1108 3725 queunt
1139 3654 1252 3709 nisi
1283 3670 1413 3709 cum
1449 3654 1701 3711 amarior

68 3747 216 3811 potus
242 3743 713 3809 infunditur,aut
740 3742 1302 3797 medicamentorum
1326 3741 1413 3797 vis
1436 3742 1700 3798 inolescit

67 3832 603 3905 asperior,quorum
637 3829 811 3885 odore
842 3834 1147 3886 morantur
1181 3848 1194 3884 :
1230 3830 1309 3885 ita
1341 3829 1698 3902 profundum

69 3919 245 3977 animae
275 3921 462 3977 virtus
491 3920 764 3991 ingressa
784 3918 998 3991 jejunii
1033 3917 1265 3991 culpam
1295 3916 1570 3973 latentem
1611 3917 1698 3973 in-

64 4010 261 4066 terﬁcit.

118 4097 195 4151 39.
226 4099 373 4167 Quid
422 4100 588 4154 Esau
637 4113 870 4152 servum
916 4094 1084 4151 fratri
1133 4112 1241 4151 suo
1294 4095 1461 4151 fecit?
1501 4095 1702 4151 Nonne

60 4200 170 4241 esca
197 4189 264 4243 ad
295 4188 512 4244 horam
548 4184 759 4252 dulcis,
807 4202 1009 4240 amara
1057 4184 1115 4239 in
1169 4184 1509 4256 posterum?
1552 4183 1701 4250 Quid

58 4272 212 4331 Jacob
250 4277 572 4333 dominum
620 4273 783 4330 fratri
830 4274 1034 4330 dedit?
1084 4273 1285 4329 Nonne
1334 4276 1703 4345 contemptus

58 4359 150 4418 cibi
177 4366 243 4421 ad
266 4354 525 4439 tempus
555 4362 827 4430 amarior,
863 4363 964 4418 sed
997 4360 1254 4417 salubris
1284 4362 1343 4417 ia
1375 4360 1703 4433 reliquum?

58 4454 169 4519 Ipsa
193 4446 438 4526 corpora
463 4451 745 4508 dulcibus
778 4452 1116 4523 frequenter
1144 4451 1511 4516 inflantur,et
1532 4450 1705 4506 melle

1876 3296 1965 3350 42.
1995 3296 2210 3351 Sedent
2240 3295 2299 3349 in
2332 3295 2556 3351 [oribus
2589 3297 2967 3352 tabernarum
3002 3296 3269 3353 homines
3299 3299 3458 3354 tuni-
3486 3359 3491 3363 j

1807 3401 1935 3439 cam
1965 3400 2080 3439 non
2112 3383 2413 3453 habentes,
2458 3400 2563 3439 nec
2611 3390 2916 3457 sumptum
2969 3386 3269 3458 sequentis
3317 3386 3455 3446 diei.

1806 3472 1886 3529 De
1943 3472 2393 3545 imperatoribus
2448 3479 2505 3529 et
2559 3474 2946 3545 potestatibus
2996 3475 3286 3546 judicent,
3330 3477 3452 3534 imo

1805 3577 2048 3634 regnare
2104 3560 2219 3618 sibi
2276 3562 2562 3630 videntur,
2616 3567 2673 3618 et
2727 3563 3075 3620 exercitibus
3141 3564 3449 3637 imperare.

1808 3648 1982 3706 Fiunt
2024 3648 2299 3706 ebrietate
2348 3650 2574 3720 divites,
2609 3652 2711 3724 qui
2757 3656 2897 3708 sunt
2938 3653 3176 3710 veritate
3224 3653 3451 3726 inopes.

1806 3744 2031 3794 Aurum
2064 3740 2304 3805 donant,
2338 3739 2686 3812 dispensant
2717 3742 2996 3814 pecunias
3029 3742 3281 3816 populis,
3315 3742 3453 3798 civi-

1806 3831 1957 3884 tates
1986 3828 2401 3900 aediﬁcant,qui
2434 3846 2548 3884 non
2580 3829 2796 3886 habent
2819 3832 2974 3887 unde
3001 3832 3251 3904 cauponi
3282 3837 3453 3904 potus

1808 3917 1900 3971 sui
1935 3915 2193 3987 corporis
2224 3916 2475 3988 pretium
2507 3917 2961 3974 solvant.Fervet
2982 3918 3139 3974 enim
3170 3919 3371 3974 vinum
3394 3918 3453 3973 in

1809 4003 1921 4072 his,
1970 4004 2237 4060 nesciunt
2284 4005 2423 4076 quid
2475 4005 2809 4077 loquantur.
2863 4007 3074 4062 Divites
3123 4011 3263 4062 sunt
3311 4007 3454 4062 dum

1811 4091 2174 4148 inebriantur
2205 4110 2217 4146 ε
2253 4109 2387 4148 mox
2418 4094 2515 4148 ubi
2548 4092 2747 4149 vinum
2797 4093 3167 4165 digesserint,
3208 4100 3456 4151 cernunt

1811 4196 1873 4237 se
1902 4196 2032 4236 esse
2064 4179 2378 4237 mendicos.
2418 4181 2536 4236 Uno
2583 4181 2676 4236 die
2727 4181 2937 4237 bibunt
2991 4181 3308 4239 multorum
3341 4183 3458 4240 die-

1812 4287 1943 4325 rum
1975 4267 2221 4324 labores.

1883 4360 1967 4414 43.
2002 4360 2082 4415 De
2112 4358 2387 4414 ebrietate
2431 4358 2502 4413 ad
2552 4375 2716 4414 arma
2747 4360 3137 4434 consurgitur,
3172 4361 3455 4420 calicibus

1812 4448 1929 4504 tela
1975 4449 2312 4503 succedunt.
2363 4448 2472 4503 Pro
2523 4447 2654 4511 vino
2706 4451 2950 4522 sanguis
3000 4451 3340 4521 eli'unditur,
3397 4456 3457 4509 et

48 4538 193 4613 jecur
214 4541 671 4611 tenditur-ﬁdem
695 4543 889 4596 tamen
912 4555 1056 4595 escae
1080 4538 1470 4595 amaritudine
1491 4542 1707 4611 tempe-
1736 4568 1782 4632 Β
1813 4537 2008 4608 ipsum
2041 4536 2385 4609 sanguinem
2419 4536 2551 4592 vina
2580 4537 2872 4594 fuderunt.
2907 4541 3090 4606 Quam
3123 4541 3301 4598 fortes
3342 4541 3456 4597 sibi

53 4630 357 4689 ratur.ldeo
392 4648 522 4688 non
550 4627 991 4694 mediocris,sed
1016 4626 1255 4682 laudata
1277 4627 1521 4699 quaestio
1547 4646 1595 4682 ;‹‹
1627 4627 1707 4683 De
1736 4625 1774 4632 ”
1816 4625 2082 4681 homines
2111 4626 2381 4681 videntur
2428 4625 2487 4680 in
2540 4625 2691 4694 vino,
2726 4644 2901 4699 quam
2932 4628 3245 4702 sapientes,
3279 4647 3456 4704 quam

56 4719 431 4779 manducante
463 4717 645 4777 exivit
674 4734 829 4785 esca,
862 4720 919 4773 et
949 4715 1019 4772 de
1048 4715 1181 4771 forti
1214 4714 1704 4787 dulce(35)(.ludic.

53 4819 150 4872 xiv,
201 4809 309 4879 14).
366 4834 393 4859 ι)
446 4807 563 4863 Alii
612 4805 831 4860 habent
884 4822 961 4858 :«
1009 4804 1078 4859 Et
1127 4803 1197 4858 de
1245 4803 1400 4859 tristi
1445 4803 1631 4869 dulce,
1678 4827 1706 4854 »

54 4889 216 4949 Graeci
243 4897 483 4952 codices
515 4891 917 4949 maxime.Sed
952 4896 1009 4948 et
1042 4893 1186 4947 forte
1217 4890 1573 4949 laboriosum
1596 4897 1708 4962 est,

49 4984 149 5038 exit
174 4985 333 5042 enim
369 4985 555 5042 dulce
584 4983 654 5038 de
688 4981 929 5038 tristitia
952 4980 1040 5036 vel
1074 4981 1288 5036 labore.
1423 4979 1426 4983 ’

110 5153 215 5224 (34)
247 5154 377 5211 Vet.
417 5153 569 5210 edit.
622 5169 753 5207 cum
800 5152 990 5224 tribus
1034 5167 1201 5212 mss..
1234 5151 1468 5224 quadam
1512 5152 1709 5222 impie—

50 5224 147 5303 tate
173 5221 527 5303 operiamus.
556 5224 729 5303 Boni.
780 5227 835 5303 et
880 5221 993 5303 alii
1031 5238 1198 5286 mss.,
1231 5221 1469 5303 quadarn.
1496 5221 1708 5293 peripe-

51 5293 287 5363 lasmcite,
325 5296 443 5353 hoc
479 5299 573 5351 est
602 5294 908 5351 velamine.
954 5293 1179 5348 Rursus
1218 5293 1317 5364 ubi
1361 5293 1535 5358 edit.,
1562 5310 1710 5364 pra:-

50 5366 180 5431 [ετ-αι
208 5368 671 5425 innocentiam...
708 5367 1024 5435 interfector
1051 5368 1147 5429 est,
1181 5362 1379 5435 plures
1409 5380 1474 5420 ac
1504 5362 1711 5435 proba-

51 5436 213 5493 tiores
242 5439 503 5504 habent,
552 5454 691 5507 pure
738 5440 884 5508 [erat
932 5437 1369 5490 innocentiam...
1404 5436 1710 5506 inter/eclo-

47 5509 181 5564 rium
207 5518 309 5567 est.
348 5510 506 5567 Mss.
544 5509 680 5573 duo,
710 5509 1014 5579 interfeclio
1040 5510 1138 5579 est.

107 5581 217 5649 (35)
249 5582 411 5638 Edit.
450 5595 685 5645 omnes,
718 5579 783 5634 de
831 5576 967 5650 forti
1014 5576 1260 5633 dulcedo.
1291 5576 1456 5650 Mss.,
1485 5576 1560 5650 de
1580 5578 1715 5647 forti

44 5647 207 5710 dulce.
240 5655 332 5709 Ita
364 5650 693 5709 etiamlib.
740 5647 839 5707 De'
870 5650 1031 5707 Tobia
1076 5665 1202 5717 cap.
1258 5650 1345 5717 15,
1399 5647 1500 5705 ubi
1548 5647 1714 5707 locus

44 5719 130 5782 hic
177 5724 383 5785 adhuc
441 5722 640 5796 magis
688 5721 994 5802 perspicue
1043 5719 1385 5801 explicatur.
1419 5719 1584 5796 Quod
1613 5736 1714 5783 au-

366 5852 649 5917 PATROL.
696 5850 860 5919 XIV.

1817 4714 2041 4781 diserti,
2075 4732 2251 4787 quam
2283 4715 2458 4770 etiam
2501 4714 2726 4787 pulchri
2768 4734 2834 4772 ac
2876 4718 3091 4789 decori,
3123 4736 3256 4775 cum
3305 4724 3459 4776 stare

1818 4821 1931 4859 non
1966 4804 2218 4876 possint!
2253 4804 2414 4860 Mens
2449 4821 2679 4861 necesse
2709 4809 2798 4861 est
2826 4806 3055 4873 titubet,
3088 4807 3289 4881 lingua
3334 4808 3457 4863 bal-

1819 4891 2028 4961 butiat,
2062 4892 2248 4965 pallor
2279 4894 2592 4965 exsanguis
2616 4911 2718 4949 ora
2747 4895 3066 4963 suti‘undat,
3100 4896 3248 4950 fetor
3274 4894 3485 4950 ebrie-~

1817 4982 1956 5037 tatis
1986 4981 2211 5036 horrori
2260 4981 2354 5037 sit.
2392 4983 2627 5038 Barbari
2658 4985 2715 5037 in
2748 4983 2965 5038 ferrum
3016 4972 3214 5051 ruunt,
3246 4982 3460 5056 vulgus

1820 5154 1936 5205 tem
1968 5150 2187 5222 subdit,
2218 5149 2310 5222 sed
2338 5155 2388 5205 et
2416 5153 2574 5221 forte,
2608 5155 2740 5218 etc.,
2774 5167 3015 5207 sensum
3060 5151 3217 5207 hunc
3264 5151 3458 5222 habet,

1819 5238 2028 5292 nempe
2058 5220 2275 5276 animal
2310 5220 2452 5276 forte
2481 5238 2544 5276 ac
2578 5222 2881 5276 robustum
2933 5222 3081 5278 solet
3126 5240 3255 5279 esse
3301 5220 3460 5281 labo-

1822 5309 2063 5349 l‘lOSUln.

1892 5364 2002 5435 (36)
2034 5362 2139 5435 Sic,
2158 5379 2303 5418 mss.
2338 5362 2598 5435 plerique
2630 5370 2863 5417 omnes.
2888 5368 2962 5417 At
2994 5365 3130 5420 edit.
3156 5370 3281 5421 tum
3313 5367 3463 5423 anti-

1862 5434 1947 5509 uaa
1968 5440 2101 5509 tum
2125 5434 2449 5509 Rom.,dum
2463 5435 2521 5488 in
2533 5450 2778 5489 sermone
2798 5451 2912 5490 meo
2941 5436 3362 5509 disputo,meum
3383 5458 3467 5496 re-

1858 5507 1996 5564 olm't
2025 5505 2343 5578 prandium.

1894 5578 2013 5658 (371
2027 5576 2182 5658 Qum
2199 5578 2335 5658 legis
2357 5583 2526 5658 sunt,
2542 5576 2650 5658 hoc
2667 5580 2787 5658 .est,
2806 5577 3015 5658 decem
3049 5585 3335 5658 praecepta
3378 5582 3466 5642 di-

1824 5647 1946 5727 gita
1975 5647 2076 5709 Dei
2107 5648 2324 5709 tabulis
2354 5648 2637 5729 inscripta
2665 5647 2930 5729 lapideis.
