3866 6212
140 311 239 370 749

1228 296 1458 361 LIBER.
1505 293 1603 360 DE
1647 296 1826 362 ELIA
1870 302 1971 361 ΕΤ
2013 299 2351 363 JEJUNIO.

3372 306 3493 371 750

60 468 61 473 π
138 439 414 499 meraciore
443 439 756 509 reparatur.
791 437 1023 491 Certant
1053 435 1265 507 pocula
1296 450 1430 487 cum
1483 433 1736 501 ferculis,
1770 444 1823 506 Α
1855 435 2087 505 quando
2121 439 2562 492 consurrectum
2594 436 2787 506 fuerit,
2822 438 2928 493 viri
2958 440 3310 511 praeliatores
3340 446 3494 498 stare

131 536 177 588 ct
200 531 333 585 inter
361 541 582 581 morsus
614 540 765 597 saepe
811 523 1212 580 remittuntur.
1262 521 1479 578 Deinde
1538 538 1730 594 prore-

133 622 276 676 dcnte
329 618 458 688 potu
532 613 767 686 longius
840 614 1311 684 contentiusque,
1373 611 1602 667 diversa
1677 614 1733 667 et

130 723 311 780 magna
331 704 435 776 (49)
458 702 794 771 certamina,
820 702 953 775 quis
977 702 1229 757 bibendo
1251 699 1560 774 praecellat.
1585 701 1734 756 Nota

128 795 307 870 gravis,
330 793 375 848 si
396 791 524 864 quis
546 808 607 848 se
623 796 879 860 excuset,
905 790 953 847 si
977 792 1111 864 quis
1127 792 1571 863 temperandum
1590 790 1733 845 forte

126 885 295 939 vinum
316 884 490 955 putet.
523 881 591 935 Et
624 881 744 936 haec
775 881 956 936 donec
987 880 1059 935 ad
1093 896 1325 935 mensas
1365 880 1734 952 perveniatur

127 971 397 1030 secundas.

182 1059 422 1117 48.Atubi
454 1063 872 1115 consummatae
906 1058 1125 1115 fuerint
1170 1059 1373 1130 epulis,
1399 1062 1568 1130 putes
1602 1058 1726 1128 jam

124 1167 229 1207 esse
255 1149 632 1222 surgendum:
666 1152 807 1204 tunc
828 1148 897 1203 de
927 1147 1153 1221 integro
1167 1151 1368 1220 potum
1402 1147 1734 1203 instaurant

123 1255 297 1306 suum;
326 1242 374 1293 et
406 1253 537 1292 cum
560 1237 1117 1304 consummaverint,
1135 1241 1273 1291 tunc
1290 1235 1731 1293 550inchoare

118 1344 167 1382 se
185 1326 387 1396 dicunt,
404 1329 542 1380 tunc
561 1325 906 1381 deferuntur
925 1323 1156 1398 phialae,
1178 1329 1319 1380 tunc
1341 1323 1579 1380 maximi
1605 1340 1728 1379 cra-

115 1421 241 1471 teres
268 1414 424 1486 quasi
457 1415 852 1470 instrumenta
868 1413 1177 1470 bellorum.
1205 1418 1283 1469 Ac
1303 1413 1730 1469 neimmodera-

112 1509 213 1559 tum
244 1504 343 1558 hoc
373 1502 696 1570 arbitreris,
730 1520 1007 1559 mensura
1046 1503 1412 1575 proponitur,
1474 1505 1730 1558 certatur

109 1594 198 1648 sub
218 1593 429 1664 judice,
466 1593 578 1647 sub
608 1591 735 1665 lege
777 1593 1128 1648 decernitur.
1176 1590 1565 1665 Agonothetes
1615 1592 1730 1663 (50)

105 1682 198 1738 illis
226 1682 379 1737 furor
408 1686 522 1747 est,
557 1682 917 1753 stipendium
955 1681 1250 1753 debilitas,
1280 1680 1536 1736 victoriae
1583 1697 1727 1752 prae-

109 1772 262 1826 mium
306 1769 496 1876 culpa.
553 1770 1037 1876 Pendetmanceps
1085 1770 1182 1876 diu
1237 1775 1293 1868 et
1326 1769 1544 1876 dub‘ius
1590 1767 1727 1868 belli
1759 1812 1806 1876 B

103 1864 347 1927 eventus,-
378 1859 545 1914 furor
575 1858 730 1914 enim
762 1858 859 1914 ille
891 1863 979 1914 est
1008 1858 1309 1931 prteliaris.
1345 1859 1571 1914 Cedunt
1599 1857 1728 1929 pin-

100 1964 369 2003 cernarum
404 1964 620 2003 manus
664 1948 798 2003 vina
850 1947 1246 2012 fundentium,
1297 1953 1352 2002 et
1405 1964 1725 2018 coquorum

101 2036 301 2091 labores
317 2035 509 2092 calida
526 2036 986 2092 ministrantium
1013 2054 1024 2091 :
1052 2038 1266 2092 cedunt
1288 2036 1385 2107 qui
1420 2052 1729 2091 mensuras

101 2125 933 2197 ipsasbonassuperefﬂuentes
959 2125 1222 2198 diligenti
1256 2124 1473 2179 librant
1506 2123 1725 2180 exami-

98 2229 169 2281 ne,
197 2231 262 2270 ne
292 2213 430 2286 quid
455 2215 801 2270 effundant:
839 2232 950 2270 non
978 2215 1193 2269 cedunt
1220 2214 1509 2269 bibentes.

155 2305 232 2358 49.
263 2303 395 2359 Sola
426 2302 536 2358 illa
565 2307 703 2358 sunt
736 2304 862 2359 sine
888 2302 1258 2358 excusatione
1289 2302 1629 2357 certamina.
1666 2302 1727 2356 In

100 2390 228 2447 bello
257 2391 302 2447 si
334 2392 466 2463 quis
498 2407 563 2447 se
596 2391 929 2446 inferiorem
956 2391 1185 2463 viderit,
1228 2407 1392 2446 arma
1424 2391 1725 2459 convertit,

93 2483 135 2533 et
163 2484 409 2536 meretur
437 2480 673 2535 veniam
703 2498 715 2535 :
748 2479 842 2535 hic
875 2480 923 2534 si
957 2480 1090 2551 quis
1121 2479 1359 2535 calicem
1406 2481 1723 2547 convertat,

95 2573 311 2640 urgetur
339 2570 410 2625 ad
446 2572 673 2641 potum.
700 2570 760 2623 In
794 2572 1113 2623 scammafe
1135 2568 1245 2639 (51)
1265 2567 1312 2623 si
1332 2567 1463 2639 quis
1483 2584 1724 2621 manum

92 2657 238 2726 levat,
266 2675 474 2714 exsors.
502 2657 742 2729 quidem
777 2656 1000 2729 palmae,
1044 2658 1142 2712 sed
1176 2657 1460 2712 immunis
1498 2656 1725 2727 injuriae

95 2751 199 2801 est:
238 2746 297 2801 in
328 2745 617 2802 conviviis
659 2745 768 2800 etsi
810 2762 1051 2800 manum
1104 2748 1327 2800 revocet
1359 2762 1392 2799 a
1438 2744 1586 2811 vino,
1639 2744 1722 2800 ori

92 2836 201 2903 ejus
222 2835 581 2890 infunditur.
597 2832 1462 2899 Omnesinebriantur,victores
1474 2832 1725 2904 victique

93 2938 274 2979 omnes
304 2924 451 2979 ebrii
479 2924 700 2994 jaceat,
732 2921 997 2994 plerique
1030 2921 1223 2993 sopiti.
1258 2923 1371 2975 Nec
1396 2921 1724 2993 portarieos

89 3011 148 3067 ad
176 3011 514 3084 sepulcrum
549 3010 703 3079 licet,
737 3011 1079 3082 priusquam
1102 3011 1150 3064 is
1170 3010 1268 3081 qui
1293 3010 1721 3082 pascit,deom-

90 3100 244 3156 nibus
275 3118 337 3157 se
362 3100 734 3164 vindicatum
763 3100 993 3167 viderit,
1035 3104 1099 3155 ut
1130 3098 1447 3154 ulciscatur
1484 3099 1725 3170 dispen-

1844 539 1959 576 non
1992 528 2266 594 possunt,
2302 541 2543 597 egressu
2573 525 2863 582 vacillant.
2898 528 3108 584 Rident
3131 530 3345 587 servuli
3393 532 3495 587 do-

1843 612 2140 667 minorum
2173 613 2507 685 opprobria,
2545 616 2820 672 manibus
2852 616 2978 672 suis
2999 618 3494 690 portantmilitem

1842 697 2209 767 bellatorem,
2243 700 2553 772 imponunt
2578 719 2746 775 equo.
2784 705 2982 776 Itaque
3012 706 3120 762 hac
3151 711 3324 779 atque
3363 706 3493 764 illac

1842 791 2124 859 tanquam
2175 789 2405 861 navigia
2457 790 2584 847 sine
2639 793 3030 864 gubernatore
3082 795 3387 865 ﬂuctuant,
3437 801 3494 853 et

1842 879 2125 948 tanquam
2148 876 2384 933 vulnere
2408 879 2504 933 icti
2538 880 2597 935 in
2630 884 2842 937 terram
2878 882 3167 950 defluunt,
3191 884 3305 940 nisi
3335 884 3487 941 exci-

1842 964 2081 1036 piantur
2108 982 2141 1021 a
2171 965 2437 1021 servulis.
2471 968 2582 1022 Alii
2615 970 2947 1025 referuntur
2983 971 3043 1026 in
3102 973 3284 1029 scutis
3351 974 3486 1045 (52),

1843 1053 1905 1107 fit
1938 1070 2153 1126 pompa
2180 1053 2438 1110 ludibrii.
2474 1055 2625 1119 Quos
2658 1074 2829 1113 mane
2854 1058 3113 1131 insignes
3145 1061 3324 1118 armis
3355 1079 3485 1135 spe-

1841 1146 2119 1208 ctaveras,
2151 1142 2310 1198 vultu
2336 1144 2616 1213 minaces,
2648 1148 2883 1203 eosdem
2919 1147 3065 1204 551
3101 1150 3325 1222 vesperi
3363 1168 3486 1208 cer-

1842 1248 1946 1286 nas
1977 1232 2151 1287 etiam
2176 1249 2208 1287 a
2239 1233 2500 1304 puerulis
2533 1234 2999 1307 impune.rideri,
3025 1238 3152 1295 sine
3183 1238 3330 1295 ferro
3362 1240 3487 1296 vul-

1839 1324 2095 1387 neratos,
2112 1320 2236 1376 sine
2263 1338 2461 1393 pugna
2484 1322 2837 1394 interfectos,
2870 1325 2993 1381 sine
3014 1326 3181 1383 hoste
3202 1329 3488 1398 turbatos,

1840 1408 1966 1463 sine
1999 1413 2296 1465 senectute
2328 1411 2629 1481 tremulos,
2674 1413 2732 1467 in
2790 1414 2917 1485 ipso
2963 1416 3291 1486 juventutis
3351 1418 3491 1474 ﬂore

1841 1502 2109 1554 nascente
2142 1499 2273 1570 (5‘3).

2451 1607 2682 1662 CAPUT
2713 1608 2855 1664 XIV.

1841 1694 2327 1784 Ilcprehenduntur
2357 1697 2453 1777 qui
2507 1698 2784 1780 convivis
2812 1698 2882 1780 qd
2922 1700 3300 1756 lmnulentiam
3335 1717 3486 1784 prae-

1903 1770 2140 1842 purant‘:
2211 1784 2239 1821 ιε
2319 1770 2499 1837 major
2552 1784 2663 1823 esse
2727 1771 2864 1838 vini,
2922 1787 3085 1842 quam
3148 1770 3347 1829 veneni
3402 1776 3484 1829 vis

1907 1837 2230 1893 ostenditur.

1906 1945 1995 1997 51.
2032 1943 2171 2008 Quis
2204 1942 2318 1999 tale
2349 1944 2583 1999 miscuit
2612 1945 2826 2001 furoris
2848 1948 3326 2017 poculum?Quis
3356 1954 3485 2006 tan-

1838 2035 1960 2086 tum
1979 2032 2236 2086 infundit
2256 2033 2556 2087 mentibus
2571 2050 2856 2089 venenum
2881 2040 2907 2089 .9
2924 2036 3289 2093 Periclitatur
3308 2038 3484 2094 homo

1838 2118 2027 2174 lutum
2064 2136 2191 2175 esse
2223 2121 2294 2175 de
2329 2138 2568 2193 corpore
2601 2123 2753 2193 (5t):
2788 2128 2844 2177 et
2890 2124 3015 2196 ipse
3074 2126 3187 2181 sibi
3218 2144 3352 2183 reus
3398 2132 3488 2183 est

1838 2208 2078 2262 insaniae
2119 2207 2479 2280 voluntariae,
2521 2210 2860 2283 corruptela:
2918 2217 3248 2285 spontaneis
3276 2234 3289 2284 ;
3314 2219 3371 2271 et
3405 2220 3488 2272 ta-

1839 2313 1972 2352 men
1996 2314 2101 2352 nec
2134 2314 2234 2353 vos
2267 2299 2627 2354 excusamini
2660 2300 2761 2372 qui
2787 2302 2999 2356 vocatis
3032 2306 3095 2357 ut
3133 2304 3374 2373 amicos,
3434 2310 3490 2361 et

1837 2386 2104 2441 emittitis
2138 2390 2203 2440 ut
2225 2386 2515 2444 inimicos.
2549 2389 2776 2452 Quanto
2808 2390 3020 2447 melius
3052 2392 3109 2447 in
3141 2397 3354 2449 terram
3389 2398 3491 2450 tua

1836 2474 1970 2528 vina
1999 2474 2252 2531 fudisses
2273 2474 2300 2528 ‘?
2331 2476 2440 2530 Sed
2473 2479 2529 2531 et
2559 2481 2713 2532 terra
2759 2478 3025 2547 inebriat,
3077 2484 3133 2535 et
3162 2482 3488 2554 asperiores

1836 2562 2012 2618 etiam
2045 2563 2203 2636 ipsas
2243 2565 2392 2621 feras
2440 2565 2649 2635 reddit,
2696 2566 2745 2621 si
2778 2566 2893 2621 vini
2955 2569 3262 2642 contigerit
3322 2572 3484 2628 odor.

1835 2652 2096 2724 Denique
2126 2652 2429 2707 vindemia:
2462 2658 2723 2726 tempore
2753 2656 2803 2710 si
2857 2657 3086 2713 vineam
3117 2659 3480 2729 intraverint,

1834 2740 2023 2795 solent
2051 2740 2328 2797 ebrietate
2358 2744 2655 2799 succendi.
2689 2744 2836 2809 Quid
2868 2750 2921 2801 te
2944 2745 3234 2803 delectant
3266 2748 3483 2806 damna

1834 2829 1959 2884 sine
1990 2829 2177 2902 gratia
2195 2830 2222 2884 ?
2246 2830 2435 2903 Rogas
2468 2832 2537 2886 ad
2565 2832 3020 2904 jucunditatem,
3046 2836 3205 2909 cogis
3227 2838 3299 2893 ad
3323 2854 3478 2894 mor-

1832 2922 1948 2972 t3m
1985 2936 1996 2972 :
2056 2917 2266 2974 invitas
2305 2919 2373 2974 ad
2416 2921 2751 2991 prandium,
2786 2923 2987 2980 efferre
3027 2924 3114 2980 vis
3173 2926 3243 2981 ad
3276 2926 3471 2999 sepul-

1832 3023 1997 3062 crum
2030 3008 2177 3078 (55):
2212 3008 2371 3063 cibos
2394 3009 2706 3080 promittis,
2738 3015 3030 3068 tormenta
3059 3013 3285 3087 irrogas
3309 3033 3321 3069 :
3346 3015 3481 3071 vina

1832 3097 2162 3168 praetendis,
2194 3113 2415 3152 venena
2444 3098 2756 3155 suffundis.
2789 3104 2972 3156 Omne
3000 3102 3157 3157 enim
3191 3102 3479 3174 quidquid

87 3188 250 3244 dium.
287 3190 396 3256 Qui
430 3193 635 3245 autem
652 3189 994 3244 damnanon
1011 3187 1365 3255 sentit’,hanc
1382 3204 1593 3243 mensae
1608 3204 1725 3243 sua}
1758 3176 1800 3242 C
1842 3189 2028 3251 nocet,
2061 3201 2346 3241 venenum
2372 3189 2477 3241 est.
2514 3186 2688 3242 Tollit
2717 3205 2946 3256 sensus,
2995 3190 3219 3245 viscera
3271 3192 3482 3259 exurit,

87 3276 311 3349 gloriam
343 3282 540 3351 putat,
576 3276 624 3333 si
657 3292 725 3332 ex
756 3294 824 3332 ea
852 3276 1135 3332 vulnerati
1164 3293 1369 3332 omnes
1424 3293 1488 3331 ac
1548 3275 1730 3332 saucii

91 3370 351 3441 tanquam
384 3367 461 3434 de
493 3382 676 3422 arena
714 3370 940 3421 exeant.

144 3456 226 3510 50.
258 3453 684 3529 Spectaculum
714 3453 880 3509 triste
912 3453 1373 3509 Christianorum
1414 3453 1618 3521 oculis,
1678 3457 1735 3509 et

89 3544 429 3602 miserabilis
458 3545 711 3618 species.
747 3543 1228 3615 Cernasjuvenes
1260 3542 1549 3599 terribiles
1606 3542 1733 3598 visu

85 3630 342 3690 hostibus
376 3635 451 3689 de
486 3632 753 3691 convivio
784 3631 1000 3703 portari
1033 3632 1207 3699 foras,
1242 3636 1298 3686 et
1332 3630 1464 3687 inde
1496 3632 1564 3686 ad
1597 3648 1733 3686 con-

92 3720 289 3777 vii-ium
323 3721 648 3796 reportari,
683 3720 885 3792 repleri
921 3724 985 3775 ut
1014 3719 1383 3787 exhauriant,
1417 3725 1473 3775 et
1518 3720 1733 3775 exhau-

88 3809 174 3864 riri
205 3816 269 3866 ut
297 3811 540 3867 bibant.
584 3808 798 3881 Siquis
831 3810 1209 3865 verecundior
1251 3809 1445 3876 fuerit,
1495 3814 1559 3864 ut
1603 3825 1734 3864 eru-

87 3896 266 3953 bcsCat
296 3916 552 3974 surgere
578 3916 591 3966 ;
616 3914 751 3954 cum
776 3898 1336 3971 jamimmoderatos
1356 3902 1525 3970 potus
1541 3902 1738 3954 tenere

85 4002 184 4041 non
209 3989 425 4060 possit,
461 3985 743 4061 anhelare
772 3986 1193 4055 vehementius,
1220 3987 1451 4053 sudare,
1484 4003 1735 4060 gemere,

86 4074 253 4145 signis
299 4078 581 4151 prodere,
634 4076 791 4148 quod
828 4076 1045 4148 pudeat
1087 4075 1371 4131 confiteri.
1425 4074 1507 4130 Ibi
1556 4091 1738 4131 unus-

83 4164 320 4238 quisque
353 4181 600 4240 pugnas
632 4168 865 4219 enarrat
893 4180 1057 4232 suas,
1082 4164 1162 4218 ibi
1193 4163 1367 4219 fortia
1395 4163 1550 4219 facta
1596 4180 1740 4235 prm-

82 4251 266 4309 «licant
299 4273 439 4322 sua,
478 4257 726 4310 narrant
756 4257 974 4326 tropaea
1003 4254 1137 4311 vino
1167 4252 1407 4323 madidi,
1441 4256 1496 4308 et
1517 4268 1744 4308 somno-

79 4337 204 4398 lenti
235 4344 526 4401 nesciunt
559 4346 773 4410 mente,
807 4342 949 4414 quid
975 4341 1178 4412 lingua
1209 4341 1518 4416 proferant.
1551 4341 1743 4397 Unus-

78 4432 316 4506 quisque
349 4432 557 4490 stertit
588 4435 644 4487 et
675 4435 853 4504 potat,
888 4431 1113 4486 dormit
1159 4436 1216 4486 et
1260 4430 1535 4499 dimicat;
1591 4436 1646 4486 et
1695 4431 1744 4486 si

137 4557 244 4627 (49)
286 4557 524 4615 Omnes
548 4556 710 4623 edit.,
746 4557 966 4625 longius
997 4557 1365 4612 contentiones
1415 4557 1668 4623 diversae,
1699 4565 1750 4613 et
1783 4546 1826 4610 D

86 4642 298 4687 magna.
340 4634 465 4685 etc.
844 4673 854 4687 .

144 4644 687 4773 Aeggpothetes
738 4673 925 4773 judexl
954 4715 1043 4773 ac
1110 4714 1323 4773 praeses
1381 4698 1741 4773 certaminis,

79 4767 338 4843 bocloco
366 4767 544 4843 idem
578 4767 755 4843 atque
801 4769 1065 4843 conViviig
1111 4767 1465 4843 moderator.
1517 4770 1743 4843 Etenim

80 4840 342 4913 solebant
375 4842 618 4912 antiqui
644 4840 991 4913 priusquam
1013 4841 1448 4913 discumberent
1472 4841 1606 4896 talis
1628 4857 1746 4895 sor-

82 4911 185 4982 tiri,
219 4919 277 4969 et
307 4914 407 4969 cui
436 4911 658 4985 jactus
676 4911 915 4968 Veneris
949 4913 1212 4985 omnium
1247 4912 1747 4985 fortunatissimus

80 4985 401 5056 evenisset,
440 4982 653 5039 'eidem
702 5000 947 5056 regnum
980 4983 1098 5056 vini
1130 4982 1625 5056 committebatur,
1683 4986 1749 5039 ut

81 5070 142 5108 ex
196 5055 451 5111 Horatio
487 5054 839 5126 cognoscere
864 5062 953 5110 est
983 5055 1084 5109 lib.
1126 5070 1163 5122 ι,
1220 5055 1327 5109 ode
1357 5061 1408 5120 4,
1443 5059 1499 5108 et
1529 5054 1629 5109 lib.
1686 5071 1746 5120 ιι,

78 5126 177 5182 ode
205 5127 262 5182 5.
300 5126 522 5183 lnnuit
551 5126 725 5182 etiam
759 5131 997 5181 sanctus
1028 5126 1229 5181 doctor
1258 5126 1437 5179 fuisse
1467 5126 1562 5196 qui
1584 5126 1747 5181 biba-

81 5196 272 5270 citatis
308 5197 636 5270 praemium
682 5203 1089 5270 proponerent,
1143 5199 1295 5267 quod
1356 5196 1749 5252 Alexandrum

80 5267 363 5325 Magnum
394 5267 703 5323 factitasse
725 5267 991 5325 auctores
1014 5272 1358 5323 memorant.

145 5338 261 5411 (51)
297 5340 590 5405 Sramma,
623 5338 786 5395 locus
819 5340 989 5395 fossis
1028 5338 1317 5411 inclusus,
1373 5338 1471 5411 ubi

80 5408 625 5483 tores'certabant:
654 5411 923 5483 equibus
937 5410 1037 5483 qui
1062 5410 1500 5483 succumbebat,
1527 5408 1756 5483 sublata

80 5498 259 5539 manu
290 5482 541 5537 victum
574 5498 634 5537 se
676 5480 985 5547 fatebatur,
1017 5498 1081 5536 ac
1104 5481 1331 5536 veniam
1364 5480 1718 5552 postulabat.

145 5558 263 5626 (52)
298 5553 602 5626 Solebant
631 5555 730 5624 qui
760 5553 1043 5626 vulnerati
1067 5552 1151 5607 vel
1179 5551 1509 5626 interempti
1530 5552 1761 5626 fuerant

80 5622 423 5708 in'praelio,
470 5622 715 5681 domum
754 5625 812 5708 in
846 5625 1044 5701 clypeo
1074 5623 1312 5682 referri:
1367 5622 1519 5682 unde
1574 5625 1758 5680 Auso-

81 5694 221 5765 niu's
253 5697 334 5756 de
369 5695 629 5765 Lacaena
657 5694 940 5759 muliere“:

1532 5337 1751 5409 gladia-

1844 3290 2119 3329 somnum
2150 3274 2409 3340 infestat,
2442 3280 2810 3347 caputvexat.

1912 3364 2001 3418 52.
2036 3363 2224 3417 Etiam
2257 3364 2445 3435 major
2468 3364 2553 3419 vis
2585 3363 2721 3431 vini,
2755 3381 2931 3436 quam
2988 3367 3193 3422 veneni
3246 3371 3353 3423 est.
3387 3367 3492 3423 De-

1845 3451 2021 3524 nique
2078 3468 2363 3507 venenum
2422 3452 2553 3508 vino
2606 3452 2952 3523 excluditur,
2993 3472 3108 3512 non
3157 3456 3359 3512 vinum
3396 3472 3494 3513 ve-

1844 3559 2013 3595 neno.
2048 3541 2408 3596 MeritoDens
2440 3559 2541 3613 per
2573 3542 2809 3615 Moysen
2844 3561 2959 3600 non
2999 3544 3188 3601 solum
3249 3562 3492 3614 veneno,

1845 3631 1945 3685 sed
1988 3629 2162 3684 etiam
2223 3630 2543 3685 draconum
2584 3648 2824 3699 veneno,
2883 3634 3086 3690 vinum
3135 3634 3493 3707 comparavit

1858 3719 2102 3773 dicens:
2149 3743 2176 3769 «
2224 3719 2405 3773 Furor
2430 3719 2749 3776 draconum
2781 3720 2981 3778 vinum
3011 3740 3234 3792 eorum,
3287 3728 3344 3779 et
3400 3724 3487 3779 ira

1846 3808 2118 3880 aspidum
2155 3807 2507 3863 insanabilis
2542 3809 2713 3879 (Deut.
2756 3828 2929 3880 xxxn,
2962 3812 3073 3885 33).
3110 3835 3136 3862 »
3160 3814 3228 3868 Et
3251 3812 3496 3885 pulchre

1846 3895 2094 3964 addidit,
2135 3897 2501 3966 insanabilis;
2538 3897 2710 3954 multi
2742 3900 2898 3955 enim
2938 3919 2970 3955 a
3000 3901 3223 3973 reliquo
3253 3917 3497 3973 serpen-

1846 3987 1995 4041 tium
2027 4001 2245 4040 veneno
2302 3989 2601 4054 curantur,
2652 4003 2823 4043 nemo
2856 3990 2926 4044 ab
2976 3989 3272 4044 ebrietate.
3333 3990 3496 4044 Certe

1847 4091 2067 4130 veneno
2122 4090 2255 4128 caro
2322 4074 2681 4142 vulneratur,
2737 4092 2904 4132 mens
2964 4075 3089 4132 sine
3155 4094 3305 4132 noxa
3370 4081 3495 4133 est:

1850 4163 2100 4219 ebrietas
2143 4162 2213 4216 ad
2266 4162 2524 4234 corporis
2557 4167 2826 4230 mortem,
2884 4165 3096 4221 mentis
3154 4165 3329 4221 etiam
3387 4165 3498 4237 (56)

1853 4253 2077 4309 crimen
2106 4251 2391 4323 adjungit.
2427 4252 2674 4307 Adverte
2706 4256 2900 4308 autem
2930 4258 2985 4309 et
3027 4253 3279 4326 perﬁdia
3328 4268 3502 4309 vene-

1855 4359 2020 4408 num,
2052 4340 2168 4396 vini
2211 4340 2569 4395 declaratum
2622 4340 2878 4397 nomine.
2912 4343 3004 4397 Ait
3035 4344 3192 4399 enim
3224 4359 3404 4415 supra
3432 4341 3504 4398 de

1856 4430 2223 4502 alienigenis,
2256 4429 2356 4501 qui
2387 4429 2680 4485 nescirent
2727 4430 2931 4487 Deum.
2983 4432 3097 4488 «De
3134 4432 3303 4488 vinea
3347 4429 3506 4487 enim

1982 4554 2147 4604 Mater
2178 4556 2397 4604 Lacaena
2428 4557 2615 4618 clypeo
2646 4556 3126 4608 obarmansﬁlium.

1981 4618 2110 4666 Cum
2142 4618 2259 4677 hoc,
2292 4619 2486 4681 inquit,
2512 4625 2602 4667 aut
2632 4619 2687 4668 in
2715 4619 2817 4668 hoc
2845 4620 2974 4670 redi.

1927 4698 2038 4769 (53)
2072 4698 2221 4754 Edit.‘
2256 4703 2399 4766 aut.,
2453 4701 2509 4754 in
2566 4702 2679 4772 ipso
2726 4702 3033 4771 juventutis
3069 4703 3205 4772 ﬂore
3259 4709 3502 4767 arentes;

1857 4771 2023 4825 Rom.
2061 4774 2118 4825 et
2152 4787 2293 4825 mss.
2339 4770 2676 4837 nonnuli,...
2711 4778 3035 4829 marcmztes.
3067 4770 3177 4829 Sex
3210 4772 3307 4827 alii
3343 4773 3510 4827 home

1855 4841 2062 4910 zetatis,
2093 4850 2365 4896 nascente.

1927 4913 2039 4984 (54)
2070 4912 2284 4967 Omnes
2315 4912 2477 4975 edit.,
2510 4913 2688 4967 ultum
2717 4930 2830 4968 esse
2869 4914 2935 4968 de
2988 4929 3229 4982 corpore.
3285 4913 3504 4984 Omnes

1858 4983 1999 5038 is.
2034 4984 2209 5056 lutum
2237 4999 2362 5056 esse,
2387 4985 2454 5037 de
2503 5000 2743 5054 corpore,
2770 5054 2778 5056 ἓ
2807 4985 2861 5038 id
2880 4990 2997 5056 (est.
3038 4984 3399 5056 periclitatur
3427 4983 3509 5056 ita

1858 5054 2175 5125 corrumpi,
2223 5058 2287 5108 ut
2316 5055 2443 5122 ejus
2491 5071 2701 5125 corpus
2765 5054 2825 5107 in
2876 5054 3069 5125 lutum
3099 5058 3376 5109 vertatur.
3439 5055 3506 5110 Et

1860 5141 2000 5181 sane
2029 5124 2489 5198 idiconfirmant
2548 5124 2669 5178 tam
2723 5124 3042 5198 vocesuillaz
3100 5131 3504 5198 sequentes...,

1859 5197 2186 5265 corruptelae
2232 5199 2571 5266 spontanca),
2597 5200 2739 5266 tum?
2764 5195 2959 5263 Basilii
3010 5195 3323 5253 locus—ubi
3384 5198 3502 5253 ait:

1862 5262 2094 5324 κινδυπίεις
2116 5262 2286 5314 λοιπὸῦ
2318 5265 2543 5330 βόρϐορος
2573 5262 2691 5313 εἶναι
2719 5265 2827 5313 ἀντὶ
2854 5262 3127 5331 ἀνθρώπου.

1936 5339 2047 5409 (55)
2082 5338 2235 5413 Mss._
2264 5337 2481 5413 fere_ad
2514 5354 2727 5405 unum,
2758 5355 2857 5394 nec
2884 5342 3029 5410 [ενιέ
3074 5343 3152 5395 vis
3208 5340 3277 5394 ad
3332 5342 3513 5413 sepul-

1863 5425 2048 5469 crum;
2080 5425 2175 5463 nec
2204 5410 2349 5479 ferre
2370 5409 2484 5479 jus,
2510 5414 2618 5463 etc.

1938 5481 2049 5551 (56)
2082 5481 2166 5553 Ita
2182 5497 2295 5553 sex
2326 5496 2467 5553 mss.
2502 5479 2762 5535 melioris
2788 5485 2955 5537 notae.
2990 5482 3098 5536 Alii
3121 5486 3315 5538 autem
3339 5487 3515 5553 atque

1869 5568 2072 5610 omnes
2104 5551 2266 5619 edit.,
2304 5551 2642 5619 vulneratur,
2674 5553 2796 5607 vino
2830 5569 2976 5609 mens
2999 5572 3015 5608 :
3042 5556 3210 5610 noxia
3229 5564 3305 5613 est
3346 5551 3517 5617 ett—"ie-

1869 5628 1954 5683 tas
1983 5623 2052 5683 ad
2079 5625 2322 5705 corporis
2346 5624 2652 5695 sanitatem,
2685 5626 2855 5685 menti
2883 5626 3069 5701 etiam,
3120 5629 3228 5688 etc.
