3866 6212
424 284 533 345 751

1869 288 1934 345 S.
1983 284 2352 346 AMBROSII
3655 286 3737 353 752

424 418 687 473 Sodomae
718 417 917 473 vinum
951 434 1175 485 eorum,
1225 423 1279 473 et
1326 418 1458 474 vitis
1511 435 1713 474 eorum
1761 418 1898 473 vitis
1955 420 2064 475 (ἰο-
2096 420 2151 486 Α
2183 419 2321 474 tatis
2376 424 2582 490 potum
2628 420 2957 491 requirunt,
3038 435 3187 491 quos
3239 419 3581 477 conveniebat
3653 396 3734 483 Deo

426 506 712 562 morrhze:
748 524 858 564 uva
884 523 1109 575 eorum,
1142 524 1251 562 uva
1312 507 1483 574 fellis,
1533 508 1737 563 botrus
1794 508 2073 563 amaritu-

427 595 583 654 dinis
608 597 668 653 in
700 596 845 670 ipsis
877 598 1052 668 (Deut.
1084 614 1260 666 xxxii,
1293 598 1404 667 3:2}.
1446 620 1467 645 ι

429 803 495 860 Se
521 818 630 859 non
672 805 865 874 omnia
921 802 1127 857 dixisse
1172 820 1294 873 quae
1352 805 1407 856 in
1450 803 1628 858 ebrios
1672 803 1783 857 dici
1828 807 2077 874 poterant

498 873 729 931 ostendit
781 876 1021 945 exposito
1078 876 1233 929 Isaiae
1290 875 1443 928 loco:
1506 874 1649 929 unde
1688 877 1746 929 in
1791 876 2078 929 lasciviam

497 948 834 1017 popinonum
877 945 1176 1011 invehitur,
1234 954 1283 1000 et
1366 945 1435 998 ad
1490 948 1650 1013 finem
1710 946 1959 1016 quantum
2014 949 2080 999 de

498 1018 667 1071 attice
693 1032 862 1071 aureo
883 1018 1199 1087 Babylonis,
1221 1025 1270 1070 et
1304 1033 1425 1071 rase
1454 1019 1743 1088 apostolica
1770 1020 2074 1088 .sulrjuwz'l.

500 1133 591 1187 53.
624 1131 848 1188 Putatis
879 1148 972 1187 me
1024 1137 1305 1202 tanquam
1363 1131 1496 1186 vino
1545 1131 1934 1202 erapulatum,
1991 1132 2079 1185 in-

433 1220 856 1294 temperantius
880 1220 1091 1291 jejunii
1151 1220 1543 1292 prmdicationi
1611 1222 1726 1289 (57)
1774 1220 1929 1275 hunc
1965 1220 2077 1274 mi-

436 1309 664 1365 scuisse
701 1326 1066 1377 sermonem;
1099 1313 1156 1364 et
1185 1308 1375 1364 adhuc
1405 1314 1638 1381 propter
1669 1309 1773 1363 hos
1826 1308 2080 1364 fortissi-

437 1415 567 1454 mos
595 1398 751 1454 viros
782 1405 1004 1470 quanta
1059 1398 1334 1469 praeterii,
1365 1402 1584 1469 quanta
1641 1398 1870 1453 minora
1939 1398 2081 1463 dixi,

435 1503 612 1557 quam
647 1486 931 1541 Dominus
990 1486 1219 1541 locutus
1278 1486 1402 1541 est!
1462 1486 1722 1541 Audistis
1782 1488 1922 1557 quid
1982 1503 2084 1558 per

438 1576 669 1647 Moysen
704 1575 933 1642 dixerit,
964 1574 1159 1629 audite
1218 1575 1356 1645 quid
1417 1576 1474 1630 in
1537 1575 1679 1629 libro
1747 1594 2081 1631 sermonum

440 1666 598 1719 Isaize
629 1664 913 1736 scriptum
964 1663 1055 1718 sil.
1120 1663 1417 1718 lnvehitur
1472 1664 1627 1718 enim
1690 1665 1974 1721 Dominus
2026 1666 2080 1720 in

2184 507 2387 562 laudes
2416 509 2645 575 referre,
2679 510 2995 581 praevenire
3024 508 3234 574 lucem,
3263 514 3319 564 et
3346 525 3612 567 occurrere
3649 530 3739 569 ora-

2183 597 2338 651 tione
2367 596 2482 652 Soli
2518 598 2754 663 iustitia:
2787 599 2922 669 {60),
2955 597 3058 670 qui
3095 614 3231 653 suos
3282 596 3482 665 visitat,
3509 607 3557 654 et
3591 617 3740 657 exsur-

2186 686 2269 756 git
2300 686 2487 753 nobis,
2523 687 2573 740 si
2606 704 2713 742 nos
2740 688 2993 753 Christo,
3026 703 3142 742 non
3179 686 3310 741 vino
3345 692 3401 741 et
3439 687 3609 744 sinere
3650 707 3740 746 sur-

2186 792 2416 844 gamus.
2480 776 2691 845 Hymni
2750 776 3053 845 dicuntur,
3082 781 3140 831 et
3168 780 3230 830 tu
3277 774 3538 831 citharam
3587 779 3744 834 tenes?

2188 863 2400 918 l’salmi
2459 869 2773 934 canuntur,
2849 869 2907 920 et
2956 869 3020 919 tu
3078 863 3411 936 psalterium
3466 866 3626 920 sumis
3676 871 3745 922 aut

2189 957 2533 1023 t‘vnqianum
2563 954 2591 1007 ‘?
2646 954 2853 1008 Merito
2905 971 3009 1017 vce,
3070 953 3211 1023 quia
3249 951 3484 1007 salutem
3512 954 3745 1025 relinquis,

2189 1048 2435 1096 mortem
2493 1042 2685 1114 eligis.
2750 1044 2855 1097 \‘ix
2904 1042 3255 1107 diluculum,
3306 1046 3360 1096 et
3387 1043 3501 1111 jam
3544 1050 3747 1099 cursatur

2188 1145 2290 1201 per
2320 1132 2612 1198 tabernas,
2645 1132 2844 1185 vinum
2905 1130 3209 1202 quaeritur,
3258 1132 3599 1186 excutiuntur
3634 1138 3746 1202 tape-

2188 1224 2297 1283 tes,
2328 1219 2661 1274 accubitum
2686 1220 2964 1275 festinant
2987 1226 3282 1286 sternere;
3336 1217 3551 1290 lageuas
3588 1235 3739 1291 argen-

2190 1312 2337 1372 teas,
2370 1313 2606 1363 auratos
2665 1308 2875 1364 calices
2912 1311 3232 1380 exponunt.
3293 1310 3404 1372 Vin,
3451 1307 3635 1380 inquit,
3672 1307 3750 1363 ista

2192 1396 2591 1467 quaerentibus
2621 1397 2633 1451 !

2261 1487 2350 1540 5t}.
2384 1484 2542 1539 Calix
2576 1503 2791 1540 aureus
2824 1484 3081 1557 Babylon
3116 1485 3173 1540 in
3222 1501 3395 1540 manu
3425 1483 3626 1540 Domini
3668 1483 3751 1539 ine-

2195 1573 2391 1628 brians
2422 1591 2656 1628 onmem
2694 1580 2931 1629 terram.
2963 1600 2989 1621 α
3029 1578 3074 1629 Α
3104 1573 3238 1630 vino
3268 1574 3392 1644 ejus
3419 1574 3651 1629 biberunt
3673 1590 3754 1626 om-

2197 1679 2298 1715 nes
2331 1669 2553 1733 gentes,
2598 1663 2725 1719 ideo
2755 1668 3058 1719 commotze
3095 1667 3256 1717 sunt.
3290 1663 3357 1717 Et
3386 1662 3561 1718 subito
3604 1660 3754 1717 cecidit

439 1753 777 1824 hujusmodi
816 1769 1018 1808 versus
1047 1754 1181 1821 (58),
1241 1758 1295 1806 et
1326 1752 1447 1807 ait:
1483 1777 1507 1799 ις
1545 1752 1637 1807 Vae
1697 1753 1766 1807 iis
1800 1756 1900 1825 qui
1948 1772 2084 1809 con-
2113 1784 2163 1851 Β
2199 1752 2483 1821 Babylon,
2524 1760 2579 1806 et
2638 1752 2888 1807 contrita
2945 1758 3032 1807 est
3060 1754 3277 1821 iJerem.
3310 1768 3380 1817 ιι,
3408 1754 3553 1851 7,8).
3578 1774 3599 1797 ››
3637 1750 3745 1848 Calix

438 1846 689 1914 surgunt
720 1858 909 1907 mane,
936 1847 993 1897 et
1024 1846 1322 1896 sectantur
1351 1843 1619 1908 siceram,
1652 1844 1752 1914 qui
1774 1844 1915 1898 ebrii
1949 1850 2087 1899 sunt

441 1930 704 2002 vesperi;
736 1947 872 1986 nam
904 1931 1105 1987 vinum
1135 1946 1234 1987 eos
1274 1932 1600 1987 comburat.
1662 1932 1808 1988 Cum
1868 1934 2091 1988 cithara

442 2021 597 2075 enim
628 2024 685 2076 et
716 2018 991 2092 psalterio
1020 2024 1076 2074 et
1097 2020 1393 2092 tympanis
1415 2020 1613 2075 vinum
1647 2021 1891 2076 bibunt:
1917 2039 2092 2093 opera

442 2114 638 2165 autem
668 2107 899 2165 Domini
927 2126 1043 2164 non
1078 2108 1230 2165 552
1276 2108 1617 2180 respiciunt,
1650 2114 1706 2164 et
1753 2126 1927 2181 opera
1967 2128 2089 2166 ma-

444 2214 633 2251 nuum
664 2197 794 2268 ejus
825 2214 939 2252 non
982 2197 1373 2252 considerant.
1430 2198 1535 2253 Cui
1564 2214 1668 2267 vae,
1723 2196 1937 2270 inquit,
1998 2200 2088 2254 cui

436 2285 684 2356 judicia,
717 2286 808 2339 cui
833 2284 1126 2340 tumultus
1148 2287 1275 2355 (15a.
1310 2302 1363 2352 v,
1399 2286 1481 2356 ll)
1507 2286 1533 2339 ’ἶ
1560 2309 1587 2335 ››
1622 2286 1859 2342 Diversa
1889 2287 2088 2360 singu-

446 2373 542 2439 lis,
575 2372 911 2427 temulentis
941 2374 1153 2428 omnia.
1182 2373 1273 2427 \'ze
1304 2374 1460 2428 enim
1493 2373 1566 2427 iis
1598 2375 1696 2446 qui
1750 2376 1895 2430 ebrii
1954 2383 2094 2431 sunt

446 2460 669 2532 vesperi
700 2465 883 2532 (Prov.
917 2478 1074 2527 χχιιι,
1102 2463 1187 2532 3ορ
1228 2460 1239 2514 !
1275 2461 1419 2525 Quid
1454 2480 1588 2534 ergo
1619 2464 1735 2518 illis
1768 2466 1867 2536 qui
1891 2471 2093 2520 etante

446 2565 770 2621 vesperam,
804 2556 858 2605 et
889 2552 1221 2620 frequenter
1259 2550 1316 2605 in
1370 2550 1560 2606 lucem
1620 2553 1898 2608 madent?
1947 2555 2092 2625 Ergo

444 2655 525 2692 va:
556 2638 666 2693 sibi
699 2638 981 2693 debitum.
1016 2640 1243 2694 llabent
1264 2641 1743 2710 concertationes,
1779 2650 2095 2698 conserunt

446 2726 600 2795 lites,
635 2727 695 2782 in
725 2728 939 2784 cedem
964 2728 1297 2800 prosiliunt,
1330 2734 1387 2784 et
1417 2730 1659 2785 veniunt
1679 2732 1991 2802 adjudicia
2006 2731 2091 2787 vel

451 2819 754 2879 vocantur.
789 2816 1016 2871 Habent
1063 2832 1201 2886 ergo
1240 2818 1470 2886 judicia
1506 2823 1784 2891 tanquam
1844 2821 1945 2876 rei.
2007 2822 2094 2876 Fit

452 2919 876 2974 nonnunquam
909 2904 1138 2975 gravior
1169 2905 1482 2972 tumultus,
1545 2908 1680 2978 quia
1741 2909 1871 2965 vino
1930 2928 2095 2967 mens

452 2991 805 3063 pervertitur
831 2992 1044 3048 ebriosi
1078 3011 1091 3047 :
1126 3017 1153 3041 ‹‹
1187 2994 1258 3048 Et
1287 3010 1401 3049 non
1449 2997 1717 3052 meminit
1754 3000 1928 3071 regis,
1991 3016 2094 3054 nec

453 3080 857 3152 magistratus,
892 3104 921 3130 ››
948 3087 1012 3136 ut
1036 3082 1321 3149 scriptum
1343 3089 1434 3139 est
1463 3101 1474 3139 :
1509 3108 1535 3134 ι(
1568 3090 1626 3140 et
1652 3086 1850 3143 omnia
1897 3093 2097 3160 aperta

452 3168 595 3224 facit
621 3168 803 3241 loqui,
854 3176 911 3226 et
966 3188 1082 3226 non
1140 3173 1555 3243 meminerunt,
1616 3192 1750 3231 cum
1808 3155 2096 3247 bibe-rent,
2126 3155 2170 3221 (ἶ
2210 3174 2386 3242 diuis,
2437 3155 2723 3229 venenum
2768 3172 3087 3229 ebrietatis.
3121 3174 3239 3230 Hoc
3287 3173 3388 3245 qui
3436 3169 3755 3235 biberibcom'

454 3258 742 3328 amicitiae,
791 3276 895 3315 nec
954 3260 1221 3315 fraternae
1281 3263 1732 3321 necessitudinis
1787 3267 1885 3335 (III
1936 3268 2096 3325 Esdr.

455 3364 538 3418 ιιι,
562 3350 625 3404 21
659 3356 844 3420 εικδεᾳ.
888 3350 946 3419 );
992 3374 1013 3402 ι
1053 3350 1154 3406 sed
1190 3356 1322 3422 post
1351 3354 1671 3409 tumultum
1711 3356 1823 3425 (50}
1856 3363 2101 3413 sumunt

455 3437 711 3510 gladios;
747 3443 804 3492 et
834 3454 969 3494 cum
1000 3457 1035 3493 a
1062 3440 1195 3494 vino
1255 3442 1432 3497 mersi
1481 3442 1715 3512 fuerint,
1747 3449 1805 3499 et
1834 3462 2099 3501 surrexe-

457 3527 593 3594 rint,
629 3543 743 3581 non
773 3528 1168 3583 meminerunt
1198 3530 1307 3602 ipsi
1347 3548 1474 3602 quae
1505 3534 1814 3604 gesserint.
1874 3534 2099 3590 Habent

455 3631 593 3687 ergo
624 3615 797 3669 etiam
830 3616 1066 3687 dignam
1101 3619 1425 3674 mercedem
1466 3620 1775 3677 tumultus.

528 3704 618 3759 54.
651 3703 1048 3759 Praeterieram
1079 3711 1231 3761 certe
1272 3723 1377 3778 ego
1435 3708 1745 3778 citharam,
1801 3711 2096 3782 psalteria,

457 3796 755 3865 tympana,
816 3809 944 3863 quae
1000 3795 1378 3866 cognovimus
1430 3797 1706 3853 conviviis
1757 3798 2099 3870 hujusmodi

456 3883 792 3953 frequenter
818 3881 1107 3948 adhiberi,
1162 3888 1224 3936 ut
1272 3884 1403 3938 vino
1452 3889 1508 3940 et
1553 3890 1726 3941 cantu
1775 3889 2103 3945 excitentur

456 3970 752 4026 libidines.
776 3970 1046 4042 Plerique
1074 3972 1272 4039 etiam,
1316 3973 1543 4030 Persico
1593 3993 1774 4044 more,
1820 3978 2098 4036 mulieres

452 4059 661 4132 dignas
691 4060 1146 4117 temulentorum
1178 4063 1469 4119 consortio
1500 4064 1695 4119 induci
1746 4067 1979 4137 jubent,
2043 4074 2099 4124 et

449 4149 521 4205 ab
552 4149 647 4206 his
678 4149 907 4222 phialas
927 4150 1241 4221 accipiunt,
1276 4157 1451 4224 atque
1482 4152 1599 4209 illis
1621 4171 1682 4209 se
1714 4156 2100 4212 substernunt

449 4238 807 4295 sedentibus.
837 4241 904 4294 Et
934 4240 1092 4296 hunc
1119 4241 1294 4296 ritum
1328 4246 1568 4299 sacratae
1589 4244 1804 4300 habent
1827 4246 2098 4303 observa-

451 4328 637 4384 tiones
668 4328 726 4382 in
740 4329 1041 4384 ebrietatis
1059 4330 1474 4386 ministerium.
1497 4332 1719 4387 Habent
1738 4350 1873 4406 ergo
1895 4336 2096 4391 vinum

452 4422 510 4472 et
540 4418 769 4473 barbari
806 4436 817 4471 :
851 4417 1098 4473 libenter
1128 4418 1218 4474 his
1259 4420 1504 4475 Romani
1556 4421 1902 4493 indulgent;
1948 4428 2099 4481 utet

452 4506 564 4577 ipsi
597 4505 896 4561 solvantur
924 4510 981 4561 in
1014 4513 1206 4579 potus,
1239 4513 1296 4562 et
1331 4509 1582 4564 enervati
1644 4511 1922 4567 ebrietate
1971 4515 2095 4568 vin-
2127 4528 2175 4593 Β
2206 4511 2314 4566 Sed
2346 4515 2403 4565 et
2432 4516 2832 4582 persecutores
2862 4510 3093 4565 Domini
3122 4513 3492 4567 transeuntes
3536 4494 3766 4561 mavelit-l1l

449 4598 676 4650 cantur.
710 4596 823 4649 Nec
855 4594 1046 4651 solum
1076 4597 1275 4652 vinum
1307 4597 1646 4653 ebrietatem
1678 4598 1834 4667 facit,
1882 4602 1979 4657 sed
2040 4608 2097 4658 et

446 4681 653 4739 sicera.
683 4682 945 4755 Denique
963 4685 1181 4743 Hebrzni
1208 4703 1440 4742 omnem
1462 4691 1665 4757 potum
1693 4688 1792 4760 qui
1818 4687 2086 4758 inebriat,

445 4773 642 4830 sieerze
672 4773 906 4831 nomine
936 4780 1159 4830 vocant.

512 4864 602 4918 55.
636 4862 760 4919 Non
793 4862 1085 4920 immerito
1112 4881 1247 4937 ergo
1277 4882 1357 4920 vae
1386 4864 1501 4920 illis
1533 4866 1632 4938 qui
1687 4882 1858 4923 mane
1906 4868 2090 4924 ebrie-

513 5108 808 5181 (57)7Edit.
843 5125 1068 5175 omnes,
1087 5110 1300 5181 jejzmii
1324 5106 1803 5181 przedicutioue....
1842 5112 1892 5169 et
1913 5112 2092 5170 adhuc

438 5180 733 5235 secundum
774 5181 1064 5252 prop/telas
1120 5180 1444 5252 fortissimos
1500 5185 1662 5238 viros.
1710 5184 1820 5239 Sed
1883 5185 2091 5242 melius

443 5266 595 5328 mss.
629 5269 852 5328 omnes,
877 5254 1088 5328 jejuuiz'
1109 5253 1589 5325 prwilicaiioni....
1618 5264 1668 5309 cl
1686 5255 1861 5328 (ul/me
1873 5261 2092 5328 propter

439 5323 551 5398 llos
564 5323 889 5398 fortissimos
923 5323 1065 5398 viros
1088 5323 1203 5389 {ac
1238 5329 1380 5398 forte
1413 5331 1680 5380 sanetum
1743 5323 1939 5398 ipsum
1969 5323 2090 5384 'au-

443 5390 680 5468 dictiunt
700 5394 883 5468 aliqui
918 5395 1204 5451 militares
1237 5397 1363 5465 viri,
1398 5414 1546 5468 quos
1577 5397 1688 5453 sibi
1721 5390 1961 5454 reddere
2009 5399 2093 5455 in-

445 5463 639 5517 fensos
680 5463 878 5519 nollet.

511 5532 620 5613 (58)
651 5534 744 5613 Sic
774 5552 917 5591 mss.
952 5552 1193 5593 omnes:
1228 5539 1415 5613 quod
1449 5537 1689 5613 quidem
1747 5539 2089 5613 interpreta-

440 5604 663 5678 murin
693 5604 1116 5678 huncsensum
1154 5626 1166 5665 :
1228 5604 1585 5663 Invehitur...
1656 5609 1714 5664 in
1747 5604 2087 5678 hujusmodi

441 5670 710 5734 homines
731 5675 1013 5754 (ebriosos
1045 5679 1351 5752 nimirum)
1383 5696 1717 5738 conversus.
1779 5670 1901 5738 Nisi
1956 5685 2088 5755 quis

2198 1857 2333 1911 ergo
2381 1858 2595 1894 aureus
2626 1843 2914 1897 contritus
2953 1847 3080 1896 est:
3115 1841 3258 1912 quia
3308 1840 3540 1913 Babylon
3567 1839 3752 1896 contrita

2198 1936 2304 1993 est,
2338 1946 2464 2000 qua)
2513 1936 2601 1983 est
2629 1930 2777 1984 calix
2834 1946 3067 1985 aureus.
3130 1929 3242 1984 Sed
3273 1929 3524 2002 quamvis
3569 1945 3681 1984 auro
3715 1944 3753 1983 se

2190 2018 2377 2087 jactet
2406 2024 2462 2072 et
2494 2019 2696 2089 pretio,
2731 2019 2789 2073 in
2833 2018 3065 2074 Domini
3112 2022 3170 2074 et
3214 2019 3343 2091 ipsa
3394 2022 3479 2074 est
3523 2021 3751 2090 potestate.
3798 2016 3799 2027 ‘

2200 2107 2458 2177 Dunique
2506 2107 2701 2163 divina
2758 2106 3163 2179 indignatione
3212 2106 3534 2163 conteritur.
3564 2109 3665 2171 Qua
3695 2121 3753 2159 ra-

2200 2195 2355 2248 tione
2377 2193 2526 2249 calix
2556 2196 2813 2250 aureus?
2844 2197 3129 2259 Quoniam
3160 2197 3263 2267 qui
3292 2197 3518 2253 veritate
3542 2194 3755 2255 deﬁcitur.

2201 2284 2409 2355 quaerit
2445 2283 2806 2349 illecebram;
2843 2289 2903 2338 ut
2942 2284 3166 2356 species
3218 2284 3423 2341 saltem
3471 2283 3677 2356 pretiosa
3709 2281 3756 2334 ad
3798 2342 3799 2349 η

2202 2372 2522 2427 bibendum
2553 2373 2781 2445 aliquos
2815 2374 2999 2444 possit
3030 2373 3268 2430 illicere.
3798 2368 3799 2411 l

2271 2464 2360 2516 57.
2390 2463 2689 2519 Constitue
2737 2468 2871 2517 ante
2918 2462 3116 2518 oculos
3171 2468 3309 2518 tuos
3355 2478 3598 2535 pompam
3635 2459 3757 2528 hujus
3798 2522 3799 2539 ἶ

2203 2549 2417 2619 εωρυιῐ,
2458 2551 2619 2605 vides
2660 2551 2985 2622 speciosam
3043 2550 3397 2618 illecebram,
3453 2550 3542 2605 sed
3587 2548 3755 2603 inanem

2202 2640 2473 2711 gratiam.
2525 2640 2648 2694 non
2685 2646 2735 2694 te
2763 2639 3048 2695 inducant
3095 2656 3278 2695 aurea
3324 2657 3455 2695 vasa
3481 2644 3532 2694 et
3555 2639 3756 2709 argentea
3798 2660 3799 2665 π

2205 2730 2357 2785 553
2387 2750 2419 2777 (ί
2450 2728 2741 2783 Habemus
2770 2733 2829 2784 et
2859 2746 2966 2783 nos
2997 2728 3343 2785 thesaurum
3391 2729 3445 2783 in
3490 2727 3620 2783 vasis
3655 2722 3753 2779 ﬁcti-
3798 2724 3799 2785 ὲ

2202 2816 2357 2872 libus
2391 2819 2460 2888 {ll
2489 2821 2613 2874 Cor.
2650 2837 2723 2884 ιγ,
2754 2819 2830 2885 7i.
2881 2840 2910 2866 »
2962 2818 3075 2873 Vas
3105 2817 3486 2889 apostolicum
3524 2812 3665 2870 ﬁctile
3685 2816 3755 2873 est,
3798 2816 3799 2825 ‘

2202 2907 2300 2961 sed
2336 2908 2393 2961 in
2422 2924 2488 2962 eo
2517 2906 2830 2962 thesaurus
2860 2913 2950 2962 est
2973 2906 3212 2962 Christi.
3249 2908 3343 2962 Vae
3390 2907 3609 2961 siceram
3639 2913 3755 2956 mane
3798 2972 3799 2975 η

2202 2996 2594 3051 sectantibus!
2645 2998 2903 3051 Aureum
2959 3001 3050 3051 est
3096 2995 3208 3052 hoc
3265 3012 3384 3065 vas,
3416 2992 3649 3067 poculum
3685 2990 3756 3049 est.
3798 2990 3799 3051 ξ

2206 3090 2264 3140 et
2307 3085 2366 3139 in
2418 3102 2484 3139 eo
2532 3083 2737 3156 poculo
2796 3101 3083 3144 venenum
3127 3084 3358 3151 mortis,
3392 3096 3644 3139 venenum
3671 3074 3757 3131 libi-

2209 3268 2475 3318 movetur
2502 3268 2560 3318 et
2588 3263 2763 3318 cadit.
2798 3262 3212 3318 Commovetur
3233 3279 3348 3318 non
3374 3261 3549 3317 solum
3575 3268 3759 3327 corpore.
3798 3276 3799 3319 ξ

2209 3352 2310 3407 sed
2342 3353 2514 3407 etiam
2548 3353 2720 3407 corde
2752 3352 3012 3418 turbato;
3046 3351 3399 3408 commoveri
3429 3348 3568 3405 enim
3607 3338 3759 3419 peccati

2208 3448 2316 3496 est.
3798 3444 3799 3496 ἐ

2829 3599 3055 3656 CAPUT
3093 3599 3234 3654 XVI.

2207 3710 2396 3764 Ebrios
2439 3709 2607 3783 βαίνει
2645 3712 3157 3783 λαεγρβνιςςσιιιοιιιιηι
3199 3708 3430 3783 Domini
3466 3702 3645 3783 simile:
3676 3708 3764 3783 68ft.

2282 3783 2389 3835 imo
2417 3767 2768 3836 deemoniucis'
2798 3781 2933 3851 ipsis
2962 3781 3275 3834 miseriores
3303 3796 3322 3833 :
3355 3777 3513 3833 iidem
3541 3774 3636 3851 suis
3671 3767 3765 3851 agite

2281 3852 2434 3905 ribus
2461 3837 2835 3923 depingunlm'j
2863 3869 2881 3903 :
2915 3853 2973 3904 in
3003 3866 3133 3922 quos
3159 3851 3406 3906 Ieremia)
3454 3847 3593 3902 verba
3633 3837 3765 3896 eadm

2280 3921 2537 3977 declarat
2555 3932 2772 3977 sanctus
2801 3921 3001 3977 doctor.

2276 4068 2365 4121 58.
2399 4066 2658 4138 Denique
2684 4065 2825 4124 Cain
2863 4064 3059 4122 exiens
3098 4083 3134 4121 a
3179 4068 3490 4137 conspectu
3533 4058 3635 4123 Dei,
3657 4050 3763 4109 habi-

2209 4157 2347 4211 tavit
2378 4156 2434 4209 in
2466 4161 2622 4211 terra
2651 4155 2817 4222 Naid,
2851 4154 3009 4227 quod
3047 4153 3518 4226 interpretatione
3557 4141 3766 4220 signiﬁctl

2206 4245 2679 4300 commotionem.
2714 4245 2859 4317 Ergo
2915 4243 3018 4315 qui
3046 4241 3228 4299 calice
3283 4258 3459 4299 aureo
3506 4234 3799 4325 inebriatufil

2207 4337 2441 4405 peccato
2474 4338 2757 4389 movetur.
2791 4331 2938 4396 Quid
2970 4337 3027 4388 te
3056 4331 3167 4387 sub
3199 4330 3503 4388 maledicto
3538 4320 3763 4405 constitue:

2206 4401 2347 4477 Cain
2378 4421 2536 4478 illius
2566 4421 2885 4494 parricidae,
2921 4426 2985 4478 ut
3032 4426 3250 4477 tremas
3302 4426 3473 4492 atque
3519 4401 3766 4472 movearis?

2204 4598 2397 4671 capita
2426 4616 2551 4655 sua.
2585 4599 2927 4671 Exagitabat
2954 4599 3111 4654 enim
3155 4615 3254 4655 eos
3298 4598 3537 4671 spiritus
3563 4597 3763 4671 nsquam

2200 4670 2301 4761 qui
2361 4688 2579 4760 repleta
2634 4705 2668 4742 a
2715 4670 2778 4743 Se
2826 4704 3068 4760 corpora
3122 4670 3356 4744 movere
3412 4680 3688 4743 consuevit.
3727 4670 3765 4726 El

2199 4777 2299 4834 ille
2346 4795 2482 4833 cum
2528 4777 2799 4845 doluerit,
2851 4769 3073 4833 tremor
3117 4777 3335 4833 desinit
3386 4794 3400 4830 :
3448 4773 3664 4830 ebrietas
3697 4778 3765 4818 αυ-

2196 4869 2316 4922 tem
2347 4871 2690 4939 perpetuum
2723 4867 2824 4922 dat
2850 4870 3184 4923 tremorem.
3230 4866 3455 4921 Sudant
3481 4862 3655 4920 vinum
3679 4865 3764 4909 οοῑ·

2199 5107 2365 5189 malit
2415 5128 2581 5189 voces
2640 5114 2701 5167 in
2748 5108 3067 5189 hujusmodi
3109 5120 3573 5189 versus_sumere

2198 5184 2541 5256 hujusmodi
2570 5254 2577 5256 Α
2612 5175 3012 5256 sententiam,
3044 5184 3238 5256 verba,
3302 5183 3562 5256 formam.
3609 5175 3760 5256 Vel?“13

2198 5243 2352 5311 enim
2388 5254 2616 5331 proprie
2645 5255 2937 5331 signiﬁcat
2965 5243 3022 5310 id
3055 5255 3206 5331 quod
3225 5243 3347 5310 'nos
3375 5253 3590 5331 lineam“
3609 5243 3758 5331 τοςξξξ

2200 5345 2354 5383 mus.
2387 5320 2533 5381 Edit.
2556 5320 2751 5382 autem
2784 5326 2902 5383 haec
2934 5320 3314 5383 praeferebant
3346 5344 3361 5380 :
3390 5320 3759 5379 [mrenilurmm
3798 5320 3799 5377 Ξ

2198 5400 2459 5454 Dominus
2497 5398 2808 5469 hujusmodi
2833 5396 3007 5454 verbis
3036 5414 3184 5463 usus,
3215 5400 3266 5453 et
3293 5401 3396 5469 ait.
3627 5462 3636 5469 ι
3702 5446 3739 5469 η,
3798 5396 3799 5459 ᾗ

2269 5446 2949 5543 ξέὀ)’ἷὶε“ιὲἑεξξᾙιᾙηξέξ
2963 5446 3395 5543 ῐάῖξξζπὲτόζμὲἐὶί
3408 5481 3513 5521 non
3538 5462 3638 5543 post
3660 5446 3757 5543 ait:
3798 5446 3799 5499 ἒ

2196 5531 2579 5609 tuon-minus
2610 5542 2846 5606 bene,ut
2874 5531 2944 5597 ei
2972 5540 3120 5597 serie
3149 5531 3429 5595 orationis
3465 5531 3756 5591 manifestum
3798 5566 3799 5627 ἦ

2198 5619 2305 5670 est.
3798 5619 3799 5647 ἰ

2270 5684 2381 5760 (60)
2411 5684 2563 5741 Edit.
2595 5699 2789 5741 vacare
2817 5684 3080 5753 orationi,
3112 5696 3393 5742 occurrere
3419 5681 3534 5750 soli,
3563 5677 3650 5734 etc.
