3866 6212
108 440 199 507 753
1183 434 1416 500 LIBER
1461 432 1562 501 DE
1605 434 1680 500 EI

1870 438 1928 503 LT
1971 440 2090 505 JEJ
2104 436 2315 506 UNIO.

3332 432 3448 501 ’ἴδε

104 592 217 653 pora
240 548 671 631 temulentorum
706 585 720 628 :
753 564 804 628 si
833 565 1017 629 levius
1068 585 1136 629 ea
1183 571 1465 645 tetigeris,
1498 558 1684 645 expri-
1715 572 2099 655 Asuperﬂua
2127 578 2233 632 est.
2254 572 2577 633 Moderatio
2609 573 2764 633 enim
2795 569 3079 634 naturalis
3110 572 3199 631 est
3230 586 3244 631 :
3276 586 3451 646 supra

107 682 196 722 IDIS
220 678 423 718 vmum.

155 753 228 809 59.
279 750 523 807 Ebrietas
578 749 904 806 fomentum
948 749 1237 815 libidinis,
1298 749 1549 806 ebrietas
1602 750 1691 805 in-

104 841 363 917 centivum
398 837 654 905 insaniae,
731 838 981 895 ebrietas
1054 855 1342 895 venenum
1409 838 1688 911 insipien-

101 931 169 986 tie
194 929 307 999 (61).
355 927 476 982 Haec
520 944 728 983 sensus
755 926 1063 984 hominum
1110 932 1299 983 mutat
1345 931 1401 983 et
1449 926 1687 993 formas,

100 1035 180 1093 per
202 1019 335 1089 hanc
363 1016 506 1071 ﬁunt
536 1033 603 1072 ex
633 1015 972 1073 hominibus
1001 1017 1136 1089 equi
1169 1016 1691 1072 adhinnientes.Si-

99 1106 290 1179 quidem
319 1104 563 1161 naturali
606 1121 817 1177 vapore
867 1106 1126 1178 corporis
1174 1104 1367 1172 calidi,
1397 1108 1454 1160 et
1485 1109 1693 1178 praeter

99 1186 320 1250 naturam
370 1193 487 1249 vini
533 1192 724 1249 calore
780 1195 1091 1261 ﬂammati,
1151 1193 1419 1249 cohibere
1467 1210 1527 1249 se
1574 1210 1691 1249 non

95 1287 293 1355 queunt,
349 1286 405 1338 et
458 1282 517 1337 in
566 1281 839 1339 bestiales
884 1282 1161 1339 libidines
1219 1282 1573 1350 excitantur;
1625 1286 1691 1337 ut

94 1372 278 1427 nullum
308 1375 534 1444 tempus
563 1372 970 1444 prmscriptum
1023 1373 1295 1437 habeant,
1328 1388 1443 1443 quo
1491 1372 1690 1426 deceat

90 1460 347 1533 indulgere
375 1459 731 1515 concubitui.
766 1465 981 1517 Vocem
1022 1462 1321 1527 amittunt,
1356 1460 1545 1515 colore
1590 1476 1687 1514 va-

90 1551 294 1614 riantur,
323 1549 505 1605 oculis
554 1549 883 1623 ignescunt,
935 1566 1032 1606 ore
1082 1548 1381 1615 anhelant,
1432 1550 1689 1606 fremunt

88 1637 309 1703 naribus,
327 1638 384 1692 in
414 1639 668 1695 furorem
699 1639 1346 1707 inardescunt,scnsum
1379 1638 1684 1695 excedunt.

86 1725 200 1781 Hinc
243 1725 543 1799 phrenesis
589 1728 920 1800 periculosa
969 1747 981 1784 :
1041 1729 1178 1784 hinc
1232 1727 1436 1783 calculi
1493 1727 1687 1800 gravis

85 1831 238 1886 pinna,
285 1815 416 1870 hinc
462 1814 715 1872 exitialis
762 1817 1041 1883 cruditas,
1093 1817 1228 1872 hinc
1283 1817 1536 1872 vomitus
1582 1816 1689 1871 fre-

84 1908 233 1974 quens
261 1921 517 1960 semesas
566 1906 771 1978 epulas
818 1922 951 1963 cum
1000 1907 1365 1962 internarum
1395 1906 1685 1960 viscerum

83 2008 248 2048 cruore
274 1992 665 2050 fundentium.
698 1994 965 2063 Mentior,
998 1995 1110 2051 nisi
1152 1996 1354 2050 eadem
1403 1993 1688 2049 Dominus

78 2095 160 2150 per
182 2079 479 2138 Jeremiam
516 2081 746 2138 locutus
776 2087 863 2139 est
892 2084 1093 2140 dicens
1125 2101 1137 2138 :
1174 2107 1200 2133 ‹‹
1237 2082 1421 2138 Bibite
1462 2087 1520 2138 et
1568 2083 1687 2137 ine-

78 2168 333 2235 brian‘iini,
384 2177 441 2226 et
489 2171 726 2238 vomite,
774 2176 831 2227 et
876 2172 1116 2243 cadetis,
1168 2177 1225 2227 et
1270 2188 1385 2227 non
1437 2171 1690 2243 surgetis

76 2258 178 2328 (Jer.
205 2274 327 2324 xxv,
359 2261 474 2327 27).
517 2282 543 2308 »
936 2242 949 2271 ’

125 2363 200 2418 60.
244 2366 383 2421 Hinc
438 2366 619 2422 etiam
671 2384 829 2422 vanae
879 2366 1186 2441 imagines,
1242 2368 1449 2423 incerti
1504 2368 1686 2435 visus,

72 2451 323 2509 instabilis
361 2472 628 2527 gressus,
663 2457 903 2511 umbras
953 2472 1103 2528 saepe
1151 2455 1493 2512 transiliunt
1539 2457 1692 2512 sicut

71 2539 248 2598 foveas.
275 2544 451 2599 Nutat
502 2543 596 2599 his
643 2561 779 2600 cum
831 2544 976 2600 facie
1022 2548 1196 2611 terra,
1230 2545 1423 2601 subito
1461 2545 1604 2619 erigi
1635 2550 1691 2602 et

70 2628 297 2686 inclinari
356 2632 612 2699 videtur,
645 2637 703 2688 et
749 2634 918 2705 quasi
976 2638 1251 2704 vertatur,
1297 2635 1570 2691 timentes
1627 2635 1687 2690 in

69 2716 240 2774 faciem
264 2728 463 2787 ruunt,
498 2726 560 2777 et
589 2722 779 2777 solum
814 2722 1087 2778 manibus
1116 2724 1691 2795 apprehendunt,aut

67 2811 519 2867 concurrentibus
579 2812 880 2867 montibus
947 2812 1058 2866 sibi
1115 2812 1391 2867 videntur
1444 2812 1686 2877 includi,

68 2895 299 2952 Murmur
328 2898 386 2954 in
421 2899 672 2956 auribus
702 2904 983 2971 tanquam
1016 2900 1197 2955 maris
1222 2901 1560 2956 ﬂuctuantis
1582 2903 1690 2956 fra-

63 2999 161 3055 gor,
190 2990 244 3042 et
272 2988 617 3045 resonantia
644 2989 827 3044 ﬂuctu
858 2987 1074 3044 littora.
1107 2990 1288 3045 Canes
1318 2990 1367 3044 si
1414 2990 1686 3057 viderint,

63 3071 229 3131 leones
256 3078 645 3145 arbitrantur,
679 3081 735 3132 et
763 3076 1015 3149 fugiunt.
1049 3076 1163 3132 Alii
1208 3078 1328 3134 risu
1379 3078 1690 3133 solvuntur

61 3160 346 3233 incondito,
405 3166 509 3222 alii
572 3166 978 3225 inconsolabili
1051 3184 1295 3223 mcerore
1362 3167 1687 3241 deplorant,

61 3250 135 3305 alii
165 3254 602 3311 irrationabiles
632 3260 880 3313 cernunt
910 3256 1495 3329 pavores.Vigilantes
1527 3274 1686 3311 som-

65 3339 216 3410 niant,
247 3343 616 3400 dormientes
645 3343 896 3417 litigant.
917 3344 1051 3401 Vita
1082 3346 1235 3402 554
1265 3346 1356 3401 his
1388 3345 1685 3401 somnium

58 3433 145 3495 est,
199 3449 444 3489 somnus
505 3433 602 3489 his
648 3451 807 3490 mors
856 3438 943 3489 est
991 3436 1104 3505 (62)
1153 3453 1166 3490 :
1218 3434 1454 3490 excitari
1506 3434 1683 3489 nullis

1804 681 2138 721 mensuram
2172 666 2457 739 quidquid
2507 670 2596 723 est
2641 665 3005 740 superﬂuum
3045 665 3294 722 habetur
3324 681 3337 721 :
3371 663 3451 720 ita

1801 756 1890 808 est
1917 753 2164 809 ebrietas
2195 771 2321 825 quae
2355 756 2493 810 ﬂetu
2523 756 2861 829 prophetico
2901 754 3255 826 deploratur.
3288 753 3453 811 Unde

1802 842 1883 896 ait
1910 842 2222 914 Apostolus
2258 859 2270 897 :
2304 866 2333 892 ‹‹
2367 843 2557 900 Nolito
2603 844 2880 900 inebriari
2927 843 3058 899 vino
3109 844 3166 899 in
3218 840 3332 917 quo
3363 847 3453 899 est

1800 928 2053 995 luxuria,
2101 930 2202 985 sed
2251 930 2621 987 inebriamini
2674 932 2880 1004 spiritu
2921 932 3132 1006 (Ep/tes.
3166 950 3220 1000 v,
3257 928 3377 1004 18).¹
3421 954 3448 981 ››

1804 1017 1900 1072 Est
1946 1034 2082 1089 ergo
2132 1018 2381 1074 ebrietas
2428 1019 2632 1093 culpa},
2685 1025 2774 1076 est
2822 1025 2879 1076 et
2926 1019 3143 1093 gratiae.
3192 1020 3258 1074 Et
3306 1018 3449 1075 forte

1800 1105 1921 1161 haec
1950 1111 2193 1174 naturae,
2226 1126 2352 1181 quae
2383 1109 2710 1182 gratiae,qui
2742 1110 2813 1165 ad
2846 1109 3165 1182 imaginem
3196 1114 3252 1165 et
3281 1108 3446 1165 simi-

1802 1193 2108 1251 litudinem
2139 1196 2239 1251 Dei
2273 1196 2427 1252 facti.
2460 1196 2681 1269 Spiritu
2712 1201 2914 1253 sancto
2943 1196 3148 1270 repleti
3175 1211 3302 1253 esse
3347 1196 3447 1253 de-

1801 1284 2025 1340 bemus.

2399 1375 2636 1431 CAPUT
2671 1375 2837 1431 XVII.

1801 1464 1871 1517 De
1915 1463 2375 1537 obtestationibus,
2422 1466 2799 1537 sacramentis,
2856 1481 2920 1519 ac
2972 1462 3447 1537 propinationibus

1866 1536 2310 1604 computantium.
2348 1535 2617 1602 Quomodo
2664 1552 2804 1606 serpe
2850 1535 3138 1591 secretiora
3187 1537 3312 1590 vino
3354 1550 3447 1589 ev-

1869 1609 2241 1677 torqueantur.
2277 1608 2339 1660 Et
2367 1606 2432 1661 de
2460 1607 2773 1677 prodigiosa
2800 1607 3038 1678 quadam
3087 1606 3305 1662 bibendi
3351 1620 3444 1659 ra-

1868 1679 2034 1742 tione,
2066 1680 2119 1731 et
2147 1693 2311 1747 quam
2340 1692 2404 1732 ea
2431 1680 2506 1732 sit
2534 1678 2844 1733 valetudini
2867 1679 3194 1750 perniciosa.

1866 1768 1955 1820 62.
1987 1765 2135 1830 Quid
2168 1770 2363 1821 autem
2394 1766 2816 1823 obtestationes
2850 1768 3178 1841 potantium
3210 1765 3446 1839 loquar?

1796 1853 1942 1918 Quid
1975 1858 2293 1911 memorem
2326 1859 2716 1923 sacramenta,
2749 1873 2880 1928 qua:
2910 1856 3120 1914 violare
3150 1856 3314 1912 nefas
3353 1873 3445 1912 ar-

1719 1946 1764 2010 B
1796 1942 2133 1999 bitrantur‘?
2164 1943 2464 2010 Bibamus,
2500 1944 2775 2017 inquiunt
2809 1963 2821 2001 :
2856 1946 3001 2017 Opto
3032 1945 3284 2003 salutem
3334 1944 3446 2001 im-

1800 2036 2168 2104 peratorum;
2203 2036 2267 2088 ut
2290 2033 2387 2104 qui
2423 2050 2536 2088 non
2576 2033 2915 2103 biberit,ﬂat
2946 2050 3079 2090 reus
3127 2032 3443 2090 indevotio-

1798 2122 1893 2176 nis
1941 2121 2074 2193 (6i).
2108 2120 2350 2177 Videtur
2395 2122 2551 2177 enim
2598 2138 2715 2178 non
2764 2138 2961 2179 amare
3010 2121 3445 2194 imperatorem,

1800 2209 1898 2282 qui
1929 2227 2033 2282 pro
2072 2210 2199 2280 ejus
2247 2209 2436 2265 salute
2484 2227 2599 2265 non
2646 2210 2877 2266 biberit.
2911 2211 2954 2266 Ο
2986 2210 3091 2283 piae
3122 2209 3444 2267 devotionis

1798 2298 2183 2370 obsequium!
2222 2299 2500 2355 Bibamus
2547 2316 2651 2371 pro
2698 2298 2887 2356 salute
2916 2299 3295 2365 exercituum,
3340 2315 3443 2372 pro

1799 2388 2079 2443 comitum
2109 2387 2345 2453 virtute,
2370 2404 2472 2459 pro
2503 2387 2757 2443 ﬁliorum
2790 2388 3135 2445 sanitate.Et
3164 2388 3283 2445 haec
3310 2392 3445 2446 vota

1799 2477 1871 2532 ad
1902 2477 2083 2532 Deum
2113 2475 2722 2549 pervenirejudicant,
2755 2476 2907 2532 sicut
2952 2477 3034 2531 illi
3085 2477 3185 2549 qui
3232 2476 3442 2534 calices

1799 2567 1868 2621 ad
1899 2566 2165 2637 sepulcra
2207 2569 2530 2638 martyrum
2583 2565 2868 2632 deferunt,
2903 2570 3077 2637 atque
3104 2565 3225 2621 illic
3254 2566 3314 2622 in
3343 2583 3442 2622 ve-

1797 2671 2027 2726 speram
2072 2654 2300 2721 bibunt,
2351 2658 2409 2709 et
2455 2653 2622 2709 aliter
2674 2670 2736 2709 se
2791 2654 3052 2709 exaudiri
3105 2671 3276 2726 posse
3327 2671 3441 2711 non

1799 2744 2239 2815 credunt(65).0
2270 2742 2577 2799 stultitiam
2611 2743 2939 2812 hominum,
2972 2742 3072 2814 qui
3102 2741 3442 2800 ebrietatem

1797 2831 2150 2887 sacrificium
2191 2835 2431 2904 putant;
2466 2831 2567 2902 qui
2615 2831 2908 2887 instituant
2942 2830 3060 2886 illis
3105 2831 3443 2887 ebrietatem

1799 2919 2023 2993 placere
2052 2920 2185 2992 (66),
2216 2920 2314 2992 qui
2339 2920 2567 2991 jejunio
2600 2920 2941 2992 passionem
2974 2920 3265 2976 sustinere
3293 2920 3443 2976 didi-

1798 3014 2021 3065 cerunt.

1867 3099 1957 3153 63.
1991 3097 2251 3161 Quantos
2299 3097 2370 3151 de
2418 3096 2829 3168 intemperanti
2876 3098 3136 3153 convivio
3175 3096 3445 3155 novimus

1799 3187 1870 3242 ad
1900 3190 2188 3241 tormenta
2216 3186 2483 3241 venisse?
2514 3186 2663 3241 Dum
2696 3202 2799 3257 per
2827 3186 3167 3241 ebrietatem
3217 3186 3287 3242 de
3334 3185 3444 3242 im-

1802 3275 1960 3349 perio
1991 3292 2096 3331 suo
2127 3278 2373 3343 certant,
2415 3280 2473 3330 et
2520 3275 2632 3329 sibi
2683 3290 2861 3346 regna
2909 3274 3279 3346 promittunt,
3313 3272 3445 3329 aliis

1798 3364 2048 3421 honores
2084 3362 2715 3436 pollicentur,infelices
2742 3363 2814 3418 ad
2849 3378 3078 3433 poenam
3100 3361 3258 3418 ducti
3281 3365 3443 3428 sunt,

1796 3453 1895 3525 qui
1924 3454 2063 3524 quid
2095 3453 2356 3508 dicerent
2386 3451 2749 3509 nesciebant.
2786 3451 2946 3506 Unde
2994 3449 3255 3523 plerique
3303 3450 3441 3511 boni

55 3518 262 3577 vocibus
294 3526 576 3593 possunt,
609 3521 972 3595 quantolibet
1001 3522 1393 3579 stimulandos
1424 3523 1680 3596 impulsu

1870 3518 2017 3597 dicos
2047 3558 2116 3597 ea
2144 3559 2271 3613 qua:
2302 3558 2404 3612 per
2432 3541 2770 3597 ebrietatem
2794 3540 2950 3596 dicta
2968 3518 3445 3606 essent—,tenenda

55 3612 213 3676 putes,
249 3611 362 3667 nisi
396 3611 782 3684 resipuerint,
806 3611 1064 3685 evigilari
1096 3629 1208 3667 non
1239 3616 1505 3685 possunt.

108 3717 186 3771 61.
237 3718 402 3776 Unde
452 3720 609 3776 bene
654 3718 940 3775 Jeremias
987 3719 1329 3791 hujusmodi
1387 3719 1683 3776 hominem

53 3804 303 3877 tanquam
339 3807 713 3881 superﬂuam
745 3812 1091 3875 creaturam,
1125 3808 1460 3864 deﬂendum
1492 3813 1680 3880 putat.

52 3891 176 3954 Quid
205 3895 360 3952 enim
412 3901 507 3953 est
559 3896 733 3952 homo
781 3895 999 3963 ebrius,
1032 3894 1147 3951 nisi
1196 3897 1492 3968 superﬂua
1521 3914 1685 3952 crea-

51 3981 200 4037 tura?
227 3984 437 4058 Itaque
470 3985 558 4042 sic
590 3984 669 4039 ait
718 4001 731 4039 :
785 3985 949 4039 Sicut
991 3985 1191 4041 ﬂetum
1239 3988 1424 4051 Jazer,
1466 3985 1686 4040 deﬂebo

48 4070 110 4133 te,
138 4072 328 4142 vinea;
386 4075 536 4147 quia
586 4074 816 4130 deserta
862 4078 953 4129 est
999 4073 1203 4129 civitas
1252 4074 1421 4129 Jazer
1466 4074 1685 4142 (Jerem.

45 4170 208 4227 xmn,
240 4162 357 4233 32).
422 4184 452 4211 ››
496 4163 572 4217 Et
611 4161 764 4216 infra
815 4179 827 4216 :
879 4183 907 4211 ‹‹
959 4161 1176 4215 Vinum
1209 4161 1267 4215 in
1299 4161 1688 4217 torcularibus

44 4244 142 4301 tuis
170 4265 340 4306 mane
358 4267 482 4307 non
505 4248 897 4314 calcaverunt,
932 4248 1173 4304 meridie
1203 4253 1398 4305 autem
1431 4251 1691 4306 fecerunt

45 4331 138 4404 (63)
214 4338 375 4408 (Ibid.
472 4340 588 4408 33).
675 4339 843 4394 Juzer
923 4347 1113 4406 ποίησις
1162 4349 1405 4412 περισσὸς,
1470 4340 1692 4395 factura

104 4477 205 4550 {61)
236 4480 414 4536 Rom.
450 4480 621 4546 edit.,
651 4497 917 4537 venenum
942 4483 1263 4552 sapientiae:
1297 4482 1420 4537 aliae
1463 4499 1687 4549 omnes,

42 4561 295 4625 reveniam
322 4555 695 4625 insipientis.

103 4621 205 4693 (62)
235 4622 348 4678 Ubi
400 4621 615 4680 omnes
666 4624 804 4679 edit.
855 4639 1095 4689 somnus,
1151 4623 1236 4679 his
1283 4641 1427 4681 mors
1471 4635 1567 4694 est,
1602 4643 1687 4680 re-

1796 3631 1867 3686 ad
1911 3630 2132 3687 crimen
2181 3648 2294 3686 non
2345 3634 2710 3702 putaverunt.
2761 3629 3027 3702 Plerique
3072 3629 3248 3688 etiam
3303 3628 3438 3688 vino

1795 3723 2041 3775 utuntur
2073 3723 2135 3775 ut
2164 3718 2445 3790 equuleo;
2478 3723 2535 3774 et
2572 3719 2788 3791 quibus
2836 3721 3129 3776 tormenta
3174 3735 3292 3776 non
3332 3717 3439 3775 eli-

1796 3808 1962 3864 ciunt
1989 3825 2185 3865 vocem
2235 3808 2601 3880 proditionis,
2653 3825 2751 3865 eos
2798 3812 3026 3867 tentant
3055 3808 3346 3876 bibendo;
3376 3812 3444 3864 ut

1797 3897 1996 3969 patriae
2048 3902 2293 3963 statum,
2325 3896 2575 3953 salutem
2624 3897 2860 3964 civium,
2921 3896 3278 3955 defensionis
3324 3913 3443 3952 suae

1796 3985 2047 4057 prodant
2101 3984 2362 4039 consilia.
2415 3984 2610 4039 Virtus
2657 3984 2814 4041 enim
2863 3983 3212 4057 plerumque
3265 3982 3447 4041 vincit

1798 4073 2055 4129 dolorem
2116 4091 2129 4128 :
2189 4073 2364 4128 ﬁdem
2414 4078 2612 4128 autem
2658 4077 2828 4144 potus
2877 4071 3150 4128 excludit.
3190 4071 3444 4144 Cognovi

1799 4161 2109 4234 plerosque
2150 4160 2401 4216 ﬁdiculis
2449 4160 2807 4216 exulceratos
2855 4176 3068 4216 nomen
3116 4176 3291 4217 suum
3336 4177 3443 4217 ne-

1798 4267 1988 4324 gasse.
2039 4250 2179 4316 Quis
2228 4251 2379 4305 inter
2428 4249 2667 4321 cyathos
2715 4250 2828 4321 (67)
2874 4250 3017 4304 texit
3066 4249 3220 4320 quod
3267 4248 3444 4306 latere

1800 4339 2110 4411 cupiebat?

1873 4482 1985 4553 (6i)
2043 4481 2145 4537 Hic
2204 4481 2350 4536 ritus
2409 4498 2443 4535 a
2498 4480 2776 4553 religione
2830 4484 2992 4535 ortus
3040 4480 3099 4535 in
3146 4478 3444 4553 lasciviam

1800 4550 1976 4624 atque
2006 4553 2513 4625 intemperantiam
2549 4550 3144 4625 cu'midegenerasset,
3175 4555 3309 4625 post
3349 4550 3449 4609 illa

1803 4622 2071 4697 religiose
2118 4622 2228 4697 fuit
2275 4624 2632 4697 antiquatus.
2687 4622 2829 4679 Vide
2875 4629 3136 4680 nostram
3180 4622 3253 4679 ad
3292 4622 3449 4683 hunc

41 4684 363 4757 ponendum
398 4713 431 4751 e
464 4696 694 4751 cunctis
725 4694 917 4761 codd.,
949 4684 1169 4750 somnus
1200 4697 1284 4750 his
1312 4697 1518 4751 multus
1547 4684 1644 4752 est.
1723 4684 1769 4749 D
1802 4684 2112 4752 tractatum
2140 4684 2628 4751 Admonitionem.

100 4763 204 4835 {63)
240 4764 417 4823 Rom.
456 4767 627 4835 edit.,
661 4782 832 4838 neque
877 4781 1092 4838 vespere
1131 4769 1378 4835 fecerunt
1423 4767 1690 4824 celeuma.

40 4835 158 4887 Aut.
189 4852 328 4909 vero
361 4843 425 4894 et
459 4855 611 4894 mss.
652 4835 887 4909 meridie
910 4835 1093 4909 autem
1122 4854 1232 4893 non
1277 4842 1541 4909 fecerunt.
1579 4839 1691 4895 Ite-

39 4916 156 4985 Tum
203 4906 379 4985 Rom:
414 4909 586 4985 edit.,
637 4910 816 4985 Ja-zer,
869 4906 1336 4985 ὶῑίοίιὺ-,ηξιρὸατζιξιἓ
1384 4914 1437 4965 et
1485 4912 1691 4985 Segon,

38 4974 127 5049 ubi
178 4985 293 5035 vet.
359 4974 689 5049 habebant,
762 4974 933 5048 laser,
1003 4974 1162 5036 Mohi.
1226 4974 1424 5046 Ticine,
1494 4974 1690 5037 Pieeot.

36 5044 132 5099 Sed
161 5050 557 5124 quiAultimas
588 5044 772 5107 Paris.
824 5044 1115 5124 cur-avere,
1169 5053 1241 5124 ad
1292 5044 1465 5107 finem
1516 5053 1694 5124 hujus

35 5120 395 5194 cap.optime
426 5126 793 5179 annotarunt
819 5140 1018 5178 veram
1048 5122 1355 5178 lectionem
1386 5140 1522 5180 esse.
1543 5120 1692 5193 eam,

34 5203 199 5313 (gulam
232 5210 348 5250 nos
382 5196 448 5249 in
479 5199 699 5251 textum
733 5211 874 5250 mss.
909 5195 1086 5249 etiam
1118 5196 1463 5251 auctoritate
1502 5200 1693 5251 trans-

62 5277 89 5313 u
114 5278 296 5313 imus-

62 5277 296 5320 unmus.

96 5336 205 5407 (6-4)
238 5335 374 5392 Vet.
432 5334 600 5405 edit.,
649 5354 752 5405 pro
797 5337 975 5391 salute
1016 5338 1435 5408 imperatorum,
1477 5345 1592 5392 et...
1624 5339 1699 5392 sit

34 5416 146 5458 reus
180 5410 239 5461 in
271 5408 594 5475 devotione,
628 5409 889 5464 Rom.....
916 5407 1282 5479 imperatoris,
1315 5414 1479 5464 et.....
1512 5407 1600 5463 hic
1628 5411 1700 5464 sit

33 5487 145 5551 reus
188 5479 597 5534 indevotionis‘.
648 5484 723 5534 At
768 5496 913 5535 mss.
965 5479 1517 5551 sexgvetustissimi,
1568 5480 1699 5551 Opto

30 5548 260 5604 salutem
326 5553 755 5619 imperatorum,
815 5555 923 5606 etc.
978 5549 1141 5605 Unde
1190 5552 1333 5607 satis
1386 5548 1700 5606 verisimile

32 5630 107 5693 est
165 5619 324 5693 hanc
382 5620 573 5677 fuisse
604 5621 936 5689 formulam,
993 5638 1110 5693 qua
1157 5638 1217 5677 se
1268 5622 1325 5677 in
1379 5624 1699 5693 propinan—

29 5686 97 5811 ξίο
145 5691 218 5747 ad
276 5692 440 5748 bene
499 5694 851 5763 precandum
903 5686 1356 5766 imperatoribus
1379 5686 1698 5749 hortabar.-

55 5777 142 5811 ur-

55 5777 142 5816 ur.

1874 4770 1985 4840 (66)
2020 4769 2101 4822 Ita
2131 4785 2273 4823 mss.
2308 4784 2520 4840 magno
2571 4784 2883 4840 consensu.
2934 4766 3087 4840 Eidit.
3122 4770 3278 4832 Am.,
3325 4766 3447 4821 illos

1802 4838 2063 4917 ebrietate
2088 4840 2327 4917 placare,
2364 4838 2518 4917 quod
2548 4840 2677 4894 Era.
2701 4843 2767 4917 et
2797 4838 3227 4917 aligdeinpeps
3253 4852 3447 4917 emen-

1803 4912 1941 4966 dare
1972 4906 2278 4966 voluerunt
2308 4906 2554 4965 in'hunc
2585 4910 2826 4965 modum
2861 4925 2874 4963 :
2909 4908 3031 4964 illos
3059 4906 3320 4963 ebrietate
3334 4906 3450 4976 pta-

1803 4984 1939 5046 cari,
1973 4986 2080 5036 etc.
2223 5000 2227 5003 λ

1877 5051 2163 5123 (67)ΑΗοο
2211 5050 2335 5106 loco
2384 5050 2879 5123 dissimulandum
2929 5064 3043 5123 non
3093 5045 3447 5123 putavimus,

1808 5117 1905 5179 ubi
1935 5117 2096 5190 edit.,
2132 5124 2442 5193 praeferunt
2468 5121 2706 5193 fidiculis
2745 5117 3110 5193 exuteeratosi
3140 5157 3153 5171 .
3190 5157 3202 5170 .
3227 5117 3452 5193 ..ηἱηιενν

1804 5195 2047 5266 cyathos,
2082 5182 2188 5247 etc.
2224 5182 2622 5266 codices'mss.
2657 5192 2774 5246 fere
2804 5182 2875 5266 ad
2913 5185 3449 5266 _unum_exl_i_i_bere,

1808 5256 2089 5336 [iduciales
2135 5264 2539 5336 exulceratos...
2590 5260 3043 5336 intenctindias,
3090 5262 3198 5313 etc.
3232 5257 3298 5313 Et
3342 5256 3451 5316 hoc

1808 5331 2094 5392 consensu
2153 5332 2419 5389 nonnihil
2480 5331 2622 5387 moti
2692 5331 2930 5398 fuimus,
2989 5335 3055 5385 ut
3109 5346 3452 5403 germanam

1806 5408 2117 5463 lectionem
2166 5422 2293 5460 esse
2340 5404 2487 5459 hanc
2534 5404 2999 5474 suspicaremur;
3037 5400 3211 5474 atque
3239 5418 3307 5474 ea
3338 5400 3451 5459 for-

1809 5496 1914 5534 san
1946 5483 2111 5532 aetate
2140 5493 2256 5547 qua
2285 5492 2400 5531 non
2431 5471 2745 5530 minimum
2773 5471 3221 5547 degeneraverat
3258 5471 3453 5547 latini-

1810 5558 1920 5616 tas,
1945 5544 2221 5629 homin‘es
2251 5546 2469 5629 fiducia
2510 5547 2716 5629 plenos
2758 5551 2815 5602 et
2852 5544 3204 5629 constantia,
3236 5545 3456 5629 quique

1809 5622 1964 5694 quod
1997 5638 2116 5675 suae
2149 5619 2280 5694 fidei
2312 5615 2693 5694 commissum
2726 5620 2897 5694 esset,
2934 5615 3113 5694 nullis
3144 5615 3454 5694 tormentis

1810 5684 2168 5765 evulgarent,
2204 5690 2501 5765 ﬁducialcs
2530 5690 2700 5765 vulgo
2746 5689 2860 5745 dici
2886 5684 3141 5765 solitos;
3186 5684 3459 5765 similiter

1812 5757 1988 5820 etiam
2036 5757 2208 5821 hosce
2249 5761 2512 5831 lectulos,
2544 5757 2760 5833 quibus
2806 5760 3109 5834 epulantes
3156 5757 3457 5815 accumbe-
