3866 6212
156 380 259 444 757

1254 372 1485 438 LIBER
1531 373 1632 436 DE
1673 366 1858 437 ELIA
1900 370 1999 434 ET
2042 368 2379 438 JEJUNlO.

3398 366 3518 438 758

155 512 306 590 plina
330 507 585 569 :luxuria
607 505 989 569 seminarium
1005 512 1061 568 et
1085 506 1526 583 origovitiorum
1541 506 1768 564 est.Nec
1796 504 1852 574 Α
1882 507 1992 565 ties
2020 509 2450 567 recurrentibus
2482 505 2901 567 mercatoribus
2930 507 3232 568 exaratam
3266 522 3281 580 ;
3308 530 3337 561 ‹‹
3379 508 3518 567 Eru-

156 600 487 660 arbitremini
515 601 794 658 adversus
822 599 1170 674 Apostolum
1192 599 1407 655 dixisse
1430 598 1475 669 (1
1504 598 1637 653 Tim.
1686 615 1761 665 1v,

156 694 217 765 1),
247 691 374 764 quia
403 690 497 746 ille
524 690 607 746 ait
636 690 939 746 avaritiam
992 689 1249 745 radicem
1309 704 1436 742 esse
1490 686 1763 742 vitiorum

154 780 413 847 omnium,
428 778 947 852 quoniamluxuria
965 777 1152 851 ipsius
1175 781 1263 833 est
1286 780 1470 832 mater
1491 775 1759 831 avaritiae.

154 868 356 925 Etenim
388 885 516 923 cum
549 867 885 924 exhauserit
912 867 1046 939 quis
1088 865 1437 922 luxuriando
1495 864 1763 937 proprias

152 957 450 1023 facultates,
483 956 687 1027 quaerit
717 960 918 1029 postea
949 973 1122 1012 avara
1148 953 1509 1026 compendia.

207 1047 287 1100 70.
316 1044 536 1100 Auditis
567 1045 739 1101 hodie
770 1044 911 1117 quid
932 1043 1146 1101 lectum
1178 1044 1292 1099 sit:
1329 1066 1355 1092 «
1391 1043 1758 1110 Mercatorcs,

150 1134 337 1207 inquit,
367 1132 702 1188 Phoenicum
724 1136 1151 1189 transmeantes
1178 1148 1337 1187 mare
1360 1131 1417 1186 in
1442 1148 1594 1203 aqua
1617 1129 1765 1185 mul-

151 1228 233 1291 ta;
259 1238 449 1278 semen
476 1226 864 1278 mercatorum
897 1221 1051 1277 sicut
1079 1221 1289 1277 messis
1333 1238 1460 1292 quae
1508 1219 1766 1275 defertur

148 1313 259 1383 (Im.
288 1328 437 1377 xxm,
471 1314 525 1380 2,
557 1310 610 1381 3)
650 1334 670 1361 ι
697 1311 911 1367 Vicina:
957 1314 1098 1367 sunt
1148 1310 1270 1365 ista:
1323 1309 1608 1375 civitates,
1653 1309 1762 1381 Ty-

147 1418 252 1467 rus,
283 1399 563 1467 thnice,
597 1400 775 1456 Sidon
811 1398 1048 1455 :vicinae
1082 1403 1145 1453 ut
1174 1398 1341 1464 locis,
1367 1399 1449 1453 ita
1478 1402 1535 1453 et
1582 1397 1760 1453 vitiis.

148 1489 466 1544 Mercatores
500 1505 534 1542 a
563 1488 1058 1561 negotiationibus
1087 1487 1413 1560 periculosa
1433 1486 1765 1541 transfreta-

146 1576 281 1632 tione
310 1577 485 1632 maris
518 1576 663 1633 557
697 1577 907 1633 lucella
936 1582 1263 1649 quaerentes
1320 1577 1453 1649 (73).
1505 1574 1768 1631 Sollicita

145 1666 246 1720 vita
275 1666 596 1731 hominum,
646 1665 908 1738 inquieta
964 1665 1342 1733 conversatio,
1404 1670 1461 1719 et
1510 1664 1764 1736 quodam

144 1770 352 1826 semper
379 1754 436 1831 in
468 1754 724 1821 turbine,
773 1755 962 1809 ventis
1017 1754 1163 1826 ipsis
1221 1752 1491 1809 mobilior
1546 1752 1765 1824 quibus

142 1842 386 1909 volvitur,
419 1846 476 1899 et
512 1843 626 1898 huc
658 1848 832 1915 atque
863 1842 1003 1921 illuc
1034 1859 1183 1914 saepe
1218 1843 1494 1913 jactatur.
1558 1840 1765 1913 Utique

140 1931 401 1987 accusatis
432 1932 636 1987 crebra
666 1930 992 2004 naufragia,
1024 1930 1156 2003 quis
1186 1947 1285 1986 vos
1318 1930 1589 2002 navigare
1614 1945 1765 1984 com-

141 2019 335 2092 pellit?
362 2020 538 2083 Quasi
572 2037 685 2075 non
728 2019 946 2075 invidia
992 2036 1168 2091 opum
1200 2022 1257 2074 et
1300 2023 1486 2073 terras
1538 2017 1766 2073 faciatis

140 2108 357 2176 intutae,
392 2113 447 2164 et
475 2108 548 2164 ad
581 2107 949 2164 latrocinium
979 2108 1266 2180 plurimos
1298 2106 1558 2162 excitetis
1588 2106 1616 2160 ?
1645 2106 1764 2161 Ma-

139 2213 188 2252 re
215 2214 320 2252 non
351 2199 420 2253 ad
454 2197 853 2270 navigandum
884 2198 1019 2253 fecit
1041 2197 1214 2265 Deus,
1248 2196 1349 2252 sed
1383 2198 1622 2268 propter
1649 2194 1765 2250 ele-

137 2286 298 2341 menti
329 2285 849 2359 pulchritudinem.
885 2285 1085 2341 Latius
1116 2283 1306 2357 pelagi
1332 2283 1482 2339 fudit
1511 2299 1763 2355 aequora,

136 2378 269 2430 certe
298 2379 360 2430 ut
389 2375 538 2430 freto
570 2374 894 2431 includeret
921 2379 1129 2441 terras,
1164 2390 1235 2429 ne
1268 2373 1503 2445 longius
1556 2377 1617 2427 tu
1666 2389 1763 2427 va-

134 2478 229 2535 gus
258 2466 311 2519 et
338 2463 467 2519 exul
503 2480 746 2520 errares.
779 2463 892 2519 Sed
922 2466 1270 2535 tempestate
1294 2462 1553 2533 jactatur
1582 2477 1761 2516 mare.

135 2552 341 2608 Timere
371 2569 534 2626 ergo,
568 2570 683 2608 non
730 2568 1013 2625 usurpare
1058 2551 1281 2607 debetis
1311 2551 1442 2621 (74).
1497 2548 1763 2605 Elemen-

137 2644 244 2696 tum
277 2641 558 2697 innocens
590 2640 737 2696 nihil
789 2639 1081 2713 deliquit;
1141 2639 1443 2695 temeritas
1502 2638 1765 2694 humana

136 2727 231 2783 sibi
255 2733 308 2784 et
335 2729 466 2801 ipsa
500 2727 847 2784 discrimini.
882 2728 1144 2800 Denique
1174 2727 1276 2799 qui
1334 2744 1449 2782 non
1507 2725 1759 2797 navigat,

131 2818 297 2873 nescit
328 2818 538 2874 timere
571 2818 964 2890 naufragium.
996 2816 1277 2872 Dominus
1308 2816 1453 2871 dixit
1487 2834 1499 2871 :
1560 2839 1587 2863 ‹‹
1655 2816 1759 2870 Do-

134 2906 335 2961 minani
368 2906 623 2980 piscium
655 2906 836 2962 maris
882 2905 1032 2978 (Gen.
1067 2923 1103 2971 ι,
1155 2908 1268 2974 28),
1314 2927 1341 2954 ››
1399 2922 1512 2960 non
1574 2903 1756 2958 dixit:

129 2993 381 3068 Navigate
415 2996 474 3049 in
512 2995 806 3050 ﬂuctibus.
832 2994 1092 3065 Denique
1123 2998 1178 3048 et
1219 2993 1502 3066 propheta
1558 2993 1757 3058 Jonas,

130 3081 217 3153 qui
246 3083 461 3140 missus
493 3088 586 3139 est
616 3083 675 3138 in
705 3083 993 3150 Ninivem,
1030 3086 1094 3138 ut
1123 3082 1521 3154 paenitentiam
1554 3081 1758 3152 praedi-

129 3175 287 3233 caret,
319 3172 458 3244 quia
489 3171 672 3227 voluit
706 3171 995 3244 navigare,
1033 3175 1095 3225 ut
1124 3171 1349 3242 fugeret
1378 3187 1411 3225 a
1434 3169 1578 3225 facie
1635 3168 1756 3237 Dei,

1876 600 2068 666 bcsce,
2089 600 2290 669 Sidon,
2321 600 2466 655 dixit
2496 616 2655 658 mare
2682 601 2812 669 (Isa,
2842 618 3000 667 xxm,
3036 599 3108 671 4).
3145 622 3171 648 ››
3212 598 3515 673 Tanquam

1876 689 2099 761 fatigati
2132 689 2400 745 elementi
2430 706 2537 745 vox
2569 690 2679 745 ista
2709 690 2956 745 dicentis
2977 692 3065 745 est
3099 706 3111 744 :
3147 712 3174 739 «
3208 688 3519 756 Erubesce,

1877 778 2084 846 Sidon,
2121 802 2148 829 ››
2171 779 2280 835 hoc
2310 784 2418 847 est,
2454 795 2614 835 meos
2672 779 2887 835 fluctus
2940 779 3263 852 negotiator
3299 778 3522 851 arguis,

1875 884 2008 923 cum
2037 867 2119 924 sis
2151 868 2276 940 ipse
2308 868 2584 923 ﬂuctibus
2614 866 2929 940 inquietior
2956 885 2968 935 ;
3017 871 3073 923 et
3103 867 3380 924 erubesce
3432 866 3519 923 vel

1874 957 2113 1029 pudore,
2148 957 2430 1030 quoniam
2462 956 2718 1029 periculo
2752 974 2866 1012 non
2901 956 3169 1012 moveris.
3228 956 3518 1012 Verecun-

1873 1044 2064 1100 diores
2098 1046 2251 1101 venti
2285 1048 2427 1101 sunt
2457 1062 2633 1117 quam
2665 1048 2865 1099 vestrae
2892 1043 3261 1116 cupiditates.
3294 1043 3381 1099 Illi
3413 1044 3517 1100 ha-

1873 1135 2012 1190 bent
2042 1133 2158 1189 otia
2189 1151 2316 1203 sua,
2350 1124 2663 1205 nunquam'
2684 1136 2875 1189 vestra
2895 1133 3188 1205 quaerendi
3219 1132 3414 1189 studia
3443 1133 3519 1189 fe-

1874 1223 2120 1280 riantur.
2154 1225 2385 1280 Etcum
2435 1223 2620 1280 otiosa
2677 1226 2994 1295 tempestas
3052 1229 3161 1291 est,
3211 1237 3517 1294 nunquam

1871 1316 2067 1368 vestra
2097 1312 2284 1368 otiosa
2307 1316 2445 1368 sunt
2469 1311 2717 1384 navigia.
2749 1312 3031 1367 Versatur
3060 1311 3218 1366 unda
3267 1311 3378 1366 sub
3431 1326 3520 1366 re-

1876 1401 2053 1473 mige,
2088 1402 2322 1474 quando
2345 1401 2591 1473 quiescit
2620 1418 2652 1456 a
2684 1401 2934 1457 ﬂamine.

1943 1492 2032 1544 72.
2073 1510 2094 1539 α
2128 1490 2252 1545 Non
2285 1489 2587 1561 parturivi,
2621 1489 2831 1561 inquit,
2865 1505 2969 1545 nec
3001 1488 3218 1561 peperi,
3241 1504 3347 1544 nec
3377 1504 3519 1543 enu-

1873 1578 2008 1634 trivi
2035 1580 2281 1650 juvenes
2324 1578 2530 1649 (Ibid.).
2568 1601 2594 1627 »
2648 1577 2796 1642 Quid
2847 1594 2941 1632 me
2994 1576 3326 1648 inquietant
3372 1591 3521 1648 quos

1874 1668 2089 1734 nescio,
2120 1683 2267 1739 quos
2299 1683 2413 1722 non
2446 1683 2697 1739 agnosco
2717 1667 2745 1722 ?
2776 1689 2805 1717 «
2858 1667 2939 1721 Ite
2967 1665 3028 1720 in
3085 1664 3517 1737 Carthaginem,

1873 1755 2114 1819 ululate.
2146 1755 2247 1826 qui
2278 1755 2620 1810 inhabitatis
2649 1754 2875 1811 insulas
2933 1753 3091 1821 (Ibid.
3148 1754 3222 1818 6).
3259 1775 3285 1802 »
3333 1756 3521 1824 Supra

1873 1844 2018 1900 dixit
2049 1862 2061 1899 :
2103 1866 2129 1897 α
2156 1844 2405 1913 Ululate,
2433 1860 2609 1900 naves
2639 1842 3030 1915 Carthaginis.
3059 1840 3516 1915 nCarthaginem

1876 1924 2089 1989 etenim
2121 1933 2277 2006 Tyrii
2311 1933 2717 1997 condiderunt,
2756 1936 2810 1987 et
2840 1932 2968 1987 ideo
3027 1930 3517 2003 Carthaginenses

1876 2027 2205 2093 sequuntur
2235 2020 2523 2076 luxuriam
2564 2020 2956 2085 conditorum,
3015 2020 3314 2074 transfusa
3362 2019 3422 2074 in
3453 2035 3516 2074 se

1874 2110 2142 2166 decolora
2173 2110 2543 2166 successione
2573 2108 2865 2180 nequitim,
2906 2108 3296 2180 pessimorum
3352 2108 3520 2163 vitio-

1874 2216 2005 2254 rum
2037 2199 2350 2254 deteriores
2380 2198 2659 2253 haaredes.
2689 2198 2756 2252 Et
2783 2197 2930 2254 bene
2958 2196 3310 2262 luxuriosos,
3344 2213 3519 2252 naves

1875 2288 2041 2342 dixit.
2076 2287 2240 2343 Sicut
2261 2287 2417 2343 enim
2449 2286 2536 2342 haa
2566 2290 2763 2352 vento,
2787 2286 2868 2342 ita
2898 2285 2979 2341 illi
3003 2286 3446 2356 cibojactantur
3464 2288 3521 2340 et

1872 2376 2025 2432 vino.
2061 2376 2289 2431 Insulas
2324 2375 2475 2432 558
2520 2373 2741 2447 repleta
2796 2378 2935 2446 potu
2991 2391 3235 2446 corpora
3286 2372 3521 2429 inhabi-

1872 2469 2000 2520 tant
2029 2466 2160 2537 (76),
2192 2464 2515 2536 naufragiis
2543 2464 2980 2520 circumsonant
3006 2464 3340 2519 tunduntur
3376 2463 3518 2518 ﬂuc-

1872 2553 2031 2609 tibus
2061 2554 2389 2620 ebrietates,
2424 2569 2528 2608 nec
2576 2569 2678 2624 per
2731 2553 2907 2617 diem,
2965 2568 3074 2607 nec
3131 2569 3234 2624 per
3287 2556 3515 2608 noctem

1874 2642 2203 2714 quiescunt.
2238 2643 2455 2697 Horum
2514 2641 2693 2712 igitur
2748 2644 3139 2718 mercatorum
3197 2656 3397 2696 semen
3453 2639 3514 2695 in

1872 2748 2044 2801 aqua,
2079 2730 2288 2786 messis
2319 2731 2374 2784 in
2408 2730 2687 2785 ﬂuctibus
2716 2732 2823 2786 est.
2858 2734 2920 2783 In
2952 2746 3104 2800 aqua
3142 2728 3298 2783 enim
3359 2728 3514 2784 labo-

1871 2835 1964 2875 res
1994 2835 2132 2874 suos
2163 2818 2475 2883 seminant,
2509 2821 2573 2872 ut
2603 2816 2862 2888 pericula
2891 2820 3131 2871 metant.
3167 2816 3230 2871 In
3262 2832 3414 2886 aqua
3429 2815 3514 2871 eis

1872 2924 2039 2981 seges
2069 2907 2339 2980 pullulat,
2373 2907 2428 2962 in
2461 2922 2614 2978 aqua
2648 2905 2858 2961 messis
2916 2905 3211 2961 exuberat.
3269 2905 3516 2960 Fructus

1870 2998 1995 3068 ipse
2024 2996 2083 3051 in
2132 3013 2286 3067 aqua
2315 3000 2423 3063 est,
2446 3011 2751 3067 nunquam
2796 2998 2962 3049 tutus
2993 2998 3048 3048 et
3077 2991 3320 3049 solidus.
3353 2992 3517 3049 Unde

1872 3090 2023 3142 recte
2053 3086 2134 3141 ait
2163 3086 2379 3157 (Ezech.
2411 3102 2605 3147 xxvm,
2641 3085 2729 3147 17,
2762 3084 2849 3152 18)
2881 3100 2893 3137 :
2928 3083 3035 3146 Qui
3067 3080 3398 3137 seminabat
3455 3081 3513 3136 in

1870 3178 2045 3236 terra.
2079 3191 2194 3229 non
2225 3172 2483 3229 introivit
2514 3173 2570 3226 in
2604 3169 3056 3243 negotiationem
3091 3186 3103 3222 :
3139 3169 3256 3225 imo
3286 3169 3388 3241 qui
3419 3186 3515 3225 se—

129 3240 451 3332 tempestate
483 3261 778 3326 turbatur,
809 3240 867 3314 et
898 3262 1049 3315 sorte
1080 3240 1311 3326 ductus,
1344 3262 1402 3313 et
1426 3259 1680 3329 jactatus
1702 3258 1760 3312 in
1792 3240 1838 3313 α
1871 3262 2135 3317 minabat
2163 3262 2222 3317 in
2254 3261 2416 3317 coelo.
2451 3261 2560 3317 Sed
2594 3240 2846 3314 estbona
2868 3257 3225 3328 terrainqua
3244 3257 3512 3329 quicum-

130 3363 291 3417 mare,
323 3353 378 3405 et
401 3352 680 3421 exceptus
711 3365 745 3403 a
773 3351 898 3403 ceto
929 3351 1035 3403 est.

187 3437 269 3491 71.
299 3436 592 3510 Propheta
620 3453 854 3509 quoque
882 3436 1061 3491 David
1104 3435 1206 3502 ait,
1263 3452 1397 3490 cum
1455 3434 1556 3490 Dei
1605 3434 1758 3490 circa

129 3523 407 3581 hominem
438 3529 927 3581 commemoraret
955 3525 1201 3598 gratiam
1240 3542 1252 3579 :
1286 3545 1307 3572 α
1349 3523 1559 3579 Omnia
1613 3524 1757 3580 sub-

120 3611 291 3682 jecisti
326 3616 435 3670 sub
464 3614 717 3688 pedibus
747 3615 894 3684 ejus,
927 3630 1061 3669 oves
1103 3617 1159 3669 et
1207 3613 1381 3669 boves
1432 3613 1754 3679 universas,

127 3700 347 3774 insuper
374 3707 432 3759 et
461 3719 676 3774 pecora
702 3701 915 3773 campi,
947 3702 1209 3758 volucres
1267 3702 1415 3769 coeli,
1448 3706 1507 3757 et
1567 3703 1757 3774 pisces

129 3791 311 3859 maris,
337 3792 435 3863 qui
461 3790 875 3863 perambulant
905 3791 1147 3847 semitas
1187 3791 1368 3845 maris
1407 3791 1578 3858 (Psal.
1636 3807 1756 3858 vm,

127 3877 171 3943 8,
201 3878 269 3947 9).
306 3901 334 3929 ››
367 3880 637 3935 Piscibus
667 3878 845 3944 dedit,
882 3895 996 3935 non
1026 3878 1390 3944 hominibus,
1449 3879 1759 3950 perambu-

130 3964 233 4022 lare
260 3968 507 4024 semitas
540 3968 742 4023 maris.
777 3968 862 4023 Ad
919 3984 1113 4023 escam
1171 3967 1280 4022 tibi
1338 3983 1497 4022 mare
1556 3967 1761 4021 datum

129 4059 224 4120 est,
252 4073 364 4112 non
391 4057 465 4112 ad
500 4056 828 4127 periculum
863 4073 875 4110 :
909 4057 980 4111 ad
1008 4057 1227 4121 cibum,
1258 4072 1373 4110 non
1406 4055 1477 4109 ad
1539 4071 1763 4110 merca-

128 4146 239 4198 tum
269 4150 452 4200 utere.
488 4145 603 4199 Cur
632 4146 737 4199 tibi
768 4144 1092 4216 periculum
1125 4160 1368 4216 generas
1398 4144 1469 4198 de
1508 4142 1766 4214 volupta-

131 4234 234 4286 tate
264 4232 291 4286 ‘?
318 4249 424 4288 cur
456 4233 837 4304 separatioris
869 4232 1142 4289 elementi
1174 4232 1461 4303 profunda
1493 4230 1767 4286 rimaris?

130 4316 230 4373 Cur
256 4321 551 4393 inquietas
583 4321 789 4376 mundi
821 4320 1256 4377 altiorasccreta
1285 4321 1312 4374 ?
1338 4320 1453 4375 Cur
1473 4324 1766 4391 postremo

131 4407 325 4480 saepius
378 4408 612 4465 sulcare
661 4412 834 4482 atque
888 4425 1125 4464 exarare
1184 4408 1397 4464 fluctus
1454 4407 1767 4480 impatiens

132 4501 292 4552 nauta
321 4497 630 4554 contendis
660 4498 687 4552 ‘?
731 4498 845 4554 Cur
892 4501 1089 4554 tantas
1142 4497 1476 4569 frequenter
1534 4495 1770 4551 innoxia

1867 3367 1980 3422 que
2011 3348 2639 3418 seminaveritJ’ructus
2669 3347 2719 3403 ei
2750 3346 3014 3402 cmlestes
3045 3344 3329 3400 orientur.

2498 3461 2733 3520 CAPUT
2773 3461 2889 3516 XX.

1864 3574 1927 3628 In
1961 3572 2241 3627 uerborum
2280 3572 2491 3626 vilitate
2519 3571 2722 3641 swpius
2777 3568 3042 3638 majorem
3099 3569 3275 3623 inesse
3324 3566 3509 3639 efﬁca-

1936 3646 2099 3699 ciam.
2134 3642 2404 3712 Quomodo
2428 3640 2700 3697 conlisum
2728 3640 3031 3712 meretricis
3059 3640 3348 3712 nationum
3383 3655 3511 3694 eon—

1936 3709 2174 3787 gregatio
2203 3715 2502 3769 cantavcrit
2524 3730 2545 3774 ,ο
2582 3729 2708 3787 eum
2751 3711 3133 3787 exhortatione
3173 3709 3244 3765 ad
3288 3726 3517 3787 moram

1939 3782 2364 3855 conuersionem,
2394 3800 2603 3840 necnon
2640 3784 2708 3839 ad
2737 3790 2952 3855 peccata
2971 3782 3323 3854 eleemosynis
3370 3782 3515 3837 redi-

1937 3858 2153 3914 menda.

1939 3974 2029 4028 73.
2065 3995 2093 4021 «
2128 3970 2377 4032 Ululate.
2408 3970 2617 4041 inquit,
2654 3969 2888 4034 iterum,
2916 3985 3091 4024 naves
3122 3965 3516 4038 Carthaginis,

1874 4059 2151 4131 quoniam
2185 4059 2357 4131 periit
2388 4059 2638 4114 munitio
2669 4062 2860 4112 vestra
2893 4074 2906 4122 ;
2939 4062 2995 4110 et
3024 4055 3135 4109 erit
3163 4055 3223 4109 in
3254 4054 3356 4109 illa
3402 4054 3517 4120 die,

1878 4149 2236 4219 relinquetur
2309 4148 2495 4219 Tyrus

1878 4260 1903 4286 κ
1941 4237 2179 4307 Eritqne
2209 4240 2340 4308 post
2366 4235 2736 4308 septuaginta
2763 4249 2948 4289 annos
2976 4233 3163 4305 Tyrus
3220 4234 3284 4285 ut
3339 4229 3524 4284 canti-

1880 4341 2014 4380 cum
2039 4323 2380 4380 meretricis.
2417 4323 2575 4391 (Ibid.
2606 4324 2711 4391 15).
2739 4344 2765 4371 ››
2791 4320 2934 4376 Vide
2955 4320 3170 4393 quibus
3190 4317 3381 4374 verbis
3404 4322 3527 4373 uta-

1880 4420 1981 4470 tur
2003 4413 2302 4486 propheta,
2329 4429 2431 4468 nec
2467 4412 2717 4484 refugiat
2752 4410 2990 4465 verbum
3030 4407 3361 4463 istiusmodi
3402 4405 3528 4461 vili-

1883 4508 2087 4559 tatem.
2122 4503 2236 4557 Nos
2265 4502 2558 4557 interdum
2591 4499 2915 4571 refugimus
2948 4518 2961 4567 ;
3013 4514 3128 4553 non
3158 4497 3313 4569 quod
3363 4495 3532 4552 nobis

2580 4150 2685 4216 (Isa
2768 4161 2928 4209 xxm,
3008 4145 3093 4214 14)
3139 4166 3167 4191 ››
3198 4144 3268 4198 Et
3321 4141 3517 4196 infra:

130 4598 364 4654 aequora,
396 4585 596 4676 irritas
630 4586 912 4657 procellas
941 4586 968 4641 Ἰ
997 4586 1040 4641 Ο
1092 4584 1463 4657 inexplebilis
1526 4583 1769 4639 avaritia
1797 4603 1850 4676 Ῑ)
1889 4609 2070 4664 quam
2105 4591 2221 4646 illis
2252 4592 2453 4661 lingua
2485 4592 2560 4644 sit
2591 4590 2824 4657 castior,
2855 4588 2957 4644 sed
3007 4587 3327 4643 auctoritas
3384 4586 3534 4641 infe-

130 4681 508 4729 mercatorum
544 4674 555 4728 l
587 4674 779 4729 Credit
802 4674 906 4729 tibi
935 4679 991 4729 et
1023 4673 1759 4744 mare,etinquietudinem

131 4761 277 4815 tuam
311 4761 558 4834 pelagus
602 4762 749 4817 ferre
797 4779 913 4817 non
963 4765 1153 4834 potest
1199 4761 1330 4831 (75).
1388 4761 1641 4833 Denique
1678 4765 1765 4816 to-

195 4903 301 4971 (73)
333 4902 486 4957 Edit.
522 4906 645 4957 Am.
682 4907 739 4958 et
760 4904 888 4958 Era.
920 4919 1052 4958 cum
1087 4919 1231 4957 mss.
1265 4902 1507 4973 aliquot,
1564 4904 1770 4958 Merca-

131 4972 354 5046 turisac
381 4976 857 5046 negotiationibus
872 4975 1564 5046 periculosalransfretatio
1579 4976 1769 5029 maris.

137 5042 343 5098 Lucella
374 5054 677 5115 quaerentes
709 5071 722 5113 ;
753 5042 885 5101 Gill:
921 5062 987 5100 ac
1018 5042 1352 5100 Roma”...
1375 5045 1589 5099 Lucella
1619 5060 1774 5115 qua?-

138 5127 273 5198 fens.
445 5115 855 5198 mssﬂpartimZ
888 5124 1250 5198 mercatores;
1294 5116 1504 5198 partim
1530 5188 1539 5198 .
1566 5132 1774 5170 merca-

135 5185 637 5259 toribus.Nonnulli
671 5187 1165 5259 transfretatio,alii
1196 5185 1774 5258 transfretatione,etc.

134 5252 190 5308 In
273 5256 381 5312 hac
468 5268 660 5313 autem
745 5252 1242 5329 varietate-quos
1309 5252 1776 5329 commodiorem

143 5341 373 5382 sensum
446 5330 686 5385 reddere
766 5328 1259 5397 existimavimus,
1329 5328 1459 5384 aliis
1525 5329 1780 5400 prmtuli-

140 5411 290 5451 H1118.

205 5467 562 5542 (71:)_Omnes
595 5471 758 5538 edit.,
794 5474 1007 5528 Temere
1034 5487 1159 5542 ergo
1184 5487 1296 5526 non
1325 5486 1593 5541 usurpare
1629 5471 1782 5526 debe-

142 5552 275 5612 mus.
306 5539 528 5612 Omnes
559 5559 730 5611 mss.,
763 5544 969 5599 Timere
991 5539 1117 5612 ergo
1147 5559 1280 5609 non,
1322 5545 1429 5597 etc.

1888 4683 2031 4737 rior.
2069 4682 2257 4752 Major
2287 4681 2441 4737 enim
2476 4680 2563 4734 vis
2597 4696 2793 4733 rerum
2828 4678 2883 4732 in
2916 4676 3122 4733 talium
3171 4675 3541 4748 expressione

1873 4779 2218 4831 sermonum
2251 4775 2341 4827 est
2375 4788 2388 4838 ;
2424 4773 2489 4825 ut
2521 4767 2622 4841 qui
2654 4767 2865 4824 delicta
2896 4784 3010 4823 non
3032 4767 3545 4832 erubescunt,eru-

1886 4919 2167 4987 Denique,
2185 4918 2294 4969 etc.
2330 4914 2497 4968 Rom.
2532 4911 2693 4987 edit.,
2727 4911 2866 4965 cedit
2891 4911 2992 4987 tibi
3004 4910 3252 4987 pelagus,
3361 4920 3542 4987 mate-

1887 4975 2322 5058 inquietudinem
2351 4987 2503 5058 tuam
2533 4975 2812 5058 ferre'norn
2847 4975 3019 5058 potest
3055 4975 3230 5058 toties,
3263 4982 3405 5058 εἰς.⁸
3437 4975 3541 5030 Ve-

1887 5048 2016 5114 ruin
2049 5074 2197 5111 mss.
2234 5048 2542 5109 nobiscum
2567 5052 2789 5107 faciunt
2822 5048 2982 5118 {nisi
3008 5049 3161 5120 quod
3185 5063 3352 5102 voces
3372 5048 3538 5118 ferre,

1886 5136 1942 5186 et
1970 5129 2201 5186 (limique
2233 5126 2289 5179 in
2321 5123 2724 5186 compluribus
2754 5122 3180 5176 desiderantur.

1963 5201 2071 5281 (792
2104 5188 2256 5253 Edit-
2292 5200 2427 5261 νει-ν
2454 5188 2701 5281 Meus
2742 5193 2985 5281 ηιξκιεεέ
3005 5188 3540 5281 Pti“.--3"3."-“§f’_‘t’3.‘:

1889 5259 1997 5327 etc.
2033 5259 2199 5325 Rom.
2234 5283 2368 5322 cum
2402 5259 2518 5320 uno
2559 5259 2690 5318 Vat.
2746 5259 2900 5330 cod.,
2959 5259 3032 5317 In‘
3073 5259 3282 5317 insulas
3342 5259 3546 5330 repleta

1887 5351 2017 5417 potu
2049 5341 2578 5417 naviganteorpora,
2602 5334 2871 5417 .etczMss.
2891 5329 3036 5417 vero
3067 5331 3301 5417 partim.
3336 5329 3550 5417 Insulas

1892 5402 2125 5487 repletas
2152 5402 2281 5482 [fotu
2336 5402 2745 5473 inﬁabitabant,
2804 5405 3020 5530 Partim
3067 5402 3404 5459 nobiscum.
3464 5402 3553 5483 In-

1892 5488 2041 5530 nilus
2108 5483 2315 5530 rl’nlcta
2384 5481 2532 5530 nota.
2604 5480 2715 5530 etc.
2749 5481 2790 5530 A
2823 5474 2941 5530 iam
2985 5477 3244 5530 demum.
3289 5473 3388 5529 sed
3466 5490 3553 5526 1n-

1890 5473 2041 5543 sn'las
2108 5473 2315 5554 repleta
2380 5481 2560 5554 ρρίιι,⁵
2604 5480 2715 5531 etc.
2749 5473 2955 5554 Aliqui
2985 5477 3244 5554 demum,
3289 5473 3430 5554 sedh
3466 5473 3555 5554 in.-

1897 5555 2127 5614 ferioris
2167 5547 2316 5609 notae
2354 5547 2615 5606 {Insulm
2665 5563 2790 5618 qua:
2840 5548 3054 5620 repletae
3109 5554 3238 5620 potu
3292 5547 3551 5608 invitant,

208 5610 319 5686 (75)
353 5613 486 5666 Ant.
518 5614 655 5669 edit.
690 5610 747 5670 et
772 5615 899 5671 cod.
930 5610 1100 5669 Mich.
1132 5617 1189 5668 et
1216 5612 1366 5678 Val.,
1389 5613 1521 5667 cede
1544 5617 1592 5666 et
1613 5615 1670 5686 tu
1693 5614 1788 5668 ubi
1893 5610 2000 5686 ἐξελ

142 5682 191 5732 et
214 5681 446 5751 pelagus
476 5685 910 5757 inquietudinem
937 5689 1091 5742 tuam
1119 5701 1229 5741 non
1275 5688 1449 5755 potest
1498 5685 1784 5740 sustinere.
