3866 6212
370 365 486 430 759

1833 365 1898 429 S.
1943 353 2318 429 AMBROSII

3620 379 3712 442 ’160

367 500 612 559 bescant
631 494 720 559 vel
768 502 1008 559 nomina
1035 501 1399 560 delictorum.
1437 527 1462 552 «ι
1499 505 1658 576 Εσὶη]
1681 520 1734 559 ιε
1794 503 2006 576 Tyrus,
2037 500 2094 566 Α
2124 501 2388 574 pecunia,
2412 499 2510 560 sed
2544 506 2800 577 pretiosa
2827 509 2916 564 est
2954 477 3367 566 misericordia.
3399 530 3430 558 (ι
3483 506 3710 568 Eleemo-

373 593 590 664 inquit,
623 597 688 648 ut
715 593 1007 649 canticum
1042 595 1385 649 meretricis.
1420 619 1446 640 ιι
1478 595 1620 648 \‘ide
1654 611 1724 648 ne
1757 611 1887 648 cum
1914 592 2016 646 ali-

372 682 508 754 quis
538 682 670 738 illos
707 683 915 738 choros
943 684 1146 737 viderit
1168 686 1358 754 turpia
1391 684 1562 737 verba
1587 690 1842 748 cantare,
1867 682 2018 736 dicat

379 773 488 841 (77,
517 789 530 824 :
564 772 706 826 Ecce
738 773 843 843 Tyr
859 790 925 826 us
958 773 1106 826 facta
1136 778 1220 826 cst
1255 778 1315 825 ut
1347 773 1638 825 canticum
1673 771 2015 826 meretricis.

374 860 689 915 Oraculum
721 860 1067 931 prophetica:
1091 859 1557 916 annuntiationis
1582 859 1885 932 impletum
1909 865 2016 913 est.

443 951 534 1004 74.
568 950 636 1004 Et
664 949 912 1020 subjecit
944 968 958 1005 :
993 974 1021 997 ‹‹
1053 950 1260 1021 Accipe
1291 950 1598 1016 citharam,
1633 954 1690 1004 et
1708 948 2020 1021 vagare,ci-

373 1038 522 1094 vitas
552 1039 827 1093 meretrix
857 1041 946 1104 (78
1021 1039 1226 1104 oblita,
1286 1040 1432 1093 bene
1489 1038 1785 1105 cithariza,
1837 1037 2022 1092 multa

377 1132 567 1192 canta,
597 1133 664 1182 ut
693 1128 792 1182 fiat
823 1128 1108 1181 memoria
1137 1128 1244 1181 tui.
1278 1127 1344 1180 Et
1377 1133 1504 1198 post
1528 1127 1898 1198 septuaginta
1926 1144 2022 1180 an-

379 1233 486 1272 nos
520 1217 632 1270 erit
657 1217 846 1287 Tyrus
877 1221 940 1269 ut
973 1216 1266 1270 canticum
1303 1218 1645 1270 meretricis.
1666 1221 1720 1270 et
1747 1215 2024 1270 visitatio-

379 1321 513 1361 nem
546 1306 716 1360 faciet
747 1306 897 1360 Deus
928 1306 1058 1375 Tyri
1099 1306 1247 1360 'lbitl.
1282 1305 1349 1360 46
1379 1347 1390 1358 .
1425 1327 1452 1352 n
1491 1305 1649 1358 [Inde
1705 1321 2021 1375 possumus

378 1399 435 1450 et
465 1394 522 1449 in
555 1395 706 1449 bono
739 1397 1029 1449 canticum
1065 1394 1263 1448 ltahab
1296 1393 1454 1446 illius
1495 1394 1811 1448 meretricis
1872 1393 2018 1447 acci-

377 1498 532 1554 pere,
567 1499 692 1554 quae
723 1483 1115 1554 exploratores
1144 1483 1281 1537 Jesu
1317 1482 1470 1536 ﬁdeli
1501 1488 1694 1537 mente
1738 1484 2016 1554 suscepit.

375 1572 520 1627 Nam
552 1577 608 1626 et
642 1572 920 1626 Dominus
950 1573 1030 1625 ait
1065 1589 1077 1626 :
1111 1596 1138 1618 «ι
1172 1572 1545 1627 Cantavimus
1574 1572 1756 1636 vobis,
1789 1577 1846 1625 et
1869 1613 1882 1622 .
1904 1588 2018 1625 non

376 1659 634 1716 saltastis
663 1662 810 1715 ’Luc.
843 1679 937 1725 vn,
969 1662 1080 1728 32,-.
1117 1685 1143 1708 υ
1173 1662 1242 1715 Et
1275 1661 1451 1715 David
1487 1661 1566 1713 ait
1617 1678 1629 1714 :
1692 1683 1718 1708 ιι
1780 1663 2020 1714 Cantate

371 1749 620 1806 Domino
650 1751 940 1804 canticum
976 1767 1210 1815 novum,
1252 1754 1478 1803 cantate
1509 1749 1776 1813 Do'nino,
1827 1749 2020 1804 omnis

2127 608 2292 662 syna,
2327 593 2535 664 inquit.
2569 612 2602 648 a
2632 601 2869 666 peccato
2899 595 3108 652 liberat
3137 599 3286 667 (Τοῖα.
3316 615 3414 665 tu,
3464 600 3534 671 8).
3589 623 3613 648 π
3661 603 3712 656 Et

2129 679 2265 734 alibi
2298 682 2438 736 dicit
2471 700 2483 736 :
2517 707 2545 730 α
2581 685 2901 756 l'tedempto
2944 686 3072 751 viri,
3133 686 3348 742 ἁίνίὶίεε
3396 689 3514 759 ejus
3565 689 3710 755 (Prov.

2127 786 2248 834 xm,
2272 772 2346 840 Β).
2381 773 2448 825 Et
2476 771 2534 826 in
2568 774 2876 845 Evangelio
2908 775 3193 830 Dominus
3240 775 3422 830 dicit:
3478 799 3506 824 σι
3559 779 3712 834 Facite
3812 795 3813 852 λ

2126 859 2290 913 vobis
2323 861 2542 916 amicos
2573 863 2642 916 de
2675 880 3012 918 mammona
3059 863 3384 936 iniquitatis
3436 866 3572 934 (Lu'c.
3623 883 3709 932 xvi,
3811 867 3813 936 ξ

2126 949 2202 1018 9).
2240 971 2267 997 ››
2300 949 2366 1003 Et
2394 967 2612 1006 veneno
2645 952 2977 1024 frequenter
3000 953 3333 1008 antidotum
3383 958 3710 1026 temperatur,

2128 1036 2236 1092 hoc
2267 1043 2373 1105 est,
2401 1057 2688 1095 venenum
2718 1057 2935 1097 veneno
2968 1041 3319 1098 excluditur.
3353 1043 3565 1100 Veneno
3585 1061 3710 1100 mors

2127 1125 2447 1198 repellitur,
2480 1131 2598 1184 vita
2626 1135 2907 1196 servatur,
2969 1131 3080 1186 Fac
3111 1135 3169 1186 et
3227 1135 3292 1185 tu
3348 1132 3508 1202 quasi
3557 1133 3710 1187 bonus

2127 1214 2498 1286 dispensator
2553 1216 2623 1269 de
2679 1218 3066 1274 instrumento
3125 1219 3382 1274 avaritia:
3431 1219 3709 1275 subsidium

2131 1303 2563 1370 misericordim,
2595 1306 2946 1362 sinceritatis
2981 1307 3231 1379 gratiam
3263 1308 3332 1364 de
3371 1309 3706 1380 corruptionis

2131 1390 2422 1446 illecebra.

2778 1537 3008 1594 CAPUT
3033 1540 3179 1594 XXI.

2130 1641 2414 1714 Prophclis
2440 1645 2609 1696 ctiam
2636 1645 2826 1714 futura
2855 1648 3158 1714 prxscntia
3194 1661 3309 1700 esse
3336 1664 3356 1699 :
3414 1648 3531 1702 item
3583 1664 3710 1702 mum

2199 1713 2326 1789 dam
2359 1729 2431 1768 ea:
2459 1716 2618 1770 Isaia:
2648 1713 2906 1789 vaticinia
2933 1733 3042 1789 non
3091 1720 3306 1789 injuria
3359 1717 3710 1785 destruendum,

2200 1784 2269 1859 ad
2296 1801 2457 1859 quam
2504 1803 2620 1840 rem
2679 1788 3064 1842 illustrandum
3113 1784 3426 1859 perelegans
3476 1784 3714 1844 adhibetur

377 1844 528 1894 terra
557 1839 728 1894 (l'sal.
760 1857 884 1904 xcv,
919 1856 954 1908 ι)
989 1857 1002 1906 ;
1035 1862 1060 1887 ››
1092 1839 1202 1893 hoc
1230 1843 1320 1893 est
1342 1837 1633 1892 canticum
1677 1839 2014 1904 meretricis,

2197 1837 2366 1909 stadii
2388 1837 2572 1936 compa

377 1929 533 1999 quod
564 1932 698 1983 ante
726 1927 824 1982 illa
855 1928 1122 1982 meretrix
1153 1929 1208 1982 in
1241 1929 1420 1982 Adam
1456 1931 1510 1981 et
1544 1927 1652 1982 Eva
1687 1932 1839 1982 terra
1883 1944 2018 1982 can-

379 2017 539 2084 tavit,
567 2019 837 2073 meretrix
868 2017 924 2071 in
958 2016 1172 2090 p0pulo
1205 2017 1527 2072 nationum.
1577 2015 1702 2070 llmc
1751 2017 2022 2071 meretrix

377 2104 664 2179 plurimas
696 2106 828 2162 fecit
858 2106 1039 2161 bonas
1072 2107 1426 2172 meretrices,
1460 2105 1530 2159 de
1558 2105 1773 2175 quibus
1800 2105 2019 2160 dictum

376 2201 466 2252 est
492 2212 526 2250 a
557 2197 802 2251 Domino
837 2195 978 2250 Jesu
1011 2195 1081 2249 ad
1132 2194 1299 2248 illum
1348 2192 1596 2249 electum
1629 2198 1683 2248 et
1735 2194 2019 2249 seniorem

376 2284 657 2357 populum
695 2301 708 2338 :
743 2307 770 2332 «
803 2282 1107 2339 Publicani
1135 2287 1193 2338 et
1215 2283 1544 2338 meretrices
1567 2285 1900 2354 prmeedunt
1921 2300 2021 2337 vos

377 2373 437 2428 in
468 2389 714 2444 regnum
747 2373 846 2428 Dei
879 2373 1085 2427 (Matth.
1116 2389 1233 2438 χιιι,
1266 2373 1380 2442 31).
1429 2395 1454 2418 ››

447 2462 537 2516 75.
564 2462 709 2532 Ergo
739 2461 1017 2533 quoniam
1065 2465 1184 2516 tam
1241 2459 1676 2516 misericordem
1736 2461 2024 2517 habemus

377 2550 718 2617 Dominum,
749 2551 1048 2622 quietiam
1098 2549 1256 2622 gravi
1319 2549 1582 2621 ignoscat
1626 2550 1827 2617 errori,
1887 2567 2021 2606 con-

376 2644 678 2696 vertamur
705 2657 737 2694 a
765 2639 940 2705 vitiis,
976 2656 1094 2694 non
1140 2640 1483 2694 recedamus
1541 2657 1575 2694 a
1615 2639 1758 2710 lege,
1817 2655 2024 2711 praece-

375 2734 546 2803 ptum
575 2729 803 2784 Domini
863 2729 1030 2800 quasi
1067 2727 1279 2783 servuli
1331 2728 1548 2783 sedulis
1604 2728 1816 2783 studiis
1865 2745 2024 2784 exse-

379 2834 653 2890 quamur.
706 2817 852 2882 Quid
913 2816 1082 2871 nobis
1149 2832 1284 2871 cum
1334 2816 1774 2888 impuritatibus
1804 2821 1862 2872 et
1917 2817 2022 2875 im-

378 2904 739 2978 pudicitiis?
797 2905 943 2970 Quid
1004 2921 1136 2959 cum
1197 2903 1484 2975 operibus.
1543 2904 1816 2960 diaboli?
1867 2905 2021 2962 559

378 2991 641 3050 Audistis
669 2992 841 3048 hodie
871 2993 927 3047 in
960 2991 1204 3048 lectione
1228 2993 1476 3048 decursa
1523 2993 1661 3064 quid
1722 2993 1871 3066 legio
1928 2995 2022 3049 di-

378 3083 531 3138 xerit
563 3099 576 3137 :
609 3105 638 3130 ‹‹
670 3081 819 3146 Quid
850 3081 994 3136 mihi
1026 3086 1083 3136 et
1111 3082 1215 3136 tibi
1249 3086 1356 3146 est,
1411 3082 1552 3136 Jesu
1610 3082 1690 3136 ﬁli
1754 3083 1847 3138 Dei
1912 3085 2018 3153 (79f:

381 3173 530 3242 (Luc.
564 3188 685 3237 vm,
713 3171 806 3240 28)
837 3170 865 3225 ?
898 3193 925 3219 ››
957 3171 1026 3225 Et
1053 3175 1116 3225 tu
1147 3170 1408 3236 dicitmsi
1444 3171 1586 3225 forte
1606 3171 1765 3226 vides
1796 3189 2017 3244 pugna-
2048 3229 2061 3241 ,

379 3232 444 3317 re
474 3232 868 3315 adversum'te
900 3258 1114 3314 diaboli
1149 3232 1507 3314 teutamenta
1538 3275 1550 3313 :
1585 3259 1729 3325 Quid
1966 3266 2021 3316 et
2048 3232 2093 3304 Ὁ

380 3349 486 3405 tibi
519 3353 628 3416 est,
660 3347 887 3405 Belial?
911 3350 1028 3421 Ego
1058 3348 1269 3404 Christi
1305 3364 1505 3402 servus
1536 3365 1690 3414 sum,
1723 3348 1883 3404 illius
1941 3367 2027 3406 re-

381 3438 658 3510 demptus
690 3437 995 3509 sanguinc,
1027 3436 1112 3492 illi
1145 3453 1237 3492 me
1268 3441 1455 3492 totum
1491 3439 1838 3509 mancipavi.
1875 3439 2022 3504 Quid

384 3526 528 3582 mihi
561 3531 618 3582 et
646 3527 750 3582 tibi
783 3532 870 3583 est
902 3527 928 3581 ?
960 3526 1080 3582 Non
1115 3526 1240 3581 novi
1276 3543 1450 3598 opera
1480 3530 1598 3594 tua,
1650 3527 1794 3582 nihil
1854 3532 2021 3582 tuum

382 3631 600 3687 quaero,
633 3614 778 3669 nihil
809 3619 975 3670 tuum
1010 3615 1298 3686 possideo,
1342 3614 1487 3669 nihil
1518 3620 1686 3670 tuum
1737 3616 2021 3672 desidero.

379 3705 608 3770 Quanto
631 3703 820 3775 magis
849 3719 954 3757 nos
986 3709 1210 3772 oportet
1240 3703 1498 3774 separari
1529 3721 1564 3758 a
1585 3703 1835 3773 diabolo,
1871 3704 1920 3760 si
1963 3722 2026 3760 se

378 3790 477 3847 ille
505 3792 787 3848 discernit
815 3808 847 3846 a
877 3791 1104 3846 Christo
1124 3791 1150 3844 ?
1180 3791 1247 3845 Et
1276 3791 1323 3845 si
1361 3791 1579 3846 fuimus
1611 3793 1659 3847 ei
1705 3794 1763 3848 in
1827 3793 2023 3866 aliquo

377 3881 630 3950 obnoxii,
658 3881 781 3952 jam
806 3897 918 3936 non
952 3897 1195 3934 sumus:
1228 3879 1598 3952 confugimus
1625 3883 1694 3937 ad
1731 3883 2023 3939 medicum

375 3973 512 4043 (80),
545 3969 784 4026 vulnera
812 3969 1115 4042 superiora
1143 3969 1382 4024 curavit.
1413 3970 1480 4024 Et
1512 3969 1559 4024 si
1584 3971 1720 4042 quid
1757 3977 2025 4044 superest

375 4058 731 4128 acerbitatis,
767 4059 994 4116 medela
1024 4076 1138 4114 non
1169 4058 1374 4114 deerit.
1410 4059 1476 4113 Et
1509 4059 1559 4114 si
1593 4059 1732 4132 quid
1791 4061 2020 4131 injuria:

373 4136 639 4216 fecimus,
673 4165 898 4204 memor
924 4165 1038 4203 non
1067 4147 1197 4216 erit,
1231 4147 1332 4220 qui
1362 4148 1540 4203 semel
1573 4149 1827 4204 donavit.
1873 4151 1941 4205 Et
1971 4151 2019 4206 si

371 4237 567 4310 gravia
595 4235 976 4309 deliquimus,
1010 4253 1289 4308 magnum
1323 4235 1614 4292 medicum
1665 4237 2016 4303 invenimus,

369 4343 645 4400 magnam
677 4325 1030 4381 medicinam
1090 4324 1288 4399 gratiae
1345 4327 1474 4396 ejus
1530 4327 1864 4398 accepimus
1923 4331 2019 4396 (De

363 4419 557 4488 paruit.
590 4415 725 4471 dist.
750 4416 805 4479 1,
835 4431 963 4486 cap.
998 4415 1307 4485 Medicina.)
1343 4415 1553 4486 Magna
1582 4415 1738 4471 enim
1771 4417 2011 4473 medici-

367 4521 442 4560 na
469 4502 621 4568 tollit
650 4508 887 4574 peccata
922 4520 1160 4576 magna.

2203 1935 2366 2002 atque
2394 1928 2464 1981 ad
2490 1945 2744 1982 coronam
2773 1933 3018 2002 exerceri
3044 1930 3234 1987 scdulo
3263 1941 3497 2002 oportere
3535 1942 3709 1987 sanctus

2201 1997 2348 2052 docet
2378 2015 2399 2059 ;
2427 2015 2492 2053 ac
2521 2001 2737 2054 tandem
2760 2001 3038 2056 Christum
3063 2007 3124 2057 ut
3153 1997 3440 2058 adventum
3463 2019 3605 2058 suum
3627 2019 3713 2058 mo-

2203 2072 2367 2136 tarct,
2398 2081 2741 2142 apprecatur.

2201 2196 2292 2247 77.
2324 2195 2554 2249 Audisti
2586 2194 2724 2266 quid
2758 2195 2972 2251 lectum
3006 2196 3083 2251 sit
3114 2196 3291 2254 hodie
3323 2215 3336 2252 :
3369 2221 3396 2247 ‹‹
3433 2199 3556 2254 Ecce
3595 2198 3713 2254 venit

2134 2283 2418 2339 Dominus
2443 2284 2780 2356 disperdere
2809 2285 3010 2340 orbein
3037 2291 3327 2342 terrarum
3358 2289 3478 2358 (lca.
3499 2304 3602 2356 xm,
3625 2289 3711 2356 5).»

2132 2371 2306 2436 Quasi
2340 2389 2520 2428 manu
2551 2377 2790 2428 sanctus
2821 2373 3105 2446 propheta
3160 2376 3530 2442 demonstret,
3581 2375 3710 2448 quasi

2133 2461 2319 2516 oculis
2347 2462 2752 2518 advenientem
2783 2463 2975 2518 videat
2994 2464 3210 2535 judicii
3250 2465 3423 2530 diem,
3456 2465 3528 2520 ita
3555 2464 3667 2519 dicit
3696 2482 3706 2518 :

2134 2575 2160 2596 ‹‹
2197 2551 2337 2606 Ecce
2373 2551 2531 2606 venit
2595 2551 2877 2606 Dominus
2934 2552 3274 2624 disperdere
3330 2554 3518 2609 orbem
3569 2559 3713 2608 terra-

2134 2656 2285 2695 rum.
2324 2661 2351 2688 »
2385 2640 2506 2695 Imo
2537 2641 2677 2712 quia
2703 2641 2763 2696 in
2794 2642 3007 2714 spiritu
3055 2642 3358 2715 prophetis
3412 2643 3570 2699 etiam
3616 2659 3713 2714 qua
3811 2627 3813 2646 ἰ

2131 2727 2331 2783 futura
2361 2734 2501 2784 sunt
2529 2734 2809 2802 tanquam
2863 2733 3178 2802 praesentia
3236 2732 3566 2802 revelantur,
3612 2731 3709 2786 ideo

2132 2833 2259 2889 qua:
2291 2817 2543 2885 videbat,
2578 2819 2746 2874 nobis
2778 2836 3012 2892 quoque
3041 2821 3443 2878 demonstrare
3497 2820 3711 2894 cupiebat

2131 2910 2196 2960 ut
2223 2924 2331 2961 nos
2362 2907 2432 2962 ad
2464 2907 2901 2964 conversionem
2931 2909 3004 2964 ab
3033 2925 3233 2966 errore
3272 2915 3561 2967 revocaret.

2200 2998 2290 3048 78.
2323 2995 2435 3050 Nec
2467 3000 2660 3050 tamen
2692 2997 3011 3068 quisquam
3043 2999 3235 3072 frangi
3271 3000 3455 3068 debet,
3494 3015 3607 3055 cum
3631 3013 3708 3053 au-

2130 3084 2217 3138 dit
2247 3084 2386 3156 quia
2415 3085 2713 3156 disperdet
2745 3086 3035 3144 Dominus
3079 3089 3285 3144 orbem
3337 3095 3615 3145 terrarum.
3653 3085 3710 3140 Ne

2131 3173 2277 3228 forte
2297 3173 2488 3228 dicat:
2515 3175 2671 3243 Esto,
2692 3191 2798 3231 nos
2845 3176 3044 3247 gravia
3065 3182 3305 3248 peccata
3348 3177 3710 3238 commisimus,

2134 3261 2274 3334 quid
2298 3261 2543 3334 deliquit
2563 3262 2794 3330 cmlum,
2814 3265 2954 3336 quid
2975 3270 3151 3334 terra,
3176 3267 3319 3338 quid
3341 3284 3509 3335 mare,
3531 3269 3586 3320 ut
3605 3271 3648 3320 et
3663 3261 3711 3316 il-

2134 3350 2191 3406 la
2221 3351 2564 3423 disperdat?
2579 3353 2693 3407 Cur
2717 3353 2927 3424 peribit
2955 3359 3074 3410 tam
3097 3354 3345 3426 pulcher
3363 3359 3582 3410 ornatus
3598 3353 3712 3408 ?An-

2135 3440 2293 3512 gusti
2323 3445 2411 3495 est
2441 3440 2621 3495 animi
2653 3440 2986 3497 istiusmodi
3021 3443 3242 3516 Opinio.
3276 3446 3543 3501 Caeterum
3576 3443 3616 3498 si
3657 3439 3715 3496 al-

2134 3529 2251 3584 tius
2269 3533 2514 3602 spectes,
2537 3529 2796 3586 invenies
2817 3530 2927 3586 hoc
2944 3548 3072 3587 esse
3092 3550 3198 3604 pro
3220 3534 3408 3600 nobis,
3427 3532 3564 3606 quod
3583 3533 3715 3604 putas

2133 3634 2262 3674 esse
2291 3624 2494 3674 contra
2525 3635 2630 3674 nos
2663 3636 2676 3673 :
2702 3619 3000 3691 judicabis
3044 3621 3153 3677 hoc
3184 3640 3315 3680 esse
3370 3640 3469 3696 pro
3523 3619 3714 3683 mundo,

2135 3707 2288 3779 quod
2321 3707 2628 3764 adversum
2665 3711 2956 3766 mundum
2991 3709 3321 3768 arbitraris.
3381 3713 3498 3768 Non
3537 3722 3718 3779 semper

2134 3797 2389 3852 stadium
2451 3797 2726 3853 refertum
2787 3798 2940 3855 εσυ
2996 3804 3085 3856 est
3150 3791 3582 3874 spectatoribus,
3628 3811 3716 3851 non

2134 3902 2365 3958 semper
2394 3886 2815 3943 certaminibus
2846 3888 3200 3959 inquietum,
3235 3907 3350 3945 non
3382 3903 3591 3959 semper
3614 3899 3715 3939 con-

2133 3980 2354 4029 cretum
2390 3973 2623 4046 pulvere
2655 3992 2668 4030 :
2703 3976 2803 4032 sed
2837 3977 3070 4048 quando
3101 3977 3438 4046 certamina,
3480 3983 3599 4031 tunc
3641 3987 3714 4044 ρο·
3812 3977 3813 3982 “

2131 4062 2308 4136 pulus
2339 4064 2397 4118 in
2431 4063 2784 4134 spectaculo,
2818 4064 3070 4121 luctator
3099 4066 3157 4121 in
3190 4070 3522 4131 scammate,
3562 4058 3712 4136 pulvis
3811 4065 3813 4136 ί

2131 4153 2190 4206 in
2223 4151 2432 4207 stadio.
2469 4151 2574 4206 Ubi
2608 4153 2852 4210 decursa
2883 4155 3226 4222 certamina,
3251 4159 3556 4212 conventus
3583 4147 3716 4206 solvi-
3811 4147 3813 4210 ἶ

2131 4247 2241 4306 tur,
2276 4240 2523 4296 discedit
2555 4241 2962 4314 unusquisque
2993 4247 3095 4298 aut
3138 4243 3323 4300 victor
3361 4243 3432 4298 ad
3489 4239 3712 4315 gratiam.
3811 4253 3813 4292 4

2128 4336 2228 4384 aut
2256 4330 2443 4386 victus
2475 4331 2546 4385 ad
2580 4331 2954 4402 opprobrium
2984 4348 2996 4386 :
3021 4331 3212 4388 evehit
3233 4348 3448 4389 corona
3467 4330 3714 4386 victorem.
3811 4343 3813 4402 1

2123 4419 2343 4474 victum
2375 4417 2587 4490 premit
2618 4419 2987 4487 verecundia,
3034 4421 3194 4494 angit
3255 4419 3481 4493 injuria.
3513 4417 3562 4472 Si
3612 4411 3715 4484 quis

2124 4524 2260 4580 ergo
2305 4511 2507 4579 postea
2558 4507 2883 4578 ingreditur
2941 4507 3219 4576 stadium,
3279 4509 3463 4565 videat
3513 4515 3712 4562 vacuum

437 4593 530 4646 76.
561 4591 856 4647 Habemus
886 4592 1063 4646 etiam
1095 4591 1263 4663 plura
1291 4591 1575 4658 subsidia,
1612 4593 1828 4664 quibus
1876 4613 2007 4668 pec-
2035 4599 2084 4668 Ῑ)
2119 4595 2490 4664 celebritatis,
2525 4595 2680 4651 dicat
2709 4595 3070 4668 agonotheta:
3105 4614 3116 4651 :
3147 4598 3264 4654 Cur
3291 4601 3454 4654 vacat
3469 4593 3711 4651 stadium;

366 4683 498 4738 cata
526 4686 724 4734 nostra
755 4679 1132 4735 redimamus.
1167 4679 1480 4736 Pecuniam
1529 4680 1732 4752 habes,
1792 4685 2012 4741 redime

367 4771 670 4843 peccatum
701 4771 892 4823 tuum.
925 4771 1050 4822 Non
1081 4767 1299 4824 venalis
1331 4773 1420 4824 est
1450 4768 1752 4838 Dominus,
1786 4773 1886 4828 sed
1947 4779 2010 4829 tu

363 4858 495 4932 ipse
519 4855 739 4913 venalis
771 4874 852 4913 es.
889 4856 1140 4912 Peccatis
1175 4857 1289 4912 tuis
1319 4859 1684 4914 venundatus
1715 4876 1796 4928 es,
1856 4862 2012 4918 redi-

364 4964 458 5004 me
487 4951 544 5004 te
572 4945 847 5018 operibus
875 4945 1014 5014 tuis,
1047 4945 1268 5002 redime
1298 4951 1352 5002 te
1383 4947 1632 5019 pecunia
1686 4954 1806 5007 tua.
1865 4951 2011 5008 Vilis

433 5105 544 5178 (77)
571 5105 787 5162 Omnes
816 5107 978 5174 edit.,
1009 5105 1208 5162 viderit
1228 5108 1329 5179 pia
1371 5106 1539 5162 verba
1592 5112 1836 5175 cantare,
1862 5111 2009 5168 dicat

365 5181 485 5250 Duo
515 5194 684 5244 mss.,
714 5179 932 5245 viderit,
963 5178 1109 5234 dicat
1128 5178 1242 5250 pia
1283 5179 1449 5234 verba
1503 5181 1740 5236 cantari.
1800 5182 2008 5239 Melius

363 5248 464 5304 alii
496 5265 644 5320 quos
675 5251 859 5306 secuti
892 5265 1120 5305 sumus.

432 5319 544 5394 σᾷ)
579 5321 664 5394 l_ta
691 5337 836 5376 mss.
869 5324 1044 5392 atque
1072 5319 1210 5376 edit.
1245 5336 1470 5387 omnes,
1516 5327 1748 5394 excepta
1813 5325 2004 5391 Rom.,

363 5389 466 5461 ubi
499 5387 730 5461 legitur,
764 5400 814 5448 et
847 5387 1042 5461 vagare
1068 5394 1344 5448 civitatem
1371 5387 1670 5448 meretrici
1688 5393 1847 5460 LXX,
1890 5387 2006 5460 ρέμὲ

363 5459 538 5538 ριν-σον
563 5458 722 5538 ξιτόλιις
753 5458 952 5538 πόρνῃ]-
1027 5463 1300 5524 Quadam
1376 5469 1568 5519 tamen
1655 5458 2006 5538 exemplaria

363 5528 582 5606 habent
609 5529 773 5606 MM,
801 5538 864 5606 c_t_
889 5532 1286 5606 Hieronymus,
1330 5541 1640 5606 utramque
1696 5528 2002 5594 lectionem

363 5595 670 5678 amplexus
696 5595 802 5678 est.
827 5602 1048 5657 Ibidem
1084 5595 1224 5678 mss.
1259 5605 1394 5672 duo,
1429 5610 1495 5678 Et
1543 5595 1652 5661 erit
1701 5613 1818 5678 post
1873 5626 2003 5666 cen-

365 5677 480 5723 tum
501 5671 844 5738 septuaginta
875 5688 1064 5727 annos.
1106 5673 1214 5728 Alii
1277 5680 1333 5729 et
1382 5671 1548 5743 edit.,
1613 5679 1674 5731 El
1701 5671 1827 5734 ’ω’ίί
1877 5689 1999 5752 post

2121 4701 2226 4740 cur
2281 4684 2457 4742 silent
2500 4685 2865 4753 certamina;
2916 4703 3023 4740 cur
3080 4686 3367 4742 solemnia
3424 4675 3712 4740 feriantur?

2122 4773 2515 4846 Respondebit
2545 4773 2644 4845 qui
2674 4773 2846 4846 agoni
2879 4779 3092 4846 praeest
3113 4793 3124 4830 :
3146 4776 3383 4847 Oportet
3403 4771 3709 4844 requiescere

2121 4862 2389 4929 athletas,
2405 4862 2766 4934 requiescere
2800 4867 3177 4934 spectatores.
3195 4864 3336 4930 Quis
3357 4863 3505 4919 enim
3533 4853 3710 4914 laboris

2119 4957 2209 5008 est
2251 4953 2498 5019 fructus,
2517 4951 2629 5007 nisi
2658 4951 2888 5023 requies
2915 4957 3047 5025 post
3077 4951 3380 5009 laborem?
3401 4948 3647 5008 Similiter
3667 4945 3708 4996 et

2117 5113 2469 5185 septuaginta
2495 5127 2666 5167 annos
2694 5128 2716 5173 ;
2743 5112 2907 5185 quod
2935 5129 3068 5168 cum
3099 5113 3257 5168 LXX.
3276 5113 3511 5184 Interpr.
3537 5122 3594 5164 ac
3609 5099 3705 5160 vul-

2119 5183 2254 5256 gata
2287 5189 2484 5256 nostra
2515 5183 2802 5256 congruit.
3006 5255 3009 5256 ν
3316 5255 3319 5256 ν
3410 5183 3443 5256 ς
3520 5248 3559 5256 __

2189 5256 2299 5326 (79)
2333 5255 2548 5327 Omnes
2579 5241 2724 5310 edit.
2757 5259 2814 5310 et
2843 5255 3204 5327 paucimss.,
3262 5255 3349 5325 ﬁli
3400 5248 3575 5309 David.
3615 5241 3700 5300 Alii

2117 5326 2403 5400 plureset
2431 5325 2685 5399 potiores
2717 5325 3108 5400 cum_Bibliis,
3135 5327 3220 5398 ﬁli
3246 5327 3364 5400 Dei.

2186 5399 2298 5480 (80)
2331 5391 2591 5480 Ita-mss.
2627 5415 2727 5480 sex
2757 5397 2986 5480 optima:
3019 5391 3189 5480 notis.
3221 5396 3354 5466 Alii,
3388 5411 3450 5450 ac
3477 5391 3698 5480 ςάῑξᾉξξ

2115 5467 2411 5541 aliquando
2466 5471 2712 5536 obnoxii,
2762 5467 2884 5541 jam
2913 5486 3021 5541 non
3072 5471 3246 5525 simus
3277 5487 3297 5521 :
3376 5467 3700 5541 confugiam“

2113 5541 2184 5595 ad
2207 5538 2480 5597 inediam:
2512 5543 2624 5612 qui,
2658 5538 2774 5596 etc.
2802 5541 2912 5596 Sed
2947 5540 3054 5596 hoc
3087 5541 3282 5596 minus
3316 5538 3548 5611 quadrat
3594 5541 3695 5584 cum

2114 5613 2521 5684 sequentibus.
