3866 6212
204 378 323 461 vel

1354 396 1583 460 usus
1626 399 1727 461 ne
1769 374 1949 461 ELI‘A
1992 399 2095 462 ar
2137 397 2481 464 szmo.

3505 394 3625 459 762

217 529 377 591 orbis
405 530 700 589 terrarum
731 528 1046 605 aliquando
1073 528 1386 588 solvendus
1416 535 1524 601 est,
1560 535 1625 589 ut
1654 532 1731 590 sit
1758 550 1854 591 re-
1884 535 1938 602 Α
1966 531 2066 589 illa
2131 538 2395 590 creatura
2465 532 2728 605 subjecta
2786 534 2894 602 est,
2957 531 3139 590 donec
3195 508 3621 606 multiplicetur

215 619 383 696 quies
412 621 695 694 fatigatis.

280 712 370 767 '79.
405 710 648 767 Athletae
676 727 905 778 sumus,
948 711 1007 766 in
1055 712 1309 783 quodam
1360 712 1547 767 stadio
1598 704 1855 769 decerni-

215 816 348 856 mus
405 799 677 872 spiritali.
734 798 994 871 Denique
1040 801 1228 855 bonus
1276 799 1495 855 athleta
1558 802 1785 857 dicebat
1841 819 1853 856 :

215 912 243 938 «
276 889 431 945 Facti
461 905 672 944 sumus
730 889 1127 960 spectaculum
1170 888 1351 959 hujus
1407 890 1609 944 mundi
1641 891 1685 959 (ι
1733 891 1853 946 Cor.

208 996 286 1045 IV,
316 979 393 1049 9).
429 1000 451 1029 ι
487 979 557 1032 Et
581 977 719 1032 alibi
753 994 765 1033 :
810 996 831 1025 α
867 978 925 1032 Si
955 994 1126 1033 curro
1157 995 1271 1033 non
1304 982 1370 1033 ut
1417 978 1474 1033 in
1517 978 1804 1034 incertum
1840 999 1853 1036 :

207 1066 294 1123 sic
321 1065 529 1131 enitor,
563 1084 679 1122 non
711 1070 777 1122 ut
806 1082 999 1122 aerem
1030 1067 1289 1134 candens;
1324 1068 1426 1123 sed
1459 1068 1679 1140 castigo
1730 1086 1853 1125 cor-

209 1172 323 1228 pus
372 1171 568 1211 meum
601 1155 648 1226 (1
677 1155 801 1209 Cor.
856 1172 931 1221 Ix,
962 1156 1054 1222 26,
1083 1158 1195 1225 27).
1234 1179 1260 1205 η
1291 1156 1361 1211 Et
1407 1156 1544 1212 alibi
1600 1175 1611 1212 :
1665 1181 1692 1207 ‹‹
1743 1160 1855 1213 Su-

208 1244 443 1317 periora
473 1242 845 1312 obliviscens,
879 1248 935 1298 et
963 1262 1092 1316 quae
1142 1248 1283 1299 sunt
1328 1244 1524 1317 priora
1555 1254 1854 1318 appetens,

211 1333 282 1388 ad
324 1333 686 1388 destinatum
735 1350 950 1405 sequor
998 1332 1262 1389 brevium
1293 1334 1520 1407 (Pilipp.
1564 1352 1643 1403 ιιι,
1686 1337 1796 1405 13.)
1828 1360 1854 1386 ››

210 1421 459 1476 Athletae
490 1438 624 1494 ergo
655 1422 1149 1493 sumus,legitime
1180 1424 1523 1478 certandum
1557 1423 1858 1480 est.Multa

209 1509 532 1565 luctamina
561 1514 741 1566 sunt:
776 1515 833 1564 et
874 1512 973 1582 qui
1014 1511 1183 1566 hodie
1225 1511 1413 1567 victus
1460 1517 1569 1579 est,
1619 1530 1746 1568 cras
1797 1531 1858 1569 se

211 1603 462 1671 reparat.
493 1602 642 1653 Ante
673 1599 743 1653 ad
771 1598 1040 1653 bravium
1093 1599 1488 1666 contenditur,
1532 1606 1734 1672 postea
1785 1603 1856 1658 ad

210 1700 510 1744 coronam.
538 1686 833 1758 Numquid
867 1685 1083 1742 athleta
1116 1687 1236 1743 otio
1278 1692 1464 1755 vacat,
1497 1706 1633 1744 cum
1677 1690 1859 1746 semel

208 1775 435 1833 dederit
450 1776 757 1832 certamini
778 1792 991 1832 nomen
1011 1776 1224 1831 suum?
1249 1777 1561 1833 Exercctur
1576 1780 1856 1850 quotidie,

211 1865 457 1938 ungitur
486 1865 768 1937 quotidie.
804 1865 931 1937 ipse
965 1864 1128 1920 cibus
1178 1866 1227 1921 ei
1273 1867 1633 1938 agonisticus
1666 1870 1857 1938 datur,
1896 1905 1941 1970 Β

212 1954 526 2026 disciplina
576 1953 844 2026 exigitur,
896 1954 1244 2009 castimonia
1287 1955 1635 2010 custoditur.
1678 1958 1747 2011 Et
1797 1963 1858 2012 tu

212 2043 426 2099 dedisti
458 2058 670 2098 nomen
700 2046 869 2098 tuum
901 2043 972 2098 ad
1004 2059 1249 2113 agonem
1273 2043 1860 2117 Christi,subscripsi-

213 2132 287 2188 sti
320 2133 392 2187 ad
424 2130 896 2203 competitionem
939 2148 1161 2187 coronae
1212 2148 1225 2185 :
1279 2133 1583 2201 meditare,
1631 2151 1862 2191 exerce-

211 2237 293 2287 re,
322 2236 540 2292 ungere
569 2220 693 2275 oleo
723 2219 952 2289 laetitia,
985 2224 1280 2292 unguento
1321 2220 1632 2277 exinanito.
1685 2224 1862 2279 Cibus

210 2312 352 2365 tuus
380 2310 550 2364 cibus
580 2308 911 2364 sobrietatis
942 2308 1193 2375 sit,nihil
1226 2309 1436 2365 habeat
1466 2311 1859 2383 intemperan-

211 2398 326 2463 tiae,
380 2396 530 2452 nihil
576 2396 838 2452 luxuriae.
888 2398 1063 2453 Polus
1111 2402 1250 2453 tuus
1298 2399 1544 2470 parcior,
1600 2417 1669 2455 ne
1721 2386 1860 2472 quid

211 2485 515 2542 ebrietatis
546 2486 785 2557 obrepat
818 2504 830 2541 :
859 2486 1086 2541 custodi
1122 2487 1379 2559 corporis
1429 2488 1859 2558 castimoniam,

212 2581 277 2631 ut
307 2575 504 2647 possis
531 2591 659 2631 esse
686 2574 901 2629 habilis
948 2576 1019 2630 ad
1069 2591 1366 2642 coronam,
1400 2594 1470 2632 ne
1509 2578 1862 2634 existimatio

210 2668 314 2719 tua
342 2664 601 2719 offendat
624 2664 967 2735 spectatoris
998 2664 1287 2731 allectum,
1312 2681 1386 2720 ne
1416 2668 1470 2720 te
1496 2666 1749 2722 fautores
1778 2667 1862 2723 tui

208 2752 609 2825 negligentem
650 2748 884 2807 videant
913 2756 970 2807 et
999 2753 1290 2808 deserant.
1337 2754 1612 2825 Spectant
1660 2759 1713 2811 te
1757 2759 1859 2811 Ar-

208 2841 572 2915 cbangeli,et
601 2841 938 2911 Potestates,
971 2846 1028 2896 et
1056 2840 1517 2913 Dominationes,
1538 2849 1593 2900 et
1622 2844 1724 2900 illa
1743 2850 1862 2900 An-

204 2929 482 3005 gelorum
507 2929 706 2984 decem
738 2928 922 2984 millia
970 2929 1167 2984 decem
1223 2930 1494 2987 millium.
1530 2933 1649 2988 Sub
1683 2934 1863 2989 tantis

204 3018 645 3093 spectatoribus
676 3018 1036 3085 erubescere,
1068 3018 1373 3076 considera
1420 3036 1598 3091 quam
1630 3023 1866 3079 dedeco-

206 3124 421 3164 rosum
474 3105 569 3162 sit.
621 3105 928 3178 Ingressus
985 3107 1264 3173 stadium,
1324 3108 1556 3179 pulvere
1611 3109 1863 3182 rigorem

205 3199 430 3253 animae
461 3200 572 3251 tua:
605 3194 789 3250 excita
818 3196 951 3267 (81),
986 3194 1228 3251 lacertos
1259 3200 1478 3252 excute.
1514 3198 1864 3271 Progressus

1967 620 2201 695 adoptio
2234 622 2573 689 ﬁliorum,et
2603 625 2784 680 totius
2817 622 3076 696 corporis
3107 623 3431 695 redemptio
3461 634 3621 678 com-

1968 710 2213 784 pleatur.
2247 711 2308 766 In
2340 712 2491 767 bono
2537 729 2671 784 ergo
2724 712 3020 785 disperdet
3073 713 3271 767 orbem
3305 716 3616 766 terrarum.

1966 800 2088 855 Erit
2117 800 2332 856 etenim
2364 800 2575 856 cmlum
2622 817 2856 868 novum,
2903 805 2961 856 et
3010 818 3122 858 nox
3168 818 3285 857 non
3336 799 3446 856 erit
3494 817 3615 855 am-

1969 888 2144 960 plius.
2180 887 2439 959 Denique
2490 888 2784 957 revelabit,
2835 889 3047 961 inquit,
3099 889 3305 944 faciem
3356 890 3505 959 ejus,
3559 878 3623 942 ut

1966 976 2218 1031 revelata
2270 975 2414 1030 facie
2462 981 2797 1049 spectemus
2847 976 3093 1049 gloriam
3147 977 3359 1037 Christi
3400 978 3474 1048 (II
3500 977 3621 1033 Cor.
3690 980 3697 985 ’

1971 1083 2057 1131 ιιι,
2098 1065 2213 1133 13).

2585 1153 2813 1209 CAPUT
2852 1145 3020 1208 XXII.

1967 1242 2272 1310 Fur/tandm
2300 1244 2725 1308 annessatz'ones,
2755 1260 2823 1297 ne
2871 1259 2926 1316 se
2976 1260 3009 1297 α
3048 1242 3212 1316 nobis
3260 1244 3460 1316 Moyses
3503 1261 3631 1301 cum.

2041 1316 2239 1369 Levitis
2297 1322 2528 1385 separet,
2577 1318 2627 1367 et
2675 1314 2940 1385 quomodo
2988 1314 3168 1369 adhuc
3225 1314 3428 1371 veniat.
3496 1320 3632 1371 Item

2683 1389 2693 1399 ο

2040 1401 2300 1457 quosnam
2365 1385 2601 1439 rescindi
2640 1387 2858 1510 diubrat
2936 1387 3237 1456 Apostolus.
3314 1388 3439 1442 Post
3507 1388 3625 1445 lucc

2040 1456 2279 1510 nanctum
2311 1457 2574 1510 baptismi
2603 1474 2634 1510 a
2702 1457 2841 1510 nam:
2868 1459 3078 1510 tantam
3106 1460 3354 1510 amttam
3376 1460 3621 1510 invitan-

2038 1456 2279 1511 nonclum
2311 1457 2574 1526 baptisati
2603 1456 2672 1510 ad
2702 1457 2841 1511 hanc
2868 1459 3078 1511 tantam
3105 1460 3354 1524 gratiam
3376 1460 3621 1514 invitan-

2041 1532 2131 1654 tlpr
2161 1528 2398 1598 explosis
2430 1527 2500 1581 ad
2530 1531 2844 1583 extremum
2867 1528 3223 1599 quorumdam
3258 1532 3629 1585 excusationi-

2086 1616 2164 1654 us.

2086 1616 2164 1654 US.

2039 1689 2127 1742 81.
2159 1688 2543 1743 Advertamus
2577 1703 2712 1759 ergo
2744 1686 2804 1742 in
2838 1688 3026 1743 stadio
3058 1687 3357 1744 constituti
3390 1689 3627 1761 quantis

1971 1781 2073 1832 aut
2103 1774 2471 1831 delectationi
2503 1780 2604 1831 aut
2634 1775 2819 1831 dolori
2865 1777 3110 1843 erimus,
3143 1778 3243 1848 qui
3267 1795 3422 1832 nunc
3451 1778 3633 1835 fauto-

1971 1882 2063 1921 res
2094 1864 2262 1920 nobis
2293 1870 2451 1931 sunt,
2486 1881 2558 1920 ne
2585 1882 2687 1938 pro
2722 1866 2890 1920 nobis
2925 1866 3211 1937 incipiant
3261 1866 3624 1923 erubescere.

1972 1954 2135 2009 Sicut
2165 1953 2319 2009 enim
2358 1976 2385 2003 ‹‹
2416 1953 2523 2009 erit
2557 1953 2838 2026 gaudium
2871 1955 2930 2009 in
2963 1954 3104 2011 coelo
3137 1972 3315 2027 super
3346 1972 3462 2011 uno
3494 1972 3624 2028 pec-

1971 2046 2162 2098 catore
2208 2041 2608 2115 paenitentiam
2657 2048 2864 2115 agente
2891 2044 3038 2114 (Luc.
3072 2061 3165 2114 xv,
3200 2044 3308 2115 l0),
3346 2066 3372 2094 ››
3406 2045 3488 2100 ita
3516 2046 3626 2101 erit

1972 2131 2248 2187 mmstitia
2279 2147 2455 2202 super
2484 2147 2549 2186 eo
2581 2131 2700 2203 qui,
2726 2148 2844 2187 non
2876 2137 3110 2188 exorata
3136 2132 3305 2188 venia
3333 2133 3467 2206 (82),
3500 2150 3632 2189 cur-

1972 2237 2105 2275 sum
2137 2219 2315 2292 hujus
2344 2220 2475 2275 vitae
2506 2220 3215 2294 confecerit.Castigemus
3246 2238 3383 2294 ergo
3413 2226 3626 2295 corpus

1973 2313 2235 2364 nostrum
2275 2307 2544 2379 jejuniis,
2577 2308 2874 2379 fugiamus
2904 2309 3209 2365 indecoras
3259 2311 3633 2367 comessatio-

1972 2414 2096 2454 nes.
2129 2398 2449 2452 Caveamus
2482 2414 2553 2452 ne
2586 2398 2754 2453 nobis
2801 2398 3032 2454 dicatur
3083 2417 3095 2455 :
3148 2397 3375 2455 Ululate
3406 2417 3440 2456 a
3467 2400 3624 2456 vino.

1972 2487 2052 2542 Nc
2081 2486 2275 2542 veniat
2311 2486 2624 2557 Moyses,et
2655 2486 2880 2543 Levites
2910 2489 3182 2544 advocet:
3207 2493 3264 2544 et
3292 2489 3629 2562 quicunque

1970 2579 2208 2647 paratus
2266 2575 2339 2629 ad
2390 2574 2707 2629 Dominum
2757 2580 3044 2631 armatam
3092 2577 3391 2632 dexteram
3444 2582 3625 2650 gerat,

1972 2667 2204 2735 separet
2234 2680 2294 2718 se
2325 2663 2398 2718 ab
2424 2662 2518 2717 his
2549 2663 2653 2734 qui
2689 2664 3097 2720 manducando
3120 2669 3178 2720 et
3207 2665 3460 2721 bibendo
3502 2683 3633 2737 gra-

1969 2751 2063 2807 via
2091 2756 2720 2822 contraxerejpeccata.
2745 2752 2814 2807 Et
2843 2751 3015 2808 hodie
3048 2753 3275 2827 Moyses
3307 2755 3627 2824 venit,cum

1970 2840 2061 2897 lex
2091 2845 2427 2895 reccnsetur
2461 2855 2474 2894 :
2511 2839 2736 2912 Moyses
2761 2845 2945 2908 vocat,
2980 2858 3115 2897 cum
3145 2840 3237 2897 lex
3268 2842 3548 2915 praecipit.

2041 2932 2130 2985 82.
2163 2928 2476 3000 Apostolus
2526 2928 2694 2984 docet
2724 2930 2793 3000 (II
2843 2931 3018 2985 Thess.
3071 2948 3152 2996 III,
3203 2932 3259 3003 6)
3292 2934 3355 2987 ut
3399 2947 3632 3003 separe-

1971 3035 2104 3074 mus
2136 3034 2241 3073 nos
2283 3018 2355 3072 ab
2389 3018 2547 3072 omni
2583 3018 2757 3074 fratre
2785 3017 3045 3090 inquiete
3079 3024 3306 3092 agente.
3340 3012 3628 3076 Percutia-

1972 3123 2106 3162 mus
2159 3122 2293 3161 eum
2345 3105 2535 3177 gladio
2585 3105 2899 3177 spirituali,
2950 3107 3050 3178 qui
3104 3112 3195 3163 est
3240 3109 3484 3164 verbum
3535 3108 3634 3164 Dei

1972 3196 2184 3267 (Ephes.
2228 3212 2304 3259 γι,
2349 3195 2456 3265 17).
2510 3195 2634 3251 Non
2684 3195 2901 3266 fratris,
2951 3213 3068 3251 non
3122 3196 3433 3268 propinqui
3487 3196 3635 3252 acci-

202 3288 269 3342 in
305 3301 596 3352 scamma,
630 3300 867 3340 necesse
896 3288 985 3339 est
1016 3288 1080 3339 ut
1109 3283 1382 3356 excipias,
1403 3285 1862 3357 pulverem,sub-
1895 3272 1938 3337 Β
1978 3284 2209 3356 piamus
2240 3298 2549 3355 personam
2576 3301 2588 3337 :
2613 3284 2714 3338 sed
2746 3300 2979 3339 omnem
3010 3285 3386 3339 immundum
3415 3285 3629 3339 aChri-

202 3393 311 3433 eas
344 3373 533 3429 aestivi
563 3372 703 3428 solis
736 3373 1120 3444 flagrantiam.
1156 3372 1357 3428 Gravis
1387 3377 1690 3442 eestus,sed
1735 3377 1862 3432 dul-

202 3464 297 3521 cis
331 3462 577 3518 victoria
610 3479 622 3516 :
660 3460 904 3516 molesta
935 3460 1120 3534 caligo
1152 3461 1427 3535 pulveris,
1461 3465 1563 3519 sed
1605 3465 1867 3537 speciosa

200 3550 733 3610 tolerantia.Nemo
764 3551 1019 3605 stadium
1049 3549 1487 3621 pulverulentus
1519 3552 1863 3625 ingreditur,

198 3642 315 3698 sed
352 3638 824 3711 pulverulentum
856 3639 1108 3694 reddunt
1138 3640 1474 3695 certamina.
1515 3641 1598 3696 Ibi
1645 3642 1865 3716 colligi-

200 3736 312 3787 tur
343 3728 560 3802 pulvis,
595 3727 694 3783 ubi
723 3726 919 3799 palma
945 3728 1498 3801 proponitur.Nemo
1529 3729 1741 3787 iterum
1774 3732 1865 3787 ni-

203 3819 379 3876 tidus
409 3820 740 3883 coronatur,
774 3815 1243 3887 pulverulentum
1274 3818 1437 3873 decet
1465 3817 1721 3876 victoria.

280 3909 377 3961 80.
412 3904 559 3961 Veni
599 3921 757 3977 ergo,
791 3904 1033 3960 Domine
1082 3905 1245 3975 Jesu,
1277 3910 1441 3961 exeat
1489 3923 1702 3963 corona
1744 3913 1863 3979 tua,

208 3995 465 4052 admitte
491 3993 736 4048 victores
771 3993 826 4047 in
855 3992 1136 4066 requiem,
1165 3994 1349 4049 victos
1380 3996 1453 4050 ad
1476 3997 1868 4068 compunctio-

205 4101 375 4160 nem.
409 4083 480 4138 Et
511 4083 558 4136 si
588 4081 877 4154 disperdis
917 4082 1116 4138 orbem
1172 4088 1478 4153 terrarum,
1512 4084 1680 4157 plura
1728 4091 1869 4142 sunt

202 4170 537 4229 invisibilia
563 4187 739 4243 opera
766 4174 868 4226 tua
913 4187 1091 4241 quam
1141 4188 1267 4244 quae
1314 4172 1592 4229 vidimus.
1625 4174 1733 4237 Qui
1764 4193 1865 4231 an-

202 4259 496 4336 gustioris
527 4262 617 4315 est
646 4258 850 4326 animi,
884 4258 984 4315 illa
1012 4276 1127 4316 non
1160 4261 1531 4325 cernit,dolet
1560 4264 1715 4334 quod
1746 4264 1866 4320 dis-

199 4350 426 4424 perdas
455 4348 657 4404 orbem
688 4351 976 4403 terrarum
1031 4366 1042 4402 :
1092 4350 1191 4405 sed
1244 4350 1344 4422 qui
1404 4351 1561 4407 novit
1604 4357 1867 4425 spectare

200 4456 338 4512 quas
371 4436 693 4493 invisibilia
723 4442 882 4505 sunt,
913 4438 1130 4509 gaudet
1161 4442 1226 4494 ut
1252 4439 1537 4506 venias,et
1565 4458 1768 4498 omnes
1790 4442 1864 4497 li-

198 4528 401 4585 beres.
438 4526 703 4583 Gaudent
733 4525 962 4582 athletae
1009 4526 1109 4598 qui
1159 4533 1406 4599 possunt
1438 4529 1582 4586 561
1625 4531 1815 4588 dicere
1849 4549 1861 4587 ς

200 4638 236 4668 ‹‹
268 4614 488 4705 Veniat
517 4630 763 4688 regnum
784 4619 981 4705 tuum,
1013 4616 1116 4671 fiat
1144 4616 1416 4673 voluntas
1468 4622 1567 4674 tua
1613 4619 1767 4676 sicut
1808 4621 1865 4677 in
1901 4642 1945 4705 Β

199 4704 355 4762 coelo
388 4708 448 4760 et
474 4704 534 4758 in
563 4708 719 4760 terra
748 4704 954 4775 (Matth.
986 4721 1064 4771 νι,
1106 4705 1211 4777 19.)
1245 4705 1568 4762 hGaudebit
1602 4714 1870 4766 creatura

201 4794 447 4860 mundi,
482 4797 548 4848 ut
575 4810 609 4849 a
638 4793 894 4850 vanitate
945 4794 1147 4849 mundi
1199 4793 1373 4850 istius
1406 4794 1704 4865 liberetur,
1739 4815 1865 4871 quae

201 4899 372 4940 nunc
400 4882 786 4955 congemiscit
814 4888 870 4938 et
898 4882 1151 4955 parturit
1192 4899 1205 4937 :
1240 4883 1378 4955 quia
1423 4884 1663 4941 vanitati
1689 4888 1866 4943 etiam

276 5008 396 5079 (81)
436 5006 605 5074 Mss,
653 5008 912 5073 stadium,
952 5009 1194 5076 vigorem
1246 5010 1453 5065 animae
1502 5018 1613 5067 tate
1659 5014 1854 5068 excita.

197 5080 411 5137 Bonus
442 5095 687 5146 sensus;
727 5085 925 5134 tamen
977 5080 1205 5134 videtur
1251 5084 1490 5136 sanctus
1536 5082 1746 5138 Doctor
1791 5085 1863 5140 ad

199 5168 276 5208 ea
305 5150 618 5222 respicere,
652 5166 782 5222 quas
811 5150 871 5205 in
910 5150 1329 5207 certaminibus
1378 5169 1489 5208 usu
1534 5153 1861 5211 veniebant.

196 5220 490 5292 Solebant
518 5220 717 5294 autem
746 5220 1061 5277 luctatores
1094 5226 1404 5294 postquam
1445 5223 1668 5280 inuncti
1718 5227 1861 5282 fuis-

199 5298 363 5360 sent,
397 5309 470 5348 ne
501 5293 769 5366 membra
820 5292 1112 5349 ceromate
1158 5292 1384 5350 lubrica
1425 5295 1705 5366 prehendi
1746 5315 1862 5352 non

196 5369 472 5440 possent,
503 5363 617 5440 sibi
646 5363 943 5440 pulverem
976 5381 1313 5440 aspergere,_
1336 5363 1489 5440 quod
1539 5367 1729 5440 aphen
1779 5370 1860 5424 fa-

196 5435 340 5493 cere
385 5435 753 5507 dictitabant.
806 5435 969 5491 Unde
1027 5435 1121 5491 hic
1155 5435 1533 5507 praeferendas
1576 5435 1863 5496 'videntur

197 5508 348 5565 edit.
378 5506 556 5579 idque
590 5507 865 5573 maxime,
917 5509 1070 5579 quod
1123 5506 1375 5579 proclive
1426 5509 1617 5577 fuerit,
1648 5527 1680 5564 ν
1727 5511 1785 5565 in
1831 5530 1860 5567 v

196 5579 582 5706 couiggutari,
617 5594 684 5635 ac
715 5595 910 5635 vocem
936 5580 1161 5650 pulvere
1190 5580 1553 5652 praetermitti
1611 5582 1680 5636 ab
1704 5581 1862 5655 igno-

196 5668 309 5706 ran
346 5669 361 5705 1
410 5668 501 5706 us.

195 5651 501 5710 fantibus.

274 5668 405 5707 nun
489 5693 501 5704 .

274 5722 391 5796 (82)
410 5668 589 5778 ualit.
643 5735 866 5789 omnes,
902 5736 1064 5793 super
1110 5738 1222 5777 uno
1261 5725 1558 5794 peccatore,
1589 5726 1639 5778 si
1672 5740 1858 5781 exsors

1975 3373 2049 3428 sti
2080 3388 2454 3429 secernamus
2485 3371 2800 3439 altaribus;
2835 3376 2901 3426 ut
2943 3373 3223 3428 emundet
3269 3377 3326 3427 et
3373 3373 3631 3446 corrigat

1975 3460 2176 3534 lapsus
2207 3477 2367 3529 suos,
2392 3476 2509 3532 quo
2542 3461 2614 3515 ad
2647 3464 3016 3516 sacramenta
3042 3460 3261 3517 Christi
3291 3461 3478 3517 redire
3510 3478 3627 3518 me-

1976 3555 2195 3606 reatur.

2047 3641 2135 3694 83.
2169 3638 2229 3694 Si
2261 3638 2393 3710 quis
2426 3642 2623 3695 autem
2676 3655 2791 3694 non
2844 3644 2935 3695 est
2982 3639 3336 3713 baptizatus,
3369 3640 3631 3696 securior

1978 3730 2347 3784 convertatur
2376 3726 2780 3784 remissionem
2812 3728 3107 3801 accipiens
3140 3729 3627 3801 peccatorumSi-

1979 3818 2214 3890 quidem
2248 3816 2578 3887 baptismus
2610 3816 2765 3872 velut
2794 3817 2949 3890 ignis
2980 3817 3218 3889 quidam
3243 3823 3481 3889 peccata
3502 3835 3633 3874 con-

1977 3906 2194 3973 sumit;
2232 3905 2370 3978 quia
2416 3905 2682 3962 Christus
2713 3906 2772 3961 in
2803 3907 2937 3980 igne
2984 3914 3040 3962 et
3089 3908 3298 3979 spiritu
3348 3909 3629 3980 haptizat.

1976 3996 2237 4067 Denique
2266 3995 2421 4049 hunc
2452 3998 2658 4067 typum
2693 3995 2836 4068 legis
2868 3996 2927 4050 in
2964 3997 3292 4067 Regnorum
3322 3995 3627 4066 libris(83),

1976 4083 2076 4139 ubi
2100 4082 2249 4138 Elias
2298 4099 2474 4153 super
2522 4082 2704 4138 altare
2751 4083 2911 4155 ligna
2956 4084 3258 4155 imposuit,
3291 4088 3348 4138 et
3378 4082 3524 4138 dixit
3569 4089 3634 4139 ut

1976 4172 2276 4229 mitterent
2305 4187 2480 4241 super
2510 4172 2580 4226 de
2612 4171 2835 4244 hydriis
2866 4188 3105 4243 aquam,
3138 4176 3195 4227 et
3226 4171 3436 4226 dixitm
3464 4173 3633 4228 Itera-

1974 4266 2051 4329 te,
2082 4265 2140 4316 et
2184 4259 2539 4315 iteraverunt
2571 4261 2666 4330 (III
2697 4262 2821 4332 Reg.
2855 4278 3013 4329 xvm,
3060 4261 3185 4331 34);
3241 4283 3268 4309 ››
3315 4264 3370 4315 et
3419 4260 3566 4317 dixit
3615 4279 3627 4317 ;

1977 4375 2005 4401 ‹‹
2040 4351 2244 4406 Iterate
2274 4348 2527 4413 tertio,et
2557 4348 2915 4405 iteraverunt
2944 4348 3349 4420 tertio(lbid.);
3386 4354 3476 4405 net
3495 4365 3630 4405 cum

1976 4443 2238 4495 manaret
2269 4453 2440 4509 aqua,
2476 4441 2745 4509 precatus
2775 4443 2865 4494 est
2895 4438 3069 4507 Elias,
3104 4442 3161 4494 et
3189 4438 3339 4511 ignis
3385 4438 3629 4495 descen-

1973 4530 2060 4585 dit
2089 4529 2160 4584 de
2190 4526 2354 4583 caelo.
2387 4526 2473 4582 Tu
2525 4544 2587 4582 es
2637 4526 2787 4584 562
2839 4528 3014 4583 homo
3059 4545 3235 4601 super
3282 4528 3482 4597 altare,
3527 4528 3627 4600 qui

1975 4616 2230 4674 ablueris
2261 4632 2433 4687 aqua,
2468 4616 2635 4687 cujus
2666 4617 2930 4674 exuritur
2961 4618 3153 4691 culpa,
3191 4623 3251 4672 ut
3300 4617 3416 4672 vita
3467 4633 3631 4673 reno-

1977 4712 2159 4763 vetur.
2197 4706 2446 4777 Lignum
2494 4705 2649 4760 enim
2681 4709 2738 4761 et
2776 4706 3056 4779 stipulam
3105 4706 3405 4762 consumit
3452 4705 3627 4778 ignis.

1976 4796 2103 4852 Noli
2132 4796 2339 4850 timere
2368 4793 2564 4866 ignem
2597 4811 2701 4866 per
2729 4813 2904 4868 quem
2936 4796 3312 4852 illuminaris.
3346 4794 3482 4850 Ideo
3521 4794 3626 4848 tibi

1976 4886 2189 4942 dicitur
2222 4900 2234 4937 :
2273 4905 2300 4932 «
2334 4883 2601 4939 Accedite
2634 4885 2707 4940 ad
2741 4902 2898 4953 eum,
2931 4890 2988 4941 et
3019 4880 3434 4939 illuminamini
3457 4881 3624 4952 (Psal.

1975 5007 2176 5074 ueniae,
2210 5010 2315 5061 etc.
2350 5006 2473 5061 Non
2506 5008 2675 5062 male.
2710 5013 2983 5064 Attamen
3020 5026 3161 5064 mss.
3184 5005 3362 5061 verba
3386 5020 3456 5075 eo
3487 5018 3629 5075 prte-

1973 5082 2238 5143 tulimus,
2270 5078 2427 5147 quod
2478 5082 2719 5134 sanctus
2760 5080 2870 5146 vir,
2921 5080 2981 5134 in
3032 5079 3301 5136 instituta
3349 5074 3628 5147 allegoria

1973 5145 2389 5225 perseveraﬁs,_
2406 5164 2520 5203 non
2572 5150 2818 5225 obscure
2860 5145 3032 5206 voces
3082 5168 3153 5207 ex
3198 5162 3377 5225 arena
3415 5145 3627 5217 petitas

1974 5218 2236 5288 usurpet.
2279 5218 2631 5288 Hujusmodi
2682 5225 2878 5276 autem
2930 5226 3053 5277 erat
3095 5222 3339 5279 verbum
3370 5232 3628 5288 exorare,

1973 5300 2038 5351 ut
2067 5290 2360 5365 advertere
2391 5295 2480 5345 est
2506 5308 2573 5346 ex
2604 5290 2704 5346 illo
2734 5291 2931 5365 Horat.
2964 5292 3065 5347 lib.
3101 5311 3141 5360 1,
3172 5310 3262 5365 ep.
3298 5293 3321 5350 l
3362 5306 3380 5342 :

2066 5366 2138 5414 Ne
2170 5359 2433 5427 populum
2478 5366 2719 5413 extrema
2752 5364 2907 5413 toties
2935 5369 3117 5415 exoret
3147 5359 3328 5416 aréna.

2040 5436 2153 5505 (83)
2186 5436 2383 5509 Omnes
2413 5436 2549 5509 edit.
2603 5450 2847 5509 ac_mss.
2878 5434 3123 5509 aliquot,
3155 5437 3289 5507 tegis
3318 5439 3380 5493 in
3412 5439 3625 5509 Regno-

1969 5522 2097 5565 rum
2129 5508 2286 5583 libris
2330 5508 2591 5563 invenies.
2646 5506 2785 5561 Mss.
2818 5523 2951 5562 vero
2980 5506 3216 5580 plures
3250 5506 3625 5583 potioresque

1968 5598 2165 5638 vocem
2198 5582 2437 5635 invenies
2470 5595 2584 5652 non
2618 5583 2971 5652 agnoscunt;
3005 5597 3133 5652 quae
3164 5597 3304 5636 sane
3336 5582 3466 5639 ideo
3493 5582 3619 5638 tan-

1969 5656 2095 5708 tum
2126 5652 2185 5706 in
2213 5656 2434 5707 textum
2476 5650 2704 5705 videtur
2750 5650 3177 5723 inductafquia
3224 5654 3358 5723 legis
3410 5671 3622 5711 nomen

1976 5740 2104 5781 esse
2135 5727 2511 5795 putaverunt,
2546 5737 2680 5777 cum
2711 5722 2952 5777 verbum
2976 5722 3077 5779 sit.
