3866 6212
353 338 474 403 763

1822 341 1955 403 8.1

2106 340 2307 407 ROSII
3593 346 3684 414 'lﬁl

345 491 543 542 ωῐιῐ,
575 473 651 546 6}.
688 496 716 524 »ι
751 468 1044 547 Suscipite
1065 471 1280 546 jugum
1311 468 1548 529 Christi.
1582 470 1769 530 Nolite
1799 473 2004 531 timere
2032 478 2086 544 Α
2185 477 2276 533 85.
2306 471 2546 533 Patebat
2573 476 2631 531 et
2660 475 2795 532 ante
2820 468 2930 530 hoc
2959 470 3170 531 caelum
3198 471 3528 536 hominibus.
3554 477 3687 541 Deni-

345 567 486 638 quia
509 566 721 637 jugum
753 569 877 620 est:
902 562 1189 627 festinate,
1222 564 1361 635 quia
1390 562 1511 619 leve
1541 564 1780 621 est.Non
1803 570 1999 620 conte-

345 656 421 710 rit
450 653 616 717 colla,
650 654 750 709 sed
798 653 1083 708 honestat.
1135 653 1284 717 Quid
1332 652 1657 707 dubitatis?
1688 654 1827 725 quid
1863 671 1995 725 pro-

346 743 720 799 crastinatis?
776 741 900 796 Non
953 741 1151 813 alligat
1216 742 1497 795 cervicem
1562 741 1835 807 vinculis,
1894 743 1994 797 sed

343 838 597 887 mentem
628 831 814 902 gratia
845 831 1077 901 copulat
1110 847 1124 882 :
1158 847 1270 885 non
1307 831 1653 885 necessitate
1703 832 1991 886 constrin-

342 922 446 993 git,
470 922 566 975 sed
602 920 961 975 voluntatem
988 919 1120 974 boni
1154 920 1347 990 cperis
1377 920 1577 990 dirigit
1609 920 1742 990 (8i).

410 1009 653 1073 84.Quid
686 1025 864 1079 negas
896 1008 1086 1063 adhuc
1118 1024 1245 1062 esse
1277 1008 1599 1079 temporis?
1629 1008 1814 1063 Omne
1840 1014 1989 1063 tem-

340 1116 453 1171 pus
482 1103 885 1170 Opportunum
934 1098 1005 1151 ad
1055 1095 1502 1167 indulgentiam.
1533 1098 1585 1150 Si
1634 1113 1843 1151 aurum
1886 1097 1989 1151 tibi

342 1188 604 1251 offeram,
644 1203 757 1240 non
811 1184 953 1239 mihi
1004 1184 1149 1239 dicis
1187 1201 1199 1239 :
1233 1185 1373 1239 Cras
1421 1186 1670 1245 veniam,
1722 1186 1821 1240 sed
1868 1187 1991 1255 jam

342 1276 545 1347 exigis.
578 1278 799 1331 Aurum
833 1274 1091 1344 accipere
1127 1291 1295 1327 nemo
1328 1274 1537 1341 differt,
1576 1273 1773 1328 nullus
1819 1290 1990 1328 excu-

344 1370 436 1419 sat
469 1381 483 1419 :
517 1363 835 1433 redemptio
866 1362 1072 1417 animm
1106 1362 1484 1432 promittitur,
1518 1367 1573 1415 et
1611 1379 1782 1417 nemo
1830 1362 1989 1417 festi-

343 1458 461 1507 nat.
493 1453 745 1507 Joannes
778 1452 832 1505 in
868 1451 1269 1522 paenitentiam
1309 1451 1663 1521 baptizabat,
1696 1458 1751 1505 et
1796 1452 1990 1507 omnis

338 1542 541 1598 Judrea
570 1541 949 1595 conveniebat
981 1557 993 1594 :
1028 1539 1298 1594 Christus
1344 1539 1597 1611 baptizat
1628 1541 1683 1594 in
1719 1542 1937 1612 Spiritu
1974 1560 1987 1596 :

340 1630 609 1686 Christus
636 1629 884 1701 gratiam
917 1629 1241 1699 dispensat,
1259 1633 1317 1683 et
1347 1645 1481 1684 cum
1514 1629 1748 1684 fastidio
1780 1646 1993 1685 conve-

340 1720 519 1774 nitur.
553 1720 779 1791 Typum
820 1718 1193 1790 baptismatis
1236 1717 1658 1772 demonstravit
1705 1718 1862 1773 Elius
1893 1720 1991 1789 (III

344 1811 467 1879 Reg.
501 1825 659 1871 xviii,
693 1808 759 1862 34
790 1810 981 1878 .39qu.),
1032 1811 1088 1860 et
1137 1804 1347 1860 cmlum
1398 1807 1627 1877 aperuit
1671 1808 1825 1878 quod
1882 1808 1991 1862 fuit

342 1896 608 1951 clausum
640 1895 830 1950 tribus
862 1895 1034 1949 annis
1065 1898 1121 1948 et
1150 1911 1251 1948 sex
1283 1894 1605 1949 mensibus.
1628 1897 1855 1960 Quanto
1879 1912 1993 1951 ma-

335 1986 468 2057 jora
500 2000 743 2039 munera
769 1983 1027 2039 veritatis
1058 1986 1221 2038 sunt!
1257 1982 1498 2054 Aperuit
1540 1983 1741 2054 utique
1785 1984 1992 2041 cmlum

341 2090 457 2129 non
489 2072 687 2147 pluvia
714 2072 1097 2136 descendens,
1129 2072 1228 2127 sed
1257 2072 1581 2127 ascendens
1629 2072 1835 2144 gratia.
1874 2073 1992 2129 Ne-

344 2179 439 2220 mo
466 2162 623 2218 enim
660 2161 773 2216 nisi
805 2178 909 2233 per
936 2176 1151 2231 aquam
1200 2164 1256 2214 et
1307 2160 1591 2230 Spiritum
1641 2161 1903 2216 ascendit
1933 2159 1994 2216 in

343 2267 589 2322 regnum
616 2248 1222 2304 cmlorumClauserat
1252 2248 1460 2304 caelum
1494 2248 1835 2305 hominibus
1870 2267 1992 2322 per»

345 2340 507 2408 fidia,
540 2339 640 2393 sed
674 2336 901 2410 aperuit
931 2338 1097 2391 ﬁdes.

415 2483 528 2552 (84)
562 2482 646 2536 Ita
709 2480 873 2552 edit.,
904 2496 1137 2546 omnes;
1189 2497 1331 2535 mss.
1389 2496 1521 2552 vero
1574 2479 1837 2552 plerique
1874 2480 1996 2536 haec

344 2554 533 2624 verba,
577 2551 1361 2624 printermittuntpquorum
1416 2551 1542 2607 loco
1602 2552 1661 2606 in
1724 2551 1898 2607 Mich.
1940 2556 1998 2607 et

342 2623 490 2707 Vell.
522 2622 801 2696 leguntur
848 2622 967 2690 illa,
999 2623 1090 2678 scil
1139 2625 1409 2694 voluptate
1458 2624 1586 2677 boni
1635 2626 1814 2694 operi:
1864 2624 1991 2678 alli-

349 2704 524 2837 al(85)
559 2766 705 2820 Edit.
734 2780 958 2830 omnes,
988 2764 1059 2818 ad
1087 2768 1349 2835 quantum
1377 2768 1618 2835 gratiam
1648 2767 1880 2820 vocaris.

2108 582 2221 638 que
2251 565 2445 621 Euoch
2480 567 2685 637 raptus
2728 562 2803 619 ad
2852 561 3062 619 caelum
3103 567 3211 619 est.
3244 565 3442 621 lterum
3472 566 3685 627 clausum

2104 659 2195 710 est
2228 673 2241 709 :
2276 656 2375 710 sed
2416 654 2646 726 aperuit
2673 652 2852 722 Elias,
2885 652 2988 724 qui
3020 656 3222 722 raptus
3253 658 3338 709 est
3364 671 3525 711 curru
3553 658 3685 730 igneo

2105 746 2202 811 (IV
2226 747 2352 815 Reg.
2387 759 2449 809 ιι,
2491 743 2594 813 ΙΙ).
2644 743 2713 797 Et
2759 758 2861 797 vos
2910 742 3152 814 potestis
3199 743 3511 813 ascendere,
3536 745 3577 800 si
3616 764 3687 803 sa-

2103 834 2386 888 cramenti
2435 831 2683 905 gratiam
2727 830 3191 902 consequamini.
3227 831 3515 904 Quousque
3556 834 3679 891 dele-

2103 922 2721 993 ctationes,quousque
2750 924 3101 975 commessat
3116 919 3313 974 iones?
3345 920 3507 975 Instat
3517 923 3681 993 judicii

2103 1010 2227 1066 dies
2273 1011 2464 1065 :dum
2516 1009 2715 1064 differs
2758 1008 3030 1081 gratiam,
3083 1024 3241 1063 mors
3296 1010 3684 1082 appropinquat.

2101 1099 2242 1165 Quis
2267 1098 2421 1153 dicat
2455 1115 2467 1153 :
2502 1097 2669 1153 Nunc
2700 1097 2846 1153 mihi
2879 1113 2995 1152 non
3026 1101 3209 1163 vacat,
3241 1102 3535 1168 occupatus
3563 1116 3683 1166 sum,

2104 1205 2217 1243 non
2250 1188 2392 1243 mihi
2425 1187 2790 1242 demonstres
2821 1185 3044 1250 lumen,
3077 1183 3211 1241 nolo
3240 1189 3355 1241 tam
3384 1186 3486 1241 cito
3515 1202 3591 1241 me
3620 1205 3687 1243 re-

2100 1277 2311 1343 dimas,
2347 1292 2463 1330 non
2497 1274 2641 1330 mihi
2671 1273 2865 1329 adhuc
2895 1291 3045 1347 opus
3076 1279 3168 1329 est
3199 1291 3430 1346 regnum
3458 1274 3688 1331 cmleste?

2101 1365 2303 1419 Nonne
2343 1363 2452 1419 hoc
2498 1364 2640 1419 dicit
2670 1363 2770 1435 qui
2801 1367 3041 1417 excusat
3083 1379 3144 1418 se
3194 1380 3228 1416 a
3269 1362 3614 1434 baptismate?
3637 1364 3688 1418 Et

2101 1458 2321 1524 quanta
2359 1452 2548 1524 gratia
2600 1451 2897 1507 reuovaris
2932 1452 3065 1522 (85:,
3098 1468 3130 1505 o
3188 1451 3384 1506 homo!
3439 1452 3681 1525 Purgaris,

2100 1546 2156 1597 et
2188 1558 2301 1596 non
2335 1540 2595 1596 exureris
2628 1558 2640 1595 :
2674 1540 2922 1606 sanaris,
2956 1544 3013 1594 et
3044 1556 3158 1594 non
3218 1539 3413 1595 doles:
3464 1541 3689 1594 reforma-

2102 1631 2203 1697 ris,
2233 1636 2291 1684 ct
2323 1647 2435 1684 non
2468 1628 2806 1685 dissolveris
2859 1646 2872 1683 :
2924 1628 3106 1683 ictum
3135 1628 3339 1683 mortis
3369 1644 3474 1682 non
3496 1628 3687 1698 excipis,

2100 1725 2156 1774 et
2188 1719 2466 1790 resurgis.
2496 1719 2567 1773 Et
2594 1717 2787 1773 adhuc
2818 1716 3195 1785 dissimulas;
3230 1716 3417 1772 adhuc
3443 1721 3690 1789 exspectas

2102 1813 2165 1863 ut
2192 1807 2351 1862 vivas
2400 1806 2635 1874 saeculo,
2667 1811 2872 1879 postea
2914 1811 2971 1861 te
3018 1820 3281 1862 reservas
3328 1805 3456 1863 Deo.
3498 1805 3688 1877 Ignoras

2102 1898 2254 1970 quod
2283 1896 2422 1964 Cain
2457 1901 2760 1969 propterea
2785 1894 3153 1967 displicuerit
3193 1894 3547 1960 sacrificium,
3576 1911 3685 1965 quo.

2107 1986 2260 2041 niam
2304 2002 2419 2040 non
2468 1984 2767 2056 primitiva
2813 1982 3045 2050 obtulit,
3109 1984 3212 2039 sed
3267 1983 3552 2055 primitivis
3591 1981 3689 2054 ipse

2106 2074 2446 2145 perfunctus
2476 2076 2583 2139 est,
2616 2071 2688 2126 de
2717 2071 3102 2143 sequentibus
3132 2088 3353 2127 munus
3396 2070 3501 2126 Deo
3545 2074 3689 2125 tenta-

2101 2163 2184 2217 vit
2212 2162 2418 2218 offerre
2450 2179 2464 2216 :
2496 2160 2636 2216 Abel
2668 2164 2864 2216 autem
2895 2160 3296 2232 primitiarum
3325 2175 3546 2215 suarum
3573 2157 3692 2214 obla-

2104 2252 2261 2307 tione
2290 2250 2588 2323 praalatus,
2619 2249 2834 2306 meruit
2865 2248 3082 2322 insigni
3116 2249 3352 2322 pietatis
3382 2249 3484 2319 (86)
3511 2245 3690 2302 laudari

2106 2338 2371 2395 oraculo.

2106 2480 2309 2536 Cuncti
2343 2498 2486 2536 mss.
2522 2485 2588 2535 ut
2617 2481 2676 2535 in
2706 2484 2890 2535 textu.

2172 2554 2286 2623 (86)
2317 2553 2412 2607 Sic
2440 2553 2721 2623 desinunt
2742 2567 2948 2623 omnes
2972 2552 3113 2623 edit.
3137 2549 3292 2623 Mss.
3324 2566 3449 2623 vero
3486 2548 3688 2623 Thuan.,

2106 2619 2312 2693 Laud'.,
2342 2623 2540 2688 Torn.,
2573 2622 2765 2691 Dion.,
2796 2622 2944 2678 Vict.
2971 2627 3027 2678 et
3057 2621 3249 2690 Colb.,
3279 2621 3371 2693 his
3404 2619 3571 2693 verbis
3594 2623 3691 2693 terg

2104 2689 2659 2766 minantur,meruit
2706 2689 2926 2763 insigne
2964 2695 3189 2766 pictatis
3221 2711 3241 2748 :
3273 2692 3479 2765 quibus
3516 2689 3690 2745 addunt

2102 2765 2275 2821 Mich.
2308 2770 2365 2822 et
2394 2764 2567 2832 Vall.,
2591 2766 2897 2821 oraculum.

1211 2884 3695 2917 ππ

2643 2908 2893 2916 ——

1007 3005 1120 3089 IN
1181 3005 1613 3092 LIBRUM
1673 3007 1816 3091 DE
1876 2980 2408 3095 NABUTHE
2467 3007 3114 3094 JEZBAELI’I‘A

1842 3155 2264 3213 ADMONITIO.

415 3371 662 3426 Videtur
699 3368 793 3425 hic
824 3367 972 3424 liber
999 3367 1145 3423 nihil
1176 3366 1335 3423 aliud
1367 3369 1665 3425 continere
1688 3368 1800 3425 nisi
1832 3386 2016 3424 unum
2046 3374 2149 3425 aut
2176 3369 2427 3425 alterum
2457 3385 2809 3435 sermonem,
2833 3385 2978 3441 quos
3008 3369 3359 3426 Ambrosius
3386 3367 3443 3423 in
3472 3364 3647 3421 divites
3669 3375 3694 3414 a

344 3460 560 3532 quibus
588 3456 1016 3513 immanissime
1046 3457 1340 3513 tenuiores
1371 3457 1640 3513 homines
1670 3457 2243 3529 diripiebantur,toto
2276 3458 2491 3513 mentis
2521 3459 2727 3514 ardore
2755 3456 3347 3530 pronuntiavit.Haud
3378 3454 3538 3511 dubie
3555 3450 3693 3506 histoc

341 3548 428 3607 ria
458 3545 613 3617 regis
645 3544 860 3600 Achabi
893 3560 959 3599 ac
991 3544 1263 3616 pauperis
1293 3544 1574 3600 Nabuthae
1605 3545 1666 3599 in
1698 3545 1955 3602 Ecclesia
1985 3550 2125 3602 tunc
2166 3546 2449 3617 temporis
2495 3547 2737 3603 recitata
2781 3546 2893 3619 ipsi
2942 3546 3309 3603 occasionem
3355 3536 3694 3615 suppeditavit

333 3638 491 3707 (cap.
526 3636 575 3700 1,
609 3650 772 3688 num.
806 3634 879 3703 Ι),
914 3638 979 3687 ut
1024 3634 1082 3687 in
1133 3632 1311 3688 altero
1360 3633 1766 3689 crudelitatem
1798 3634 1955 3690 avari
1985 3633 2202 3701 divitis,
2234 3634 2295 3688 in
2326 3633 2509 3691 altero
2539 3633 2813 3707 pauperis
2859 3638 3116 3690 extrema
3144 3634 3349 3689 omnia
3374 3623 3697 3705 perpetientis

338 3723 733 3779 calamitatem
763 3723 836 3777 ob
867 3720 1067 3776 oculos
1099 3725 1355 3792 poneret.
1384 3723 1773 3787 Quamobrem
1823 3724 2013 3795 primo
2059 3722 2315 3778 ostendit
2344 3724 2527 3795 (Ibid.)
2557 3723 2705 3779 nulli
2734 3723 2985 3796 tempori
3035 3740 3175 3778 suos
3224 3721 3503 3783 Achabos,
3542 3726 3692 3785 neque

338 3826 478 3866 suos
508 3809 811 3865 Nabuthas
860 3810 1095 3877 deesse;
1129 3826 1351 3865 necnon
1401 3811 1578 3865 etiam
1622 3811 1764 3867 dum
1813 3810 2181 3882 loquebatur,
2214 3811 2459 3867 inveniri
2508 3827 2795 3884 pauperes
2833 3816 2955 3867 tam
3005 3811 3149 3867 diris
3204 3810 3396 3865 modis
3424 3804 3693 3878 exagitatos

339 3900 775 3971 divexatosque,
809 3901 873 3953 ut
904 3897 1210 3969 profugere
1234 3914 1301 3953 ex
1324 3898 1513 3969 patria
1544 3916 1615 3954 ne
1645 3899 1763 3955 illic
1795 3899 1946 3956 fame
1972 3916 2039 3955 ac
2070 3900 2309 3956 miseria
2347 3899 2673 3965 interirent,
2701 3902 3069 3972 cogerentur.
3098 3898 3160 3953 ld
3210 3913 3444 3954 summa
3470 3908 3589 3950 cum
3620 3904 3694 3942 ve-

336 3987 633 4043 hementia
661 3987 971 4059 exprobrat
1000 3985 1161 4041 hisce
1191 3985 1489 4053 divitibus,
1523 3986 1738 4059 quibus
1768 3989 1943 4045 etiam
1975 4005 2043 4044 ex
2072 3992 2235 4060 parte
2266 3988 2455 4061 prima
2484 3988 2795 4061 proposita:
2824 3987 3079 4044 historiis
3110 3986 3475 4042 demonstrat
3500 3982 3629 4053 (cap.
3652 3978 3693 4037 2,

336 4093 502 4131 num.
536 4077 569 4131 4
600 4080 658 4131 et
678 4075 824 4147 seq.)
857 4075 1015 4147 ipsos
1038 4075 1249 4130 mediis
1282 4075 1340 4130 in
1372 4075 1593 4132 divitiis
1622 4093 1800 4148 quam
1832 4093 2047 4149 egenos
2077 4074 2371 4149 quoslibet
2402 4076 2591 4150 magis
2620 4093 2789 4150 egere
2822 4095 2835 4133 :
2868 4076 2929 4132 in
2959 4075 3183 4148 rapinis
3215 4076 3365 4147 (cap.
3396 4074 3449 4138 3,
3480 4084 3623 4126 num.
3655 4063 3699 4116 tl

335 4170 394 4220 et
416 4166 562 4237 seq.)
584 4164 928 4220 earumdem
960 4163 1378 4220 abstinentiam
1409 4169 1585 4236 atque
1615 4165 1873 4221 convivia
1904 4183 1973 4222 ex
2001 4181 2167 4237 aequo
2198 4164 2314 4221 illis
2334 4166 2568 4221 miseris
2595 4164 2913 4238 perniciem
2944 4165 3173 4220 adferre
3194 4161 3547 4220 solere.Tum
3589 4155 3704 4225 (cap.

338 4252 641 4326 propriam
674 4253 985 4308 utilitatem
1034 4252 1231 4307 minus
1280 4270 1538 4324 quaerere
1585 4270 1762 4326 quam
1812 4254 2056 4326 inopum
2107 4252 2518 4326 spoliationem
2566 4271 2580 4308 :
2629 4258 2925 4326 postremo
2957 4245 3105 4324 (cap.
3137 4253 3191 4318 5,
3229 4266 3393 4305 num.
3425 4250 3460 4302 9
3486 4251 3539 4302 et
3582 4238 3699 4326 squ)

335 4342 392 4407 6,
426 4325 589 4396 num.
620 4340 691 4396 29
721 4346 779 4397 et
806 4342 974 4413 seq.),
1007 4341 1268 4412 exposito
1298 4358 1365 4397 eo
1396 4341 1521 4398 loco
1552 4325 1844 4416 Evangelii
1877 4325 1977 4398 ubi
2008 4341 2324 4416 opulentus
2354 4343 2595 4415 quidam
2636 4325 2855 4398 horrea
2898 4357 3046 4397 nova
3092 4339 3390 4395 veteribus
3430 4325 3704 4391 destructis

336 4429 693 4484 exaedificare
723 4430 988 4501 cogitans
1016 4429 1335 4493 inducitur,
1370 4447 1549 4501 quam
1580 4432 1658 4487 sit
1688 4431 1887 4487 infelix
1918 4430 2368 4503 locupletiorum
2417 4430 2693 4496 conditio,
2726 4429 3019 4503 patefacit.
3054 4428 3184 4484 Mox
3213 4428 3286 4483 ad
3333 4422 3697 4497 argumentum

336 4533 511 4573 suum
545 4516 775 4572 rediens
804 4516 952 4588 (cap.
989 4517 1076 4582 1|,
1099 4535 1267 4572 num.
1302 4521 1371 4571 46
1401 4524 1458 4573 et
1487 4519 1869 4591 seqq.)aperit
1900 4537 2016 4592 qua
2041 4521 2268 4576 ratione
2296 4519 2529 4575 Jezabel
2562 4523 2627 4574 ut
2653 4519 2922 4591 conjugis
2952 4517 3045 4573 sui
3070 4515 3294 4572 Achabi
3324 4503 3701 4592 obsecundtu‘tt
3800 4503 3801 4567 l

345 4604 1096 4672 avaritiaa,funestissimam
1130 4622 1331 4662 necem
1362 4589 2053 4664 Nabuthae-intuleritEa
2080 4606 2383 4664 occasione
2413 4607 2725 4679 insurgens
2753 4589 3034 4662 adversus
3063 4603 3272 4660 divites
3290 4600 3382 4658 sui
3399 4591 3650 4669 temporis
3665 4589 3709 4683 in

337 4707 624 4765 pauperes
642 4690 827 4747 nihilo
845 4691 1247 4749 clementiores
1269 4710 1448 4765 quam
1469 4695 1666 4750 Achab
1684 4700 1741 4752 et
1757 4695 2115 4764 Jezabel,eos
2137 4696 2316 4753 etiam
2338 4699 2513 4767 atque
2536 4695 2713 4750 etiam
2733 4694 3012 4751 admonet
3031 4697 3273 4749 caveant
3290 4706 3361 4745 ne
3377 4688 3605 4744 istorum
3618 4693 3705 4734 οτι-

337 4780 498 4837 miua
525 4779 811 4836 imitando
830 4780 1033 4836 eadem
1066 4797 1297 4853 quoque
1323 4784 1625 4839 incurrant
1644 4784 1812 4858 suppl
1825 4785 2200 4858 icia.Quoque
2215 4784 2273 4840 id
2293 4784 2605 4857 persuadet
2619 4783 3077 4855 efﬁcacius,quis
3092 4781 3395 4854 legitimus
3414 4771 3703 4858 divitiarqu

336 4886 502 4936 usus,
536 4869 633 4936 sit,
665 4868 829 4926 docet
852 4869 1001 4942 (cap.
1038 4870 1124 4934 12,
1157 4886 1322 4926 num.
1353 4871 1424 4925 53
1452 4875 1511 4927 et
1541 4873 1689 4944 seq.)
1708 4854 1822 4941 {ac
1852 4873 2030 4929 simul
2060 4854 2239 4945 quam
2270 4854 2494 4928 nullius
2517 4870 2833 4928 soliditatis
2862 4854 2977 4927 illa;
3007 4870 3147 4937 sint,
3180 4868 3390 4941 probat
3417 4866 3555 4936 (cap.
3584 4854 3706 4945 15_ﬁt

336 4960 425 5031 16)
459 4960 678 5016 inserta
708 4957 970 5032 perbrevi
1002 4959 1362 5031 expositione
1391 4960 1571 5016 totius
1602 4943 1812 5034 psalmi
1852 4979 2013 5031 Lxxv,
2047 4943 2223 5035 quem
2271 4962 2415 5018 scite
2466 4961 2787 5017 admodum
2828 4960 3137 5033 propositas
3183 4959 3415 5028 coaptat
3463 4943 3701 5035 mutarit:

335 5025 423 5102 Ad
456 5025 781 5104 extremum
813 5049 961 5120 (cap.
999 5025 1092 5111 17,
1121 5064 1284 5104 num.
1313 5025 1680 5122 70),repetito
1705 5051 1970 5122 ejusdem
1998 5025 2221 5106 hdhabi
2252 5048 2516 5121 exemplo
2546 5048 2693 5104 nihil
2722 5025 2917 5105 verius
2937 5025 3074 5103 esse
3102 5025 3358 5102 adstruit
3385 5054 3555 5113 quam
3577 5025 3702 5124 quo'd

337 5135 542 5192 ultimo
572 5136 881 5192 memorati
914 5135 1124 5207 psalmi
1156 5136 1442 5193 versiculo
1472 5137 1821 5205 declaratur,
1853 5138 2038 5194 Deum
2086 5136 2308 5194 scilicet
2354 5137 2636 5192 adversus
2685 5151 2849 5210 reges
2900 5141 3066 5192 terrea
3114 5150 3241 5190 sese
3288 5131 3535 5204 praebere
3576 5125 3706 5210 tel'ﬂ'
3800 5125 3801 5203 ᾗ

334 5222 535 5296 bilem,
563 5242 629 5280 ac
656 5225 933 5298 spiritum
964 5226 1190 5281 auferre
1222 5224 1555 5298 principum
1585 5243 1810 5295 eorum,
1844 5245 1879 5283 a
1908 5227 2124 5299 quibus
2153 5229 2275 5281 tam
2306 5225 2580 5281 atrociter
2609 5208 2814 5281 tenues
2844 5225 3088 5296 inopum
3114 5220 3417 5279 facultates
3457 5209 3701 5269 invadun-
3800 5208 3801 5219 ‘

348 5315 466 5366 tur.
717 5310 723 5317 ’

410 5398 557 5454 Cum
586 5404 781 5456 autem
813 5418 882 5457 ex
913 5402 985 5457 iis
1015 5419 1141 5473 quae
1173 5419 1353 5474 supra
1381 5403 1658 5470 diximus,
1690 5404 2016 5477 intelligere
2042 5403 2122 5459 sit
2151 5402 2260 5460 hac
2289 5403 2351 5458 in
2382 5400 2573 5475 opella
2603 5401 2787 5459 multo
2816 5398 3267 5474 frequentiorem
3298 5390 3516 5452 Achabi
3556 5392 3704 5477 Si“?

349 5484 632 5539 Nabuthae
661 5487 783 5541 ﬁeri
820 5466 1175 5544 mentio-nem
1210 5466 1354 5546 forte
1383 5466 2122 5565 cuipiam'rogare‘lubeat,
2152 5507 2258 5547 cur
2305 5490 2389 5546 illi
2423 5466 2557 5546 .non
2607 5491 2800 5562 potius
2854 5466 3040 5545 indita
3088 5486 3264 5543 fuerit.
3312 5475 3617 5565 inscriptio.
3646 5466 3700 5565 Ψ

349 5570 529 5625 ΑσῘιαῙ)
560 5587 704 5638 νθέῑϐ.
738 5590 915 5643 quam
951 5576 1021 5629 De
1064 5577 1309 5631 Nabuthe
1347 5560 1635 5647 lem—alita,
1684 5560 1772 5637 vel
1823 5582 1895 5637 De
1940 5579 2190 5638 Nabuthe
2227 5594 2487 5653 paupere,
2518 5584 2583 5634 ut
2607 5560 3013 5635 _vetustissimi
3058 5592 3199 5632 mss.
3252 5588 3369 5646 prie
3418 5585 3480 5626 se
3523 5560 3702 5620 ferunt-

344 5658 705 5729 Responderi
738 5678 853 5717 non
883 5663 1250 5721 incommode
1280 5669 1487 5737 potest,
1522 5668 1630 5723 hoc
1657 5670 2040 5728 tribuendum
2072 5670 2260 5727 sancti
2309 5668 2542 5727 antistis
2590 5669 2774 5727 amori
2820 5683 2957 5741 erga
3000 5680 3308 5740 pauperes,
3341 5668 3578 5734 quorum
3602 5658 3703 5721 ὅτε·
