3866 6212
158 398 278 462 ’165
1195 396 1423 463 LIBER
1465 398 1566 461 DE
1610 399 1984 463 NABUTHE
2026 399 2529 464 JEZRAELITA.
3444 403 3562 465 766

168 533 276 592 ctia
301 531 360 589 in
392 547 461 590 eo
490 535 738 591 tractatu
768 550 884 591 non
916 548 1103 607 pauca
1130 531 1366 590 disserit
1392 550 1520 606 quae
1549 534 1619 590 ad
1654 533 2112 591 consolationem
2162 551 2362 591 eorum
2411 535 2745 603 conferant;
2797 536 2856 592 et
2902 551 3049 609 quos
3098 533 3248 609 (cap.
3282 536 3334 602 4,
3367 554 3424 593 n.
3457 536 3558 596 l6;

168 640 213 680 c.
242 625 296 693 6,
327 641 385 679 n.
420 624 518 691 29;
550 640 600 678 c.
633 623 720 691 H,
755 640 812 678 n.
843 624 946 692 60;
980 641 1028 679 c.
1064 623 1153 691 46,
1187 641 1244 679 n.
1278 624 1348 677 67
1378 628 1433 678 et
1463 624 1610 696 seq.)
1643 623 1859 679 ibidem
1890 624 2368 695 locupletioribus
2419 642 2531 680 non
2580 628 2812 680 tantum
2843 629 3054 697 aequat,
3106 627 3206 681 sed
3246 626 3421 681 etiam
3452 644 3554 682 an-

164 712 397 786 teponit,
432 716 630 785 utpote
664 711 945 769 feliciores
977 713 1036 767 in
1069 730 1178 768 sua
1207 713 1508 778 tenuitate,
1543 729 1609 767 ac
1640 711 1756 767 Deo
1788 712 1900 783 ipsi
1930 712 2303 783 acceptiores.
2336 712 2615 768 Caeterum
2648 712 2983 785 exemplum
3015 714 3123 770 hoc
3154 714 3428 787 pauperis
3472 731 3560 771 re-

163 803 261 875 giae
291 802 595 874 cupiditati
626 818 740 857 non
774 802 1154 874 obsequentis
1184 802 1502 857 admodum
1538 801 1829 872 placuisse
1860 800 1996 855 huic
2028 806 2226 856 nostro
2255 801 2475 856 doctori
2513 819 2625 858 non
2658 802 2848 858 solum
2882 820 3006 875 quas
3036 803 3130 858 hic
3176 803 3451 875 leguntur
3480 804 3567 858 in-

160 891 303 948 dicio
332 895 493 957 sunt,
522 906 722 945 verum
754 890 932 945 etiam
966 891 1118 963 quod
1146 892 1267 959 jam
1300 891 1504 946 eodem
1534 890 1632 945 illo
1664 889 1926 961 exemplo
1960 906 2103 945 usus
2136 890 2344 955 fuerat,
2380 894 2443 945 ut
2473 906 2534 945 se
2569 891 2691 963 ipse
2722 893 3094 948 confirmaret
3116 893 3562 965 stimularetque

160 980 226 1035 ad
258 980 651 1035 resistendum
683 978 1037 1050 imperatori,
1072 995 1106 1033 a
1136 995 1251 1050 quo
1281 978 1527 1034 Justinre
1560 977 1843 1033 instinctu
1875 977 2308 1033 Catholicorum
2356 978 2600 1035 ecclesia
2650 981 2879 1036 tradere
2927 981 3155 1037 Arianis
3189 982 3512 1053 jubebatur
3546 999 3559 1037 :

157 1068 401 1124 Nabulhe
432 1070 566 1123 vites
592 1084 741 1135 suas,
775 1066 966 1139 inquit
996 1066 1229 1138 (Contra
1258 1072 1404 1121 Aux.
1438 1066 1518 1121 De
1550 1065 1745 1137 basil.)
1778 1068 1861 1121 vel
1883 1068 2109 1137 praprio
2138 1082 2331 1122 cruore
2360 1066 2617 1137 defendit.
2650 1070 2714 1124 Si
2765 1071 2863 1124 ille
2912 1071 3125 1125 vineam
3166 1087 3279 1126 non
3334 1070 3564 1125 tradidit

155 1173 325 1225 suam,
356 1173 461 1211 nos
492 1157 761 1212 trademus
790 1156 1088 1211 Ecclesium
1119 1156 1322 1211 Christi
1335 1160 1426 1210 .9...
1450 1155 1512 1210 Si
1548 1157 1642 1210 ille
1666 1159 1890 1227 patrum
1918 1155 2295 1212 [nereditatem
2323 1172 2435 1210 non
2463 1157 2709 1223 tradidit,
2738 1173 2831 1228 ego
2858 1158 3073 1214 tradam
3095 1158 3299 1215 Christi
3326 1159 3561 1215 haeredi-

155 1250 344 1303 tatcm?
370 1246 523 1300 Absit
562 1254 621 1300 ut
649 1245 870 1300 tradam
902 1245 1277 1300 [nereditatem
1304 1244 1649 1314 patrum,'mc
1676 1252 1756 1299 est
1782 1244 2158 1299 haereditate”:
2198 1246 2482 1316 Dionysii,
2512 1250 2620 1300 etc.

221 1335 337 1391 Hoc
366 1334 496 1390 loco
527 1332 1026 1389 dissimulandum
1067 1351 1181 1388 non
1232 1337 1320 1389 est
1368 1334 1743 1388 Ambrosium
1792 1350 1860 1388 ex
1908 1332 2217 1389 Basilianis
2277 1333 2555 1401 homiliis,
2607 1336 2680 1390 De
2734 1337 2990 1403 avaritia,
3025 1344 3081 1392 et
3130 1339 3188 1392 In
3241 1336 3563 1392 ditescentes

154 1423 433 1480 nonnulla
463 1427 800 1479 mutuatum
823 1440 969 1479 esse.
1000 1422 1149 1477 Illud
1182 1422 1395 1478 evincit
1423 1420 1508 1478 vel
1543 1420 1668 1477 sola
1696 1422 1952 1477 affinitas
1975 1421 2196 1492 (Basil.,
2228 1423 2380 1477 Ilom.
2413 1422 2477 1478 de
2508 1423 2694 1489 Avar.,
2722 1425 2946 1489 Ambr.,
2998 1442 3125 1497 cap.
3174 1427 3229 1493 5,
3276 1442 3439 1481 num.
3490 1427 3554 1480 2t

152 1518 205 1568 et
234 1514 379 1586 seq.)
410 1511 986 1585 elegantissimarum
1021 1528 1220 1566 earum
1253 1511 1716 1582 descriptionum
1748 1511 1964 1583 quibus
1995 1512 2150 1583 apud
2179 1516 2514 1582 utrumque,
2545 1512 2729 1583 patris
2761 1514 3071 1583 cujusdam
3108 1532 3288 1568 unum
3323 1532 3353 1569 e
3394 1514 3561 1568 libris

153 1603 217 1658 ad
249 1602 500 1657 alendos
529 1601 949 1669 alios,vendere
979 1600 1354 1665 coacti,dolor
1373 1604 1547 1671 atque
1577 1605 1753 1656 aestus
1783 1605 1905 1656 tam
1936 1600 2223 1656 concitato
2248 1600 2476 1656 dicendi
2495 1616 2705 1673 genere
2730 1606 2970 1673 tamque
2997 1603 3067 1657 ad
3095 1604 3409 1659 movendos
3432 1604 3556 1659 ani-

153 1708 273 1747 mos
323 1691 540 1746 idoneo
570 1690 995 1763 exprimuntur.
1029 1690 1086 1745 Si
1136 1690 1274 1761 quid
1299 1693 1575 1761 praeterea
1613 1705 1682 1743 ex
1712 1688 1926 1744 Basilio
1956 1689 2336 1760 desumptum
2370 1688 2463 1743 hic
2498 1689 2800 1761 reperitur,
2828 1690 2885 1744 id
2932 1690 3170 1761 quidem
3200 1690 3381 1747 ferme
3412 1692 3557 1747 nihil

151 1777 300 1835 aliud
331 1781 423 1835 est
454 1778 570 1835 nisi
601 1795 798 1850 pauca:
828 1778 1146 1845 sententias,
1180 1795 1327 1849 quas
1358 1777 1493 1832 hinc
1524 1778 1658 1832 inde
1684 1780 1983 1849 excerptas
2011 1780 2250 1832 sanctus
2297 1782 2498 1833 noster
2528 1793 2645 1832 ΒυεΒ
2691 1778 2944 1833 materias
2977 1780 3454 1835 accommodavit.
3488 1781 3559 1836 Et

149 1867 249 1923 hoc
279 1884 524 1924 omnem
556 1873 717 1923 extra
745 1866 1194 1923 controversiam
1226 1883 1353 1922 esse
1374 1883 1489 1921 non
1521 1866 1627 1921 ibit
1658 1864 2011 1936 intieias,qui
2042 1865 2494 1919 consideraverit
2525 1867 2760 1921 beatum
2793 1866 3075 1922 Basilium
3097 1886 3210 1924 non
3233 1869 3344 1924 nisi
3375 1869 3561 1925 obiter

149 1957 219 2012 de’
241 1956 441 2012 Achab
476 1959 537 2011 et
564 1955 831 2011 Nabuthe
860 1954 1039 2025 loqui,
1074 1955 1142 2009 de
1175 1954 1400 2026 psalmo
1432 1958 1627 2009 autem
1658 1971 1801 2009 Lxxv
1831 1970 2074 2026 prorsus
2105 1958 2313 2020 tacere,
2347 1953 2405 2008 in
2435 1954 2651 2025 quibus
2685 1959 2879 2011 tamen
2913 1956 3218 2029 potissima
3249 1975 3384 2030 pars
3420 1961 3559 2015 Am-

147 2045 427 2105 brosianaa
459 2042 976 2100 commentationis
1007 2043 1197 2114 posita
1227 2047 1335 2099 est.

211 2134 455 2189 Nullum
493 2150 664 2206 porro
693 2150 758 2189 ex
790 2132 969 2203 hujus
1000 2132 1193 2203 operis
1224 2130 1471 2187 lectione
1499 2133 1910 2201 argumentum
1937 2146 2139 2185 eruere
2170 2131 2382 2201 possis,
2415 2132 2569 2186 unde
2598 2130 2822 2204 liquido
2865 2133 3129 2204 ejusdem
3163 2138 3303 2190 setas
3344 2152 3557 2208 cogno-

149 2228 358 2280 scatur.
393 2225 673 2279 Attamen
706 2238 820 2277 non
854 2219 999 2275 nihil
1031 2220 1101 2274 ad
1134 2219 1283 2275 hanc
1314 2236 1435 2274 rem
1486 2218 1951 2291 investigandam
2000 2220 2227 2274 videtur
2275 2218 2606 2291 praelucere,
2634 2221 2789 2293 quod
2821 2220 2938 2277 illic
2968 2222 3118 2295 (cap.
3150 2225 3237 2292 14,
3271 2241 3433 2281 num.
3465 2225 3557 2293 6|,

149 2317 199 2369 et
228 2331 277 2368 c.
310 2314 364 2378 5,
401 2328 578 2367 num.
607 2312 678 2366 20
705 2315 761 2366 et
799 2309 949 2381 seq.)
981 2312 1251 2364 narratur
1280 2309 1352 2363 de
1383 2307 1730 2381 potentium,
1758 2306 2093 2371 consulum,
2125 2308 2458 2380 principum
2506 2312 2681 2379 atque
2728 2309 3077 2380 optimatum
3108 2312 3351 2368 avaritia
3381 2329 3393 2367 :
3427 2331 3556 2385 quas

148 2402 379 2475 quidem
410 2418 485 2456 eo
520 2399 764 2455 feritatis
791 2414 893 2471 per
920 2397 1041 2453 haec
1069 2400 1334 2470 tempora
1365 2397 1691 2463 devenerat,
1725 2400 1789 2451 ut
1819 2413 2102 2468 pauperes
2134 2397 2206 2451 ad
2229 2397 2574 2452 vertendum
2606 2396 2820 2463 solum,
2855 2399 3208 2455 deserendas
3253 2402 3554 2475 conjuges,

147 2491 355 2547 liberos
385 2506 464 2546 ne
501 2489 653 2544 tame
683 2489 743 2543 in
774 2487 961 2560 patria
989 2504 1096 2542 sua
1125 2485 1396 2559 perirent,
1430 2485 1803 2540 abducendus
1833 2489 2197 2557 cogerentur.
2231 2486 2536 2541 Enimvero
2567 2486 2866 2561 Paulinus,
2900 2505 2934 2543 a
2962 2505 3077 2559 quo
3110 2490 3279 2545 nobis
3313 2492 3563 2548 Ambro-

148 2579 214 2635 sii
241 2579 372 2635 Vita
405 2577 763 2633 transmissa
791 2581 898 2645 est,
931 2576 1073 2630 dum
1106 2580 1430 2647 postremas
1465 2574 1613 2630 beati
1648 2573 1913 2645 praesulis
1945 2573 2201 2629 actiones
2235 2578 2540 2642 memorat,
2575 2574 2655 2629 ita
2686 2574 2947 2647 loquitur
2983 2594 2996 2631 :
3030 2578 3424 2649 Ingemiscebat
3467 2596 3560 2635 ve-

147 2667 417 2724 hementer
447 2682 582 2721 cum
609 2664 812 2720 videret
836 2664 1076 2719 radicem
1100 2665 1370 2719 malorum
1396 2664 1645 2718 omnium
1673 2664 1966 2717 avaritiam
1990 2663 2289 2733 pullulare,
2315 2676 2440 2733 qua?
2485 2678 2659 2733 neque
2703 2664 2879 2733 copia,
2912 2680 3085 2736 neque
3134 2667 3322 2737 inopia
3372 2669 3557 2723 minui

141 2759 330 2828 potest,
358 2756 547 2826 magis
572 2755 854 2825 magisque
884 2769 1117 2808 crescere
1147 2754 1204 2807 in
1234 2752 1564 2818 hominibus,
1595 2756 1646 2806 et
1674 2753 1917 2806 maxime
1956 2753 2018 2805 in
2064 2752 2135 2805 iis
2181 2752 2277 2821 qui
2320 2752 2381 2804 in
2423 2752 2776 2821 potestatibus
2816 2760 2973 2807 erant
3018 2755 3335 2817 constituti;
3366 2757 3447 2810 ita
3495 2761 3559 2811 ut

145 2842 552 2901 interveniendi
570 2842 724 2914 apud
753 2843 876 2897 illos
904 2844 1261 2911 gravissimus
1289 2842 1444 2896 labor
1471 2848 1620 2907 esset,
1655 2842 1751 2912 qui
1779 2842 1965 2895 omnia
1991 2841 2168 2911 pretio
2196 2839 2590 2894 distrahebant.
2622 2840 2759 2907 Quae
2805 2857 2890 2897 res
2939 2843 3116 2909 primo
3158 2860 3321 2900 omne
3349 2846 3560 2900 malum

146 2935 347 2989 invexit
371 2932 588 2995 Italiae,
619 2935 672 2985 et
698 2929 896 2986 exinde
924 2932 1112 2985 omnia
1144 2932 1371 2999 vergunt
1398 2931 1460 2984 in
1485 2930 1659 3000 pejus,
1690 2933 1790 2984 etc.
1821 2928 2071 2999 (Paulin.
2107 2928 2166 2984 in
2204 2930 2318 2985 Vita
2356 2928 2409 2983 S.
2443 2928 2758 3001 Ambrosii).
2809 2930 3013 2986 Totius
3060 2936 3257 2987 autem
3308 2932 3553 3004 hujusce

144 3021 245 3078 loci
276 3038 410 3078 cum
446 3021 527 3076 iis
557 3036 684 3091 quae
714 3019 773 3073 in
804 3022 1054 3073 tractatu
1086 3018 1158 3073 de
1188 3034 1303 3089 quo
1334 3017 1586 3090 agimus,
1619 3017 1917 3085 dicuntur,
1947 3016 2137 3087 major
2165 3020 2253 3071 est
2294 3016 2623 3086 consensio,
2657 3034 2834 3089 quam
2882 3022 2948 3073 ut
2996 3018 3066 3074 ad
3118 3035 3187 3075 ea
3237 3021 3561 3093 respexisse

145 3110 415 3167 Paulinus
443 3126 568 3165 non
590 3108 873 3165 videatur.
910 3109 976 3163 Et
1006 3106 1274 3178 quamvis
1305 3106 1459 3161 idem
1494 3105 1588 3160 ille
1619 3110 1821 3161 auctor
1850 3106 1910 3160 in
1944 3104 2268 3161 scribendis
2298 3104 2592 3160 Ambrosii
2622 3105 2807 3177 gestis
2840 3106 3083 3163 minime
3114 3113 3351 3165 secutus
3383 3109 3557 3165 fuerit

146 3203 477 3256 accuratam
513 3202 842 3269 temporum
875 3196 1180 3260 rationem,
1204 3194 1345 3251 satis
1374 3198 1570 3250 tamen
1600 3193 1986 3266 intelligimus
2017 3193 2138 3249 haec
2168 3209 2233 3248 eo
2264 3192 2373 3248 loci
2406 3194 2479 3248 ab
2508 3192 2636 3264 ipso
2668 3210 2796 3249 esse
2827 3198 3331 3268 memorata,quod
3359 3214 3557 3253 revera

144 3288 372 3345 illorum
402 3302 719 3361 procerum
748 3285 1038 3358 cupiditas
1069 3301 1373 3357 nunquam
1402 3283 1683 3339 exarserit
1709 3282 2108 3354 impotentius,
2141 3299 2319 3355 quam
2350 3282 2462 3337 sub
2491 3286 2816 3338 extremum
2845 3284 3152 3340 Theodosii
3190 3285 3385 3357 Magni
3442 3287 3551 3342 im-

149 3379 367 3450 perium
402 3394 415 3433 :
452 3392 596 3431 cum
627 3373 891 3429 videlicet
920 3373 1217 3439 Ruﬁnum,
1252 3373 1617 3445 Eutropium,
1661 3372 1922 3444 aliosque
1974 3373 2273 3444 praefectos
2320 3372 2608 3427 Casareos
2652 3371 2713 3426 in
2766 3376 2996 3428 tantum
3046 3373 3326 3430 invidiam
3377 3378 3553 3447 atque

148 3467 340 3524 odium
371 3482 489 3523 sua
518 3465 761 3520 adduxit
788 3463 1096 3535 rapacitas,
1128 3467 1193 3518 ut
1221 3462 1419 3517 Patres
1449 3460 1677 3516 concilii
1706 3460 2181 3532 Carthaginensis
2204 3461 2276 3515 ab
2309 3459 2759 3532 imperatoribus
2782 3466 3006 3533 propter
3027 3464 3393 3534 afﬂictionem
3410 3480 3554 3536 pau-

147 3572 350 3627 perum,
384 3557 742 3628 cogerentur
769 3556 962 3625 petere
992 3554 1049 3607 ut
1077 3552 1383 3621 defensores
1426 3553 1504 3606 eis
1550 3550 1808 3605 adversus
1850 3552 2114 3622 potentias
2138 3549 2373 3604 divitum
2399 3566 2520 3605 cum
2549 3551 2921 3622 episcoporum
2960 3552 3270 3622 provisione
3306 3551 3556 3625 delegen-

148 3648 232 3700 tur
260 3646 456 3714 (Cone.
494 3642 795 3714 Cartharg.
829 3659 912 3707 ιιι,
945 3640 1271 3711 quibusdam
1299 3658 1352 3707 ν,
1384 3657 1506 3695 can.
1538 3641 1613 3710 9).
1650 3640 1772 3694 Non
1803 3643 1892 3695 est
1920 3638 2165 3694 dubium
2198 3637 2340 3710 quin
2372 3644 2504 3693 ante
2533 3638 2694 3710 ipsos
2722 3640 3066 3695 Ambrosius
3098 3657 3332 3713 quoque
3376 3659 3548 3718 suam

148 3732 202 3788 in
230 3750 406 3790 causa
436 3739 563 3789 tam
596 3732 691 3803 pia
718 3730 1061 3786 charitatem
1091 3728 1514 3795 nobilitaverit;
1547 3728 1702 3784 unde
1731 3728 1877 3784 nihil
1909 3729 2164 3801 profecto
2194 3728 2461 3783 videmus
2492 3728 2718 3795 obesse,
2753 3729 3073 3801 quominus
3105 3729 3213 3785 hoc
3244 3729 3372 3803 ipso
3409 3732 3552 3787 torte

148 3822 380 3879 consilio
409 3820 692 3878 eumde'n
722 3818 938 3874 librum
969 3834 1122 3874 anno
1149 3819 1274 3885 395,
1308 3821 1411 3873 aut
1439 3817 1553 3873 alio
1585 3817 1868 3890 proximo,
1900 3817 2187 3890 scriptum
2217 3817 2483 3873 dicamus
2518 3834 2530 3872 :
2566 3818 2706 3874 adeo
2736 3818 2885 3875 belle
2916 3819 2976 3873 in
3008 3818 3066 3874 id
3097 3819 3295 3875 omnia
3334 3836 3545 3875 conve-

151 3910 330 3965 aiunt.

2134 4042 2411 4065 3.:.____
2376 4043 2963 4065 _':.__.——__‘-
2490 4043 2701 4048 m“
2728 4042 2963 4049 m——.

804 4220 1620 4379 SANCTI
1809 4220 2891 4377 AMBROSH

1386 4492 1957 4549 MEDIOLANENSIS
1996 4493 2311 4549 EPISCOPI

674 4655 888 4794 DE
1017 4642 1829 4784 NABUTHE
1952 4651 3027 4783 JEZBAELITA

1438 4889 1748 4973 LIBER
1808 4887 2123 4975 UNUS
2162 4878 2269 4973 (⁸).

579 5136 729 5192 565
771 5135 1001 5192 CAPUT
1042 5135 1353 5191 PRIMUM.
1900 5133 2407 5207 quotidiana.0uis
2434 5102 2589 5187 enim
2622 5132 2869 5185 divitum
2902 5146 3016 5185 non
3052 5129 3313 5201 quotidie
3337 5145 3549 5185 concu-

149 5206 411 5294 Quomodo
440 5208 687 5294 eaemplo
712 5208 962 5290 Nabuthe
990 5211 1050 5294 et.
1076 5207 1260 5262 Achab
1301 5222 1568 5294 pauperes
1608 5223 1676 5294 qu

2027 5223 2070 5275 it
2097 5220 2322 5277 aliena?
2373 5220 2514 5283 Quis
2564 5218 3153 5290 opulentissimorum
3208 5233 3322 5272 non
3355 5221 3548 5273 extur-

212 5278 396 5382 Ἐξηῗ.
425 5278 693 5382 diali???
730 5286 1153 5382 ffi’lfffﬁflfmfj
1187 5282 1541 5382 ῗῗζἾηῖίῖἶῖἷῖη
1557 5286 1792 5382 ifilli?
1899 5278 2036 5367 imre
2067 5309 2363 5365 cmlendit
2392 5306 2640 5382 asellulo
2674 5324 2779 5363 suo
2827 5322 3165 5380 pauperem.
3200 5310 3374 5378 atque
3424 5305 3548 5362 ino-

212 5363 396 5404 οτηπσδ
442 5351 685 5422 κηπαίας
727 5350 1070 5421 Ρνοάιιιτενίίν
1102 5354 1153 5404 ϐε
1192 5350 1507 5422 sepulcrum
1553 5349 1789 5422 aequales
1899 5349 2036 5422 ΪΪΪ
2058 5349 3038 5422 il'Iivffllu‘ilz'11:23:51”;
3053 5349 3171 5422 ἲ.ἶέ

215 5395 1792 5492 satian’ga'am'zsstssausaausa;
1899 5416 2031 5472 pem
2055 5398 2395 5492 avi-ulmis
2440 5396 2743 5492 enmigare
2784 5395 3551 5492 ﬁnib_l}8_?_0ui8f=°ntentl{s

215 5484 449 5545 divitum
477 5484 795 5547 insectatur.
1167 5484 1177 5491 ’
1898 5493 1988 5545 est
2016 5488 2162 5543 suo?
2191 5488 2369 5558 Cujus
2394 5502 2508 5541 non
2541 5485 2867 5540 inﬂammet
2905 5484 3102 5541 divitis
3150 5484 3416 5540 animum
3463 5484 3548 5539 vi-

218 5579 266 5633 1.
322 5578 590 5635 Nabuthe
654 5579 900 5637 historia
958 5584 1219 5653 tempore
1285 5582 1450 5635 vetus
1507 5583 1615 5645 est,
1678 5596 1788 5634 usu
1899 5578 2030 5634 cina
2052 5574 2383 5650 possessio?
2410 5574 2535 5630 Non
2570 5574 2750 5647 igitur
2778 5590 2934 5630 unus
2967 5573 3163 5630 Achab
3213 5579 3385 5630 natus
3435 5578 3545 5640 est,

241 5721 294 5789 1)
324 5720 588 5795 Scriptus
618 5723 765 5779 forte
796 5724 931 5779 circ.
966 5739 1063 5781 an.
1094 5721 1222 5779 395.
