3866 6212
277 402 392 467 767

1741 404 1805 468 S.
1850 403 2227 470 AMBROSII

3541 400 3645 472 768

277 536 401 607 sed,
450 534 605 612 quod
640 538 807 612 pejus
854 541 964 603 est,
998 536 1208 611 quodie
1256 532 1455 593 Achab
1514 534 1797 606 nascitur,
1872 541 1927 595 et
1954 540 2005 608 Α
2038 536 2350 597 omnibus?
2379 534 2424 597 Ο
2453 535 2636 609 dives,
2660 536 2854 596 nescis
2900 550 3077 613 quam
3127 552 3341 613 panper
3367 536 3466 610 sis,
3491 554 3644 614 quam

277 644 579 701 nunquam
635 630 771 684 huic
817 627 1027 683 saeculo
1077 628 1343 683 moritur.
1379 626 1437 684 Si
1488 644 1643 684 unus
1689 627 1921 695 occidit,

275 724 596 791 assurgunt
627 717 863 790 plurimi
901 736 914 773 :
951 717 1146 788 plures
1176 719 1275 788 qui
1309 716 1559 788 rapiant,
1593 733 1771 789 quam
1821 718 1921 788 qui

276 810 571 864 amittant.
605 808 728 862 Non
783 824 935 861 unus
982 806 1249 861 Nabuthe
1280 823 1502 879 panper
1526 807 1753 861 occisus
1786 810 1871 860 est
1905 825 1919 861 :

275 898 536 971 quotidie
566 896 832 951 Nabuthe
871 895 1171 963 sternitur,
1206 896 1464 968 quotidie
1512 911 1734 968 pauper
1772 896 1921 950 occi-

273 988 451 1042 ditur.
485 987 600 1041 Hoc
633 990 791 1040 metu
826 987 1111 1057 percitum
1164 984 1489 1039 humanum
1533 1001 1721 1056 genus
1770 984 1924 1038 cedit

265 1078 392 1148 jam
423 1077 547 1131 suis
578 1076 770 1141 terris,
806 1074 1022 1147 migrat
1052 1090 1187 1129 cum
1221 1072 1476 1145 parvulis
1508 1090 1729 1145 pauper
1776 1090 1921 1127 onu-

275 1171 403 1222 stns
427 1164 669 1238 pignore
695 1179 802 1219 suo
836 1180 850 1217 :
886 1164 1155 1233 sequitur
1184 1178 1329 1217 uxor
1358 1160 1753 1233 illacrymans,
1788 1168 1922 1216 tan-

276 1271 450 1327 quam
504 1254 575 1309 ad
607 1254 849 1308 bustum
922 1257 1314 1323 prosequatur
1367 1251 1667 1305 maritum.
1729 1250 1922 1306 Minus

273 1349 468 1399 tamen
510 1342 776 1414 deplorat
824 1340 943 1407 illa,
978 1358 1103 1411 qua:
1152 1342 1321 1394 deﬂet
1368 1356 1607 1394 suorum
1660 1340 1862 1394 funera
1906 1357 1918 1394 :

275 1434 412 1503 quia
459 1433 565 1486 etsi
624 1431 822 1484 amisit
868 1430 1139 1501 conjugis
1186 1429 1543 1499 przesidinm,
1587 1428 1916 1499 sepulcrum

273 1526 478 1577 tenet:
512 1521 643 1574 etsi
687 1518 839 1573 filios
885 1535 998 1572 non
1052 1524 1225 1583 tenet,
1279 1523 1474 1571 tamen
1526 1517 1755 1572 exsules
1805 1535 1917 1572 non

273 1594 565 1676 dolet,non
598 1609 841 1681 ingemit
871 1607 1135 1678 graviora
1167 1606 1470 1662 funeribus
1502 1611 1710 1661 tenerae
1742 1605 1921 1677 prolis

269 1700 514 1771 jejunia.

337 1793 393 1844 2.
428 1789 739 1860 Quousque
769 1786 1098 1851 extenditis,
1131 1785 1361 1851 divites,
1416 1785 1657 1839 insanas
1691 1784 1917 1856 cupidi-

268 1877 458 1934 tates?
487 1876 786 1949 Numquid
819 1874 925 1931 soli
966 1874 1373 1929 inhabitahitis
1428 1891 1603 1945 super
1651 1880 1864 1929 terram
1890 1872 1918 1926 ?

269 1968 385 2024 Cur
413 1965 623 2037 ejicitis
655 1970 981 2020 consortem
1014 1964 1278 2019 naturas?
1307 1968 1361 2017 et
1400 1962 1712 2018 vindicatis
1753 1963 1919 2017 vobis

269 2056 701 2128 possessionem
734 2054 996 2109 naturae?
1028 2058 1091 2107 In
1123 2068 1433 2107 commune
1464 2050 1918 2117 omnibus,divi-

270 2145 429 2200 tibus
461 2149 634 2217 atque
664 2141 1203 2216 panperibus,terra
1221 2140 1465 2195 fundata
1479 2144 1600 2203 est;
1631 2156 1737 2193 cur
1754 2139 1919 2194 vobis

262 2236 364 2306 jus
394 2234 695 2306 proprium
727 2230 857 2294 soli,
889 2230 1120 2298 divites,
1136 2228 1460 2299 arrogatis?
1488 2228 1683 2284 Nescit
1709 2234 1918 2283 natura

270 2324 500 2392 divites,
531 2339 659 2394 qnze
690 2337 894 2377 omnes
926 2335 1208 2392 pauperes
1242 2319 1393 2374 οθθ
1430 2321 1686 2389 generat.
1722 2316 1918 2389 Neque

270 2413 426 2469 enim
477 2427 609 2467 cum
659 2409 1021 2464 vestimentis
1070 2407 1389 2467 nascimur.
1438 2423 1541 2461 nec
1589 2422 1719 2461 cum
1773 2422 1915 2462 auro

268 2505 623 2574 argentoque
687 2514 1055 2570 generamur.
1116 2496 1314 2551 Nudos
1371 2494 1521 2549 fudit
1579 2495 1638 2549 in
1698 2494 1912 2561 lucem,

267 2595 502 2664 egentes
533 2589 682 2654 cibo,
715 2588 955 2651 amictu,
992 2585 1199 2657 poculo
1232 2602 1246 2639 :
1281 2585 1475 2640 nudos
1523 2584 1731 2656 recipit
1762 2587 1917 2638 terra

270 2696 418 2752 quos
466 2676 647 2734 edidit
700 2675 885 2731 nescit
942 2675 1086 2729 fines
1147 2673 1587 2745 possessionum
1648 2672 1915 2743 sepulcro

270 2767 585 2824 includere.
618 2766 831 2836 Cespes
863 2767 1147 2835 angustus
1179 2780 1341 2834 aeque
1370 2767 1425 2816 et
1456 2761 1693 2833 pauperi
1719 2762 1913 2833 ,‘abnn-

270 2858 371 2912 dat
400 2860 457 2911 et
488 2853 648 2909 diviti
683 2857 780 2907 :et
809 2857 965 2908 terra
1006 2868 1131 2923 quae
1177 2851 1423 2905 viventis
1467 2866 1579 2904 non
1633 2851 1783 2921 cepit
1830 2850 1916 2905 af-

270 2948 508 3010 fectum,
538 2947 726 2996 totum
767 2942 893 3012 jam
942 2940 1176 2994 divitem
1209 2939 1381 3010 capit.
1413 2938 1605 2994 Nescit
1638 2955 1773 3011 ergo
1813 2957 1916 2993 na-

269 3038 402 3089 tura
446 3031 777 3087 discernere
824 3028 1055 3100 quando
1100 3027 1421 3093 nascimur,
1454 3028 1639 3084 nescit
1682 3029 1917 3099 quando

270 3123 598 3177 deficimus.
649 3119 865 3174 Omnes
916 3115 1139 3172 similes
1196 3122 1374 3183 creat,
1432 3131 1635 3172 omnes
1692 3116 1918 3173 similes

268 3211 490 3285 gremio
548 3205 765 3264 claudit
821 3204 1095 3278 sepulcri.
1145 3206 1285 3270 Quis
1342 3205 1638 3261 discernat
1693 3206 1916 3277 species

2034 628 2202 701 inops
2261 629 2363 684 tibi
2425 629 2549 702 ipse
2598 627 2871 697 videaris,
2930 628 3032 701 qui
3089 632 3142 685 te
3197 628 3429 685 divitem
3485 630 3639 688 dicis!

2032 719 2261 782 Quanto
2319 719 2452 791 plus
2501 718 2796 788 habueris,
2855 717 2992 790 plus
3050 717 3297 789 requiris
3350 735 3363 773 :
3414 718 3549 775 εστ
3600 725 3646 776 et

2033 808 2316 879 quidquid
2373 808 2738 880 acquisieris,
2787 809 2983 862 tamen
3035 807 3141 862 tibi
3189 807 3377 863 adhuc
3422 808 3640 881 indiges.

2033 896 2440 951 Inﬂammatnr
2512 895 2673 951 lucro
2750 895 3011 961 avaritia,
3080 912 3195 950 non
3275 896 3642 969 restinguitur.

2031 985 2204 1049 Quasi
2237 986 2456 1057 gradus
2499 984 2787 1057 quosdam
2819 984 3112 1056 cupiditas
3159 984 3332 1040 habet
3362 1002 3376 1039 :
3408 1001 3514 1056 quo
3542 985 3646 1058 plu~

2031 1091 2123 1130 res
2153 1074 2499 1145 ascenderit,
2532 1089 2598 1130 eo
2625 1073 2696 1129 ad
2728 1073 2936 1129 altiora
2961 1073 3213 1139 festinat,
3248 1073 3401 1128 unde
3428 1074 3498 1128 sit
3530 1090 3643 1145 gra-

2029 1162 2155 1218 vior
2206 1162 2375 1218 ruina
2421 1161 2678 1235 lapsuro.
2733 1161 3118 1219 Tolerabilior
3164 1167 3357 1217 tamen
3402 1163 3504 1218 iste
3529 1180 3641 1219 cum

2032 1253 2230 1308 minus
2260 1252 2497 1307 haberet
2550 1269 2563 1307 :
2613 1268 2828 1307 census
2887 1251 2979 1307 sui
3037 1250 3514 1322 contemplatione
3542 1268 3642 1307 me-

2031 1340 2251 1396 diocria
2280 1342 2611 1413 requirebat
2645 1358 2657 1395 :
2692 1340 3024 1397 accessione
3063 1340 3394 1412 patrimonii
3431 1341 3643 1397 accessit

2030 1430 2367 1502 cupiditatis
2425 1433 2828 1501 augmentum.
2882 1431 3005 1485 Non
3061 1428 3189 1483 vult
3244 1444 3371 1485 esse
3423 1430 3643 1501 degener

2028 1519 2198 1584 votis,
2241 1534 2463 1590 panper
2513 1519 2571 1573 in
2623 1518 2948 1573 desideriis.
2995 1518 3079 1572 Ita
3127 1518 3241 1572 duo
3289 1517 3642 1573 intolerabilia

2030 1606 2204 1661 simul
2229 1606 2451 1680 jungit,
2485 1611 2547 1661 nt
2580 1607 2954 1662 ambitiosam
2985 1622 3148 1678 spem
3198 1605 3393 1660 divitis
3442 1611 3641 1678 augeat,

2030 1701 2085 1751 et
2116 1713 2230 1751 non
2262 1697 2516 1760 deponat
2545 1696 2941 1751 mendicitatis
2966 1695 3261 1750 affectum.
3298 1695 3539 1767 Denique
3565 1695 3645 1750 do-

2029 1789 2115 1840 cet
2147 1802 2254 1840 nos
2282 1785 2585 1856 Scriptura
2613 1784 2813 1840 divina
2840 1798 3017 1856 quam
3048 1782 3266 1839 misere
3293 1788 3470 1857 egeat,
3500 1798 3642 1839 men-

2029 1874 2181 1929 dicet
2212 1874 2458 1945 abjecte.

2099 1965 2153 2018 5.
2189 1960 2307 2017 Rex
2335 1960 2532 2017 Achab
2562 1961 2619 2017 in
2650 1960 2827 2017 Israel
2852 1965 2999 2029 erat,
3028 1964 3085 2016 et
3118 1976 3342 2033 pauper
3385 1961 3639 2016 Nabuthe.

2029 2052 2133 2107 llle
2188 2053 2350 2125 regni
2400 2052 2609 2124 opibus
2659 2052 2964 2119 attinebat;
2998 2051 3111 2106 iste
3148 2049 3383 2124 angusti
3411 2050 3509 2106 soli
3538 2060 3642 2106 ces-

2029 2141 2205 2213 pitem
2239 2140 2575 2212 possidebat
2605 2142 2680 2211 (3)
2711 2138 2866 2196 Nihil
2908 2154 3129 2212 panper
3170 2140 3244 2195 de
3292 2139 3641 2212 possessioni-

2025 2228 2138 2283 bus
2177 2228 2373 2283 divitis
2420 2228 2797 2301 concupivit:
2830 2244 2929 2283 rex
2977 2227 3090 2283 sibi
3142 2244 3312 2299 egere
3356 2226 3507 2283 visus
3548 2232 3638 2293 est,

2027 2315 2164 2388 quia
2191 2318 2420 2372 vineam
2476 2315 2730 2372 habebat
2776 2332 3000 2389 pauper
3044 2317 3294 2373 vicinus.
3327 2318 3463 2381 Quis
3490 2315 3642 2389 igitur

2024 2405 2131 2460 tibi
2163 2422 2387 2478 pauper
2423 2405 2653 2461 videtur
2680 2421 2693 2461 :
2727 2404 2827 2477 qni
2857 2408 3165 2461 contentus
3198 2408 3291 2460 est
3321 2414 3442 2471 suo,
3464 2422 3530 2460 an
3557 2403 3638 2476 qui

2025 2493 2387 2567 concupiscit
2416 2493 2673 2550 alienum
2692 2495 2720 2549 ‘l
2745 2493 2906 2550 Alter
2932 2498 3089 2550 certe
3117 2510 3343 2567 pauper
3386 2508 3547 2550 censu
3570 2493 3638 2546 vi-

2025 2583 2214 2650 detur,
2276 2583 2420 2638 alter
2470 2588 2559 2639 est
2607 2599 2830 2656 pauper
2886 2584 3114 2638 atl‘ectn.
3186 2584 3444 2639 Aﬂ'ectns
3505 2582 3639 2637 dives

2025 2688 2192 2745 cgere
2241 2689 2355 2728 non
2409 2669 2563 2728 novit
2613 2688 2628 2727 :
2678 2688 2891 2728 census
2938 2672 3248 2728 abundans
3282 2671 3475 2745 nequit
3509 2670 3636 2728 avari

2024 2764 2228 2833 pectus
2271 2758 2511 2833 replere.
2546 2760 2797 2833 Ideoque
2843 2760 3005 2817 dives
3051 2761 3306 2833 cupidus
3352 2761 3410 2817 in
3454 2759 3639 2815 invidia

2026 2850 2439 2923 possessionis,
2471 2853 2528 2906 et
2574 2849 2939 2923 paupertatis
2995 2848 3235 2923 querela
3281 2854 3387 2907 est.
3414 2849 3517 2906 Sed
3533 2849 3635 2922 jazn

2024 2938 2331 3011 Scriptura
2359 2940 2536 2995 verba
2564 2939 3021 2996 consideremus.

2093 3029 2147 3083 6.
2186 3052 2212 3077 ‹‹
2248 3027 2314 3084 Et
2345 3026 2563 3084 factum
2622 3031 2732 3097 est,
2765 3027 2976 3101 inquit,
3010 3034 3141 3101 post
3171 3028 3294 3085 haec
3320 3029 3487 3086 verba
3515 3029 3636 3096 erat,

2024 3114 2194 3173 vinea
2245 3116 2516 3173 Nabuthe
2569 3115 2853 3174 Jeraelitaa
2910 3115 2971 3172 in
3030 3116 3210 3173 Israel
3234 3120 3401 3190 juxta
3428 3119 3636 3173 domum

2024 3204 2222 3261 Achab
2278 3207 2434 3279 regis
2482 3204 2779 3262 Samaria.
2811 3204 2883 3261 Et
2940 3204 3168 3262 locutus
3227 3212 3317 3263 est
3359 3206 3542 3263 Achab
3578 3203 3634 3259 ad

268 3280 673 3356 mortuorum?
699 3296 980 3368 Redoperi
1014 3300 1251 3363 terram,
1284 3299 1342 3349 ct
1379 3295 1424 3350 si
1460 3300 1644 3367 potes,
1678 3295 1914 3350 divitem
1945 3280 1988 3346 C
2027 3293 2297 3351 Nahnthe
2327 3294 2527 3351 dicens
2550 3312 2565 3349 :
2588 3290 2673 3350 Da
2703 3291 2846 3350 mihi
2878 3293 3104 3351 vineam
3124 3299 3373 3364 tuam,et
3399 3295 3499 3351 erit
3518 3292 3636 3349 mihi

266 3387 655 3462 deprehende.
688 3385 1006 3441 Eruderato
1034 3383 1205 3456 paulo
1250 3389 1381 3456 post
1426 3383 1748 3453 tumulum,
1779 3387 1835 3439 et
1863 3385 1911 3439 si

268 3476 572 3549 cognoscis
601 3479 887 3548 egentem,
919 3490 1127 3545 argue;
1162 3472 1275 3529 nisi
1305 3474 1450 3529 forte
1480 3473 1589 3529 hoc
1612 3473 1735 3529 solo
1759 3474 1911 3544 quod

266 3583 400 3622 cum
433 3564 609 3619 divite
639 3562 809 3635 plura
837 3566 1098 3634 pereunt.

338 3656 391 3709 3.
428 3648 633 3709 Serica:
664 3656 874 3717 vestes,
903 3656 957 3705 et
990 3667 1129 3706 auro
1179 3652 1395 3706 intexta
1441 3649 1750 3718 velamina,
1784 3651 1913 3723 qui-

267 3744 381 3799 bus
411 3740 608 3797 divitis
637 3757 848 3811 corpus
879 3738 1155 3807 ambitur,
1183 3740 1401 3794 damna
1428 3739 1765 3807 viventium,
1797 3757 1913 3796 non

269 3830 534 3887 subsidia
589 3828 998 3884 defunctorum
1047 3833 1206 3883 sunt.
1245 3828 1619 3900 Unguentum
1674 3828 1911 3901 accipis,

268 3920 450 3989 dives,
482 3922 542 3974 et
580 3917 796 3973 fetidus
843 3935 905 3972 es
936 3920 1011 3987 ('2)
1049 3935 1061 3972 :
1095 3919 1292 3988 perdis
1340 3917 1589 3972 alienam
1640 3918 1913 3990 gratiam,

268 4026 372 4064 nec
403 4007 661 4080 acquiris
692 4011 873 4061 tuam.
909 4005 1175 4061 Hceredes
1207 4005 1490 4076 relinquis
1534 3999 1633 4076 qui
1665 4004 1910 4077 litigent.

267 4098 605 4153 Haeredibns
650 4094 935 4166 relinquis
985 4094 1315 4166 depositum
1367 4094 1555 4165 magis
1611 4094 1913 4149 haeredita-

266 4186 444 4252 rium,
477 4201 655 4258 quam
688 4184 1062 4238 commodum
1093 4182 1511 4249 voluntarium,
1537 4183 1636 4254 qui
1666 4182 1724 4238 id
1759 4184 1913 4255 quod

265 4274 532 4330 relictum
566 4277 655 4328 est
683 4272 945 4327 minuere
976 4288 1042 4327 ac
1068 4271 1285 4327 violare
1317 4270 1648 4328 formident.
1670 4271 1729 4328 Si
1762 4271 1912 4344 frugi

266 4363 524 4418 haeredes
554 4359 1056 4426 sunt,custodiunt
1090 4378 1102 4415 :
1137 4360 1186 4415 si
1218 4359 1909 4426 lnxuriosi,exhauriunt.

265 4451 465 4521 Itaque
496 4453 595 4504 aut
625 4449 808 4503 bonos
833 4449 1091 4503 haeredes
1120 4452 1399 4519 perpetua
1419 4449 1775 4504 condemnas
1798 4448 1911 4503 sot-

263 4537 568 4594 licitndine
604 4555 616 4591 :
650 4542 751 4591 aut
782 4536 965 4591 malos
997 4536 1265 4600 dimittis,
1300 4554 1416 4608 quo
1444 4542 1546 4592 tua
1577 4539 1730 4593 facta
1775 4554 1911 4592 con-

265 4628 565 4682 demnent.

918 4738 1145 4795 CAPUT
1187 4740 1252 4795 II.

263 4848 467 4902 Diviles
517 4848 719 4918 quanto
766 4848 942 4916 magis
978 4845 1259 4919 abundant
1309 4863 1492 4912 censu,
1525 4855 1672 4902 tanta
1705 4863 1911 4919 paupe-

332 4920 503 4974 riores
565 4934 675 4973 esse
740 4918 953 4988 affectu.
1014 4918 1075 4973 Id
1138 4918 1319 4973 Achab
1383 4927 1434 4974 et
1492 4919 1740 4973 Nabuthe
1791 4935 1915 4973 con-

334 4991 573 5071 tentione
616 5069 621 5071 Α
638 4989 876 5071 planum
1085 4993 1216 5071 pio-.1:
1279 4992 1554 5071 proposito
1586 4990 1915 5071 Scriptum

334 5064 507 5187 tcartduz
531 5060 723 5132 petitio
755 5062 879 5129 illa,
913 5060 998 5116 Da
1028 5060 1194 5127 mihi,
1226 5060 1394 5132 quani
1421 5062 1630 5133 objecta
1667 5060 1758 5128 sit,
1786 5077 1913 5134 per-

334 5149 428 5187 ver
465 5150 484 5187 τ
512 5148 597 5187 ur.

328 5134 597 5204 perditur.

332 5249 385 5304 4.
419 5248 532 5305 Sed
566 5249 707 5320 quid
739 5248 1044 5305 arbitraris
1074 5248 1228 5319 quod
1260 5248 1400 5303 dum
1446 5248 1614 5316 vivis,
1648 5249 1914 5307 abundas

335 5370 413 5445 (_2_)
442 5371 593 5427 Edit.
627 5373 754 5445 Am.
788 5374 1047 5445 et_Era.,
1096 5373 1262 5442 dives,
1291 5379 1411 5445 post
1456 5384 1706 5431 mortuus
1747 5392 1820 5443 es,
1862 5381 1914 5432 et

262 5439 469 5563 ﬁstulas
515 5457 600 5508 es;
634 5442 789 5508 Gill.,
841 5443 987 5500 dives
1026 5439 1316 5515 postquam
1362 5454 1608 5502 mortuus
1656 5464 1732 5515 es,
1776 5439 1913 5516 etc.,

317 5527 459 5563 om..
491 5510 660 5563 dives.
709 5518 975 5563 mortuus-
1022 5519 1073 5563 et
1123 5516 1320 5563 fetist
1366 5531 1438 5563 es-
1490 5518 1691 5563 (Znnnti
1740 5535 1908 5563 mss“

317 5527 459 5577 om.,
491 5510 667 5583 dives,
709 5518 976 5581 mortuus,
1022 5510 1073 5569 Et
1120 5510 1320 5583 fétidus
1366 5531 1438 5571 es.
1490 5510 1911 5583 Cuncti'mss.,

264 5581 432 5655 dines,
464 5589 516 5635 et
538 5582 840 5655 [i'tz'dttsgea
874 5581 1147 5655 Sequenti
1202 5602 1332 5641 vero
1381 5589 1669 5643 sententia
1708 5581 1912 5645 omnes

267 5650 404 5705 edit.
425 5656 495 5731 _et
527 5668 666 5731 mss.
704 5653 945 5731 aliquot,
967 5650 1219 5731 Ἰζωιίειίεδ
1244 5658 1535 5731 _relinquis,
1567 5662 1663 5731 qui
1700 5662 1914 5731 litigent

266 5738 389 5775 cum
419 5722 741 5791 heredibus,
772 5722 1039 5796 relinquis
1069 5722 1531 5796 depositumfetc.
1565 5722 1676 5784 Alii
1722 5722 1912 5801 majo~

2021 3383 2081 3438 in
2139 3383 2376 3440 hortum
2434 3384 2688 3452 olerum;
2746 3384 3025 3456 quoniam
3077 3385 3432 3457 propinquat
3468 3381 3635 3439 domui

2024 3489 2164 3528 mea:
2198 3491 2212 3528 :
2245 3477 2302 3528 et
2330 3472 2480 3529 dabo
2509 3470 2614 3528 tibi
2656 3487 2766 3545 pro
2814 3486 2883 3529 ea
2925 3471 3103 3529 aliam
3140 3472 3370 3530 vineam
3404 3489 3417 3527 :
3447 3472 3493 3528 si
3528 3486 3638 3526 vero

2024 3560 2306 3633 placuerit
2332 3558 2459 3630 tibi,
2492 3556 2643 3618 dabo
2671 3562 2776 3618 tibi
2808 3561 3115 3634 pecuniam
3148 3578 3255 3634 pro
3287 3561 3447 3618 vinea
3473 3562 3639 3626 ista,et

2024 3650 2133 3705 erit
2163 3650 2309 3706 mihi
2357 3652 2417 3706 in
2466 3650 2703 3706 hortum
2735 3646 2980 3707 olerum.
3009 3651 3081 3706 Et
3116 3651 3268 3706 dixit
3301 3650 3553 3708 Nabuthe
3578 3644 3635 3704 ad

2024 3739 2225 3796 Achab
2259 3757 2273 3794 :
2305 3736 2430 3796 Non
2458 3739 2558 3795 fiat
2587 3740 2697 3797 hoc
2726 3758 2760 3795 a
2782 3738 2920 3807 Deo,
2949 3744 3016 3795 nt
3062 3740 3196 3796 dem
3230 3741 3335 3797 tibi
3367 3736 3637 3797 heredita-

2021 3834 2139 3885 tem
2167 3834 2404 3902 patrum
2430 3831 2792 3886 meornm.Et
2820 3830 3093 3885 turbatus
3123 3835 3215 3886 est
3245 3831 3482 3906 spiritus
3508 3829 3636 3900 ejus,

2024 3923 2081 3974 et
2110 3918 2382 3973 dormivit
2411 3918 2472 3973 in
2505 3917 2653 3973 lecto
2684 3935 2812 3987 suo,
2841 3922 2897 3975 et
2926 3918 3133 3974 velavit
3160 3919 3369 3977 faciem
3399 3933 3573 3981 suam,
3593 3919 3638 3970 et

2023 4025 2138 4062 non
2170 4006 2547 4062 manducavit
2574 4023 2784 4079 panem
2811 4007 2909 4079 (111
2942 4010 3069 4077 Reg.
3102 4026 3252 4065 XXXI.
3289 4010 3416 4082 1-4).
3450 4029 3476 4059 »

2096 4098 2149 4149 7.
2197 4097 2559 4168 Exposnerat
2607 4113 2787 4169 supra
2836 4096 3142 4170 Scriptura
3187 4098 3384 4154 divina
3410 4098 3505 4167 (Ill
3527 4098 3634 4162 Reg.

2023 4202 2140 4255 nux,
2171 4186 2286 4254 2|),
2317 4184 2456 4257 quia
2485 4184 2748 4253 Elisaans,
2780 4202 2916 4241 cum
2963 4192 3117 4242 esset
3161 4203 3401 4262 panper,
3432 4182 3641 4258 reliquit

2021 4272 2198 4330 boves
2227 4290 2387 4343 suos,
2417 4279 2476 4330 et
2504 4274 2763 4331 cucurrit
2808 4274 2882 4331 ad
2937 4274 3142 4344 Elian),
3184 4282 3243 4332 et
3290 4275 3493 4333 occidit
3536 4289 3638 4338 eos,

2024 4367 2080 4418 et
2110 4362 2367 4436 erogavit
2395 4363 2629 4437 populo,
2661 4368 2719 4419 et
2760 4363 3005 4421 adhaesit
3052 4366 3369 4438 prophetae.
3401 4365 3483 4420 Ad
3523 4379 3638 4419 con-

2023 4452 2457 4508 demnationem
2486 4452 2666 4523 igitur
2693 4453 2996 4525 praemissa
3023 4459 3164 4509 sunt
3208 4455 3425 4523 divitis,
3458 4453 3550 4526 qui
3589 4452 3635 4505 in

2024 4541 2137 4597 isto
2165 4558 2299 4614 rege
2331 4541 2774 4608 describitur,eo
2805 4543 3214 4614 quod,habens
3235 4544 3506 4601 beneﬁcia
3532 4540 3633 4598 Dei.

1942 4651 1990 4714 Β
2025 4630 2180 4686 sicut
2204 4629 2322 4686 ista
2349 4628 2546 4686 Ach‘ab
2576 4630 2670 4687 cui
2700 4630 2985 4688 Dominus
3032 4638 3089 4688 et
3136 4650 3382 4706 regnum
3411 4630 3635 4694 donavit,

2024 4723 2082 4775 et
2114 4716 2373 4791 pluviam
2423 4716 2557 4775 Elim
2607 4720 2759 4777 vatis
2806 4721 3069 4778 oratione
3116 4722 3423 4788 concessit,
3468 4718 3638 4776 divina

2024 4808 2307 4864 mandata
2331 4807 2648 4865 violaverit.

2094 4897 2149 4951 8.
2179 4890 2504 4953 Audiamus
2533 4913 2670 4970 ergo
2699 4898 2843 4970 quid
2874 4898 3030 4954 dicat
3064 4917 3077 4955 :
3103 4899 3218 4956 «Da
3247 4896 3634 4969 mihi,»inquit.

2025 4986 2160 5050 Quae
2217 4984 2334 5039 alia
2380 5002 2488 5040 vox
2533 4987 2757 5059 egentis
2806 4991 2934 5045 est?
2961 4989 3095 5053 Quae
3146 5006 3253 5045 vox
3298 4988 3411 5045 alia
3453 4987 3635 5058 stipem

2024 5073 2321 5146 publicam
2352 5073 2727 5146 postulantis,
2757 5076 2872 5133 nisi
2903 5099 2930 5126 «
2966 5076 3053 5134 Da
3080 5078 3244 5147 mihi,
3282 5100 3310 5127 ››
3340 5077 3445 5134 hoc
3472 5073 3637 5141 est,da

2025 5163 2170 5218 mihi
2202 5161 2342 5235 quia
2369 5178 2508 5236 egeo
2541 5180 2555 5219 :
2588 5164 2664 5220 da
2692 5164 2859 5234 mihi,
2892 5166 3033 5239 quia
3060 5164 3217 5223 aliud
3256 5164 3477 5223 vivendi
3514 5162 3637 5219 sub-

2025 5252 2245 5308 sidium
2276 5251 2489 5309 habere
2516 5269 2635 5309 non
2667 5271 2909 5326 possum
2942 5256 3067 5311 :.da
3097 5254 3405 5328 mihi,quia
3429 5270 3536 5309 non
3563 5252 3635 5306 est

2023 5377 2069 5431 ri
2089 5392 2367 5453 pumero.
2403 5375 2642 5453 Heg-edes
2672 5377 2944 5453 relinquis
2972 5382 3070 5452 qui
3100 5375 3633 5452 liligentJLxredibu:

2023 5447 2289 5520 relinquis
2319 5446 2638 5520 depositum,
2673 5454 2782 5506 etc.

2095 5519 2292 5644 $3)lta
2342 5519 2509 5575 Rom.
2558 5520 2697 5575 edit.
2741 5537 2875 5577 cum
2921 5538 3066 5578 mss.
3117 5521 3410 5589 omnibus,
3454 5521 3633 5592 praeter

2095 5616 2099 5637 ›
2124 5590 2181 5644 b.
2216 5607 2402 5644 unum
2434 5589 2534 5644 ubi
2564 5588 2725 5644 legas
2759 5609 2773 5644 :
2804 5596 3057 5644 cespitem
3086 5595 3340 5644 ntiuneris
3368 5592 3507 5644 divos
3532 5602 3628 5642 am-

2022 5588 2181 5646 Colb.
2216 5607 2402 5645 unum
2434 5589 2534 5646 ubi
2564 5588 2725 5664 legas
2759 5609 2773 5661 ;
2804 5596 3057 5665 cespitem
3084 5595 3340 5666 pauperis
3368 5588 3507 5647 divos
3532 5602 3628 5665 ant-

2023 5663 2174 5717 bivit.
2208 5661 2337 5717 Vet.
2372 5666 2567 5719 autem
2594 5663 2758 5721 edit..
2786 5672 2841 5721 et
2886 5673 3067 5721 tamen
3112 5665 3364 5721 cespitem
3408 5672 3629 5721 naitth

2021 5675 2177 5802 fluuii
2372 5675 2567 5719 autem
2594 5675 2758 5735 eam,
2786 5675 2841 5721 et
2886 5675 3067 5721 tamen
3112 5675 3364 5736 cespitem
3404 5675 3590 5735 pauper

2060 5749 2151 5803 agi
2176 5749 2211 5787 a
2311 5774 2325 5789 .
2670 5754 2675 5757 ·
3168 5758 3171 5763 ι
