3866 6212
322 290 432 352 ⁸771

1781 291 1844 350 S.
1893 290 2265 352 AMBROSII

3608 288 3716 377 πε

321 423 485 479 luitis
517 422 741 479 mlserae
790 422 1148 494 paupertatis
1195 437 1523 476 aerumnas:
1574 425 1631 474 et
1675 438 1959 492 panperes
1996 430 2045 489 Α
2077 424 2237 477 culos
2271 428 2423 487 tuos,
2455 422 2502 477 si
2536 423 2674 493 quid
2706 424 2847 477 forte
2887 423 3204 496 displicuit,
3264 425 3609 480 verberatur
3651 426 3712 480 ad

320 514 560 585 quidem
595 529 709 567 non
741 512 955 566 habent
986 528 1101 582 quo
1154 514 1434 575 utantur;
1482 526 1586 564 vos
1634 514 1827 564 autem
1865 527 1969 565 nec

322 603 434 674 ipsi
467 602 724 667 utimini,
760 618 864 655 nec
894 600 1038 654 alios
1090 600 1169 653 uti
1222 599 1437 653 sinitis.
1499 597 1716 653 Eruitis
1756 616 1966 654 aurum

296 692 392 751 .de
440 690 659 746 metalli
704 690 885 753 venis,
945 688 1047 743 sed
1102 704 1335 742 rursum
1391 687 1755 741 absconditis
1797 686 1964 741 illud.

320 781 681 845 Quantorum
710 779 857 833 vitas
886 777 945 831 in
977 776 1075 831 illo
1106 775 1369 831 intoditis
1400 793 1543 830 auro
1571 776 1583 830 !

391 870 476 924 17.
523 867 625 923 Cui
673 866 775 922 illa
819 869 1144 931 servantur,
1194 881 1329 921 cum
1380 863 1642 936 legeritis
1686 865 1757 919 de
1788 881 1959 920 avaro

316 956 527 1014 divite:
564 978 592 1003 ιι
620 954 949 1010 Thesauros
981 953 1201 1019 condit,
1228 957 1287 1007 et
1317 952 1547 1025 ignorat
1585 951 1678 1006 cui
1726 968 1966 1024 congre-

314 1051 414 1120 gat
440 1063 540 1101 eos
570 1045 743 1115 (Psal.
774 1060 1009 1106 xxxviii,
1041 1042 1143 1110 7)?
1175 1066 1202 1090 υ
1233 1041 1425 1096 Heres
1455 1040 1680 1096 otiosus
1725 1057 1962 1112 exspec-

316 1141 423 1204 tat,
443 1134 626 1190 haeres
648 1133 988 1188 fastidiosus
1017 1131 1298 1202 increpat,
1322 1130 1478 1202 quod
1511 1146 1639 1185 sero
1662 1129 1960 1184 moriami-

317 1225 397 1281 ni.
447 1224 583 1281 Odit
644 1223 1001 1277 incrementa
1047 1219 1401 1275 haereditatis
1440 1236 1580 1285 suas,
1631 1218 1704 1272 ad
1746 1218 1964 1273 damna

315 1314 568 1369 festinat.
620 1311 769 1374 Quid
820 1310 998 1381 igitur
1043 1308 1336 1374 miserius,
1389 1306 1624 1377 quando
1670 1323 1771 1361 nec
1804 1307 1957 1376 apud

316 1402 481 1457 illum
514 1401 605 1456 cui
638 1398 1197 1470 laboratis,gratiam
1230 1394 1678 1466 derelinquitis?
1722 1395 1961 1466 Propter

313 1492 477 1547 illum
506 1489 641 1546 totis
674 1494 939 1544 mcestam
971 1487 1177 1543 diebus
1209 1484 1470 1541 toleratis
1501 1485 1737 1551 famem,
1769 1485 1956 1555 quoti-

310 1582 486 1635 diana
520 1595 735 1634 mensae
783 1583 983 1632 vestrae
1037 1576 1256 1630 damna
1304 1577 1671 1629 metuentes:
1724 1576 1959 1644 propter

309 1669 477 1725 illum
507 1668 719 1723 diurna
747 1664 1046 1721 adornatis
1068 1664 1316 1735 jejunia.
1348 1665 1443 1733 (8,.

382 1761 465 1813 18.
500 1755 638 1812 Novi
684 1772 789 1827 ego
819 1754 1055 1808 divitem
1110 1753 1165 1807 in
1208 1768 1417 1823 agrum
1466 1750 1954 1823 proficiscentem,

309 1863 489 1919 panes
520 1843 811 1900 breviores
838 1842 979 1896 urbe
1009 1840 1231 1895 delatos
1264 1856 1573 1894 numerare
1608 1838 1793 1892 solere
1819 1856 1833 1903 ;
1889 1842 1955 1891 ut

308 1954 410 2008 pro
439 1950 682 1990 numero
716 1932 881 2004 panis
907 1931 1298 1986 zestimaretur
1342 1933 1483 2001 quot
1531 1928 1654 1983 dies
1707 1928 1765 1981 in
1812 1942 1952 1997 agro

305 2026 537 2081 futurus
568 2026 739 2079 esset.
799 2020 1038 2076 Nolebat
1093 2020 1471 2090 obsignatum
1530 2016 1755 2087 aperire
1816 2014 1948 2068 hor-

304 2131 491 2181 reum,
525 2129 595 2168 ne
625 2112 763 2183 quid
797 2110 868 2164 de
898 2109 1129 2164 condito
1163 2108 1543 2161 minueretur.
1593 2105 1746 2160 570
1775 2104 1948 2158 Panis

303 2220 459 2259 unus
491 2201 741 2273 singulis
771 2199 978 2254 diebus
1006 2195 1524 2269 deputabatur,qui
1562 2199 1824 2249 tenacem
1856 2194 1948 2247 vix

304 2292 516 2347 satiare
548 2293 762 2362 posset.
794 2287 1058 2358 Comperi
1092 2286 1265 2339 etiam
1297 2286 1411 2338 veri
1433 2284 1543 2339 ﬁde
1576 2283 1733 2354 {9},si
1768 2299 1947 2354 quan-

301 2382 374 2435 do
406 2380 457 2435 ei
488 2394 661 2435 ovum
693 2381 845 2431 esset
875 2373 1409 2446 appositum,queri
1442 2372 1594 2444 quod
1628 2370 1823 2443 pullus
1852 2388 1941 2425 es-

300 2473 389 2525 set
415 2468 664 2524 occisus.
696 2465 813 2520 Hoc
846 2465 972 2519 ideo
1004 2463 1218 2529 scribo,
1246 2467 1309 2516 ut
1339 2460 1703 2533 cognoscatis
1754 2459 1941 2513 vindi-

298 2573 424 2613 cem
452 2573 582 2612 esse
612 2554 710 2611 Dei
736 2553 1052 2625 justitiam,
1104 2568 1230 2623 quae
1281 2549 1570 2622 lacrymas
1615 2565 1938 2620 pauperum

296 2650 486 2702 vestro
518 2644 835 2701 ulciscatur
858 2641 1101 2712 jejunio.

944 2728 1175 2785 CAPUT
1212 2728 1278 2782 V.

297 2825 589 2878 Multorum
614 2836 922 2892 pauperum
949 2819 1219 2892 sanguine
1246 2834 1311 2872 ac
1350 2819 1461 2871 vita
1504 2819 1748 2892 rogzstare
1792 2814 1933 2892 divi-

367 2902 483 2949 tum
512 2888 765 2957 mensas;
794 2895 957 2960 atque
980 2890 1129 2960 inibi
1155 2890 1221 2942 de
1247 2897 1403 2960 putre
1439 2888 1691 2960 quodam,
1722 2889 1875 2955 cujus
1903 2901 1936 2938 a

366 2966 533 3019 divite
560 2965 732 3017 coacti
760 2961 829 3015 ad
862 2959 1195 3015 vendendum
1223 2959 1424 3023 ﬁlium,
1455 2959 1611 3013 dolor
1653 2973 1721 3013 ac
1768 2960 1934 3015 astus

365 3037 545 3090 animi
584 3033 941 3104 pulcherrimi
987 3031 1410 3086 describuntur:
1461 3032 1591 3084 item
1639 3031 1934 3104 immanem

364 3123 477 3162 esse
516 3101 747 3159 diuitum
795 3104 1079 3167 duritiem,
1107 3118 1272 3173 quam
1314 3105 1531 3172 sumptu
1576 3118 1674 3156 suo
1717 3110 1767 3155 et
1796 3101 1932 3155 luxu

364 3180 500 3249 ipsa:
529 3192 735 3247 quoque
757 3178 956 3245 augent
986 3174 1266 3229 mulieres.

368 3266 452 3322 t9.
483 3266 667 3331 Quam
698 3261 1034 3336 religiosum
1058 3264 1213 3317 esset
1232 3261 1606 3332 jejunium,si
1631 3264 1932 3332 sumptum

2083 516 2349 579 mortem,
2384 516 2559 582 atque
2591 511 2748 582 ipsas
2777 511 2981 583 epulas
3014 513 3141 568 fuso
3185 514 3472 586 respergit
3500 529 3715 569 cruore.

2079 599 2335 671 Denique
2367 601 2527 654 dives
2556 605 2681 655 erat
2710 601 2807 672 qui
2841 601 2951 655 sibi
2984 602 3055 655 ad
3087 619 3354 657 mensam
3386 607 3566 674 caput
3594 620 3713 674 pro-

2077 688 2261 759 pheta:
2295 689 2569 760 pauperis
2598 689 2782 758 jussit
2810 690 3000 745 afferri
3034 707 3050 745 :
3081 696 3139 745 et
3167 690 3326 746 aliud
3350 692 3510 747 unde
3555 691 3717 747 salta-

2075 776 2203 831 trici
2235 777 2542 848 praamium
2571 777 2834 841 solveret,
2868 795 2985 834 non
3015 778 3334 847 invenerat,
3358 778 3475 836 nisi
3506 784 3571 835 ut
3585 796 3713 852 pau-

2075 880 2270 934 perem
2293 866 2529 936 juberet
2556 866 2763 921 occidi.

2144 957 2232 1008 2t.
2264 953 2395 1009 Vidi
2429 970 2533 1026 ego
2565 971 2878 1026 pauperem
2911 955 3069 1023 duci,
3097 957 3238 1012 dum
3269 961 3578 1030 cogeretur
3606 957 3712 1013 sol-

2072 1058 2202 1098 vere
2233 1044 2387 1114 quod
2420 1060 2535 1098 non
2566 1043 2839 1109 habebat,
2870 1044 3021 1099 trahi
3053 1045 3125 1100 ad
3157 1045 3620 1118 carcerem,quia
3646 1047 3715 1101 vi-

2073 1148 2214 1186 num
2247 1134 2474 1187 deesset
2502 1132 2573 1186 ad
2607 1149 2873 1187 mensam
2907 1134 3195 1204 potentis;
3228 1134 3590 1190 deducerein
3617 1152 3713 1189 au-

2070 1221 2316 1275 ctionem
2336 1221 2485 1275 ﬁlios
2507 1226 2738 1287 suos,ut
2755 1222 2829 1275 ad
2844 1226 3072 1292 tempus
3086 1238 3315 1292 puznam
3337 1222 3577 1277 diﬂ'erre
3596 1239 3714 1294 pos-

2072 1313 2177 1363 set.
2231 1310 2467 1364 Invento
2517 1310 2662 1364 forte
2718 1308 2923 1380 aliquo
2972 1310 3072 1380 qui
3123 1311 3181 1365 in
3231 1309 3333 1366 illa
3377 1310 3716 1367 necessitate

2069 1399 2422 1463 subveniret,
2457 1399 2605 1453 redit
2635 1399 2702 1452 ad
2758 1398 3079 1470 hospitium
3112 1416 3247 1453 cum
3296 1398 3421 1455 suis
3478 1417 3711 1472 pauper,

2069 1487 2295 1558 direpta
2328 1492 2597 1559 spectans
2629 1487 2846 1552 omnia,
2891 1486 3037 1541 nihil
3087 1488 3197 1541 sibi
3245 1488 3317 1543 ad
3357 1487 3557 1542 cibum
3591 1488 3710 1544 reli-

2068 1576 2646 1647 ctum,ingemiscens
2678 1574 2932 1630 ﬁliorum
2967 1576 3420 1643 famem,dolens
3441 1577 3600 1648 quod
3622 1593 3712 1633 eos

2070 1682 2181 1718 non
2218 1666 2411 1736 potius
2442 1664 2490 1718 ei
2524 1665 2621 1736 qui
2658 1669 2851 1735 posset
2884 1680 3144 1735 pascere,
3189 1664 3571 1721 vendidisset.
3606 1666 3710 1721 Ite-

2068 1753 2157 1808 dit
2186 1754 2254 1808 ad
2285 1753 2618 1817 consilium,
2652 1753 2937 1807 vendendi
2970 1752 3152 1807 sumit
3182 1754 3516 1809 arbitrium.
3557 1755 3711 1811 Com-

2065 1842 2406 1913 pugnabant
2436 1847 2627 1896 tamen
2659 1840 2866 1912 inopiae
2898 1840 3134 1912 injuria,
3157 1846 3216 1897 et
3244 1847 3499 1914 paternae
3533 1843 3708 1915 pieta-

2061 1932 2135 1984 tis
2167 1931 2391 2001 gratia:
2427 1932 2609 1986 fames
2639 1930 2883 2002 urgebat
2938 1932 3008 1984 ad
3060 1930 3335 2002 pretium,
3386 1936 3600 1987 natura
3641 1934 3711 1988 ad

2060 2020 2357 2073 ofﬁcium:
2390 2019 2672 2074 commori
2690 2018 2827 2073 ﬁliis
2857 2025 3301 2091 paratus,quam
3324 2036 3359 2074 a
3382 2019 3522 2076 ﬁliis
3543 2037 3705 2093 sepa-

2060 2109 2197 2173 rari,
2230 2125 2379 2179 saepe
2421 2109 2666 2179 gradum
2718 2106 2978 2179 protulit,
3023 2124 3174 2179 saepe
3221 2110 3532 2163 revocavit.
3569 2109 3706 2164 Vicit

2061 2203 2255 2251 tamen
2292 2198 2348 2251 in
2384 2214 2449 2251 eo
2481 2197 2822 2262 necessitas,
2862 2212 2979 2252 non
3010 2194 3301 2264 voluntas,
3332 2201 3389 2252 et
3420 2197 3550 2269 ipsa
3574 2214 3704 2253 con-

2056 2286 2233 2340 cessit
2265 2287 2451 2357 pietas
2483 2284 2837 2340 necessitati.

2122 2377 2211 2428 22.
2244 2373 2693 2429 Consideremus
2725 2389 2879 2427 nunc
2913 2374 3111 2445 patria:
3162 2374 3379 2430 mentis
3424 2373 3703 2447 procellas

2050 2466 2457 2529 exmstuantes,
2490 2479 2661 2534 quem
2694 2460 2983 2517 deliberis
3017 2462 3179 2534 prius
3210 2462 3695 2529 traderet.Qnem,

2052 2550 2261 2622 inquit,
2297 2553 2543 2606 vendam
2585 2549 2887 2623 priorem?
2943 2551 3069 2606 Scio
3122 2552 3279 2606 enim
3329 2552 3487 2624 quod
3548 2552 3690 2610 δτι

2050 2656 2162 2693 non
2177 2639 2611 2695 satisestunius
2634 2639 2886 2711 pretium
2912 2640 2983 2693 ad
3016 2644 3253 2711 pastum
3306 2639 3692 2711 reliquorum.

2047 2728 2163 2783 Hoc
2210 2728 2401 2783 solum
2445 2729 2607 2784 dives
2655 2729 2979 2783 fecunditas
3025 2729 3097 2783 ad
3128 2745 3475 2783 aerumnam.
3509 2730 3686 2792 Quem

2045 2818 2281 2872 offeram
2303 2818 2331 2871 ?
2360 2818 2541 2881 Quem
2576 2817 2853 2872 frumenti
2874 2816 3238 2872 auctionator
3265 2816 3516 2872 libenter
3534 2818 3691 2891 aspi-

2043 2906 2156 2961 ciet
2178 2905 3058 2980 ?Primogenitumotl‘eram?Sed
3082 2906 3310 2977 primus
3341 2922 3436 2962 me
3467 2910 3689 2978 patrem

2041 2994 2281 3050 vocavit.
2311 2995 2414 3049 Hic
2445 3002 2533 3050 est
2563 2996 2750 3065 major
2778 3012 2847 3049 ex
2877 2993 3035 3064 ﬁliis,
3069 3012 3244 3066 quem
3295 3011 3553 3068 congrue
3583 2995 3686 3051 ho-

2042 3101 2184 3140 noro
2212 3084 2523 3140 seniorem.
2558 3084 2667 3140 Sed
2692 3084 2988 3155 juniorem
3022 3084 3294 3139 dabo?At
3324 3084 3507 3139 istum
3538 3088 3691 3140 tene-

1963 3172 2008 3234 C
2048 3171 2197 3228 riore
2226 3190 2423 3229 amore
2452 3172 2827 3244 complector.
2862 3172 3030 3227 Illum
3062 3171 3551 3242 erubesco,hujus
3581 3173 3691 3228 mi-

2045 3277 2276 3318 sereor:
2309 3260 2470 3316 illius
2500 3262 2771 3333 gradium
2797 3261 3051 3333 suspiro,
3084 3260 3264 3333 hujus
3292 3265 3563 3317 aetatem:
3598 3261 3690 3318 ille

293 3354 538 3412 convivii
589 3354 675 3409 tui
719 3353 1030 3425 deputares
1095 3350 1487 3425 pauperibus!
1556 3348 1937 3405 Tolerabilior
2035 3352 2159 3421 jam
2193 3352 2371 3406 sentit
2398 3367 2742 3417 aerumnam,
2776 3350 3171 3423 isteiguorat:
3202 3349 3383 3405 ﬂectit
3412 3367 3508 3406 me
3529 3351 3688 3409 illius

285 3445 412 3515 jam
443 3444 606 3499 dives
639 3442 753 3508 ille,
784 3442 954 3512 cujus
985 3440 1056 3496 de
1100 3456 1305 3495 mensa
1356 3456 1425 3495 ea
1473 3456 1597 3511 qua:
1629 3439 1930 3505 cadebant,

292 3549 515 3605 pauper
562 3532 812 3586 Lazarus
860 3529 1171 3601 colligebat
1217 3529 1470 3584 saturari
1519 3528 1798 3600 cupiens;
1832 3528 1932 3583 sed

291 3621 466 3676 etiam
500 3618 684 3691 ipsius
709 3634 909 3673 mensa
941 3617 1258 3673 multorum
1282 3633 1603 3689 pauperum
1627 3617 1934 3672 constabat

291 3708 618 3781 sanguine;
650 3712 707 3762 et
747 3706 935 3778 ipsius
963 3704 1189 3777 pocula,
1224 3705 1545 3761 multorum
1577 3723 1725 3778 quos
1754 3706 1825 3760 ad
1848 3704 1929 3761 la-

291 3811 507 3869 queum
540 3800 824 3869 coegerat,
856 3795 1130 3850 rorabant
1159 3811 1446 3850 cruorem.

358 3888 447 3941 20.
481 3885 693 3950 Quanti
726 3887 1030 3949 necantur,
1061 3887 1127 3938 ut
1155 3884 1317 3939 vobis
1347 3884 1501 3956 quod
1534 3884 1802 3956 delectat,
1834 3902 1931 3957 pa-

288 3970 496 4029 retur?
552 3973 803 4029 Funesta
862 3972 1045 4027 fames
1100 3976 1313 4039 vestra,
1362 3971 1593 4027 funesta
1648 3972 1924 4028 luxuries.

287 4061 389 4119 Ille
416 4064 489 4119 de
518 4062 771 4119 summis
799 4060 1159 4118 culminibus
1189 4060 1325 4128 ruit,
1380 4065 1442 4117 ut
1472 4062 1781 4118 frumentis
1811 4078 1930 4116 am-

284 4150 382 4224 pla
420 4152 628 4208 vestris
673 4149 1040 4222 receptacula
1081 4154 1451 4223 praepararet.
1503 4150 1605 4207 Ille
1639 4151 1711 4206 de
1742 4148 1926 4206 subli-

285 4242 364 4296 mi
418 4242 725 4297 cacumine
771 4240 900 4296 altze
950 4239 1173 4296 arboris
1221 4240 1454 4307 decidit,
1523 4240 1665 4295 dum
1713 4256 1927 4312 genera

286 4346 527 4385 uvarum
558 4328 838 4401 explorat,
872 4346 1020 4401 quas
1051 4329 1293 4398 deferat,
1327 4329 1541 4401 quibus
1571 4330 1749 4401 digna
1787 4346 1924 4384 con-

281 4418 430 4475 vivio
461 4423 561 4473 tuo
590 4418 725 4473 vina
745 4416 1192 4473 fundantur.llle
1223 4418 1369 4473 mari
1403 4435 1630 4474 mersus
1650 4422 1755 4485 est,
1781 4418 1922 4473 dum

283 4511 517 4563 veretur
575 4524 646 4563 ne
693 4508 872 4579 piscis
922 4524 1136 4563 mensa:
1186 4510 1296 4561 tua:
1354 4507 1524 4574 desit,
1560 4512 1662 4561 aut
1710 4512 1918 4563 ostrea.
1953 4532 2000 4596 D

284 4594 385 4651 Ille
414 4594 665 4651 brumali
695 4595 907 4667 frigore
955 4596 1095 4650 dum
1146 4594 1371 4666 lepores
1417 4594 1789 4667 investigare,
1821 4601 1923 4652 aut

280 4682 508 4755 laqueis
534 4683 734 4739 studet
777 4700 909 4739 aves
958 4687 1212 4754 captare,
1261 4680 1521 4754 diriguit.
1569 4681 1666 4739 Ille
1697 4689 1829 4740 ante
1858 4701 1920 4740 o—

277 4841 441 4897 quam
468 4826 800 4897 pauperibus
831 4826 1076 4895 erogetz's.
1126 4822 1291 4889 Male,
1342 4841 1455 4879 non
1506 4825 1659 4880 enim
1694 4826 1750 4881 id
1798 4827 1921 4882 vult

275 4898 623 4952 Ambrosius
670 4898 909 4971 divitem
960 4899 1130 4971 potus
1181 4912 1406 4965 pcenam
1445 4897 1548 4971 abs
1580 4914 1641 4952 se
1669 4898 1916 4971 exigere,

276 4984 452 5039 quam
484 4974 703 5040 eroget,
739 4968 847 5023 hoc
870 4965 979 5040 est,
1008 4965 1919 5040 eleemosynamimpertiatpau-

276 5038 551 5110 peribus;
590 5038 841 5112 atqvero
891 5038 946 5094 id
996 5038 1287 5110 signiﬁcat
1335 5038 1569 5112 divitem
1620 5038 1791 5112 prius
1813 5043 1920 5098 abs

277 5109 337 5183 se
367 5127 594 5181 poenam
630 5110 787 5167 illam
824 5109 1143 5183 reposcere,
1177 5126 1352 5183 quam
1385 5109 1635 5183 irregat,
1667 5112 1773 5168 hoc
1805 5119 1915 5180 est,

273 5179 524 5255 imponit
557 5179 930 5255 pauperibus,
963 5198 1111 5255 quos
1141 5179 1211 5236 ad
1245 5179 1558 5253 egestatem
1592 5187 1767 5254 atque
1798 5186 1917 5241 ine-

274 5252 431 5326 diam
459 5252 666 5326 adigit.

346 5324 423 5393 (8)
454 5325 519 5378 In
551 5323 657 5381 Hac
682 5342 817 5382 voce
849 5324 997 5381 mira
1024 5324 1292 5379 varietas.
1335 5323 1485 5379 Edit.
1528 5332 1667 5393 vet.,
1709 5327 1919 5383 diurna

275 5392 546 5448 adornatis
564 5397 806 5468 jejunia.
842 5397 1029 5451 Rom..
1067 5398 1459 5468 aggeratis
1502 5392 1733 5467 iejunia.
1785 5399 1917 5454 Plu-

278 5479 370 5541 re_s_
400 5480 432 5541 ρ
462 5466 952 5541 ωδε-,ςῄιιίυηινηᾳρ
996 5466 1083 5521 vel
1116 5466 1367 5541 diurna,
1405 5466 1664 5523 toleratis.
1688 5468 1914 5541 Aliqui,

278 5532 947 5612 adhibetisiejunia._Ali_i
996 5537 1573 5612 tandem,_diutu:ao
1627 5532 1917 5612 adherrtis

268 5603 502 5677 jejunio.
554 5603 758 5665 Veram
808 5606 1120 5667 lectionem
1189 5603 1411 5670 habent
1459 5608 1711 5684 Thuan.,
1750 5611 1919 5672 alter

2042 3440 2229 3509 dolor,
2261 3440 2441 3511 hujus
2471 3439 2722 3495 inscitia.
2762 3440 2849 3494 Ad
2892 3438 3040 3494 alios
3088 3454 3181 3494 me
3210 3439 3507 3494 conferam
3530 3439 3559 3493 ?
3588 3438 3689 3494 Ille

2044 3529 2187 3583 mihi
2223 3528 2354 3601 plus
2383 3528 2702 3596 blanditur,
2752 3528 2861 3583 iste
2910 3527 3041 3600 plus
3073 3528 3542 3584 verecundatur:
3596 3526 3688 3582 ille

2042 3620 2265 3689 parenti
2327 3616 2591 3685 similior,
2652 3616 2745 3672 hic
2797 3616 3031 3672 utilior:
3089 3617 3149 3672 in
3206 3616 3305 3672 illo
3366 3617 3685 3689 imaginem

2042 3724 2232 3762 meam
2263 3708 2469 3776 vendo,
2510 3706 2569 3760 in
2611 3707 2722 3761 isto
2770 3722 2933 3778 spem
2984 3707 3184 3778 prodo.
3237 3707 3328 3762 Me
3359 3706 3682 3763 miserum!

2039 3796 2163 3851 Non
2198 3797 2425 3852 invenio
2461 3795 2601 3867 quid
2634 3794 2865 3864 faciam,
2898 3811 3011 3850 non
3062 3794 3248 3851 habeo
3277 3795 3420 3867 quid
3451 3796 3686 3869 eligam.

2039 3885 2490 3940 Circumvallant
2519 3901 2612 3939 me
2642 3884 2821 3940 facies
2851 3883 3685 3953 calamitatum,zerumuarum

2038 3972 2271 4029 chorus.

2107 4064 2194 4117 23.
2230 4062 2436 4119 Ferina
2464 4062 2586 4117 hzec
2618 4062 2808 4118 rabies
2836 4066 2945 4129 est,
2976 4062 3188 4135 eligere
3235 4079 3414 4134 quem
3462 4063 3686 4119 tradas.

2036 4151 2339 4224 Feraeipsae
2371 4168 2505 4206 cum
2538 4150 2794 4224 pericula
2823 4151 3132 4207 imminere
3159 4150 3306 4223 proli
3327 4168 3393 4206 ac
3424 4152 3540 4207 sibi
3554 4168 3687 4208 sen-

2035 4240 2207 4306 tiunt,
2241 4239 2433 4296 solent
2462 4239 2677 4312 eligere
2707 4257 2856 4312 quos
2888 4241 3152 4306 libarent,
3195 4257 3307 4296 non
3359 4256 3511 4313 quos
3550 4241 3690 4297 otio-

2036 4334 2182 4383 rant.
2217 4329 2516 4393 Quomodo
2548 4329 2730 4400 igitur
2758 4329 3085 4384 discernam
3115 4328 3387 4384 all‘ectum
3421 4328 3688 4385 naturae?

2033 4418 2332 4481 Quomodo
2362 4416 2697 4482 obliviscar,
2741 4418 3035 4490 quomodo
3070 4434 3277 4472 exuam
3311 4419 3497 4488 patris
3523 4433 3685 4473 men-

2034 4511 2150 4562 tem
2174 4506 2201 4560 ?
2257 4506 2558 4572 Quomodo
2611 4505 2715 4561 ﬁlii
2760 4507 3092 4562 auctionem
3122 4506 3482 4563 constituam
3502 4508 3531 4562 Ἰ
3559 4508 3685 4574 Quo

2032 4612 2300 4652 sermone
2322 4595 2583 4669 paciscar
2603 4596 2856 4669 pretium
2879 4596 2907 4652 ?
2921 4596 3145 4663 Quibus
3158 4595 3385 4652 tradam
3403 4596 3686 4653 manibus

2032 4684 2089 4740 in
2118 4685 2458 4741 servitutem
2488 4685 2721 4741 ﬁlium?
2751 4686 2974 4752 Quibus
3005 4684 3192 4741 oculis
3239 4685 3528 4757 aspiciam
3556 4701 3680 4741 ser-

2030 4830 2190 4884 Pont.
2228 4833 2285 4884 et
2314 4829 2441 4884 Alb.
2471 4830 2645 4884 etiam
2679 4829 2999 4901 alter,quos
3022 4826 3675 4901 sequimurzEstgautem

2027 4902 2239 4956 diurna
2271 4901 2559 4978 adornare
2599 4901 2846 4972 jejunia,
2867 4895 2958 4978 :in
2992 4895 3254 4978 singulos
3300 4896 3428 4978 dies
3449 4895 3683 4978 jejunis

2028 4989 2233 5099 Baﬁut‘e
2264 4988 2330 5028 ac
2359 4970 2706 5054 disponere:
2740 4972 2895 5044 quod
2929 4989 3062 5027 cum
3094 4970 3355 5026 'historia
3406 4970 3680 5042 sequenti

2068 5063 2096 5099 e
2145 5062 2174 5099 e
2205 5050 2492 5099 congruit.

2068 5045 2174 5099 elle
2205 5045 2492 5116 congruit.

2097 5117 2171 5185 (9)
2199 5109 2411 5171 Omnes
2438 5116 2577 5171 edit.
2614 5132 2747 5171 cum
2782 5116 2971 5171 tribus
3010 5130 3176 5185 mss..
3207 5110 3471 5185 Comperi
3507 5109 3679 5163 etiam

2026 5181 2342 5260 riri'ﬁdem.
2376 5186 2486 5241 Alii
2518 5204 2663 5260 mss.
2697 5187 2976 5259 partim...
3008 5186 3119 5239 viri
3144 5183 3283 5260 ﬁde:
3319 5181 3680 5260 partimno-

2028 5253 2290 5331 hiscum,
2312 5261 2426 5313 veri
2454 5258 2590 5331 ﬁde.
2612 5253 2935 5331 Utrumque
2955 5255 3259 5331 commode
3279 5253 3555 5331 explicari
3581 5267 3680 5321 po-

2025 5333 2170 5384 test:
2207 5325 2462 5401 primum
2495 5329 2732 5400 quidem
2761 5325 2951 5401 ut’sit,
3000 5325 3253 5399 comperi
3285 5325 3397 5379 ﬁde
3448 5327 3507 5378 et
3536 5337 3676 5393 pro-

2025 5400 2362 5483 bitate’ejus
2391 5418 2426 5455 a
2455 5418 2570 5483 quo
2620 5400 2763 5483 mnibi
2814 5400 2922 5456 hoc
2973 5404 3272 5483 narratum
3302 5400 3435 5451 est:
3464 5408 3674 5483 secun-

2025 5470 2500 5546 dum,_comperi
2550 5489 2616 5529 ea
2658 5473 2771 5529 fide
2822 5488 2996 5544 quam
3047 5470 3258 5525 veritas
3298 5471 3557 5523 meretur
3608 5478 3672 5519 ac

2025 5542 2304 5618 postulat.
