3866 6212
1277 319 1505 390 LIBER
1551 330 1652 390 DE
1697 316 2071 395 NABUTHE
2114 324 2613 391 JEZRAELITA.

3518 328 3636 395 ’174

228 462 525 520 vientem?
580 459 807 526 Quibus
861 460 1078 518 osculis
1141 461 1459 517 discedenti
1515 461 1832 518 valedicam
1853 460 1882 515 ?
1911 461 1965 528 Α
1993 461 2307 531 quemdam
2340 462 2601 535 lapidum
2629 463 2875 521 istorum
2906 478 3034 521 esse
3063 462 3367 537 fulgorem,
3400 467 3498 521 sed
3551 472 3638 521 ta-

233 551 459 620 Q‘uibus
491 551 706 606 factum
739 566 1008 607 excusem
1052 550 1465 607 sermonibus?
1508 550 1635 619 Fili,
1683 567 1788 624 ego
1827 553 1883 605 te
1992 567 2124 605 men
2158 551 2439 622 lapidum.
2472 553 2541 607 Et
2586 551 2700 625 ipsi
2744 553 3060 609 admonent
3109 556 3310 609 contra
3359 559 3628 610 naturam

233 658 339 715 pro
370 655 501 696 meo
531 639 660 696 cibo
688 640 1267 696 vendidi.Funestior
1295 655 1431 712 ergo
1453 640 1576 711 jam
1610 639 1883 713 pauperis
1991 639 2246 711 expoliti,
2279 645 2345 696 ut
2374 657 2647 696 saxorum
2679 642 3035 714 deponerent
3065 641 3445 714 aspiritatem,
3480 643 3632 715 rigo-

235 745 646 801 mensa,quam
677 728 893 785 divitis.
925 727 1027 783 Ille
1056 729 1275 784 addicit
1302 727 1655 802 alienos,ego
1688 745 1882 785 meum
1993 744 2113 783 rem
2148 729 2335 802 magis
2366 730 2580 786 mentis
2637 748 2765 789 esse
2812 732 3218 804 expoliendum
3272 748 3450 804 quam
3493 730 3639 805 lapi-

234 819 422 875 vendo
456 835 469 873 :
503 817 602 873 ille
648 817 1056 874 necessitatem
1105 816 1375 890 imponit,
1406 832 1513 890 ego
1561 817 1737 874 affero
1783 835 1883 873 vo-

235 907 545 963 luntatem.
569 906 643 962 Ut
672 906 748 961 sit
775 904 1163 962 excusabilior
1190 906 1669 978 causa,adjiciam
1704 923 1717 961 :
1752 905 1882 975 Fili,

235 1012 343 1069 pro
392 995 675 1051 fratribus
722 994 842 1050 tuis
890 994 1125 1064 servies,
1156 997 1222 1049 ut
1250 993 1369 1050 illis
1399 998 1738 1067 quarantur
1780 994 1886 1050 ali-

238 1088 458 1142 menta.
490 1083 560 1139 Et
595 1082 812 1156 Joseph
860 1099 894 1137 a
943 1082 1224 1139 fratribus
1266 1083 1392 1139 suis
1438 1082 1499 1138 in
1547 1084 1885 1141 servitutem

235 1172 612 1230 venundatus
641 1175 750 1241 est,
783 1175 987 1244 postea
1035 1175 1092 1228 et
1135 1170 1295 1244 ipsos
1347 1175 1405 1228 et
1449 1175 1674 1245 patrem
1706 1173 1885 1246 pavit.

238 1260 637 1336 Respondebit
664 1264 722 1316 et
749 1260 846 1317 ille
878 1278 891 1316 :
924 1261 1034 1317 Sed
1066 1278 1181 1317 non
1229 1276 1363 1318 eum
1414 1261 1675 1318 vendidit
1703 1267 1886 1334 pater,

239 1358 301 1408 at
333 1351 490 1407 flevit
518 1349 804 1407 amissum
838 1365 851 1404 :
892 1350 994 1406 sed
1040 1353 1243 1422 postea
1287 1349 1463 1407 etiam
1508 1349 1637 1423 ipse
1678 1351 1740 1407 in
1787 1368 1888 1424 po-

237 1444 511 1498 testatem
544 1437 743 1494 divitis
771 1438 949 1505 venit,
981 1443 1040 1494 et
1069 1439 1160 1494 vix
1188 1438 1377 1511 potuit
1404 1437 1659 1495 liberari.
1686 1440 1889 1495 Postea

238 1545 429 1603 genus
481 1528 609 1599 ejus
659 1525 879 1583 divitiis
930 1527 1151 1601 Egypti
1201 1527 1387 1583 multa
1438 1531 1602 1584 aetate
1633 1528 1885 1584 servivit.

242 1617 439 1673 Vende
470 1632 565 1672 me
595 1620 909 1689 postremo,
942 1620 1126 1689 pater,
1167 1632 1235 1671 ea
1265 1616 1613 1683 conditione,
1647 1632 1719 1672 ne
1748 1617 1891 1672 divi-

236 1712 331 1763 tes
362 1708 584 1761 emant.

1992 816 2155 872 dum.

1996 977 2171 1050 Quam
2191 977 2349 1031 nulla
2381 979 2452 1033 sit
2478 994 2640 1047 opum
2667 981 2915 1050 efﬁcacia
2942 985 2992 1035 et
3020 998 3121 1035 cur
3147 982 3269 1037 ille
3296 981 3505 1036 divitia:
3543 996 3642 1041 av-

2063 1048 2370 1124 pellentur.
2385 1048 2729 1124 Miseriorem
2755 1066 2871 1124 esse
2889 1053 3129 1124 divitum
3149 1068 3317 1124 quam

2066 1136 2193 1191 rum
2222 1120 2536 1191 seruitutem
2566 1139 2587 1175 :
2614 1122 2714 1176 ubi
2744 1122 2888 1176 laetis
2918 1122 3006 1176 hic
3040 1120 3344 1191 Evangelii.
3379 1120 3537 1189 Cuid'
3558 1122 3643 1177 fa-

2069 1190 2288 1267 ciam...
2317 1190 2616 1267 destruam
2648 1192 2857 1248 horrea
2890 1210 3037 1262 mea,
3070 1190 3209 1263 etc.,
3231 1197 3324 1266 pic
3350 1211 3415 1249 ac
3450 1196 3651 1267 femina

2068 1260 2134 1316 de
2161 1262 2507 1332 expemlitur.

2066 1351 2157 1404 27.
2191 1351 2331 1415 Quis
2362 1351 2564 1407 artifex
2596 1368 2780 1407 unum
2808 1352 2962 1407 diem
2992 1352 3120 1407 vitae
3154 1351 3410 1408 hominis
3460 1351 3649 1424 potuit

1998 1438 2352 1510 adjungere?
2380 1440 2559 1503 Quem
2592 1439 2803 1495 divitia;
2853 1442 2980 1511 ejus
3023 1441 3095 1495 ab
3146 1441 3344 1497 inferis
3382 1441 3646 1497 redeme-

1998 1528 2167 1583 runt?
2200 1526 2381 1598 Cujus
2412 1528 2812 1601 aegritudinem
2845 1530 3089 1602 pecunia
3120 1529 3485 1602 mitigavit?«
3519 1529 3645 1584 Non

2000 1617 2057 1671 in
2100 1616 2460 1672 abundantia
2505 1616 2861 1683 divitiarum,
2910 1616 3118 1689 inquit,
3170 1619 3287 1673 vita
3335 1617 3463 1689 ejus
3493 1618 3643 1689 (Luc.

1998 1721 2097 1773 x11,
2134 1706 2278 1776 15).»
2308 1705 2376 1759 Et
2406 1704 2544 1760 alibi
2578 1704 2784 1761 :«Niliil
2820 1712 3066 1778 prosunt
3094 1706 3353 1761 thesauri
3378 1707 3642 1778 injustis;

309 1796 400 1850 242
436 1794 608 1861 Haesi,
642 1794 826 1849 fateor
858 1811 870 1849 :
903 1808 1104 1849 verum
1158 1793 1297 1865 quid
1354 1794 1612 1849 faciam?
1650 1793 1886 1849 Nullum
1920 1824 1970 1889 Β
1995 1793 2227 1863 justitia
2257 1796 2451 1847 autem
2484 1791 2691 1848 liberat
2720 1810 2753 1847 a
2784 1799 2969 1849 morte
3002 1796 3182 1867 (Prov.
3214 1812 3269 1861 χ,
3302 1795 3416 1865 2).»
3441 1795 3646 1850 Merito

237 1881 533 1940 vendam?
569 1882 676 1937 Sed
709 1882 850 1937 dum
882 1898 1066 1937 unum
1098 1882 1423 1952 considero,
1456 1899 1657 1939 omnes
1687 1882 1891 1939 videbo

240 1972 397 2028 fame
429 1974 757 2044 pereuntes.
800 1970 859 2026 Si
909 1987 1094 2026 unum
1140 1971 1391 2039 tradam,
1445 1970 1659 2043 quibus
1706 1970 1892 2029 oculis

237 2060 448 2117 videbo
479 2062 717 2115 caeteros
743 2059 814 2114 de
846 2075 975 2116 mea
1002 2058 1303 2132 impietate
1324 2063 1725 2132 suspectos,ne
1746 2060 1891 2117 alios

241 2165 476 2221 quoque
527 2147 819 2204 vendam?
848 2164 960 2218 quo
1006 2147 1228 2220 pudore
1276 2148 1572 2222 regrediar
1600 2149 1841 2205 domum
1863 2149 1892 2204 ?

242 2237 546 2303 Quomodo
576 2236 851 2292 intrabo?
880 2238 1002 2303 Quo
1033 2235 1310 2293 habitabo
1341 2237 1571 2306 affectu,
1603 2238 1704 2310 qui
1744 2238 1891 2294 mihi

243 2326 526 2399 abnegavi
558 2324 883 2397 ﬁlium(10),
915 2341 1091 2397 quem
1121 2341 1235 2382 non
1269 2326 1509 2384 morbus
1538 2326 1889 2401 absumpsit,

243 2432 361 2472 non
406 2430 566 2471 mors
614 2412 899 2470 abstulit?
944 2416 1067 2480 Qua
1114 2413 1468 2471 conscientia
1513 2415 1890 2473 considerabo

243 2521 509 2560 mensam
541 2519 753 2570 meam,
787 2519 965 2574 quam
1010 2503 1165 2559 sicut
1212 2502 1448 2559 novella;
1495 2503 1778 2560 olivarum
1833 2506 1889 2560 in

242 2591 492 2649 circuitu
523 2595 609 2647 tot
638 2590 741 2645 ﬁlii
769 2591 1134 2647 vestiebant?

309 2682 401 2736 25.
436 2679 565 2735 Haec
594 2695 815 2752 pauper
844 2684 898 2735 te
928 2684 1211 2757 praesente
1240 2680 1590 2754 deplorat,et
1619 2682 1725 2737 tibi
1756 2699 1889 2739 ava-

241 2769 376 2826 ritia
406 2785 608 2825 aurem
634 2768 1018 2836 obstruit,nec
1041 2785 1209 2825 mens
1240 2773 1341 2825 tua
1371 2770 1507 2826 facti
1538 2770 1892 2829 miserabilis

238 2858 480 2914 horrore
510 2856 790 2913 mollitur.
824 2858 1006 2912 Totus
1038 2857 1290 2931 populus
1322 2859 1672 2932 ingemiscit,
1704 2864 1761 2915 et
1802 2877 1891 2916 so-

240 2947 334 3003 lus
381 2947 545 3002 dives
596 2963 710 3002 non
766 2946 1035 3012 ﬂecteris,
1070 2963 1175 3003 nec
1203 2947 1375 3004 audis
1403 2948 1763 3019 Scripturam
1803 2950 1889 3005 di-

241 3038 469 3091 centem
524 3051 536 3090 :
592 3056 621 3083 «
681 3033 860 3089 Perde
914 3033 1223 3106 pecuniam
1280 3040 1515 3108 propter
1569 3037 1804 3093 fratrem
1836 3040 1893 3093 et

2001 1880 2210 1937 clamat
2240 1880 2525 1953 propheta
2558 1898 2570 1935 :
2609 1904 2635 1930 ‹‹
2666 1881 2881 1937 Divitiae
2930 1882 2978 1939 si
3030 1882 3294 1952 affluant,
3325 1883 3504 1940 nolite
3551 1900 3649 1939 cor

2000 1985 2289 2042 apponere
2339 1970 2508 2041 (Psal.
2563 1987 2674 2037 LXI,
2727 1972 2837 2041 11).
2868 1992 2893 2020 ››
2926 1970 3071 2035 Quid
3119 1971 3276 2027 enim
3322 1971 3464 2026 mihi
3514 1988 3647 2043 pro-

2000 2062 2158 2126 sunt,
2193 2059 2242 2113 si
2293 2076 2386 2114 me
2416 2076 2449 2114 a
2492 2062 2679 2114 morte
2726 2057 2970 2114 liberare
3018 2075 3132 2114 non
3184 2059 3471 2131 possunt?
3499 2060 3645 2126 Quid

2001 2146 2147 2203 mihi
2197 2140 2464 2219 prosunt,
2508 2147 2557 2203 si
2604 2164 2833 2203 mecum
2883 2152 3014 2219 post
3060 2152 3305 2204 mortem
3354 2163 3481 2204 esse
3532 2165 3647 2204 non

2000 2236 2290 2310 possunt?
2315 2236 2418 2292 Hic
2449 2236 2853 2308 acquiruutur,
2886 2236 2979 2292 hic
3010 2236 3443 2309 relinquuntur.
3478 2238 3647 2294 Som-

1999 2326 2164 2381 nium
2224 2324 2404 2397 igitur
2448 2325 2766 2397 loquimur,
2820 2342 2934 2380 non
2986 2326 3428 2398 patrimonium.
3487 2326 3650 2383 Unde

1998 2416 2146 2471 bene
2195 2415 2276 2470 ait
2320 2414 2476 2470 idem
2506 2414 2793 2486 Propheta
2842 2414 2914 2469 de
2962 2414 3288 2471 divitibus:
3330 2435 3350 2463 ι
3385 2416 3647 2472 Dormie-

2001 2508 2138 2559 runt
2184 2520 2458 2560 somnum
2507 2520 2705 2569 suum,
2737 2508 2795 2558 et
2843 2502 2989 2558 nihil
3042 2504 3390 2562 invenerunt
3445 2521 3650 2561 omnes

1998 2593 2104 2648 viri
2135 2592 2469 2647 divitiarum
2521 2593 2581 2647 in
2631 2591 2902 2647 manibus
2951 2592 3077 2648 suis
3103 2593 3273 2663 (Psal.
3309 2610 3470 2662 LXXV,
3498 2594 3585 2666 6);
3622 2616 3649 2642 ››

2000 2682 2107 2738 hoc
2137 2686 2225 2738 est
2256 2680 2446 2737 dicere
2474 2698 2486 2736 :
2519 2680 2675 2736 Nihil
2709 2680 3053 2737 invenerunt
3102 2681 3163 2736 in
3210 2682 3487 2754 Operibus
3525 2682 3657 2739 suis

2000 2770 2229 2835 divites,
2256 2768 2353 2841 qui
2389 2768 2535 2824 nihil
2567 2769 2924 2841 pauperibus
2972 2770 3345 2826 contulerunt
3377 2787 3390 2827 :
3426 2768 3647 2827 nullius

1993 2860 2275 2931 juverunt
2304 2858 2584 2930 inopiam,
2617 2856 2763 2912 nihil
2793 2858 2864 2913 ad
2897 2858 3212 2915 utilitatem
3263 2875 3432 2915 suam
3482 2859 3653 2931 profi-

2000 2949 2160 3004 ciens
2194 2946 2443 3018 reperire
2472 2950 2805 3020 potuerunt.

2071 3040 2158 3092 28.
2194 3037 2393 3109 Ipsum
2425 3052 2637 3091 nomen
2669 3035 2991 3092 considera.
3026 3036 3213 3092 Ditem
3263 3036 3463 3091 dicunt
3511 3053 3648 3110 gen-

241 3123 586 3191 amicum,et
601 3139 714 3178 non
730 3122 1055 3179 abscondas
1075 3139 1201 3179 eam
1221 3123 1331 3179 sub
1352 3122 1545 3196 lapide
1565 3124 1625 3180 in
1642 3128 1890 3182 mortem
1930 3192 1961 3197 _
2001 3126 2134 3183 tiles
2163 3126 2484 3182 inferorum
2534 3123 2869 3197 praesulem,
2899 3124 3183 3180 arbitrum
3236 3126 3441 3182 mortis
3470 3125 3649 3180 ditem

241 3213 428 3284 (Eccli.
461 3229 612 3279 XXIX,
642 3212 729 3279 13)
782 3234 810 3261 ››
842 3211 910 3266 Et
941 3211 1079 3283 quia
1126 3228 1243 3268 non
1291 3192 1483 3279 audis,
1522 3213 1652 3269 ideo
1700 3213 1887 3271 excla-
1920 3192 1963 3259 C
2003 3214 2298 3288 appellant
2327 3217 2384 3269 et
2414 3192 2674 3278 divitem,
2707 3214 2863 3285 quod
2911 3212 3025 3267 nisi
3076 3216 3323 3268 mortem
3368 3214 3527 3271 dives
3563 3215 3648 3270 in-

241 3304 365 3356 mat
418 3298 793 3355 Ecclesiastes
848 3298 1050 3356 dicens
1086 3318 1099 3357 :
1134 3323 1163 3352 «
1215 3300 1317 3357 Est
1370 3300 1619 3374 languor
1674 3302 1887 3371 malus,

245 3404 426 3460 quem
456 3386 573 3443 vidi
623 3387 733 3442 sub
783 3385 923 3455 sole,
969 3388 1203 3445 divitias
1250 3388 1530 3445 custodiri
1559 3390 1618 3446 in
1667 3390 1889 3447 malum

240 3476 599 3549 possidentis
630 3492 729 3531 eas
758 3476 950 3547 (Eccle.
985 3493 1038 3543 v,
1080 3477 1185 3550 i2).
1215 3500 1236 3527 ι
1272 3478 1381 3533 Sed
1413 3477 1658 3536 fortasse
1688 3480 1891 3536 redeas

240 3566 487 3622 domum
537 3568 592 3620 et
646 3580 778 3620 cum
829 3581 1004 3621 uxore
1042 3566 1305 3622 conferas
1339 3584 1351 3622 :
1384 3566 1486 3622 illa
1527 3571 1581 3624 te
1627 3568 1894 3625 hortetur

240 3660 303 3710 ut
335 3653 593 3710 redimas
620 3653 1041 3710 venundatum.
1077 3655 1197 3711 Imo
1230 3655 1418 3728 magis
1454 3656 1785 3713 hortabitur
1829 3662 1892 3713 ut

236 3743 531 3800 mundum
561 3740 912 3797 muliebrem
942 3742 1230 3814 conferas,
1264 3744 1420 3800 unde
1450 3749 1614 3817 potes
1645 3745 1732 3802 vel
1764 3762 1892 3818 par-

234 3848 307 3887 vo
340 3846 659 3905 pauperem
692 3828 941 3886 liberare
970 3830 1226 3903 (ll).llla
1255 3831 1359 3887 tibi
1394 3832 1654 3904 imponet
1684 3850 1905 3907 sump—

235 3922 409 3976 tuum
440 3918 881 3987 necessitatem;
911 3922 973 3974 ut
1004 3936 1238 3993 gemma
1266 3920 1607 3988 bibat,572
1640 3922 1700 3978 in
1732 3928 1890 3980 ostro

238 4007 515 4076 dormiat,
548 4008 607 4062 in
639 4011 913 4080 argentea
942 4008 1167 4080 sponda
1191 4010 1662 4082 recumbat,auro
1693 4016 1893 4068 oneret

238 4113 477 4163 manus,
510 4095 792 4152 cervicem
823 4095 1161 4153 monilibus.

308 4186 400 4240 26.
462 4184 776 4239 Dectantur
832 4188 889 4240 et
931 4186 1313 4258 compedibus
1368 4187 1665 4257 mulieres,
1726 4189 1892 4245 dum-

239 4274 418 4330 modo
475 4289 616 4329 auro
672 4272 946 4346 ligentur.
979 4274 1104 4329 Non
1163 4280 1374 4348 putant
1429 4293 1604 4333 onera
1659 4293 1807 4347 esse,
1843 4278 1891 4334 si

237 4362 499 4437 pretiosa
529 4362 649 4417 sint
679 4379 691 4418 :
726 4379 841 4418 non
892 4362 1228 4420 existimant
1275 4364 1509 4422 vincula
1549 4381 1698 4435 esse,
1734 4367 1784 4422 si
1832 4367 1892 4422 in

237 4453 337 4509 his
378 4451 639 4508 thesauri
691 4456 1016 4509 coruscent.
1051 4451 1352 4511 Delectant
1399 4458 1457 4510 et
1499 4454 1769 4524 vulnera;
1829 4461 1894 4511 ut

2000 3305 2150 3360 ferre
2180 3320 2293 3359 non
2327 3302 2569 3367 noverit,
2602 3301 2696 3357 cui
2742 3317 2984 3374 regnum
3017 3302 3088 3357 de
3119 3301 3387 3369 mortuis,
3422 3301 3515 3357 cui
3560 3318 3650 3359 se-

2000 3394 2103 3449 des
2134 3391 2303 3449 inferi
2333 3394 2489 3447 sunt.
2524 3390 2668 3456 Quid
2720 3395 2808 3446 est
2850 3389 3005 3445 enim
3052 3389 3233 3456 dives,
3266 3389 3380 3445 nisi
3411 3390 3650 3462 quidam

2000 3480 2367 3554 inexplebilis
2398 3495 2609 3553 gurges
2632 3478 2988 3544 divitiarum,
3020 3477 3387 3550 inexplebilis
3417 3477 3543 3533 auri
3575 3478 3653 3533 fa-

2001 3587 2126 3627 mes
2158 3586 2222 3626 ac
2249 3568 2413 3624 sitis?
2444 3571 2565 3634 Quo
2596 3566 2726 3640 plus
2758 3567 3178 3640 hauserit,plus
3208 3566 3647 3623 inardescit.Sic

2000 3658 2283 3731 propheta
2314 3658 2588 3713 admonet
2621 3673 2677 3710 ;‹‹
2712 3655 2820 3720 Qui
2852 3655 3045 3727 diligit
3072 3655 3287 3728 inquit,
3319 3659 3651 3728 argentum,

2001 3764 2119 3802 non
2179 3746 2488 3802 satiabitur
2542 3750 2782 3816 argento
2836 3746 3032 3801 (Eccle.
3074 3763 3131 3812 v,
3179 3746 3257 3814 9).
3305 3766 3333 3795 »
3383 3746 3454 3800 Et
3500 3745 3655 3799 intra

2000 3836 2198 3892 idem:
2237 3857 2265 3887 «
2296 3836 2364 3891 Et
2396 3833 2633 3906 quidem
2681 3832 2792 3889 hoc
2841 3833 3135 3906 pessimus
3183 3832 3448 3905 languor.
3490 3832 3655 3888 Sicut

2002 3926 2158 3981 enim
2192 3924 2323 3992 fuit,
2354 3924 2435 3979 ita
2463 3928 2521 3978 et
2552 3922 2714 3989 abiit,
2747 3926 2803 3977 et
2846 3922 3207 3978 abundantia
3255 3923 3383 3993 ejus
3428 3920 3654 3977 laborat

2000 4016 2059 4070 in
2091 4015 2424 4071 ventum.Et
2455 4012 2691 4085 quidem
2723 4028 2927 4068 omnes
2960 4012 3083 4068 dies
3114 4012 3243 4082 ejus
3276 4011 3332 4064 in
3370 4009 3650 4075 tenebris,

2002 4109 2060 4160 et
2089 4102 2272 4170 luctu,
2325 4107 2381 4157 et
2427 4101 2730 4157 iracundia
2778 4100 2984 4163 multa,
3038 4104 3095 4154 et
3138 4099 3440 4171 languore,
3473 4101 3529 4153 et
3566 4096 3654 4153 ira

2004 4192 2160 4266 (Ibid.
2199 4193 2284 4258 13,
2319 4191 2407 4260 16)
2443 4209 2455 4258 ;
2492 4194 2557 4244 ut
2583 4188 2940 4244 tolerabilior
2970 4187 3046 4243 sit
3085 4186 3339 4243 conditio
3391 4184 3650 4242 servulo-
3681 4174 3689 4181 ’

2004 4290 2154 4337 rum‘.
2200 4279 2286 4336 Illi
2334 4278 2489 4334 enim
2540 4276 2879 4332 hominibus
2927 4275 3207 4342 serviunt,
3240 4275 3350 4330 iste
3392 4278 3648 4346 peccato.

2003 4371 2095 4427 Sic
2128 4368 2319 4441 inquit
2347 4365 2656 4440 Apostolus
2686 4366 2861 4437 (Rom.
2893 4382 2970 4430 v1,
3004 4365 3091 4436 16)
3125 4382 3138 4420 :
3174 4388 3201 4415 ‹‹
3235 4364 3341 4429 Qui
3373 4362 3529 4419 enim
3560 4362 3656 4418 fa-

2003 4460 2082 4515 eit
2129 4461 2430 4531 peccatum
2476 4472 2676 4511 servus
2723 4458 2811 4510 est
2860 4454 3101 4526 peccati.
3136 4476 3164 4503 ››
3196 4453 3438 4525 Semper
3475 4451 3535 4506 in
3568 4452 3650 4507 la-

238 4556 457 4596 aurum
484 4540 726 4597 auribus
755 4540 1050 4597 inseratur
1071 4548 1125 4598 et
1148 4543 1476 4616 margaritae
1508 4544 1891 4616 dependeant.
1926 4562 1971 4627 Ι)
2005 4548 2431 4621 queis,semper
2462 4544 2519 4601 in
2551 4543 2799 4599 vinculis
2832 4548 3248 4615 estmunquam
3281 4541 3427 4599 liber
3448 4558 3483 4597 a
3503 4556 3655 4597 com-

234 4628 468 4684 Habent
497 4632 555 4684 et
583 4644 827 4700 gemmae
870 4630 1131 4702 pondera
1178 4648 1306 4700 sua,
1354 4631 1577 4688 habent
1622 4635 1679 4687 et
1724 4633 1897 4689 vesti-

235 4719 443 4773 menta
470 4715 687 4789 frigora
720 4733 849 4773 sua.
883 4718 1141 4774 Sudatur
1186 4718 1246 4776 in
1276 4720 1551 4792 gemmis,
1583 4719 1810 4793 algetur
1835 4722 1893 4778 in

235 4803 476 4875 sericis;
512 4807 707 4861 tamen
744 4807 927 4878 pretia
949 4808 1164 4879 juvant
1197 4825 1210 4864 :
1243 4812 1300 4865 et
1329 4826 1455 4881 qua:
1488 4813 1697 4866 natura
1736 4828 1894 4867 aver-

235 4898 424 4963 satur,
458 4894 831 4952 commendat
857 4895 1119 4953 avaritia.
1149 4896 1522 4970 Smaragdos,
1558 4901 1615 4953 et
1661 4897 1894 4972 hyacin-

236 4984 399 5051 thos,
450 4982 739 5056 beryllum
799 4984 1088 5054 achatem,
1137 4984 1428 5059 topazion,
1476 4985 1891 5059 amethystum,

225 5071 460 5145 jaspin,
528 5073 785 5141 sardion,
851 5091 1085 5132 summo
1124 5079 1392 5148 quierunt
1440 5075 1636 5132 furore
1668 5092 1682 5132 :
1722 5075 1812 5132 vel
1843 5076 1894 5133 si

236 5159 556 5217 dimidium
590 5160 926 5234 patrimonii
959 5167 1207 5236 petatur,
1236 5180 1351 5220 non
1381 5168 1629 5237 parcunt
1657 5164 1891 5237 dispen-

234 5249 360 5318 dio,
403 5249 543 5305 dum
583 5249 892 5325 indulgent
928 5253 1253 5325 cupiditati.
1277 5253 1402 5308 Non
1434 5253 1627 5309 abnuo
1657 5258 1892 5326 gratum

312 5374 425 5446 (10)
456 5373 674 5452 Omnes
705 5375 1137 5452 edit.,qui_mihi
1156 5377 1404 5448 ablegavi
1430 5377 1630 5447 ﬁlium.
1657 5377 1892 5452 Elegan-

234 5445 358 5503 tius
389 5445 1110 5518 mss.,abenegaviﬁlium.

310 5518 424 5590 (11)
474 5517 628 5592 Edit.
688 5521 832 5582 ant.,
886 5519 970 5574 vel
1012 5535 1224 5592 pauper
1273 5535 1575 5592 pauperem
1631 5520 1889 5592 liberare,

2007 4638 2274 4710 pedibus,
2307 4636 2444 4707 quia
2476 4649 2705 4705 semper
2752 4632 2808 4687 in
2860 4631 3227 4688 criminibus.
3262 4633 3447 4698 Quam
3500 4629 3650 4687 578

2005 4727 2219 4782 misera
2246 4723 2513 4791 servitus,
2548 4722 2761 4778 servire
2791 4721 3077 4794 peccatis!

2073 4815 2160 4871 29.
2190 4815 2419 4870 Natum
2443 4811 2630 4884 ipsius
2660 4810 2846 4866 nescit
2875 4809 3210 4877 munia,nec
3240 4809 3429 4864 somni
3463 4806 3651 4880 ipsius

2004 4903 2162 4959 novit
2189 4901 2363 4966 vices,
2399 4905 2502 4956 aut
2530 4898 2641 4954 cibi
2672 4899 2937 4972 fungitur
2961 4898 3263 4965 suavitate,
3297 4897 3468 4967 cujus
3519 4894 3649 4949 nul-

2003 4991 2124 5047 lum
2157 5003 2245 5047 est
2276 4991 2538 5045 immune
2577 4988 2902 5042 servitium:
2954 4985 3150 5040 Dulcis
3198 4985 3354 5040 enim
3406 4999 3650 5037 somnus

2003 5077 2173 5142 servi,
2205 5078 2313 5132 etsi
2352 5075 2647 5130 modicum
2696 5071 2784 5127 vel
2833 5070 3082 5126 multum
3116 5071 3248 5126 edat
3299 5087 3311 5124 :
3356 5089 3388 5126 a
3438 5070 3647 5125 satiato

2005 5165 2114 5240 (12)
2135 5164 2496 5228 divitiis,non
2527 5166 2616 5217 est
2646 5162 2744 5233 qui
2777 5176 2909 5216 eum
2942 5160 3098 5215 sinat
3129 5159 3402 5215 dormire.
3428 5158 3653 5215 Excitat

2002 5271 2137 5312 eum
2177 5251 2489 5325 cupiditas,
2523 5249 2774 5321 exagitat
2820 5264 2962 5303 cura
3012 5247 3252 5321 pervigil
3303 5246 3493 5303 aliena
3552 5264 3648 5302 ra-

2002 5376 2361 5451 subintelligi
2394 5377 2604 5449 potest,
2637 5372 2847 5444 pretio,
2880 5372 3207 5444 dispendio,
3237 5371 3323 5427 vel
3356 5371 3499 5444 quid
3538 5370 3648 5427 hu-

1995 5450 2278 5524 jusmodi.

2073 5524 2185 5595 (12)
2216 5521 2329 5595 Sic.
2364 5518 2500 5575 edit.
2536 5518 2655 5595 ant.
2692 5514 2880 5595 Rom;
2910 5516 2968 5570 et
3013 5529 3216 5595 omnes
3267 5532 3409 5571 mss.
3443 5520 3651 5595 praeter

237 5585 430 5657 Rom,
466 5590 551 5647 vel
576 5585 1645 5666 parvojempore'paapere'mjiberare,
1675 5585 1892 5666 Melius
1999 5585 2186 5650 unum
2218 5593 2277 5666 in
2308 5607 2452 5666 quo,
2480 5589 2760 5666 satiatus;
2785 5585 3058 5666 alterum
3099 5585 3188 5666 in_
3209 5587 3649 5666 quo,_satietu_r,

235 5678 379 5721 mss.
413 5658 646 5729 omnes,
678 5658 771 5719 vel
793 5658 966 5736 parvo
994 5658 1288 5739 pauperem
1318 5661 1573 5722 liberare.
1608 5662 1692 5721 lbi
1729 5663 1887 5722 enim

2000 5670 2057 5723 et
2110 5656 2349 5725 tertiani
2397 5656 2495 5720 ubi
2544 5676 2676 5719 cum
2736 5658 2873 5718 edit.
2938 5656 3291 5735 quibusda'm
3346 5656 3528 5730 Paris,
3586 5657 3648 5725 in
