3866 6212
265 307 397 365 ’ΠῖΓ

1711 309 1772 363 S.
1822 302 2193 364 AMBROSII

3549 298 3655 365 716

261 434 481 508 piendi,
518 440 748 509 torquet
776 437 1010 505 invidia,
1045 454 1211 493 mora
1239 440 1424 500 vexat,
1469 436 1747 491 sterilitas
1778 454 1909 507 pro-
1939 442 1991 502 Α
2025 438 2163 507 quid
2195 454 2299 507 ego
2330 436 2816 505 abscondam,cui
2847 436 3001 495 Deus
3029 439 3165 495 facit
3193 439 3495 495 abundare
3517 440 3650 509 quod

258 529 537 582 ventuum
568 526 883 581 infecunda
933 527 1256 597 perturbat,
1291 522 1567 580 sollicitat
1609 525 1912 579 abundan-

259 614 359 671 tia.
392 615 554 672 Unde
584 614 671 670 illi
703 614 886 681 diviti,
913 616 1080 685 cujus
1113 613 1405 685 possessio
1436 614 1643 669 uberes
1692 615 1916 667 fructus

259 702 476 769 attulit,
508 703 921 776 quiucogitavit
949 703 1102 758 intra
1133 720 1193 758 se
1224 703 1426 758 dicens
1458 719 1506 757 ;‹‹
1532 702 1677 765 Quid
1704 701 1913 756 faciam

260 792 415 864 quod
449 809 562 848 non
597 792 781 847 habeo
830 810 946 864 quo
990 808 1335 863 congregem
1368 793 1589 846 fructus
1622 789 1826 844 meos?
1858 794 1915 845 et

258 881 403 935 dixit
435 899 449 936 :
487 882 599 936 lloc
632 881 1178 947 faciam,destruam
1210 880 1418 935 horrea
1450 882 1660 947 mea,et
1690 879 1913 949 majora

256 970 464 1024 faciam
490 968 608 1037 ;illo
638 970 1003 1042 congregabo
1028 969 1227 1024 omnia
1256 985 1382 1040 quae
1414 973 1551 1023 nata
1579 972 1721 1023 sunt
1742 966 1908 1035 mihi,

257 1062 313 1113 et
335 1058 525 1114 dicam
558 1058 765 1113 animae
800 1076 942 1115 more
978 1076 991 1115 :
1026 1059 1260 1126 Anima,
1293 1057 1479 1113 habes
1525 1056 1711 1111 multa
1759 1056 1911 1111 bona

255 1148 314 1215 in
347 1164 533 1203 annos
565 1146 784 1204 multos
816 1148 1026 1220 posita,
1054 1148 1370 1219 requiesce,
1408 1145 1719 1208 manduca,
1754 1144 1907 1210 bibe,

254 1236 490 1309 epulare
523 1237 673 1307 (Luc.
706 1254 805 1305 xu,
842 1237 1059 1307 17-19);
1098 1235 1435 1308 .respondit
1465 1235 1619 1291 Deus
1642 1232 1905 1301 :«Stulte,

254 1326 363 1381 hac
395 1329 562 1382 nocte
592 1325 851 1380 animam
880 1329 1043 1380 tuam
1076 1328 1394 1396 repetunta
1416 1327 1472 1380 te
1505 1342 1517 1379 :
1551 1340 1678 1393 quae
1710 1326 1905 1377 autem

254 1414 497 1486 parasti,
528 1415 699 1486 cujus
731 1418 904 1470 erunt
932 1413 1091 1483 (Ibid.
1144 1413 1276 1483 20)?
1310 1434 1337 1462 ››
1368 1413 1450 1468 Ne
1493 1414 1619 1484 ipse
1667 1410 1903 1483 quidem

251 1503 405 1559 Deus
434 1519 568 1559 eum
601 1502 854 1558 dormire
901 1502 1205 1573 permittit.
1258 1499 1603 1573 lnterpellat
1645 1499 1902 1573 cogitan-

256 1600 394 1658 tem,
425 1591 639 1648 excitat
668 1592 1077 1647 dormientem.

317 1683 406 1737 30.
440 1682 548 1737 Sed
582 1698 684 1736 nec
718 1680 842 1751 ipse
873 1697 934 1736 se
966 1681 1228 1751 quietum
1260 1697 1386 1735 esse
1445 1678 1802 1750 patitur,qui
1831 1678 1901 1733 de

249 1771 608 1829 abundantia
653 1769 991 1824 divitiarum
1041 1786 1283 1824 suarum
1332 1768 1703 1833 sollicitatur,
1737 1772 1792 1822 et
1840 1767 1897 1821 in

251 1861 515 1915 ubertate
555 1860 853 1915 lructuum
903 1875 1101 1914 vorem
1151 1857 1375 1930 egentis
1422 1857 1655 1912 emittit.
1693 1878 1721 1905 ‹‹
1753 1855 1899 1920 Quid

249 1949 506 2005 faciam?
538 1972 563 1997 ››
595 1947 805 2019 inquit.
837 1948 1039 2003 Nonne
1070 1947 1190 2002 haec
1221 1947 1494 2019 pauperis
1524 1962 1632 2000 vox
1669 1950 1901 2009 est,non

253 2038 524 2096 habentis
556 2036 821 2091 subsidia
850 2036 1117 2091 vivendi?
1144 2036 1332 2108 Egens
1362 2034 1625 2090 omnium
1659 2034 1773 2089 huc
1815 2037 1899 2089 at-

248 2145 360 2200 que
391 2126 529 2182 illuc
560 2125 816 2197 respicit,
841 2130 1136 2181 scrutatur
1166 2123 1661 2197 hospitium,nihil
1682 2121 1902 2177 invenit

248 2217 315 2271 ad
347 2232 519 2275 usum
553 2213 816 2269 alimenti
853 2231 865 2268 :
894 2212 1234 2275 considerat
1258 2211 1402 2266 nihil
1426 2211 1701 2275 miserius
1721 2228 1898 2282 quam

250 2307 398 2359 fame
430 2304 657 2367 confici,
683 2308 739 2357 et
768 2301 880 2356 cibi
916 2301 1239 2368 indigentia
1270 2300 1661 2372 mori:qu:erit
1693 2301 1899 2356 mortis

251 2390 616 2463 compendia,
648 2396 706 2445 et
744 2388 1137 2445 tolerabiliora
1184 2390 1436 2444 obeundi
1487 2388 1773 2461 supplicia
1823 2390 1897 2444 ri-

247 2484 443 2536 matur
478 2497 491 2534 :
526 2477 730 2550 arripit
759 2477 1358 2550 gladium,suspendit
1389 2476 1897 2549 laqueum,ignem

250 2567 732 2638 adolet,explorat
764 2584 1049 2622 venenum
1086 2584 1098 2620 :
1132 2572 1188 2623 ct
1222 2566 1373 2622 inter
1403 2566 1523 2621 haec
1555 2565 1695 2637 quid
1725 2565 1899 2637 eligat

245 2659 480 2723 dubius,
514 2658 655 2711 dicit
688 2675 700 2711 :
735 2680 760 2706 ‹‹
797 2655 943 2721 Quid
981 2655 1229 2710 faciam?
1259 2678 1285 2707 ››
1313 2654 1531 2710 Deinde
1559 2654 1686 2708 vitae
1718 2654 1897 2725 hujus

244 2748 531 2803 suavitate
562 2750 863 2800 revocatus
894 2744 1055 2815 cupit
1101 2760 1367 2799 revocare
1417 2743 1787 2809 sententiam,
1845 2743 1894 2797 si

244 2835 429 2907 possit
460 2834 688 2889 vivendi
722 2833 1113 2889 substantiam
1162 2833 1435 2904 reperire.
1472 2832 1693 2903 Aspicit
1741 2833 1898 2887 nuda

245 2924 463 2990 omnia,
523 2938 707 2976 vacua
755 2921 971 2989 omnia,
1023 2926 1079 2974 et
1124 2919 1204 2976 ait
1237 2938 1249 2973 :
1284 2943 1311 2970 ‹‹
1357 2921 1506 2986 Quid
1556 2920 1805 2975 faciam?
1866 2942 1894 2969 ››

245 3012 406 3068 Unde
454 3009 595 3065 mihi
644 3007 941 3077 alimenta,
977 3008 1131 3063 unde
1182 3008 1463 3063 vestitus?
1492 3008 1632 3063 Volo
1682 3008 1890 3075 vivere,

243 3101 291 3156 si
320 3100 567 3155 habeam
602 3097 892 3169 quomodo
924 3096 1145 3168 possim
1176 3097 1353 3151 vitam
1385 3097 1535 3152 hanc
1562 3096 1889 3152 sustinere:

244 3190 344 3245 sed
378 3187 597 3260 quibus
626 3186 794 3251 cibis,
827 3185 1042 3256 quibus
1071 3184 1390 3241 subsidiis?

310 3278 400 3332 31.
434 3300 461 3326 ‹‹
490 3275 636 3341 Quid
671 3274 918 3330 faciam?
947 3274 1170 3345 inquit;
1204 3273 1357 3346 quod
1405 3290 1519 3328 non
1570 3274 1823 3329 habeo...
1862 3296 1888 3322 »

241 3368 466 3425 Clamat
493 3381 556 3421 se
586 3364 745 3420 dives
775 3380 890 3420 non
918 3363 1152 3419 habere.
1178 3363 1544 3435 Paupertatis
1574 3362 1666 3417 hic
1697 3378 1889 3419 sermo

241 3461 362 3523 est;
394 3455 465 3511 de
496 3453 692 3525 inopia
721 3453 987 3525 queritur
1016 3452 1326 3508 abundans
1358 3451 1661 3507 fructibus.
1698 3474 1724 3500 ‹‹
1762 3451 1887 3506 Non

242 3545 450 3608 habeo,
483 3542 696 3613 inquit,
730 3558 845 3612 quo
877 3557 1223 3613 congregem
1255 3540 1480 3597 fructus
1512 3557 1691 3596 meos.
1731 3563 1757 3589 n
1786 3541 1891 3596 Pu-

244 3640 397 3688 tares
427 3630 589 3685 illum
624 3629 811 3684 dicere
837 3629 993 3685 :Non
1025 3629 1209 3684 habeo
1242 3630 1487 3697 fructus,
1524 3630 1675 3684 unde
1702 3630 1890 3685 viven-

241 3723 384 3777 dum
417 3723 505 3775 est
527 3718 690 3773 mihi.
727 3718 938 3774 Beatus
969 3718 1066 3789 qui
1100 3719 1170 3773 de
1201 3718 1563 3774 abundantia
1592 3719 1887 3791 periclita-

239 3816 372 3877 tur;
405 3809 523 3865 imo
556 3805 824 3862 miserior
870 3806 981 3861 iste
1028 3807 1482 3862 fecunditatibus
1528 3809 1675 3875 suis,
1708 3825 1885 3879 quam

246 3912 487 3971 pauper,
521 3896 611 3952 cui
644 3893 968 3967 periculum
1019 3896 1089 3950 de
1136 3900 1391 3967 egestate
1423 3901 1529 3951 est.
1564 3897 1746 3953 Habet
1792 3898 1888 3953 ille

240 3988 396 4043 unde
468 3990 703 4042 excuset
749 4000 1098 4051 (erumnam;
1151 3984 1322 4041 habet
1380 3991 1531 4041 certe
1586 3985 1884 4058 injuriam,

239 4077 418 4133 habet
448 4074 680 4147 culpam
716 4092 728 4129 :
759 4073 869 4129 iste
900 4090 1014 4129 non
1045 4073 1222 4128 habet
1252 4089 1428 4145 quem
1459 4078 1667 4145 praeter
1693 4092 1756 4131 se
1794 4093 1884 4131 ar-

241 4170 401 4238 guaL

309 4255 398 4309 32.
436 4253 500 4309 Et
520 4253 668 4309 dixit
690 4271 702 4309 :
726 4253 843 4308 Hoc
865 4251 1096 4320 faciam,
1134 4252 1341 4307 horrea
1362 4268 1491 4308 mea
1512 4253 1831 4309 destruam.
1856 4277 1884 4304 ››

240 4344 414 4401 Putes
464 4342 655 4399 adhuc
701 4342 892 4401 dicere
942 4340 1148 4396 illum:
1181 4340 1451 4412 Aperiam
1482 4341 1690 4397 horrea
1734 4360 1883 4412 mea,

238 4430 646 4504 ingrediantur
675 4429 773 4501 qui
805 4428 1049 4486 tolerare
1097 4430 1310 4485 famem
1342 4446 1456 4484 non
1506 4435 1747 4500 queunt,
1792 4447 1889 4487 ve-e

2028 525 2284 597 largiar?
2314 525 2385 581 Ut
2414 525 2553 596 quid
2584 526 2877 598 repagulis
2910 531 3207 598 portarum
3239 526 3511 583 claudam
3549 528 3649 583 fru-

2026 618 2240 681 menta,
2273 614 2489 685 quibus
2514 614 2624 685 (13)
2652 616 2806 672 Deus
2835 621 3022 671 totum
3053 616 3206 675 ΗΔ
3236 615 3478 688 replevit
3515 632 3653 673 cam-

2023 719 2232 773 porum
2268 702 2576 771 ambitum,
2611 721 2736 775 quae
2786 704 2913 761 sine
2953 705 3196 761 custode
3242 709 3561 760 nascuntur
3600 708 3652 760 et

2022 790 2360 847 abundant?

2643 880 2878 938 CAPUT
2916 881 3040 936 VII.

2019 968 2279 1023 Eumdcm
2337 969 2510 1042 locum
2562 971 2625 1042 Β.
2678 971 2871 1027 Doclor
2910 971 3285 1042 prosequitur,
3331 970 3653 1042 ostenditque

2092 1056 2282 1094 utmrcs
2312 1057 2435 1094 cum
2464 1040 2528 1096 de
2558 1040 2708 1096 bonis
2740 1040 3049 1112 benefacere
3076 1040 3354 1107 deberent,
3380 1041 3544 1097 malle
3565 1040 3649 1112 pe-

2088 1113 2301 1185 cmu'ua
2334 1114 2391 1165 in
2438 1112 2762 1180 aediﬁcando
2809 1129 3161 1185 consumere;
3203 1114 3452 1185 ipsosque
3490 1115 3650 1182 magis

2088 1184 2409 1257 enormitute
2452 1184 2772 1253 pretiorum,
2821 1201 2985 1257 quam
3022 1184 3267 1239 ubertate
3309 1184 3652 1257 proventum

2087 1253 2351 1308 delectari
2380 1272 2399 1309 :
2423 1269 2555 1324 quos
2586 1262 2769 1327 tamen.
2796 1253 2950 1310 docet
2976 1271 3080 1326 quo
3106 1253 3322 1327 fructus
3348 1271 3475 1311 suos
3517 1271 3650 1312 secu-

2086 1341 2146 1379 re
2168 1327 2380 1397 possint
2404 1325 2709 1382 recondere.

2084 1413 2172 1468 33.
2232 1412 2398 1469 Victa
2444 1418 2532 1469 est
2580 1430 2711 1486 spes
2768 1414 2944 1469 avari.
3008 1416 3386 1487 Rumpuntur
3438 1418 3652 1472 vetusta

2014 1501 2222 1557 horrea
2271 1502 2565 1558 messibus
2614 1502 2801 1558 novis.
2856 1503 3071 1571 Minus,
3104 1504 3316 1576 inquit,
3366 1491 3566 1574 habui,
3601 1509 3656 1560 et.

2013 1590 2231 1645 frustra
2257 1590 2479 1645 servavi
2514 1608 2525 1644 :
2559 1590 2691 1663 plus
2722 1600 2925 1647 natum
2956 1596 3064 1657 est,
3099 1596 3154 1646 et
3184 1592 3279 1647 cui
3322 1593 3651 1665 congrege?

2018 1680 2166 1733 Dum
2229 1680 2586 1734 incrementa
2618 1681 2935 1752 pretiorum
2970 1698 3247 1752 aucupor,
3281 1681 3456 1746 amisi
3488 1698 3649 1739 usum

2010 1768 2442 1823 beneﬁciorum.
2497 1768 2754 1832 Quantas
2807 1769 2944 1824 anni
2992 1770 3307 1841 superioris
3367 1771 3648 1833 frumento

2011 1856 2173 1929 potui
2204 1857 2432 1913 animas
2462 1874 2783 1929 pauperum
2818 1862 3148 1913 reservare?
3176 1858 3304 1913 Haec
3335 1875 3431 1914 me
3475 1859 3651 1932 magis

2010 1963 2236 2002 servare
2267 1945 2620 2001 delectarent
2650 1946 2859 2018 pretia,
2894 1963 3020 2017 qua
3071 1964 3186 2002 non
3233 1964 3482 2004 nummo
3510 1948 3648 2004 testi-

2011 2041 2265 2101 mantur,
2299 2036 2397 2090 sed
2430 2035 2639 2106 gratia.
2675 2035 2956 2091 lmitahor
2982 2040 3248 2092 sanctum
3300 2035 3521 2108 Joseph
3549 2036 3647 2093 hu-

2010 2122 2311 2179 mauitatis
2369 2124 2811 2194 praedicatione;
2863 2123 3129 2180 clamabo
3182 2140 3320 2181 voce
3377 2142 3589 2197 magna
3634 2143 3646 2180 :

2008 2212 2232 2279 Venite,
2292 2228 2598 2284 pauperes,
2659 2213 2809 2268 edite
2866 2229 3046 2284 panes
3113 2230 3294 2280 meos,
3351 2213 3649 2285 expandite

2008 2301 2319 2373 gremium,
2351 2301 2631 2373 suscipite
2663 2300 3406 2359 frumentum.Fecunditas
3440 2302 3646 2370 divitis,

2008 2392 2186 2445 totius
2236 2390 2395 2445 orbis
2442 2389 2824 2457 abundantia,
2859 2391 3124 2455 omnium
3156 2391 3326 2446 debet
3366 2407 3497 2447 esse
3546 2392 3646 2446 fer-

2006 2479 2207 2534 tilitas.
2244 2480 2330 2534 Tu
2356 2495 2487 2535 vero
2520 2496 2635 2534 non
2667 2479 2775 2534 hoc
2806 2479 2973 2546 dicis,
3009 2480 3109 2535 sed
3141 2480 3229 2534 ais
3262 2497 3276 2535 :
3310 2479 3644 2537 «Destruam

2008 2568 2214 2623 horrea
2242 2584 2390 2623 mea.
2420 2592 2447 2616 ››
2480 2568 2652 2623 Recte
2678 2568 2933 2624 destruis
2981 2585 3066 2635 ea,
3101 2586 3136 2623 a
3186 2568 3406 2640 quibus
3457 2568 3642 2624 nullus

2007 2674 2227 2729 pauper
2256 2662 2503 2713 onustus
2528 2656 2855 2711 revertitur.
2891 2657 3107 2712 Horrea
3134 2655 3466 2728 iniquitatis
3513 2661 3641 2712 sunt

2006 2743 2386 2816 receptacula,
2420 2762 2535 2800 non
2583 2744 2816 2815 pietatis
2866 2744 3151 2800 subsidia.
3183 2744 3358 2801 Recte
3405 2743 3641 2800 destruit

2006 2835 2106 2905 qui
2136 2833 2427 2905 sapienter
2455 2831 2738 2888 aedificare
2771 2848 2886 2888 non
2919 2832 3095 2888 novit.
3132 2832 3391 2889 Destruit
3419 2850 3526 2889 sua
3560 2833 3637 2887 di-

2002 2942 2119 2991 ves,
2155 2923 2252 2994 qui
2284 2923 2470 2978 nescit
2500 2926 2713 2978 aeterna
2765 2938 2777 2976 :
2831 2921 3080 2978 destruit
3124 2921 3334 2976 horrea
3381 2922 3483 2993 qui
3533 2937 3636 2978 non

2004 3013 2162 3068 novit
2191 3028 2299 3067 sua
2328 3012 2619 3067 frumenta
2648 3010 2925 3079 dividere,
2959 3011 3061 3064 sed
3094 3008 3383 3067 claudere.
3416 3033 3445 3060 ››

2072 3103 2160 3156 34.
2201 3123 2223 3151 α
2254 3101 2321 3155 Et
2351 3100 2594 3171 majora,
2627 3099 2837 3171 inquit,
2872 3099 3103 3155 faciam.
3142 3121 3162 3147 ιι
3201 3098 3426 3162 Infelix,
3459 3098 3545 3155 vel
3582 3099 3635 3153 id

1924 3170 1966 3236 (ἶ
2003 3191 2340 3262 dispensata
2371 3170 2745 3260 pauperibus,
2777 3188 2930 3258 quod
2975 3204 3077 3259 pro
3124 3192 3368 3259 sumptu
3400 3187 3633 3242 aediﬁca-

1999 3279 2177 3335 tionis
2205 3277 2686 3349 impendis.Dum
2718 3274 3090 3331 liberalitatis
3121 3275 3372 3347 gratiam
3405 3276 3634 3347 refugis,

1999 3369 2217 3424 damna
2238 3364 2636 3421 zedillcationis
2660 3363 2929 3419 exsolvis.

2067 3458 2155 3512 35.
2188 3456 2257 3510 Et
2284 3454 2508 3510 addidit
2556 3470 2569 3507 :
2633 3476 2653 3503 ι
2708 3452 2811 3509 Illo
2860 3453 3224 3525 congregabo
3271 3452 3472 3508 omnia
3517 3468 3634 3524 quae

1998 3550 2137 3601 nata
2184 3547 2325 3598 sunt
2367 3542 2533 3610 mihi,
2585 3546 2643 3597 et
2691 3540 2881 3598 dicam
2936 3541 3146 3596 animae
3190 3558 3331 3596 meae
3366 3558 3380 3597 :
3411 3540 3635 3610 Anima,

1996 3635 2179 3690 habes
2226 3631 2411 3687 multa
2463 3633 2633 3687 bona.
2690 3655 2711 3682 ι
2776 3630 3091 3685 Conficitur
3143 3646 3353 3686 avarus
3412 3644 3634 3701 semper

1996 3725 2258 3780 ubertate
2289 3724 2632 3793 proventum
2666 3718 2800 3790 (lli),
2834 3719 2974 3773 dum
3018 3716 3301 3772 vilitatem
3351 3716 3633 3773 alimoniae

1996 3812 2335 3869 calculatur.
2374 3808 2716 3865 Fecunditas
2746 3807 2903 3862 enim
2945 3807 3348 3863 universorum
3390 3810 3499 3874 est,
3523 3811 3631 3865 ste-

1995 3901 2181 3957 rilitas
2212 3899 2320 3957 soli
2351 3915 2519 3954 avaro
2568 3901 2655 3953 est
2700 3900 3052 3968 quaestuosa.
3086 3894 3419 3950 Delectatur
3450 3894 3635 3966 magis

1994 3990 2340 4049 enormitate
2371 3988 2895 4060 pretiorum,quam
2927 3984 3286 4040 abundantia
3305 3984 3631 4057 copiarum;

1995 4086 2050 4135 et
2082 4077 2303 4135 mavult
2331 4077 2545 4132 habere
2577 4076 2731 4148 quod
2764 4074 3132 4145 solus,quam
3163 4074 3316 4145 quod
3350 4091 3487 4130 cum
3516 4090 3637 4129 om-

1994 4169 2170 4225 nibus
2199 4164 2579 4222 vendat.Vide
2607 4164 2910 4219 timentem
2934 4179 3002 4217 ne
3021 4163 3346 4234 superﬂuat
3372 4161 3636 4227 cumulus

1994 4259 2446 4321 frumentorum,
2477 4268 2549 4308 ne
2589 4269 2766 4324 super
2813 4252 3021 4307 horrea
3069 4251 3405 4307 redundans
3450 4255 3637 4307 trans-

1996 4346 2277 4402 fundatur
2332 4343 2389 4396 in
2444 4357 2748 4413 pauperes,
2798 4344 2854 4394 et
2915 4338 3049 4395 boni
3105 4338 3355 4410 alicujus
3415 4339 3639 4396 occasio

1997 4432 2396 4505 indigentibus
2429 4430 2791 4500 acquiratur.
2821 4427 2939 4483 Soli
2972 4428 3082 4483 sibi
3116 4431 3319 4498 partus
3350 4432 3639 4483 terrarum

242 4519 407 4574 niant
436 4518 887 4590 inopes,intrent
917 4534 1225 4590 pauperes,
1249 4517 1510 4590 repleant
1528 4520 1695 4574 sinus
1726 4536 1886 4585 suos,
1919 4541 1963 4605 ι)
1991 4522 2251 4578 vindicat
2275 4521 2454 4590 dives,
2490 4536 2605 4577 non
2638 4534 2754 4590 quo
2784 4516 2911 4590 ipse
2941 4517 3025 4576 uti
3056 4516 3211 4589 velit,
3242 4516 3348 4575 sed
3376 4516 3511 4577 aliis
3537 4516 3641 4575 de-

242 4609 542 4665 dest‘ruam
592 4609 843 4678 parietes
891 4606 992 4678 qui
1040 4606 1358 4662 excludunt
1406 4607 1779 4664 esurientem.
1816 4608 1888 4665 Ut

243 4766 797 4840 margine,_satiatz'o.
831 4765 1057 4821 Eaedem
1100 4783 1235 4821 vero
1280 4766 1340 4840 in
1384 4784 1619 4838 corpore
1649 4767 1883 4840 habent,

238 4837 454 4894 sanatio
510 4837 721 4905 divitis,
778 4853 889 4909 non
940 4845 1016 4891 est
1064 4854 1182 4909 quae
1238 4839 1382 4891 sinat
1435 4837 1561 4893 eum
1625 4837 1883 4909 dormire,

244 4910 384 4967 LXX
452 4909 667 4979 Iuterp.
747 4908 927 4980 E9010.
1005 4908 1215 4975 v,’1'l.
1308 4920 1389 4980 mi
1460 4915 1528 4979 τῷ
1598 4908 1889 4980 ἐμπληθένεξ

239 4985 325 5030 τοῦ
390 4978 665 5041 πλουτῆσὰι
746 4978 836 5028 οὐκ
910 4981 1037 5027 ἔστιν
1110 4980 1263 5044 delum
1326 4979 1474 5027 αὐτὸν
1508 4978 1631 5028 710:5
1693 4980 1888 5046 ὑπνφῶ-

242 5079 340 5114 σαι.
372 5053 542 5110 Perro
574 5057 705 5124 post
734 5069 928 5108 vocem
960 5051 1221 5113 dormire,
1256 5067 1398 5105 mss.
1442 5050 1705 5124 plerique
1753 5053 1889 5109 boni

241 5125 342 5180 aevi
373 5123 598 5181 addunt
625 5125 778 5180 ista:
817 5126 1058 5194 Denique
1096 5123 1409 5192 ‘cvungelz‘co
1456 5123 1683 5178 utamur
1700 5140 1889 5191 exem-

236 5199 347 5270 plo,
381 5206 439 5252 ut
465 5199 752 5269 probemus
782 5196 1007 5270 diuitem
1043 5194 1421 5270 dormz’rernon
1445 5210 1634 5270 νοδέῑς.Δ
1652 5198 1724 5250 At
1753 5215 1887 5270 cum

238 5265 546 5323 videantur
575 5286 690 5324 non
721 5284 828 5323 suo
860 5265 983 5322 loco
1014 5266 1225 5336 posita,
1255 5269 1310 5320 et
1359 5265 1417 5320 in
1448 5265 1671 5321 multis
1710 5268 1886 5323 etiam

245 5357 386 5411 mss.
418 5347 475 5393 et
498 5340 725 5411 cunctis
756 5338 894 5394 edit.
918 5337 1351 5411 desiderentur,
1385 5338 1531 5411 satis
1571 5338 1887 5395 habuimus

242 5409 422 5476 hujus
452 5409 533 5462 rei
562 5409 834 5465 lectorem
864 5409 1197 5464 admonere.

314 5479 426 5550 (13)
452 5484 582 5534 Am.
631 5484 687 5534 et
730 5480 855 5534 Era.
908 5479 1071 5551 ﬁnito
1118 5478 1305 5551 capite
1353 5480 1487 5551 post
1531 5495 1728 5535 vocem
1759 5482 1884 5549 fru-

243 5549 446 5625 menta,
477 5549 1095 5625 sequens,.bis.verbis
1140 5549 1616 5625 auspicabantur,
1649 5553 1889 5610 Audz’unt

248 5621 363 5691 Iac
407 5617 601 5694 quibus
629 5617 1029 5694 .Dcds'totum,
1067 5624 1176 5679 etc.
1209 5617 1280 5678 Et
1326 5625 1479 5679 certe
1525 5620 1643 5679 illis
1695 5624 1889 5684 favent

565 5716 575 5737 ι

1996 4628 2227 4685 negare.

1996 4790 2139 4830 mss.
2192 4772 2413 4844 aliquot
2461 4773 2553 4826 sat
2596 4770 2759 4844 bonae
2811 4772 2997 4844 notae;
3030 4768 3326 4844 _sed_cum_
3364 4765 3640 4844 inrtpqlto

2041 4845 2265 4899 laribus
2289 4837 2362 4899 ea
2391 4859 2506 4896 non
2534 4841 2781 4911 reperire
2828 4839 2933 4907 sit;
2984 4838 3077 4911 hic
3120 4839 3193 4897 ab
3216 4839 3375 4909 edit.
3411 4837 3640 4894 Gill."ac

2041 4865 2265 4899 IUI'IDUS
2294 4865 2362 4899 ea.
2392 4865 2506 4896 ηυιι
2536 4865 2781 4911 ιᾙρυωιᾘ
2828 4865 2933 4907 διιδ
2984 4865 3077 4893 Ulli
3120 4865 3193 4897 du
3216 4865 3279 4909 νβ(

1998 4865 2163 4973 illam.
2190 4932 2304 4969 non
2335 4912 2600 4968 recedere
2631 4910 2916 4983 optimum
2950 4910 3139 4964 vivum
3171 4916 3279 4966 est.

2068 4986 2177 5059 (l4)
2211 4986 2425 5059 Omnes
2453 4983 2590 5039 edit.
2625 4982 2683 5038 et
2721 4982 2888 5054 pauci
2921 4998 3064 5036 mss.
3099 4983 3397 5059 gonﬁtctur
3441 4994 3642 5036 avarus

1994 5051 2203 5130 semper
2258 5057 2560 5130 ubertatem
2626 5051 3003 5130 promutuum,
3061 5051 3193 5130 ali_i__
3219 5068 3364 5130 mss.
3426 5066 3641 5130 magno

1999 5121 2265 5196 numero,
2299 5135 2363 5183 ut
2393 5143 2498 5184 nos
2528 5126 2586 5180 in
2620 5121 2797 5181 textu.
2832 5125 3054 5180 Rursus
3084 5123 3220 5196 edit.
3253 5127 3383 5178 Am.
3418 5127 3477 5179 et
3506 5121 3635 5196 Gil].

1995 5202 2053 5256 in
2087 5194 2270 5271 marg.
2306 5214 2613 5271 cummss.
2646 5197 2855 5261 tribus,
2890 5197 3098 5271 vilitate
3138 5194 3423 5271 alimoniae
3463 5195 3638 5271 calca;

1998 5278 2107 5328 tur.
2143 5263 2355 5327 Eadem
2388 5268 2521 5325 Gill.
2556 5268 2615 5322 in
2646 5283 2884 5340 corpore
2912 5272 2968 5322 et
2990 5267 3186 5340 item"
3218 5265 3486 5340 vilitatem
3532 5263 3637 5317 ali-

1995 5347 2192 5400 monia:
2241 5342 2630 5398 calumniatur.
2682 5336 2939 5409 Denique
2989 5338 3114 5409 Era.
3147 5340 3203 5393 et
3250 5336 3633 5409 reliquimss.

1999 5431 2242 5470 numero
2303 5418 2490 5484 atque
2530 5407 2878 5484 antiquitate
2933 5407 3253 5484 potiores...
3310 5407 3633 5484 calculalur.

1994 5486 2221 5542 Alicubi
2254 5477 2453 5555 tamen
2478 5477 3078 5555 legasfutz’litatcinp"
3114 5479 3352 5535 calcat...
3384 5483 3433 5537 et
3461 5477 3634 5535 calca-

1998 5559 2095 5628 lut,
2123 5557 2226 5615 sed
2251 5554 2461 5614 calami
2492 5552 2593 5612 aut
2612 5552 2959 5630 typographi
2986 5567 3145 5609 error
3172 5556 3281 5608 est.
