3866 6212
180 308 282 371 ΠἿ

243 441 323 496 36.
355 460 381 487 ι(
409 434 610 496 Habes.
647 456 675 483 )>
707 434 918 506 inquit,
980 456 1007 483 (‹

181 543 369 588 avarus
398 526 565 590 bona,
595 520 711 578 nisi
743 538 810 579 ea
841 538 974 594 qua;
1019 527 1360 594 quaestuosa
1385 527 1546 587 sunt,
1605 522 1793 578 nomi-

180 633 320 675 nare.
350 614 456 670 Sed
486 613 791 684 acquiesco
821 612 895 677 ei,
929 615 993 666 ut
1024 612 1177 667 bona
1206 611 1476 667 dicantur
1505 628 1632 683 quae
1657 614 1797 667 sunt

183 701 511 780 pecuniaria.
542 701 658 757 Cur
685 717 821 773 ergo
853 701 924 756 de
952 700 1126 756 bonis
1182 700 1371 755 facitis
1428 699 1603 766 mala,
1657 696 1791 755 cum

177 797 238 852 de
264 791 421 849 malis
451 791 605 846 bona
635 791 822 845 facere
852 788 1153 845 debeatis?
1172 788 1468 860 Scriptum
1491 794 1576 845 est
1604 788 1790 844 enim:

180 881 403 937 «Facite
443 877 607 933 vobis
664 878 883 933 amicos
942 876 1014 933 de
1066 893 1407 932 mammona
1463 876 1794 947 iniquitatis

174 972 307 1040 (Luc.
337 985 447 1035 xvr,
477 967 554 1034 9).
592 989 620 1014 »
652 966 716 1020 Ei
748 981 884 1037 ergo
915 965 1015 1036 qui
1051 965 1133 1020 uti
1167 964 1333 1031 sciat,
1392 965 1544 1019 bona
1602 969 1743 1020 sunt
1775 980 1788 1018 :

172 1060 216 1115 ei
242 1057 333 1131 qui
366 1054 446 1111 uti
477 1054 721 1120 nesciat,
757 1059 908 1109 recte
940 1052 1116 1109 mala.
1178 1076 1205 1104 ‹‹

168 1145 499 1219 pauperibus
527 1145 667 1211 (15),
693 1142 928 1214 justitia
954 1143 1083 1214 ejus
1143 1146 1342 1198 manet
1399 1142 1460 1198 in
1509 1146 1791 1197 aeternum

168 1235 319 1307 (Psal.
350 1249 457 1294 cxx.
490 1234 567 1302 9).
585 1231 732 1298 Quid
760 1232 868 1286 hoc
893 1229 1106 1287 melius
1127 1231 1155 1285 ?
1176 1232 1336 1287 Bona
1363 1234 1523 1291 sunt.
1559 1230 1605 1286 si
1631 1230 1785 1287 575

166 1321 500 1397 pauperibus
532 1319 822 1394 largiaris,
854 1320 915 1374 in
947 1336 1065 1391 quo
1094 1319 1200 1375 tibi
1231 1319 1559 1376 debitorem
1606 1319 1790 1375 Deum

165 1412 398 1485 quadam
428 1408 663 1482 pietatis
686 1407 1044 1465 feneratione
1073 1408 1419 1464 constituas.
1455 1409 1615 1464 Bona
1653 1412 1792 1463 sunt

162 1502 204 1555 si
232 1500 449 1572 aperias
479 1497 685 1552 horrea
711 1497 956 1566 justitiae
982 1500 1115 1562 tum,
1150 1501 1215 1551 ut
1245 1498 1326 1550 sis
1356 1495 1527 1568 panis
1572 1513 1789 1568 paupe-

162 1606 300 1657 rum,
330 1587 443 1642 vita
473 1587 791 1659 egentium,
840 1584 1045 1641 oculus
1097 1600 1404 1655 caecorum,
1451 1586 1785 1640 orbatorum

159 1677 451 1733 infantium
483 1680 675 1749 pater:

218 1794 299 1847 37.
331 1792 518 1848 Habes
553 1791 706 1847 unde
739 1791 936 1860 facias,
971 1792 1111 1864 quid
1140 1791 1356 1848 vereris
1378 1792 1405 1845 ‘?
1424 1791 1550 1846 Tua
1570 1795 1628 1847 te
1652 1807 1788 1846 voce
1817 1794 1865 1858 Β

154 1879 433 1937 convenio.
462 1880 657 1935 Habes
688 1878 876 1934 multa
906 1879 1060 1934 bona
1092 1880 1150 1933 in
1181 1896 1366 1935 annos
1411 1878 1628 1934 multos
1684 1896 1786 1951 po-

152 1971 274 2035 sita,
304 1974 467 2041 potes
496 1972 557 2024 et
585 1967 691 2023 tibi
724 1972 780 2023 et
809 1966 940 2022 aliis
974 1968 1297 2022 abundare.
1334 1967 1524 2022 Habes
1587 1968 1784 2022 fecun-

153 2058 377 2114 ditatem
402 2056 726 2130 publicam,
755 2056 895 2128 quid
929 2055 1188 2112 destruis
1228 2055 1439 2111 horrea
1467 2059 1571 2111 tua
1598 2057 1625 2111 ‘I
1681 2056 1785 2110 Os-

150 2147 311 2202 tendo
338 2146 446 2202 tibi
478 2145 584 2201 ubi
616 2144 828 2206 melius
860 2150 962 2199 tua
992 2145 1289 2200 frumenta
1320 2145 1637 2212 custodias,
1686 2144 1787 2198 ubi

148 2236 284 2292 bene
315 2235 532 2307 sepiae,
570 2239 635 2289 ut
666 2233 821 2288 fures
853 2250 920 2288 ea
949 2233 1054 2288 tibi
1104 2234 1331 2289 auferre
1361 2250 1477 2288 non
1534 2231 1783 2305 possint.

148 2324 370 2380 lnclude
400 2341 470 2379 ea
499 2323 562 2378 in
597 2322 768 2378 corde
799 2338 1144 2393 pauperum,
1178 2322 1276 2376 ubi
1304 2338 1372 2376 ea
1413 2319 1614 2376 nullus
1642 2337 1785 2393 gur-

146 2413 294 2486 gulio
325 2416 724 2475 consummat,
757 2409 920 2465 nulla
948 2415 1286 2483 corrumpat
1333 2414 1612 2465 vetustas.
1675 2410 1785 2465 Ha-

146 2503 237 2557 bes
267 2501 574 2574 apotheas,
608 2500 850 2570 inopum
883 2499 1051 2553 sinus
1086 2516 1098 2554 :
1162 2498 1344 2554 habes
1376 2497 1676 2570 apotbeas,
1710 2497 1788 2551 vi-

146 2592 383 2645 duarum
416 2589 630 2643 domos
664 2605 677 2642 ε
710 2587 891 2642 habes
935 2586 1235 2658 apoth'eas,
1284 2604 1399 2649 ,ora
1448 2586 1784 2653 infantium,

142 2679 447 2734 utdicatur
477 2677 591 2731 tibi
626 2692 639 2730 :
677 2698 707 2725 ‹‹
737 2676 817 2730 Ex
838 2692 936 2730 ore
985 2676 1299 2731 infantium
1334 2681 1388 2730 et
1444 2674 1786 2731 iacientium

136 2766 417 2838 perfecisti
449 2765 694 2822 laudem
721 2765 888 2835 (Psat.
921 2781 1043 2829 VIII,
1074 2765 1151 2836 3).
1191 2765 1320 2819 Ista:
1354 2766 1493 2819 sunt
1554 2762 1790 2835 apothe-

134 2873 370 2928 eamque
402 2857 697 2910 maneant
726 2853 782 2907 in
815 2857 1095 2908 mternum
1131 2870 1145 2906 :
1203 2852 1317 2906 ista
1373 2851 1602 2918 horrea,
1663 2867 1789 2922 quas

138 2945 457 3001 fecunditas
490 2944 696 2998 futura
716 2959 830 2997 non
861 2942 1147 2997 destruat.
1196 2940 1341 2995 Nam
1375 2939 1515 3011 quid
1571 2940 1787 2995 iterum

138 3033 330 3101 facias,
363 3033 412 3089 si
446 3031 555 3088 tibi
587 3030 722 3103 plus
768 3034 973 3086 natum
1026 3027 1204 3085 fuerit
1262 3045 1416 3083 anno
1466 3027 1790 3099 sequenti?

139 3122 345 3177 Iterum
376 3137 519 3194 ergo
551 3122 611 3174 et
638 3117 741 3174 illa
766 3119 1054 3184 destrues,
1086 3134 1212 3189 quae
1250 3133 1408 3172 nunc
1438 3116 1627 3172 facere
1676 3131 1785 3188 pa—

136 3227 243 3278 ras,
277 3213 334 3267 et
363 3210 598 3280 majora
626 3207 823 3263 facies.
855 3206 965 3262 Dat
992 3205 1149 3262 enim
1201 3205 1307 3260 tibi
1367 3205 1782 3261 fecunditatem

135 3299 302 3367 Deus,
353 3303 421 3353 ut
489 3302 595 3354 aut
657 3297 851 3350 vincat
917 3300 1018 3350 aut
1074 3294 1423 3350 condemnet
1477 3292 1782 3348 avaritiam

136 3392 289 3443 tuam
325 3406 339 3455 ;
372 3404 495 3459 quo
526 3385 965 3441 excusationem
998 3383 1213 3438 habere
1255 3399 1368 3437 non
1428 3381 1618 3453 possis
1652 3399 1664 3436 :
1721 3385 1785 3436 tu

68 3536 77 3551 ι
134 3493 259 3533 vero
288 3478 448 3550 quod
483 3493 592 3549 per
624 3480 677 3530 te
706 3472 908 3528 multis
934 3473 1095 3528 nasci
1126 3470 1329 3539 voluit,
1362 3470 1467 3526 tibi
1526 3470 1634 3526 soli
1698 3486 1783 3525 re-

138 3580 346 3633 servas,
379 3565 505 3620 imo
539 3567 600 3618 et
628 3561 731 3617 tibi
763 3560 972 3618 adimis
1004 3579 1018 3627 ;
1081 3559 1270 3632 magis
1322 3559 1477 3616 enim
1527 3575 1788 3616 scrvares

135 3654 254 3724 tibi,
285 3672 332 3709 ει
363 3650 772 3725 dispertireris
802 3649 954 3706 aliis.
994 3650 1285 3705 Bonorum
1347 3648 1503 3703 enim
1561 3649 1787 3703 fructus

138 3758 446 3799 munerum
479 3742 543 3797 in
574 3755 675 3796 eos
704 3740 865 3811 ipsos
885 3738 985 3811 qui
1017 3736 1389 3793 contulerint.
1422 3740 1791 3792 revertuntur

135 3835 189 3886 et
216 3833 410 3904 gratia
440 3828 822 3887 liberalitatis
854 3829 913 3882 in
956 3830 1251 3889 auctorem
1284 3824 1434 3880 redit
1486 3824 1621 3895 (16),
1680 3823 1792 3878 De-s

138 3918 304 3992 nique
332 3920 632 3993 scriptum
664 3920 799 3972 est:
854 3939 881 3965 «
948 3915 1240 3971 Seminate
1297 3912 1465 3968 vobis
1494 3912 1564 3967 ad
1612 3912 1788 3982 justi-

135 4008 268 4063 tiam
303 4009 465 4077 (Osee
495 4024 558 4075 x,
592 4006 700 4075 42).
738 4026 766 4054 ››
798 4004 934 4059 Esto
994 4001 1275 4074 spiritalis
1335 3999 1610 4073 agricola,
1666 4015 1791 4055 sere

138 4098 286 4166 quod
316 4096 429 4152 tibi
465 4095 679 4169 prosit.
718 4094 876 4148 Bona
918 4091 1067 4148 satio
1122 4091 1180 4146 in
1241 4090 1413 4145 corde
1455 4087 1786 4143 viduarum.

136 4184 189 4239 Si
218 4189 376 4241 terra
405 4185 519 4240 tibi
554 4181 749 4237 reddit
782 4182 1005 4236 fructus
1037 4179 1336 4235 uberiores
1385 4193 1565 4249 quam
1624 4193 1790 4232 acce—

138 4275 302 4345 perit,
363 4276 597 4347 quanto
657 4270 844 4342 magis
932 4267 1344 4324 misericordiae
1403 4264 1794 4322 remuneratio

134 4363 332 4420 reddet
361 4358 863 4432 multiplicatiora
893 4374 1021 4430 quae
1060 4355 1292 4412 dederis
1327 4355 1339 4409 !

738 4511 816 4565 CA
828 4508 966 4565 PUT
1025 4507 1173 4564 VIII.

139 4630 541 4699 lncogitantem
573 4643 809 4683 avarum
837 4632 1012 4699 morte
1042 4623 1492 4699 urget-gemitque
1513 4622 1644 4692 jure
1662 4620 1801 4676 stul-

206 4694 323 4756 ιηῖη
352 4701 600 4756 vocitari
630 4701 925 4753 memorato
955 4694 1242 4764 Evangelii
1262 4695 1375 4749 loco
1404 4711 1422 4747 :
1448 4702 1649 4765 quanto
1686 4708 1797 4748 me-

208 4773 320 4827 lius
345 4774 619 4844 pecunia:
647 4769 1083 4844 distribuantur,
1107 4782 1271 4844 quam
1300 4766 1656 4844 retineantur
1677 4784 1718 4844 ί.
1752 4771 1805 4844 et

208 4834 378 4915 quain
401 4845 598 4913 inepte
618 4856 733 4896 sese
762 4840 830 4895 ab
861 4834 1225 4910 impertienda
1262 4836 1605 4915 eleemosyna
1656 4834 1799 4889 divi-

206 4919 287 4969 tes
315 4921 611 4970 excusent.

207 5047 297 5102 38.
330 5045 590 5111 Deinde,
646 5043 844 5113 homo,
898 5041 1090 5098 nescis
1149 5040 1288 5112 quia
1344 5043 1511 5095 terrae
1570 5042 1804 5110 partum

139 5135 425 5208 praevenit
456 5134 590 5190 dies
604 5132 830 5199 mortis,
850 5129 1253 5188 misericordia
1275 5132 1471 5185 autem
1502 5127 1804 5183 incursum

211 5333 329 5405 (15)
361 5332 596 5391 Omnes
626 5330 790 5398 edit.,
824 5332 921 5403 qui
948 5332 1031 5387 uti
1058 5328 1211 5405 sciat.
1245 5329 1421 5385 multa
1459 5327 1607 5405 _b_0na
1658 5329 1805 5405 sunt.

142 5400 285 5474 Quid
304 5400 414 5462 hoc
443 5405 652 5477 melius
675 5400 843 5471 bono,
865 5406 913 5458 si
933 5403 1289 5477 pauperibus,
1321 5406 1425 5457 etc.
1459 5402 1598 5458 Mss.
1620 5400 1809 5473 magis

144 5478 533 5550 appositegut
564 5474 620 5550 in
651 5479 831 5550 textu.

238 5549 330 5623 16)
364 5546 562 5623 Edit.,_
585 5546 940 5623 ingauctorem
969 5542 1099 5602 boni
1125 5544 1302 5616 (meris
1329 5542 1488 5623 redit.

140 5616 284 5680 Mss.
313 5616 507 5678 voces
542 5616 668 5674 boni
696 5620 873 5692 aperis
904 5633 1019 5673 non
1050 5620 1396 5689 agnoscunt.

480 5742 755 5830 mmet,
800 5741 966 5826 XIV!

1178 298 1407 362 LIBER
1450 300 1551 360 DE
1596 296 1963 362 NABUTHE
2006 302 2510 365 JEZRAELITA.

1063 434 1249 489 multa
1303 435 1473 490 bona.
1512 458 1540 485 ››
1597 432 1791 490 Nescit
1818 432 1873 499 Α
1904 433 2110 491 mortis
2143 433 2447 490 excludit?
2477 434 2782 491 Assistunt
2801 436 2929 507 jam
2962 433 3062 507 qui
3087 437 3394 507 reposcant
3423 433 3546 488 ani-

3424 296 3549 363 778

1905 540 2061 579 mam
2095 528 2363 587 tuam,‘et
2392 530 2447 579 lu
2482 524 2673 579 adhuc
2705 524 2905 580 differs
2928 540 3168 596 operum
3202 523 3425 578 fructus
3453 525 3545 577 tu-

1902 628 2093 667 orum.
2126 612 2333 666 Adhuc
2361 616 2423 667 tu
2455 612 2535 667 ibi
2566 616 2831 684 tempora
2861 612 3088 668 vivendi
3138 610 3315 683 longa
3366 613 3547 666 meta-

1902 699 2178 771 ris(i7)?
2219 722 2247 749 «
2307 699 2517 765 Stulte,
2575 700 2684 756 hac
2738 705 2905 756 nocte
2961 704 3249 773 repetunt
3288 698 3545 754 animam

1902 791 2125 844 tuama
2153 791 2210 843 te
2249 790 2405 860 (Luc.
2464 806 2562 856 xu,
2612 789 2726 861 20).
2771 794 2925 845 Bene
2969 791 3051 844 ait
3105 792 3319 857 nocte;
3379 790 3548 844 nocte

1902 876 2058 932 enim
2086 877 2285 932 anima
2315 877 2471 932 avari
2503 879 2827 949 reposcitur
2857 895 2869 933 :
2904 895 2939 933 a
2966 878 3222 934 tenebris
3250 876 3477 949 incipit,
3491 880 3548 931 et

1902 965 1958 1020 in
1992 965 2245 1020 tenebris
2277 972 2621 1037 perseverat.
2642 968 2827 1022 Avaro
2860 983 3091 1038 semper
3121 983 3233 1021 nox
3262 969 3351 1021 est
3381 983 3395 1033 ;
3420 964 3547 1021 dies

1265 1053 1573 1125 Dispersit,
1635 1054 1795 1108 dedit
1894 1053 2081 1123 justo,
2116 1052 2207 1108 cui
2238 1053 2454 1108 dicitur
2481 1070 2493 1107 :
2528 1077 2557 1103 «
2588 1059 2799 1122 Amen,
2826 1072 2993 1111 amen
3026 1055 3155 1110 dico
3188 1054 3313 1121 tibi,
3371 1053 3544 1109 hodie

1901 1158 2133 1197 mecum
2164 1142 2278 1197 eris
2309 1142 2367 1196 in
2381 1142 2652 1213 paradiso
2667 1146 2820 1212 (Luc.
2851 1160 3011 1208 xxm,
3033 1143 3141 1213 i3),
3167 1165 3195 1191 ››
3227 1173 3296 1183 -
3328 1165 3355 1192 ‹‹
3385 1140 3541 1198 Stul-

1899 1235 1997 1285 tus
2027 1234 2222 1285 autem
2255 1230 2408 1286 sicut
2437 1231 2579 1287 luna
2610 1236 2873 1288 mutatur
2898 1233 3096 1303 (Eccli.
3131 1249 3306 1299 xxvn,
3336 1232 3426 1302 42)
3463 1246 3476 1285 :
3511 1253 3534 1282 ι

1901 1349 1967 1360 -
1997 1318 2197 1389 «justi
2232 1322 2429 1374 autem
2458 1319 2765 1391 fulgebunt
2794 1321 2949 1375 sicut
2979 1319 3065 1375 sol
3109 1319 3167 1374 in
3200 1335 3377 1392 regno
3412 1318 3542 1375 'Pa-

1898 1406 2005 1462 tris
2036 1406 2125 1461 sui
2160 1407 2366 1477 (Matth.
2400 1425 2521 1475 xm,
2555 1409 2663 1479 43).
2702 1430 2730 1457 »
2760 1408 2933 1464 Recte
2964 1408 3233 1481 arguitur
3256 1406 3543 1475 stultitim,

1899 1496 1998 1567 qui
2031 1495 2087 1549 in
2123 1497 2532 1551 manducando
2565 1501 2621 1553 et
2650 1497 2902 1553 bibendo
2935 1496 3137 1552 locaril
3166 1513 3327 1568 spem
3348 1512 3541 1552 suam.

1898 1585 1966 1638 Et
1996 1584 2121 1639 ideo
2146 1584 2195 1639 ei
2224 1589 2457 1657 tempus
2490 1584 2693 1640 mortis
2721 1589 2980 1658 urgetur,
3014 1585 3336 1640 secundum
3386 1583 3542 1655 quod

1896 1671 2116 1728 dictum
2153 1676 2241 1727 est
2262 1674 2334 1727 ab
2366 1674 2510 1745 ipsis
2540 1674 2639 1745 qui
2672 1674 2820 1746 gulae
2853 1674 3112 1729 serviunt
3140 1690 3152 1727 ε
3206 1696 3235 1723 ‹‹
3296 1672 3542 1728 Mandu-

1897 1777 2096 1816 cemus
2123 1766 2178 1815 et
2207 1761 2502 1826 bibamus,
2536 1778 2664 1817 cras
2693 1763 2850 1817 enim
2884 1761 3203 1817 moriemur
3232 1762 3342 1833 (Isa
3399 1778 3540 1828 XXII,

1897 1850 2005 1919 l3).
2041 1847 2083 1899 ››”
2106 1850 2278 1905 Recte
2305 1850 2522 1905 dicitur
2552 1850 2791 1917 stultus,
2830 1850 2967 1924 quia
2998 1851 3209 1907 animae
3240 1868 3358 1907 suae
3416 1868 3542 1907 cor-

1895 1937 2117 2008 poralia
2145 1939 2579 2006 subministrat,
2614 1940 2753 2011 quia
2788 1941 3048 1996 recondit
3079 1957 3207 2012 quae
3271 1940 3364 1995 cui
3424 1956 3543 1997 ser-

1896 2027 2031 2096 viet,
2066 2027 2317 2100 ignorat.

1969 2206 2142 2261 me.
2173 2206 2262 2258 39.
2297 2206 2367 2260 Et
2399 2205 2525 2261 ideo
2557 2208 2608 2261 ei
2642 2207 2858 2262 dicitur
2890 2224 2903 2262 :
2939 2230 2967 2257 ‹‹
3001 2210 3135 2275 Quae
3191 2188 3387 2265 autem
3437 2225 3537 2280 pa-

1896 2294 2061 2357 rasti,
2093 2294 2263 2363 cujus
2292 2299 2464 2348 erunt
2493 2295 2637 2365 (Luc.
2670 2312 2771 2361 xn,
2804 2296 2895 2367 20)
2918 2296 2947 2351 ?
2993 2318 3015 2347 ι
3077 2297 3224 2360 Quid
3283 2296 3542 2369 quotidie

1896 2382 2141 2447 metiris,
2175 2387 2233 2437 et
2262 2399 2559 2450 numeras,
2577 2388 2634 2438 et
2662 2384 2986 2455 obsignas?
3008 2385 3154 2449 Quid
3190 2401 3401 2441 aurum
3423 2389 3542 2441 tru-

1896 2472 2072 2531 tinas,
2106 2475 2413 2541 argentum
2449 2473 2737 2543 ponderas
2769 2474 2797 2527 ‘I
2827 2475 3052 2538 Quanto
3084 2472 3296 2529 melius
3343 2479 3434 2530 est
3463 2474 3539 2530 li-

1896 2559 2149 2615 beralem
2178 2575 2305 2613 esse
2325 2558 2809 2631 dispensatorem,
2825 2577 3002 2631 quam
3016 2561 3333 2617 sollicitum
3352 2567 3543 2618 custo-

1896 2648 2029 2703 dem
2064 2647 2390 2711 iQuantum
2425 2648 2528 2703 tibi
2563 2649 2866 2719 prodesset
2895 2649 2966 2704 ad
3024 2651 3294 2722 gratiam,
3326 2650 3542 2721 multoe

1897 2753 2026 2791 rum
2061 2735 2417 2807 pupillorum
2448 2741 2671 2808 patrem
2706 2738 3020 2803 nominari,
3053 2754 3232 2810 quam
3265 2739 3539 2795 innume-

1896 2841 1992 2880 ras
2025 2829 2272 2880 staterae
2302 2825 2362 2878 in
2395 2825 2625 2880 sacculo
2669 2825 3008 2896 obsignatas
3037 2826 3253 2883 habere
3284 2828 3296 2882 ι
3355 2828 3537 2883 Pecu-

1898 2916 1996 2969 nia
2026 2912 2238 2969 etenim
2264 2912 2359 2967 hic
2390 2912 2744 2983 relinquitur
2770 2932 2784 2969 :
2816 2915 3004 2987 gratia
3038 2919 3236 2971 autem
3293 2932 3537 2989 operum

1898 3003 2186 3058 bonorum
2212 3001 2517 3058 nobiscum
2552 3003 2620 3057 ad
2647 3003 2907 3073 judicem
2942 3004 3135 3059 meriti
3168 3004 3449 3061 defertur.

1815 3161 1859 3228 C
1968 3177 2057 3232 40.
2081 3178 2192 3233 Sed
2227 3177 2473 3233 fortasse
2502 3178 2683 3242 dicas,
2718 3178 2873 3248 quod
2903 3177 3076 3250 vulgo
3107 3178 3310 3235 soletis
3380 3179 3538 3235 dice-

1896 3282 1975 3322 re.
2008 3266 2133 3322 Non
2165 3267 2449 3322 debemus
2478 3266 2529 3321 ei
2561 3267 2800 3333 donare,
2834 3266 2930 3320 cui
2961 3266 3115 3322 Deus
3162 3266 3246 3322 ita
3298 3266 3541 3323 maledi-

1893 3354 2070 3423 xit,ut
2097 3371 2230 3411 cum
2254 3370 2420 3425 egere
2441 3354 2628 3410 vellet.
2662 3354 2772 3409 Sed
2804 3371 2920 3410 non
2944 3370 3229 3426 pauperes
3260 3354 3541 3411 maledic-

1894 3444 1959 3511 ti,
1994 3460 2126 3498 cum
2157 3444 2441 3515 scriptum
2476 3443 2553 3498 sit
2590 3460 2603 3498 :
2640 3466 2668 3492 ‹‹
2720 3442 2880 3498 Beati
2948 3460 3234 3515 pauperes
3298 3443 3533 3516 spiritu,

1896 3531 2174 3602 quoniam
2205 3531 2465 3602 ipsorum
2498 3536 2587 3587 est
2618 3548 2864 3604 regnum
2915 3531 3194 3588 caelorum
3247 3532 3451 3604 (Matth.
3485 3549 3540 3602 v,

1894 3622 1970 3691 3).
2002 3642 2029 3669 »
2060 3621 2185 3676 Non
2218 3621 2288 3676 de
2318 3637 2593 3692 paupere,
2628 3620 2726 3675 sed
2762 3622 2834 3676 de
2865 3620 3041 3677 divite
3098 3621 3401 3694 Scriptura
3456 3620 3544 3676 di-

1896 3710 2021 3764 cit:
2055 3732 2082 3759 ‹‹
2116 3709 2369 3781 Captans
2417 3708 2605 3780 pretia
2664 3709 2966 3776 frumenti,
3023 3709 3370 3766 maledictus
3429 3708 3542 3765 erit

1896 3801 2078 3867 (Prov.
2102 3815 2177 3861 xx,
2209 3799 2321 3869 26).
2358 3820 2386 3847 »
2418 3798 2634 3853 Deinde
2665 3815 2781 3853 non
2830 3798 3095 3869 requiras
3155 3798 3298 3869 quid
3357 3814 3543 3853 unus-

1899 3886 2149 3958 quisque
2180 3890 2493 3941 mereatur.
2527 3886 2929 3941 Misericordia
2959 3903 3073 3941 non
3105 3887 3177 3941 de
3207 3886 3434 3942 meritis
3457 3886 3551 3957 ju-

1899 3974 2092 4029 dicare
2123 3973 2441 4041 consuevit,
2468 3974 2567 4028 sed
2592 3974 2996 4029 necessatibus
3017 3973 3329 4029 subvenire
3354 3990 3367 4029 :
3382 3972 3551 4043 juva-

1903 4078 1963 4117 re
1985 4078 2322 4133 pauperem,
2359 4078 2475 4117 non
2522 4060 2852 4115 examinare
2893 4060 3210 4132 justitiam.
3252 4059 3549 4132 Scriptum

1902 4155 1991 4207 est
2011 4149 2253 4205 enim:«
2281 4151 2487 4205 Beatus
2508 4150 2608 4219 qui
2657 4148 2933 4220 intelligit
2981 4165 3158 4219 super
3196 4164 3450 4220 egenum
3492 4152 3552 4203 et

1902 4254 2215 4311 pauperem
2243 4238 2412 4308 (Psat.
2437 4254 2525 4305 XL,
2548 4237 2625 4307 2).
2653 4258 2679 4285 ››
2704 4236 2845 4299 Quis
2861 4246 2951 4291 est
2972 4228 3069 4308 qui
3093 4234 3418 4308 intelligit?
3436 4235 3546 4299 Qui

1903 4327 2255 4399 compatitur
2275 4327 2347 4392 ei,
2373 4326 2475 4396 qui
2500 4324 2748 4380 advertit
2768 4329 3099 4381 consortem
3133 4340 3262 4381 esse
3303 4328 3549 4392 natura),

1907 4416 2008 4488 qui
2030 4414 2329 4487 cognoscit
2344 4414 2494 4486 quod
2519 4418 2575 4469 et
2603 4413 2841 4469 divitem
2864 4417 2922 4468 et
2941 4429 3258 4486 pauperem
3277 4413 3414 4469 fecit
3434 4413 3552 4468 Do-

1909 4502 2129 4569 minus,
2154 4501 2255 4574 qui
2273 4501 2382 4557 scit
2401 4501 2557 4573 quod
2580 4501 2905 4557 sanctiﬁcat
2928 4501 3154 4557 fructus
3175 4518 3336 4571 suos,
3382 4501 3433 4558 si
3482 4501 3553 4557 de

1907 4592 2001 4647 his
2021 4591 2234 4648 delibet
2254 4590 2516 4663 aliquam
2532 4608 2641 4663 pau
2655 4591 2889 4662 peribus
2906 4591 3407 4664 portionem.Ergo
3419 4606 3553 4646 cum

1908 4680 2126 4736 habeas
2150 4679 2304 4735 unde
2326 4679 2679 4747 benefacias,
2696 4696 2766 4735 ne
2788 4679 3025 4735 differas
3039 4680 3239 4736 dicens
3259 4697 3271 4734 :
3299 4679 3440 4736 Cras
3461 4678 3557 4733 da-

1912 4769 1985 4823 bo
2012 4786 2026 4836 ;
2049 4785 2122 4823 ne
2142 4766 2426 4840 largiendi
2450 4768 2688 4823 amittas
2709 4767 2959 4840 copiam.
2990 4766 3322 4824 Periculosa
3368 4771 3457 4823 est
3483 4766 3556 4821 de

1912 4856 2153 4913 alterius
2184 4854 2372 4912 salute
2392 4856 2615 4912 dilatio.
2648 4856 2845 4913 Potest
2870 4856 2993 4913 ﬁeri
3020 4861 3104 4926 ut,
3135 4857 3277 4912 dum
3319 4860 3383 4910 tu
3439 4853 3555 4909 dif-

1914 4946 2050 5008 fers,
2081 4945 2177 5000 ille
2210 4943 2514 5001 moriatur.
2549 4945 2735 5016 Magis
2766 4949 2898 5001 ante
2943 4948 3187 5000 mortem
3246 4958 3557 5015 priscurre,

1913 5049 1986 5089 ne
2016 5032 2161 5087 forte
2191 5032 2434 5088 avaritia
2464 5038 2519 5088 te
2551 5037 2607 5088 et
2631 5049 2759 5088 cras
2818 5031 3118 5103 impediat,
3152 5035 3209 5087 et
3267 5030 3560 5103 promissa

1915 5120 2279 5177 fraudentur.
3158 5144 3161 5145 ν

1988 5319 2100 5393 (17)
2132 5314 2748 5393 Rom.edit.,_t_empora
2778 5314 3001 5393 vivendi
3043 5318 3216 5393 l_ong_a_
3263 5317 3557 5389 promittis.

1916 5388 2045 5454 Ve't.
2078 5388 2212 5447 cum
2260 5406 2403 5445 mss.
2459 5388 2748 5460 eliquat...
2807 5390 3107 5445 meditaris.
3161 5388 3303 5445 Mss.
3365 5395 3561 5446 autem

1919 5461 2339 5538 complures...
2372 5459 2605 5538 metiris.
2638 5465 2714 5538 At
2762 5461 3026 5519 omnium
3068 5459 3558 5538 antiquissimi...

1918 5532 2162 5594 metiris.
2195 5536 2329 5602 Quae
2360 5532 2786 5610 signiﬁcatione
2814 5549 3018 5610 parum
3052 5532 3347 5592 differunt.

3166 5729 3245 5805 25
