3866 6212
396 264 519 390 7713-

1039 416 1267 475 CAPUT
1307 416 1395 474 IX.

401 505 672 580 Quomodo
699 508 939 571 Iezabel,
970 524 1090 580 qua:
1110 515 1187 564 est
1215 508 1472 573 avaritia,
1506 506 1771 580 divi/ibus
1828 522 2039 580 posses-

468 579 761 705 segionem
782 596 949 652 quam
978 577 1167 635 contra
1184 581 1469 652 justitiam
1506 578 1843 642 desiderant,
1872 577 2038 646 polli-

469 665 529 704 ce
587 666 675 705 ur.

470 773 557 829 41,
590 774 703 829 Sed
736 774 875 846 quid
920 774 1131 835 dicam.
1177 791 1251 830 ne
1306 775 1542 830 differas
1579 771 1984 828 liberelitatem
2016 770 2044 824 ?

397 860 631 918 Utinam
662 879 779 918 non
820 879 1172 936 approperes
1231 863 1497 936 rapinam
1536 878 1551 917 :
1608 861 1833 915 utinam
1888 861 2041 932 quod

397 948 784 1020 concupieris,
817 965 932 1004 non
960 954 1307 1021 extorqueas
1341 966 1354 1005 :
1386 949 1614 1003 utinam
1647 947 1903 1003 alienum
1926 964 2040 1001 non

396 1039 581 1108 petas,
615 1042 889 1109 negatum
926 1038 1336 1110 praetermittas,
1371 1042 1710 1093 excusatum
1761 1034 2045 1107 patienter

398 1124 550 1180 feras
574 1141 690 1180 non
726 1125 934 1181 audias
961 1125 1124 1180 illam
1155 1124 1408 1191 Jezabel,
1454 1143 1580 1198 quae
1638 1128 1725 1179 est
1782 1122 2040 1189 avaritia,

400 1212 656 1284 quodam
687 1212 969 1285 proﬂuvio
1001 1213 1114 1281 (l8)
1143 1214 1418 1268 vanitatis
1450 1214 1740 1268 dicentem
1795 1228 1808 1266 :
1842 1234 1869 1260 ‹‹
1923 1212 2043 1281 Ego

399 1301 504 1355 tibi
537 1301 690 1355 dabo
726 1301 1158 1371 possessionem
1218 1318 1393 1373 quam
1452 1301 1753 1355 desideras
1787 1300 1884 1369 (ll!
1912 1302 2038 1370 Reg.

398 1404 515 1451 XXI,
549 1391 605 1460 7)
638 1390 650 1444 Ξ
684 1410 706 1439 ι
743 1391 828 1444 Tu
864 1390 1049 1445 tristis
1081 1407 1163 1457 es,
1196 1389 1333 1461 quia
1365 1391 1449 1443 vis
1483 1405 1818 1444 mensuram
1850 1388 2040 1443 consi-

398 1478 600 1533 derare
624 1478 889 1547 justitiaa,
925 1483 987 1531 ut
1012 1477 1265 1533 alienum
1301 1495 1415 1533 non
1439 1478 1651 1550 eripias
1685 1494 1698 1532 :
1726 1493 1832 1548 ego
1858 1476 2042 1532 habeo

398 1580 528 1620 mea
551 1566 708 1636 jura,
745 1565 931 1620 habeo
964 1583 1124 1622 meas
1148 1566 1305 1639 leges
1341 1585 1353 1624 :
1388 1565 1793 1621 calumniabor
1818 1571 1879 1619 ut
1909 1582 2041 1636 spo-

395 1653 531 1709 liem
566 1672 581 1721 ;
624 1659 679 1708 et
710 1659 773 1709 ut
806 1655 1098 1725 possessio
1131 1655 1405 1726 pauperis
1432 1655 1732 1727 eripiatur,
1765 1654 1880 1708 vita
1911 1653 2041 1726 pul-

397 1744 644 1797 sa'oitur.

470 1832 558 1886 42;
591 1830 738 1896 Quid
772 1831 929 1886 enim
962 1830 1117 1887 aliud
1153 1832 1210 1886 in
1242 1832 1341 1886 illa
1367 1832 1628 1902 historia,
1656 1833 1765 1887 nisi
1791 1832 2037 1887 divitum

398 1919 639 1975 avaritia
668 1920 1039 1986 describitur,
1090 1937 1216 1992 qua:
1244 1926 1333 1974 est
1389 1937 1603 1975 vanum
1664 1920 2035 1992 profluvium.

397 2008 553 2081 quod
583 2008 783 2063 omnia
814 2008 973 2062 fluvii
1008 2010 1180 2063 modo
1213 2010 1421 2079 rapiat,
1447 2012 1503 2063 et
1532 2007 1678 2063 nulli
1721 2008 1849 2064 usui
1906 2025 2038 2081 pro-

395 2097 595 2162 futura
622 2097 966 2152 transducat
991 2097 1020 2151 ?
1070 2097 1197 2151 Haec
1230 2102 1318 2151 est
1347 2097 1577 2151 Jezabel
1612 2114 1727 2152 non
1758 2114 1895 2164 una,
1939 2098 2040 2153 sed

398 2184 749 2256 multiplex:
784 2202 900 2240 non
950 2183 1128 2239 unius
1186 2185 1488 2255 temporis,
1549 2186 1649 2239 sed
1710 2189 2040 2256 temporum

400 2272 788 2345 plurimorum
824 2289 838 2327 :
873 2271 992 2326 haec
1023 2271 1297 2327 omnibus
1328 2272 1486 2338 dicit,
1539 2273 1691 2328 sicut
1746 2273 1844 2328 illa
1899 2273 2045 2328 dixit

398 2362 521 2417 viro
553 2377 659 2416 suo
697 2360 895 2415 Achab
927 2378 939 2416 :
975 2383 1003 2411 ‹‹
1045 2362 1247 2433 Surge,
1282 2362 1571 2416 manduca
1602 2379 1834 2432 panem,
1867 2367 1924 2417 et
1955 2378 2042 2417 re-

399 2449 458 2506 di
489 2450 561 2506 ad
591 2454 646 2505 te
677 2467 691 2505 :
724 2465 831 2523 ego
858 2450 1008 2505 dabo
1040 2450 1141 2504 tibi
1175 2450 1399 2505 vineam
1432 2451 1699 2506 Nabuthe
1727 2450 2043 2507 Jezraelitaa

400 2538 609 2610 (me).
647 2562 669 2589 ι

468 2628 556 2682 43.
590 2650 617 2676 ‹‹
652 2627 721 2682 Et
750 2626 952 2698 sripsit
976 2626 1188 2682 librum
1214 2626 1448 2682 nomine
1480 2627 1700 2687 Achab,
1732 2632 1789 2683 et
1846 2628 2040 2701 signa-

394 2715 477 2771 vit
497 2715 713 2772 annulo
746 2715 908 2770 illius
938 2716 1071 2787 (19),
1103 2721 1161 2770 et
1192 2716 1353 2771 misit
1382 2716 1595 2771 librum
1629 2716 1699 2771 ad
1759 2716 2041 2789 seniores,

396 2806 455 2859 et
484 2805 553 2858 ad
587 2803 801 2858 liberos
830 2818 930 2858 eos
961 2803 1061 2874 qui
1096 2804 1481 2859 morabantur
1510 2804 1621 2875 (‘20)
1653 2820 1786 2859 cum
1846 2806 2040 2861 Nabu-

396 2890 516 2946 the.
548 2891 617 2945 Et
646 2895 770 2945 erat
799 2889 1082 2961 scriptum
1116 2892 1262 2946 571
1298 2891 1359 2945 in
1390 2890 1863 2961 libro:Jejunate
1885 2895 2039 2965 jeju-

398 2978 585 3046 nium,
617 2982 675 3033 et
703 2978 1041 3034 constituite
1071 2978 1340 3035 Nabuthe
1370 2979 1425 3033 in
1455 2979 1774 3053 principem
1817 2983 2039 3054 populi,

397 3072 456 3124 et
484 3066 821 3124 constituite
850 3067 998 3122 duos
1027 3067 1182 3123 viros
1214 3067 1365 3123 ﬁlios
1396 3068 1727 3140 iniquitatis
1758 3086 1827 3125 ex
1857 3070 2041 3126 diver-

397 3173 463 3212 so
494 3156 642 3227 ejus,
669 3159 733 3211 ut
764 3155 976 3211 falsum
1009 3156 1413 3211 testimonium
1445 3156 1792 3229 perhibeant
1839 3160 2036 3214 adver-
2068 3146 2111 3211 C
2147 3144 2246 3229 ’f”;

396 3261 503 3301 sus
528 3260 664 3301 eum
696 3243 955 3300 dicentes
988 3260 1001 3299 :
1038 3245 1337 3300 Benedixit
1366 3245 1548 3300 Deum
1581 3251 1639 3300 et
1676 3262 1870 3318 regem
1902 3248 2039 3316 (2|),

394 3335 451 3387 et
482 3330 786 3403 producite
817 3329 1002 3395 illum,
1037 3335 1094 3386 et
1124 3330 1377 3402 lapidate
1408 3331 1564 3402 (Ibid.
1598 3335 1653 3398 8,
1688 3334 1796 3403 10).
1833 3356 1861 3383 η

1034 3445 1267 3501 CAPUT
1307 3446 1370 3503 Χ.

395 3533 620 3609 Divites,
652 3550 775 3588 cum
799 3535 985 3590 aliena
1014 3551 1210 3609 rapere
1236 3552 1345 3609 non
1372 3540 1618 3609 possunt,
1648 3552 1773 3609 prae
1808 3540 2041 3595 tristitia

466 3604 649 3682 cibum
676 3621 786 3659 non
816 3621 1005 3682 capere
1034 3624 1052 3659 :
1082 3604 1135 3682 et
1158 3607 1303 3661 inibi
1325 3604 1462 3682 quid
1484 3604 1765 3678 jejunium
1793 3613 1889 3664 aut
1912 3626 2038 3682 pre-

467 3689 552 3751 ces
579 3676 686 3730 Deo
717 3681 961 3751 acceptas
1006 3677 1242 3751 reddat;
1294 3676 1495 3751 deinde
1537 3676 1717 3751 quam
1762 3676 2037 3737 contraria

460 3745 602 3801 Deus
625 3745 941 3818 praeoipiat,
975 3752 1022 3802 et
1055 3749 1161 3819 ipsi
1186 3749 1419 3817 fmrz'ant.

455 3859 547 3920 ﬂ.
578 3862 762 3928 Quam
794 3862 1090 3918 evidenter
1109 3878 1383 3935 expressa
1406 3869 1494 3919 est
1513 3864 1761 3922 divitum
1784 3883 2030 3925 consue-

389 3950 532 4005 tudo
552 3950 580 4004 ‘I
602 3951 1035 4006 Constritantur
1063 3952 1111 4006 si
1146 3950 1336 4007 aliena
1367 3970 1480 4008 non
1514 3954 1742 4025 rapient
1775 3972 1787 4009 :
1825 3973 2037 4014 renun-

385 4038 536 4094 tiant
566 4038 718 4107 cibo,
742 4040 1035 4109 jejunant,
1092 4057 1205 4095 non
1265 4045 1329 4095 ut
1384 4047 1687 4113 peccatum
1741 4046 2031 4114 minuant,

385 4127 490 4182 sed
523 4131 586 4182 ut
613 4128 836 4183 crimen
868 4128 1206 4186 admittant.
1232 4129 1445 4186 Videas
1474 4130 1606 4188 illos
1635 4136 1775 4188 tunc
1822 4151 2034 4191 conve-

385 4215 614 4272 nientes
644 4217 717 4272 ad
750 4216 1422 4285 Ecclesiam,ofﬁciosos,
1444 4218 1719 4289 humiles,
1743 4224 2032 4292 assiduos,

391 4307 456 4358 ut
484 4305 754 4360 effectum
787 4304 1022 4361 sceleris
1056 4306 1366 4378 impetrare
1384 4312 1859 4367 mereantur.8ed
1894 4313 2035 4368 dicit

386 4391 506 4447 illis
536 4393 689 4448 Deus
725 4410 737 4448 :
775 4414 802 4441 ‹‹
835 4393 964 4449 Non
999 4394 1108 4450 hoc
1132 4395 1426 4467 jejunium
1473 4396 1639 4469 elegi,
1671 4414 1778 4454 nec
1832 4402 1883 4455 si
1931 4402 2032 4458 ﬂe-

2072 1782 2117 1847 B
2150 1796 2232 1851 tui
2265 1801 2537 1868 sumptus
2573 1797 2835 1869 proﬁciat
2860 1797 3081 1869 egenis,
3138 1798 3239 1853 sed
3295 1803 3360 1851 ut
3414 1795 3638 1869 spolium
3683 1793 3733 1848 de

1854 279 1918 346 S.
1963 278 2337 346 AMBROSII
3628 289 3716 359 780

2068 418 2121 481 Α
2152 421 2405 487 ceptum.
2441 416 2564 471 Non
2588 415 2703 473 tale
2727 415 3023 487 jejunium
3070 414 3237 487 elegi,
3289 415 3421 471 dicit
3469 415 3715 477 Dominus.

2153 504 2262 558 Sed
2296 504 2452 560 solve
2483 521 2716 560 omnem
2740 503 3168 576 colligationem
3200 503 3498 576 injustitiaa,
3521 505 3716 564 dissolve

2154 591 2545 664 obligationes
2564 593 2953 650 violentaru‘m
2984 592 3511 655 commutationum.
3538 595 3719 653 dimitte

2152 698 2256 736 con
2270 682 2480 737 'ractos
2510 681 2569 736 in
2602 682 3037 749 remissionem,
3068 686 3127 737 et
3153 698 3383 737 omnem
3412 684 3719 755 conscriptio-

2153 786 2284 824 nem
2314 770 2574 840 iniquam
2608 771 2912 842 disrumpe
2945 789 2957 826 :
2987 770 3189 842 frange
3212 787 3415 842 panem
3440 775 3588 827 tuum
3622 788 3721 828 esu-

2153 857 2349 923 rienti,
2380 875 2594 930 egenos
2625 875 2741 914 non
2769 858 3055 914 habentes
3083 862 3301 913 tectum
3348 858 3511 913 induc
3559 858 3609 914 in
3652 860 3723 915 do-

2155 963 2316 1000 mum
2330 950 2491 1001 tuam
2510 965 2522 1002 :
2538 947 2587 1001 si
2608 947 2821 1002 videris
2833 946 3262 1012 nudum,vesti,
3277 950 3335 1001 et
3347 947 3723 1004 domesticosse-

2154 1034 2329 1089 minis
2352 1035 2433 1087 tui
2454 1043 2567 1089 non
2591 1034 2902 1107 despicies.
2942 1036 3104 1089 Tunc
3151 1035 3372 1090 orietur
3406 1035 3504 1089 tibi
3538 1035 3725 1090 matuti-

2154 1140 2293 1177 num
2329 1123 2526 1179 lumen
2559 1128 2750 1188 tuum,
2770 1129 2827 1179 et
2854 1122 3076 1178 sanitas
3106 1139 3215 1178 sua
3246 1126 3466 1178 matura
3488 1123 3670 1179 orietur
3687 1126 3729 1178 et

2152 1213 2437 1283 praecedet
2468 1216 2601 1266 ante
2631 1211 3021 1282 tejustitia,et
3042 1212 3324 1282 majestas
3345 1211 3437 1267 Dei
3455 1210 3722 1307 circumda-
3818 1246 3819 1307 ἦ

2154 1299 2239 1353 bit
2268 1303 2360 1355 te:
2405 1305 2543 1353 tunc
2574 1299 2878 1361 clamabis,
2912 1304 2970 1354 et
2993 1299 3146 1354 Deus
3176 1299 3443 1354 exaudiet
3466 1304 3545 1365 te;
3581 1297 3729 1354 adhuc

2152 1392 2207 1441 te
2239 1388 2531 1459 loquente,
2553 1389 2708 1444 dicet
2738 1405 2752 1443 :
2786 1389 2930 1443 Ecce
2959 1389 3168 1443 adsum
3203 1389 3330 1458 (Isa.
3363 1404 3506 1455 Lvm,
3533 1389 3564 1443 5
3586 1388 3648 1453 9).
3676 1409 3697 1434 »

2224 1534 2310 1586 45.
2343 1532 2547 1595 Audis,
2580 1532 2761 1601 dives,
2795 1532 2937 1602 quid
2967 1531 3250 1587 Dominus
3293 1531 3444 1587 Deus
3492 1529 3664 1585 dicat?
3685 1532 3734 1584 Et

2153 1626 2207 1675 te
2241 1621 2311 1673 ad
2382 1620 2692 1675 Ecclesium
2725 1619 2906 1685 venis,
2975 1637 3090 1675 non
3127 1624 3190 1674 ut
3247 1617 3464 1691 aliquid
3519 1616 3732 1689 largiaris

2156 1710 2416 1781 pauperi,
2451 1710 2551 1764 sed
2582 1715 2646 1764 ut
2673 1710 2904 1765 auferas
2937 1726 2950 1763 ε
2984 1710 3235 1781 jejunas,
3297 1725 3414 1766 non
3449 1712 3509 1763 ut
3542 1704 3733 1763 convivii

2149 1888 2457 1957 egentibus
2487 1886 2853 1958 adipiscaris.
2887 1885 3037 1951 Quid
3070 1886 3175 1941 tibi
3206 1886 3290 1941 vis
3343 1902 3473 1940 cum
3524 1883 3651 1938 libro
3692 1885 3737 1935 et
3818 1883 3819 1958 ξ

2150 1975 2371 2041 charta,
2416 1982 2470 2029 et
2501 1974 2805 2045 signaculo
2836 1976 2969 2045 (22),
2999 1979 3055 2029 et
3084 1974 3527 2046 conscriptione,
3556 1977 3605 2029 et
3643 1970 3733 2024 vin-
3818 1996 3819 2047 γ

2149 2064 2277 2119 culo
2302 2065 2454 2133 juris
2486 2064 2511 2116 ‘?
2542 2064 2666 2118 Non
2697 2063 2914 2118 audisti
2947 2080 3013 2118 ;‹‹
3050 2062 3216 2118 Solve
3259 2079 3489 2117 omnem
3539 2058 3733 2131 colliga-

2149 2152 2368 2207 tionem
2406 2152 2724 2222 injustitize,
2757 2151 3011 2206 dissolve
3063 2151 3449 2223 obligationes
3509 2147 3737 2203 violenta-

2152 2258 2278 2295 rum
2313 2241 2861 2305 commutationum,
2898 2239 3125 2294 dimitte
3154 2238 3554 2295 confractosin
3575 2236 3735 2292 remis-

2150 2330 2396 2397 sionem,
2432 2334 2487 2384 et
2518 2346 2751 2383 omnem
2797 2329 3290 2400 conscriptionem
3359 2329 3601 2399 iniquam
3649 2324 3737 2378 dis-
3818 2360 3819 2400 ἦ

2152 2435 2378 2488 rumpe.
2410 2440 2437 2467 ››
2470 2418 2554 2472 Tu
2598 2416 2741 2471 mihi
2772 2416 3008 2472 tabulas
3065 2417 3258 2487 otl'ers,
3323 2434 3429 2489 ego
3459 2415 3553 2471 tibi
3604 2412 3738 2469 recito

2154 2507 2249 2562 Dei
2281 2505 2468 2577 legem
2504 2523 2516 2560 :
2554 2511 2614 2561 tu
2647 2511 2973 2560 atromento
3005 2505 3237 2569 scribis,
3268 2522 3378 2578 ego
3422 2504 3521 2560 tibi
3565 2500 3738 2574 Spiritu
3818 2512 3819 2578 ᾗ

2151 2595 2252 2650 Dei
2288 2596 2563 2667 inscripta
2600 2599 2790 2665 repeto
2813 2593 3047 2649 oracula
3078 2593 3492 2666 prophetarum
3524 2609 3536 2647 :
3564 2597 3617 2646 tu
3653 2593 3737 2643 tes-

2153 2683 2392 2739 timonia
2431 2684 2577 2738 falsa
2616 2681 2938 2753 componis,
3006 2698 3111 2754 ego
3175 2681 3573 2739 testimonium
3630 2693 3734 2733 con-

2151 2772 2405 2828 scientiae
2440 2788 2631 2841 posco,
2664 2787 2841 2842 quam
2865 2770 3129 2842 judicem
3158 2771 3243 2825 tui
3285 2772 3533 2844 eﬂ'ugerc
3558 2773 3605 2823 et
3651 2766 3730 2820 do-

2150 2860 2367 2916 cliuare
2408 2878 2521 2914 non
2592 2859 2826 2931 poteris,
2869 2860 3039 2931 cujus
3078 2859 3484 2915 testimonium
3532 2872 3631 2912 non
3662 2869 3735 2926 po-
3818 2884 3819 2929 ζ

2151 2950 2289 3004 teris
2320 2964 2588 3004 recusare
2620 2948 2678 3002 in
2709 2948 2801 3002 die
2831 2965 2947 3020 qua
2976 2946 3252 3003 revelabit
3273 2940 3741 3004 Dominusocculta
3818 2954 3819 3013 ξ

2149 3036 2477 3093 hominum.
2512 3037 2595 3092 Tu
2629 3036 2775 3092 dicis
2806 3053 2824 3089 :
2857 3058 2886 3087 ‹‹
2909 3037 3217 3092 Destruam
3248 3034 3461 3092 horrea
3488 3049 3604 3090 mea
3620 3031 3741 3103 (Luc.

2280 3126 2367 3197 l8)
2404 3144 2417 3193 ;
2453 3150 2480 3175 υ
2506 3130 2563 3181 et
2592 3125 2877 3180 Dominus
2909 3125 3049 3180 dicit
3080 3142 3093 3179 :
3127 3124 3262 3181 Sine
3292 3125 3484 3198 magis
3503 3116 3736 3215 quidquid

2153 3215 2306 3270 inl'ra
2333 3213 2610 3269 horreum
2640 3219 2748 3278 est,
2786 3214 3140 3285 pauperibus
3170 3212 3584 3285 deputari,sine
3607 3206 3742 3264 cellas

2151 3304 2293 3359 istas
2322 3302 2522 3373 egenis
2545 3303 2842 3374 prodesse.
2876 3302 2963 3357 Tu
2994 3302 3141 3357 dicis
3173 3318 3186 3355 :
3219 3328 3247 3351 ‹‹
3282 3303 3505 3374 Majora
3558 3298 3742 3358 faciam,

2151 3342 2293 3359 ωηο
2322 3342 2522 3373 ego“...
2545 3342 2842 3374 νιυμννυυ.
2886 3342 2963 3357 μ.
2994 3342 3141 3357 ...μω
3174 3343 3186 3355 .
3221 3342 3247 3351 ,ι
3282 3342 3505 3374 unus...
3559 3342 3742 3358 ...να-ι

2148 3398 2205 3448 et
2233 3391 2332 3447 illo
2364 3392 2728 3464 congregabo
2746 3390 3080 3462 omniaquae
3099 3396 3389 3446 natasunt
3410 3388 3550 3446 mihi
3567 3382 3742 3459 [Ibid.).'
3818 3342 3819 3427 ι

2148 3481 2431 3536 Dominus
2460 3479 2606 3535 dicit
2636 3496 2649 3533 :
2686 3503 2714 3530 ‹‹
2751 3479 2972 3550 Frange
3001 3479 3283 3534 esurienti
3308 3494 3518 3552 panem
3548 3483 3703 3532 tuum.
3722 3492 3744 3517 ι»

2147 3569 2232 3624 Tu
2261 3568 2407 3623 dicis
2441 3566 2699 3623 :Tollam
2738 3566 3095 3639 pauperibus
3125 3567 3372 3622 domum
3407 3580 3566 3622 suam
3597 3579 3609 3615 :
3661 3558 3745 3614 Do-

2148 3657 2345 3712 minus
2377 3661 2573 3711 autem
2607 3652 2829 3721 dicit,‘«
2862 3660 2925 3709 ut
2954 3670 3168 3726 egenos
3199 3671 3310 3710 non
3349 3654 3620 3710 habentes
3655 3653 3744 3702 tec-

2146 3753 2273 3801 tum
2305 3745 2551 3800 inducas
2583 3745 2639 3798 in
2672 3744 2913 3798 domum
2943 3746 3127 3799 tuam.
3156 3765 3183 3792 ››
3216 3743 3519 3809 Quomodo
3547 3739 3642 3803 vis,
3679 3733 3747 3789 di-

2144 3851 2265 3900 ves,
2314 3837 2378 3888 ut
2434 3833 2589 3888 Deus
2643 3837 2698 3887 te
2756 3831 3044 3898 exaudiat,
3073 3847 3207 3887 cum
3274 3836 3342 3886 tu
3403 3829 3550 3888 578
3600 3831 3747 3881 Deum

2145 3940 2259 3979 non
2294 3925 2463 3994 putes
2498 3920 2857 3977 audiendum
2886 3920 2915 3974 ?
2961 3919 3022 3974 Si
3053 3936 3169 3975 non
3201 3920 3606 3992 acquiescatur
3628 3910 3747 3970 arbi-

2142 4012 2253 4066 trio
2284 4010 2499 4076 divitis,
2534 4026 2708 4065 scena
2736 4008 3107 4080 componitur
3139 4026 3152 4063 :
3184 4009 3280 4064 Dei
3312 4009 3633 4065 aestimatur
3676 4000 3747 4055 in-

2134 4100 2316 4171 juria,
2347 4098 2395 4155 si
2426 4097 2619 4153 divitis
2652 4097 2849 4170 petitio
2877 4096 3177 4152 refutetur.

2761 4246 2992 4302 CAPUT
3051 4247 3142 4303 Χῐ.

2141 4364 2386 4419 Nabuthe
2414 4362 2680 4437 aduobus
2721 4363 2884 4437 lactis
2940 4363 3163 4437 testibus
3220 4366 3511 4437 accusatus
3566 4355 3746 4437 lapidu-

2210 4444 2302 4508 tur
2332 4452 2344 4490 :
2370 4434 2557 4508 Achab
2584 4432 2709 4487 inde
2737 4435 2914 4508 primo
2943 4436 3231 4508 tristitiam
3271 4434 3525 4508 simulat,
3571 4432 3749 4508 mosi”

386 4484 512 4535 ctas
546 4485 612 4533 ut
641 4481 927 4536 circulum
959 4482 1174 4538 collum
1208 4488 1398 4549 tuum,
1434 4484 1686 4540 cinerem
1744 4488 1918 4544 etiam
1978 4496 2019 4547 ei

2210 4507 2326 4577 ejus
2358 4504 2567 4559 invadit
2594 4481 3005 4575 possessionem.
3039 4506 3215 4573 Quam
3232 4481 3560 4562 sententiain
3588 4504 3640 4556 in
3681 4499 3743 4567 ip-

386 4565 640 4622 cilicium
671 4568 1035 4638 substernas,
1067 4588 1170 4627 nec
1201 4571 1285 4628 sic
1315 4572 1595 4628 vocabitis
1616 4574 1909 4645 jejunium
1942 4595 2031 4634 ac-

455 4728 569 4798 (18)
600 4728 768 4807 Edit;
786 4734 927 4793 vet.,
958 4746 1082 4802 qum
1113 4741 1191 4807 est
1218 4734 1457 4807 avaritia
1492 4733 1765 4807 quoddam
1817 4739 2026 4807 pro/lu-

381 4801 556 4875 yium,
588 4804 695 4855 etc.
730 4801 897 4856 Rom.
930 4801 1057 4875 qum
1091 4806 1173 4875 est
1197 4802 1465 4875 quoddam
1501 4801 1854 4875 pro/luvium,
1914 4801 2024 4866 etc.

378 4869 588 4927 Melius
620 4888 763 4930 mss.
795 4869 998 4930 omnes
1029 4869 1233 4931 Gallici
1267 4880 1329 4929 ut
1357 4873 1414 4928 in
1447 4869 1626 4930 textu".

444 4942 563 5069 519)
596 4942 961 5029 Rom..edit.,
995 4949 1045 5001 et
1073 4947 1293 5017 scripsit
1323 4947 1603 5015 litteras.,.
1652 4947 1714 5001 Et
1766 4951 2029 5021 scriptum

469 5022 491 5069 t
523 5030 584 5068 ιη
612 5015 830 5069 litteris.
882 5024 991 5069 etc.

374 5014 491 5070 erit
523 5014 584 5068 in
612 5015 830 5071 litteris.
882 5024 991 5073 etc.

446 5085 559 5162 (20)
591 5087 719 5162 Eas,
752 5087 978 5160 aliquot
1004 5088 1426 5162 antiquissimi,
1459 5098 1511 5144 et
1550 5089 1621 5144 ad
1675 5091 1842 5145 libros
1908 5093 2027 5162 ejus

374 5158 473 5227 qui
498 5158 877 5227 morabantur,
897 5166 1005 5216 etc.
1040 5158 1165 5215 Alii
1185 5160 1439 5215 maximo
1454 5177 1697 5215 numero
1728 5178 1860 5216 cum
1883 5158 2023 5218 edit.

375 5226 671 5305 omnibus,
703 5233 755 5305 et
781 5230 851 5305 uti
880 5232 1075 5305 liberos
1103 5248 1190 5305 eos
1219 5233 1333 5305 qui,
1366 5236 1474 5305 etc.
1510 5230 1631 5305 illis
1661 5232 2026 5305 sulfraguun-

375 5302 473 5351 tur
506 5297 664 5366 LXX,
699 5301 796 5355 ubi
831 5300 1062 5369 legitur,
1094 5302 1177 5349 καὶ
1202 5297 1312 5357 rei»;
1356 5302 1641 5365 ἑλευτέρους
1696 5304 1806 5358 τοὺς
1847 5297 2023 5352 ’ἰατρι-

375 5369 733 5449 ξοῦνςαξιμςτυ
760 5369 1017 5449 noscebat.
1050 5373 1244 5446 Vulg.‘
1276 5382 1329 5429 et
1380 5375 1664 5445 optimates
1720 5376 1819 5446 qui
1861 5384 2024 5430 erunt

374 5442 440 5489 in
458 5442 700 5511 ciuitate
721 5442 859 5511 ejus,
892 5448 1001 5499 etc.

450 5505 563 5575 (21)
622 5505 786 5589 ΔΜεὸ.
850 5505 1087 5589 aliquot
1154 5515 1406 5588 antiquae
1460 5530 1692 5583 manus,
1747 5515 2025 5574 beneth

377 5574 548 5647 Deum
580 5584 632 5633 et
660 5593 858 5652 regem.

2209 4594 2331 4632 sum
2358 4577 2498 4632 Deus
2523 4577 2969 4647 pronuntiaverit
2992 4594 3010 4629 :
3041 4581 3092 4632 et
3114 4578 3427 4649 praesertim
3452 4590 3552 4632 cur
3606 4581 3750 4626 merc-
3818 4588 3819 4591 η

2208 4736 2320 4860 (222
2350 4734 2707 4803 Signaculum
2735 4714 2825 4789 est
2863 4738 3000 4789 nota
3055 4733 3268 4808 sigillo,
3301 4752 3409 4791 seu
3469 4720 3749 4813 signatorio

2208 4824 2293 4860 nu
2322 4823 2354 4860 o
2384 4805 2689 4860 impressa.
2722 4804 3054 4860 Conscriotio
3082 4805 3379 4860 interdum
3400 4808 3649 4860 sumitur
3673 4808 3749 4860 Ρτο

2136 4804 2354 4862 annulo
2384 4805 2689 4878 impressa,
2722 4804 3054 4878 Conscriptio
3082 4804 3379 4862 interdum
3398 4804 3751 4878 sumiturtpro

2137 4872 2589 4951 inventario'sed
2622 4875 2732 4951 hic_
2750 4875 2901 4931 idem
2931 4872 3021 4932 est
3048 4893 3115 4933 ac
3136 4876 3494 4951 syngrapha,
3519 4872 3629 4930 sive
3656 4872 3749 4951 ipt-

2137 4952 2499 5004 trumentum
2526 4946 2678 5001 inter
2707 4947 3088 5003 feneratorem
3120 4938 3187 5004 ac
3207 4938 3536 5003 diibit’orein
3563 4938 3752 4998 confec-

2135 5026 2284 5075 tum.
2315 5020 2573 5088 Denique
2603 5019 2887 5090 vinculum
2905 5019 3055 5090 juris
3080 5036 3194 5075 non
3218 5018 3453 5074 videtur
3477 5012 3636 5090 aliud
3664 5009 3750 5090 hoc

2134 5092 2257 5147 loco
2288 5083 2617 5162 signiﬁcare
2649 5105 2826 5158 quam
2856 5083 3011 5162 leges
3041 5090 3112 5145 de
3136 5106 3315 5146 usura
3345 5092 3423 5145 ab
3449 5083 3751 5162 imperatOj

2134 5163 2303 5236 ribus
2329 5157 2729 5236 promulgatas
2763 5178 2775 5213 :
2812 5157 3041 5236 proprie
3066 5166 3279 5236 autem
3334 5157 3621 5236 accipitur
3669 5160 3751 5222 pro

2134 5234 2263 5306 ipsa
2292 5230 2508 5306 legum,
2540 5230 2607 5306 _u_t
2637 5246 2769 5306 cum
2803 5230 3616 5306 scholasticis_loquamur,_vi
3643 5235 3749 5306 cos.

2132 5299 2284 5360 c'tiva
2316 5299 2613 5374 ;'vinculis
2644 5301 2798 5374 enim
2817 5300 2977 5374 juris
3010 5302 3189 5359 teneri
3223 5299 3469 5374 prorsus
3499 5299 3642 5353 idem
3669 5305 3749 5374 ἦθ’

2133 5381 2253 5440 nat,
2285 5360 2727 5447 atqueobligari
2759 5360 3514 5447 adisubeundam‘pcsnagi,
3547 5360 3751 5447 (χιιι-,ξδ’

2131 5432 2278 5520 gum,
2304 5432 3057 5520 severitate}raas_cribitu_r._
3069 5445 3211 5501 Vide
3243 5432 3367 5520 (:94.
3413 5432 3632 5520 ruga...

2130 5501 2207 5590 i’x’,‘
2239 5501 2416 5590 tim,
2451 5513 2575 5590 adt
2611 5501 2724 5587 reg.
2755 5512 2874 5573 Jul.
2906 5519 2948 5574 t.
2983 5514 3080 5584 III,
3108 5531 3241 5590 pag.
3270 5516 3363 5587 55,
3400 5521 3461 5572 et
3508 5501 3744 5570 Gothofr.

2129 5588 2190 5646 in
2211 5588 2478 5647 eamdem
2510 5585 2719 5667 legem.
