3866 6212
65 394 165 455 781

1082 394 1313 457 LIBER
1359 397 1459 456 DF.
1506 393 1880 459 NABUTHE
1923 398 2428 460 JEleAELITA.

3334 405 3449 463 78'2

126 527 293 607 trices-
314 525 374 607 ia
398 523 934 607 eiusdem-saaguiae
957 526 1216 583 dicuntur
1250 545 1363 585 sese
1392 530 1653 585 levatura:
1675 548 1693 584 :
1722 532 1779 597 Α
1801 531 2060 601 jusmodi
2098 532 2401 605 ﬂagitium.
2438 533 2562 588 Noli
2595 550 2723 591 esse
2750 534 2969 603 Achab,
3014 538 3079 590 ut
3125 534 3448 607 possessio-

128 595 220 651 ubi
244 597 294 652 et
323 594 390 651 de
418 596 691 668 supplicio
717 594 951 654 Jezabet.

126 704 210 759 £6.
261 725 290 753 «
344 706 545 770 Deum,
593 702 807 777 inquit,
869 705 1169 762 benedixit
1229 711 1289 763 et
1342 723 1538 781 regem
1603 708 1703 779 (ΙΙΙ

65 794 177 864 Reg.
208 808 325 860 xxI,
358 793 447 858 l0,
490 793 593 863 l3),
632 816 658 841 ››
689 793 932 865 aqualis
958 794 1225 851 videlicet
1248 799 1597 867 persona,ut
1620 797 1699 851 sit

66 880 286 953 aequalis
311 880 686 937 contumelia.
734 905 761 932 α
793 882 1114 949 Benedixit,
1155 883 1368 957 inquit,
1420 884 1606 941 Deum
1637 891 1697 941 et

68 986 266 1043 regem.
300 992 329 1019 ››
354 970 436 1025 Ne
467 970 702 1025 divitem
738 971 1031 1028 maledicti
1084 989 1294 1028 nomen
1333 973 1607 1041 offendat,
1639 977 1696 1029 et

65 1058 334 1115 sermonis
366 1058 496 1131 ipso
528 1058 771 1115 laedatur
818 1076 986 1125 sono,
1038 1061 1360 1117 benedictio
1408 1078 1511 1134 pro
1570 1078 1692 1117 ma-

66 1147 259 1204 ledicto
286 1151 546 1220 vocatur.
581 1149 930 1213 Queruntur
961 1150 1076 1205 duo
1114 1154 1291 1205 testes
1339 1149 1690 1222 iniquitatis.

66 1236 285 1292 Duobus
336 1234 586 1291 testibus
632 1240 689 1290 et
734 1236 1004 1292 Susanna
1050 1242 1139 1293 est
1197 1237 1491 1310 appetita:
1544 1238 1693 1293 duos

65 1329 228 1381 testes
258 1328 315 1380 et
335 1324 642 1397 Synagoga
664 1324 902 1393 invenit,
917 1326 1014 1397 qui
1051 1326 1361 1381 adversum
1391 1325 1688 1381 Christum

70 1413 204 1470 falsa
224 1414 511 1485 jactarent
537 1432 549 1468 :
584 1414 817 1469 duobus
848 1413 1096 1470 testibus
1127 1431 1350 1487 pauper
1388 1415 1690 1470 occiditur.

68 1526 89 1549 ‹‹
119 1502 514 1557 Produxerunt
544 1502 724 1574 igitur
752 1493 1020 1558 Nabutlie
1071 1502 1245 1565 foras,
1296 1506 1352 1557 et
1398 1501 1687 1575 lapidave-

64 1593 184 1646 runt
210 1607 342 1647 eum
376 1590 537 1660 (Ibid.
579 1590 679 1662 l3).
718 1613 745 1639 ››
799 1590 1030 1646 Utinam
1080 1589 1167 1645 vel
1216 1589 1276 1646 in
1316 1590 1441 1646 suis
1468 1591 1519 1646 ei
1553 1590 1687 1646 lice-

62 1683 136 1734 ret
174 1678 351 1734 mori!
409 1678 655 1751 Pauperi
701 1679 888 1751 ipsam
940 1679 1098 1734 dives
1159 1679 1377 1734 invidet
1426 1678 1687 1752 sepultu-

63 1784 172 1823 ram
181 1811 192 1823 .

122 1858 204 1912 I7.
238 1879 264 1906 «ι
295 1858 364 1912 Et
393 1857 613 1912 factum
648 1861 756 1924 est,
791 1856 1000 1929 inquit,
1033 1873 1167 1912 cum
1199 1857 1463 1913 audisset
1490 1856 1686 1913 Achab

63 1947 181 2018 quia
210 1950 477 2002 mortuus
521 1950 610 2002 est
660 1945 948 2013 Nabutbe,
1000 1946 1285 2002 conscidit
1332 1945 1685 2002 vestimenta

62 2052 172 2102 sua,
216 2040 271 2091 et
318 2034 622 2108 cooperuit
668 2052 730 2091 se
778 2033 987 2091 cilicio.
1038 2036 1108 2090 Et
1157 2035 1373 2091 factum
1421 2038 1511 2091 est
1556 2040 1688 2107 post

60 2124 183 2190 hac,
215 2124 490 2184 surrexit.
519 2127 576 2178 et
606 2123 905 2179 descendit
936 2123 1134 2179 Achab
1166 2124 1237 2178 ad
1286 2124 1513 2179 vineam
1569 2127 1685 2178 Na-

62 2212 218 2268 buthe
260 2210 602 2278 chraelitae,
655 2212 955 2284 possidere
1002 2229 1129 2268 eam
1174 2212 1329 2283 (Ibid.
1362 2213 1469 2283 t6).
1506 2233 1530 2262 ι
1567 2213 1684 2267 Ira-

61 2307 278 2357 scuntur
308 2302 522 2357 divites
550 2306 608 2356 et
632 2300 1162 2363 calumnianturmt
1192 2308 1458 2365 noceant,
1489 2301 1536 2357 si
1569 2318 1683 2356 non

60 2391 330 2446 obtineant
354 2390 512 2463 quod
546 2389 1020 2445 desideraverint.
1054 2390 1199 2444 Cum
1238 2394 1431 2446 autem
1465 2389 1683 2446 calum—

62 2479 183 2535 niati
213 2478 539 2545 nocuerint,
569 2477 762 2534 dolere
792 2495 856 2534 se
887 2478 1202 2534 simulant:
1259 2478 1455 2534 tristes
1487 2483 1682 2535 tamen

62 2573 109 2624 et
148 2572 420 2641 tanquam
479 2568 690 2634 mmsti,
718 2584 833 2622 non
866 2567 1057 2633 corde,
1090 2568 1189 2623 sed
1235 2566 1420 2629 vultu.
1456 2568 1514 2622 in
1549 2584 1677 2640 pos-

62 2657 311 2714 sessionis
340 2658 588 2728 direptae
620 2654 813 2717 locum
842 2656 1149 2728 prodeunt,
1183 2660 1240 2712 et
1277 2656 1682 2729 impressionis

63 2762 162 2801 sua:
186 2746 494 2818 iniquitate
525 2745 847 2817 potiuntur.

117 2836 194 2889 48.
248 2834 363 2890 Hoc
419 2832 621 2889 divina
674 2837 940 2889 movetur
995 2833 1248 2904 justitia,
1327 2838 1385 2889 et
1441 2850 1679 2889 avarum

66 2923 218 2995 digna
244 2924 551 2979 severitate
595 2922 947 2978 condemnat
977 2921 1177 2977 dicens
1201 2938 1214 2976 :
1269 2944 1296 2973 α
1323 2921 1595 2978 Occidisti
1624 2926 1682 2978 et

64 3012 337 3081 possedisti
394 3011 819 3067 hereditatem.
875 3011 1116 3082 Propter
1184 3011 1292 3065 hoc
1340 3013 1397 3066 in
1448 3012 1571 3067 loco
1617 3010 1677 3066 in

66 3116 158 3171 quo
192 3100 482 3157 linxerunt
549 3115 722 3155 canes
770 3099 1116 3171 sanguinem
1168 3100 1455 3167 Nabutbe,
1506 3100 1566 3155 in
1612 3116 1677 3156 eo

64 3187 255 3263 lingent
279 3207 451 3247 canes
484 3188 835 3261 sanguinem
865 3192 1069 3255 tuum;
1102 3193 1159 3243 et
1205 3189 1537 3245 meretrices
1587 3187 1675 3244 la-

1810 636 1943 675 nem
1975 620 2289 676 finitimam
2310 623 2712 694 concupiscas.
2738 624 2863 680 Non
2893 622 2999 679 tibi
3028 622 3327 679 cohabitet
3352 622 3448 678 Je-

1805 708 1966 763 zabel
1998 707 2098 764 illa
2127 708 2321 765 feralis
2354 710 2615 778 avaritia,
2650 729 2777 784 quae
2810 712 2916 768 tibi
2948 716 3187 768 cruenta
3216 727 3451 783 persua-

1806 797 1974 851 deat:
2007 813 2135 868 quze
2166 798 2513 869 cupiditates
2542 804 2675 856 tuas
2702 818 2817 856 non
2841 804 3084 871 revocet,
3117 800 3218 856 sed
3242 797 3449 871 impel-

1803 884 1920 940 lat:
1957 901 2083 955 quaa
2114 890 2172 941 te
2204 886 2376 941 faciat
2403 887 2720 945 tristiorem
2750 889 2926 945 etiam
2957 905 3089 945 cum
3120 887 3450 945 desiderata

1803 973 2163 1045 possederis.
2198 990 2324 1045 qum
2358 980 2413 1030 te
2444 976 2616 1031 faciat
2646 977 2893 1045 nudum,
2948 994 3082 1033 cum
3113 976 3276 1033 dives
3322 976 3447 1032 fue-

1801 1078 1903 1118 1'18.

2422 1179 2655 1236 CAPUT
2694 1180 2814 1235 XII.

1801 1267 2039 1321 Avarum
2086 1284 2317 1335 egenum
2363 1284 2428 1323 ac
2475 1271 2770 1340 profugum
2815 1284 2945 1324 esse.
3003 1269 3179 1337 Quam
3206 1269 3445 1340 abjectus

1868 1341 2041 1409 fuerit
2070 1356 2172 1411 rex
2202 1340 2379 1395 Achab
2407 1356 2592 1394 coram
2623 1340 2779 1393 Elia:
2827 1348 2877 1395 et
2904 1340 3165 1410 quomodo
3194 1348 3446 1411 peccator

1869 1426 2080 1480 semper
2106 1410 2560 1475 deprehendatur.
2599 1411 2677 1464 Ad
2708 1415 3011 1466 extremum
3040 1410 3234 1466 divites
3270 1411 3341 1465 ad
3365 1410 3441 1467 Ia-

1869 1479 2124 1551 gitimum
2154 1479 2477 1535 diuitiarum
2514 1497 2671 1535 usum
2698 1482 3081 1536 stimulantur.

1868 1596 2373 1667 50.Pauperiorem
2394 1596 2548 1651 enim
2573 1596 2870 1667 seiudicat
2891 1597 3083 1652 omnis
3109 1596 3439 1665 abundans;

1798 1684 1938 1755 quia
1967 1684 2075 1738 sibi
2112 1684 2311 1739 deesse
2343 1684 2660 1740 arbitratur
2682 1685 2967 1756 quidquid
2988 1685 3060 1740 ab
3090 1683 3222 1740 aliis
3251 1683 3438 1757 possi-

1796 1774 1986 1828 detur.
2018 1772 2157 1827 Toto
2192 1773 2410 1827 mundo
2450 1776 2601 1845 eget,
2642 1773 2811 1842 cujus
2852 1789 2967 1828 non
2998 1773 3153 1844 capit
3182 1772 3441 1828 mundus

1797 1861 2145 1933 cupiditates
2179 1877 2191 1914 ε
2226 1862 2353 1931 ejus
2384 1864 2577 1915 autem
2612 1860 2710 1931 qui
2746 1860 2935 1917 fidelis
2957 1866 3065 1926 est,
3092 1864 3252 1916 totus
3274 1877 3442 1916 mun-

1796 1949 1908 2004 dus
1939 1947 2274 2003 divitiarum
2301 1953 2407 2003 est.
2441 1948 2624 2004 Tanto
2657 1950 2875 2005 mundo
2906 1949 3075 2021 fugit,
3103 1949 3225 2021 qui,
3256 1950 3443 2006 consi-

1795 2039 2007 2093 derans
2038 2037 2453 2093 conscientiam
2488 2055 2677 2103 suam,
2713 2039 2923 2093 metuit
2961 2038 3337 2110 deprehendi.
3370 2039 3440 2094 Et

1795 2127 1924 2181 ideo
1971 2126 2172 2181 Achab
2219 2126 2290 2181 ad
2345 2125 2528 2182 Eliam
2590 2127 2913 2183 secundum
2983 2126 3288 2183 historiam
3333 2127 3434 2196 ait,

1794 2215 2117 2271 secundum
2164 2215 2477 2287 aenigmata
2505 2218 2700 2270 autem
2748 2215 2907 2271 dives
2955 2215 3027 2271 ad
3076 2231 3432 2287 pauperem:

1793 2327 1822 2354 ‹‹
1855 2302 2133 2359 Invenisti
2164 2303 2562 2374 me,inimicus
2593 2319 2761 2359 meus
2789 2304 2888 2374 (III
2915 2305 3041 2373 Reg.
3102 2320 3217 2372 xxx,
3260 2304 3372 2375 20).
3405 2326 3434 2353 ››

1793 2393 1976 2457 Quam
2009 2393 2222 2446 misera
2251 2390 2606 2449 conscientia
2635 2408 2763 2463 qua
2794 2408 2857 2447 se
2886 2391 3178 2464 proditam
3210 2390 3431 2448 doluitl

1861 2481 1951 2535 51.
2004 2482 2072 2535 Et
2118 2480 2262 2535 dixit
2308 2479 2462 2534 Elias
2512 2480 2581 2535 ad
2625 2495 2790 2535 eum:
2852 2505 2873 2531 ι
2925 2480 3119 2536 Inveni
3152 2481 3432 2553 quoniam

1792 2569 1973 2625 fecisti
2005 2567 2224 2623 malum
2274 2567 2332 2622 in
2381 2573 2694 2639 conspectu
2754 2569 2986 2624 Domini
3016 2569 3222 2639 (Ibid)
3255 2592 3284 2620 »
3317 2570 3434 2626 Rex

1790 2661 1915 2713 erat
1945 2656 2057 2721 ille,
2093 2662 2150 2712 et
2180 2674 2277 2711 rex
2305 2656 2579 2712 Samaria:
2625 2657 2823 2712 Achab
2853 2673 2865 2711 :
2917 2656 3073 2713 Elias
3102 2673 3347 2729 pauper,
3377 2661 3435 2739 et

1791 2746 2061 2818 indigens
2093 2746 2281 2817 panis,
2315 2745 2409 2801 cui
2440 2745 2723 2800 defuisset
2749 2745 2938 2801 victus
2960 2746 3433 2815 substantia,nisi

1790 2834 1940 2890 corvi
1976 2833 2312 2889 alimoniam
2347 2834 2801 2889 ministrassent.
2849 2834 3008 2890 Adeo
3058 2834 3284 2906 dejecta
3309 2837 3435 2891 erat

1788 2923 2145 2979 conscientia
2203 2923 2541 2995 peccatoris,
2602 2927 2667 2978 ut
2724 2939 2829 2979 nec
2895 2922 3107 2997 regalis
3162 2924 3430 2997 potentiae

1789 3012 1941 3066 tastu
1980 3009 2355 3066 attolleretur.
2408 3011 2610 3082 Itaque
2658 3011 2827 3082 quasi
2861 3010 2991 3067 vilis
3037 3015 3094 3067 et
3143 3011 3429 3085 degener:

1792 3123 1812 3149 ι
1854 3099 2128 3154 Invenisti
2165 3116 2278 3167 me,
2322 3098 2532 3171 inquit,
2587 3099 2861 3154 inimicus
2908 3116 3120 3155 meus:
3158 3123 3185 3149 ››
3226 3101 3428 3172 depre-

1787 3187 2040 3244 hendisti
2075 3189 2132 3242 in
2165 3204 2257 3243 me
2286 3206 2412 3260 quae
2461 3187 2639 3243 latere
2670 3188 2974 3243 credebam
3010 3205 3022 3244 :
3069 3187 3231 3242 nulla
3262 3205 3424 3244 men-

65 3278 320 3334 vabuntur
346 3280 405 3333 in
437 3277 727 3350 sanguine
760 3282 858 3332 tuo
889 3278 1045 3347 (Ibid.
1089 3278 1186 3344 19).
1222 3301 1249 3327 ››
1291 3280 1474 3344 Quam
1510 3279 1677 3349 justa
1706 3262 1750 3330 C
1789 3276 1866 3332 tis
1897 3294 2038 3332 mea:
2086 3276 2314 3332 occulta
2358 3281 2414 3331 te
2464 3275 2712 3331 fallunt:
2765 3275 3033 3330 invenisti
3080 3292 3195 3347 me,
3227 3280 3428 3349 patent

69 3382 215 3435 quam
259 3383 456 3423 severa
512 3365 822 3431 sententia,
886 3370 955 3420 ut
1009 3381 1186 3436 quam
1258 3364 1455 3421 intulit
1510 3366 1676 3422 alteri

70 3456 241 3512 mortis
267 3456 642 3512 acerbitatem
687 3471 815 3510 eam
855 3454 980 3526 ipse
1014 3454 1220 3510 mortis
1272 3472 1389 3510 sum
1437 3455 1676 3513 horrore

1789 3365 1895 3421 tibi
1924 3366 2165 3421 vulnera
2197 3382 2345 3432 mea,
2396 3365 2697 3436 captivitas
2737 3368 2944 3436 praesto
2989 3367 3097 3420 est.
3131 3365 3428 3421 Invenitur

1787 3460 2071 3527 peccator,
2107 3471 2240 3509 cum
2274 3452 2555 3525 iniquitas
2584 3454 2712 3524 ejus
2759 3451 3045 3524 proditur,
3088 3453 3292 3525 justus
3321 3471 3423 3509 au-

70 3542 344 3601 dissolvere
373 3545 720 3617 proderetur
749 3543 896 3615 (23)!
933 3542 1309 3599 Inhumatum
1360 3561 1674 3617 pauperem
1784 3549 1901 3600 tem
1934 3544 2112 3599 dicit:
2144 3566 2171 3593 «
2206 3544 2341 3615 Igne
2398 3558 2490 3598 me
2539 3542 2909 3612 examinasti,
2951 3545 3010 3598 et
3056 3558 3169 3598 non
3214 3546 3304 3599 est
3331 3543 3419 3599 in-

74 3628 197 3686 Deus
235 3634 454 3706 aspicit,
507 3638 565 3687 et
612 3632 743 3687 ideo
792 3629 1148 3704 insepultum
1195 3632 1431 3689 divitem
1480 3635 1677 3706 jacere
1782 3639 1955 3691 venta
1985 3634 2043 3689 in
2080 3649 2174 3688 me
2218 3632 2499 3704 iniquitas
2532 3632 2700 3704 (Psal.
2752 3648 2864 3697 xw,
2912 3633 2989 3704 3).
3024 3654 3052 3681 »
3073 3632 3261 3688 Adam
3286 3648 3424 3689 cum

76 3718 326 3790 decernit;
358 3728 414 3779 et
440 3728 512 3776 ut
543 3719 951 3775 mortuusluat
966 3737 1084 3775 sua:
1113 3720 1442 3792 iniquitatis
1472 3739 1677 3778 aerum-

77 3821 209 3877 nam,
255 3810 347 3883 qui
386 3826 493 3866 nec
553 3813 785 3864 mortuo
836 3808 1063 3879 putavit
1115 3825 1243 3864 esse
1294 3811 1674 3881 parcendum.

80 3892 245 3967 Itaque
285 3898 546 3957 vulneris
595 3896 685 3952 sui
736 3912 939 3952 cruore
994 3898 1297 3968 perfusum
1344 3899 1588 3954 cadaver
1615 3899 1676 3955 in

79 3984 288 4052 speciem
330 3985 556 4044 funeris
602 3985 730 4040 vitae
780 4001 902 4041 suae
949 3986 1205 4057 prodidit
1251 3986 1674 4046 crudelitatem.

81 4068 179 4128 Hac
204 4090 324 4131 cum
357 4074 602 4149 pertulit
631 4090 870 4148 pauper,
904 4074 1065 4129 dives
1110 4075 1500 4146 arguebatur;
1544 4092 1679 4131 cum

82 4157 207 4217 dives
232 4165 465 4236 excepit,
501 4179 728 4236 pauper
756 4162 1181 4218 vindicabatur.

136 4250 204 4305 49.
233 4253 369 4318 Quid
402 4254 518 4308 sibi
548 4257 746 4308 autem
776 4250 898 4307 vult
946 4251 1100 4323 quod
1153 4252 1487 4309 meretrices
1528 4251 1681 4308 lave-

85 4342 270 4396 runtse
296 4340 353 4396 in
382 4339 669 4414 sanguine
697 4341 864 4412 ejus;
898 4340 1010 4397 nisi
1062 4339 1181 4395 fore
1236 4344 1301 4395 ut
1357 4341 1683 4397 meretricia

85 4425 306 4493 quaedam
338 4429 395 4486 in
426 4430 531 4485 illa
563 4428 786 4485 feritate
837 4429 1019 4485 fuisse
1066 4424 1218 4500 regis
1266 4429 1512 4501 perﬁdia
1550 4446 1681 4502 pro-

87 4509 295 4584 deretur,
320 4517 405 4575 vel
436 4523 678 4575 eruenta
709 4516 1003 4583 luxuries,
1023 4518 1118 4591 qui
1152 4516 1235 4573 sic
1285 4518 1393 4573 fuit
1422 4518 1680 4575 luxurio-

1786 3724 2011 3787 latcret,
2064 3723 2335 3777 inventus
2383 3726 2508 3776 est:
2569 3720 2750 3793 Moysi
2808 3725 3003 3776 autem
3052 3738 3424 3794 nequaquam

1786 3813 2019 3869 inventa
2048 3815 2139 3867 est
2167 3810 2504 3882 sepultura:
2541 3810 2810 3865 inventus
2839 3815 2929 3866 est
2949 3811 3169 3880 Achab,
3194 3828 3311 3867 non
3341 3813 3433 3868 est

1785 3903 2059 3956 inventus
2090 3898 2243 3954 Elias
2274 3917 2286 3967 ;
2328 3904 2384 3954 et
2413 3898 2698 3971 sapientia
2744 3898 2844 3954 Dei
2876 3899 3057 3954 dixit:
3109 3922 3137 3948 ‹‹
3169 3900 3434 3963 Quaerent

1790 4004 1882 4043 me
1904 3987 2066 4053 mali,
2115 3991 2173 4041 et
2219 4002 2335 4041 non
2382 3985 2680 4041 invenient
2728 3987 2908 4058 (Prov.
2959 4003 2998 4052 1,
3047 3989 3159 4055 28).
3198 4009 3225 4035 »
3272 3986 3435 4042 Unde

1790 4081 1846 4132 et
1876 4076 1934 4129 in
1968 4073 2277 4147 Evangelia
2300 4074 2586 4130 Dominus
2609 4079 2805 4130 noster
2832 4074 3007 4129 Jesus
3047 4075 3433 4145 quaerebatur,

1790 4169 1849 4221 et
1878 4181 1991 4220 non
2026 4163 2429 4218 inveniebatur
2470 4164 2646 4234 (Joan.
2703 4180 2821 4229 vm,
2871 4163 2983 4228 21).
3032 4162 3216 4234 Culpa
3255 4163 3439 4236 igitur

1790 4257 2088 4309 auctorem
2142 4268 2315 4307 suum
2366 4252 2578 4322 prodit.
2628 4251 2790 4306 Unde
2840 4255 2897 4305 et
2945 4250 3267 4323 Thesbytes
3316 4251 3427 4307 ait:

1792 4341 2049 4397 «Inveni
2108 4339 2385 4413 quoniam
2436 4339 2619 4394 fecisti
2694 4338 2921 4394 malum
2999 4339 3057 4393 in
3122 4343 3434 4413 conspectu

1796 4429 2060 4497 Domini;
2093 4452 2120 4478 ››
2155 4429 2292 4501 quia
2322 4427 2504 4500 culpa:
2535 4444 2666 4483 reos
2696 4428 2876 4483 tradit
2920 4427 3226 4495 Dominus,
3267 4429 3434 4486 inno-

1791 4524 1986 4577 centes
2006 4523 2198 4575 autem
2232 4535 2347 4573 non
2378 4517 2554 4573 tradit
2592 4518 2651 4572 in
2682 4520 3029 4589 potestatem
3060 4518 3432 4574 inimicorum

56 4640 57 4645 η
88 4613 184 4695 sus,
211 4610 270 4695 ut
297 4606 421 4663 olus
451 4607 813 4663 desideraret
843 4624 856 4675 ;
892 4606 977 4662 sic
1007 4610 1308 4677 cruentus,
1341 4612 1408 4662 ut
1450 4611 1684 4680 propter
1714 4628 1763 4695 Β
1796 4624 2057 4664 suorum.
2102 4606 2363 4679 Denique
2415 4605 2551 4662 Saul
2602 4606 2896 4678 quaerebat
2924 4612 3193 4662 sanctum
3232 4606 3433 4675 David,

88 4687 189 4746 olus
228 4692 514 4753 hominem
566 4695 899 4752 occideret?
964 4695 1151 4767 Digna
1198 4712 1459 4763 avarum,
1508 4697 1687 4769 digna
1714 4687 1755 4695 ”
1795 4702 1851 4754 et
1892 4696 2150 4753 invenire
2198 4712 2312 4751 non
2344 4699 2605 4768 poterat:
2658 4694 2836 4750 David
2883 4712 3015 4753 vero
3059 4700 3297 4752 sanctus
3344 4711 3435 4750 re-

91 4780 342 4839 avaritiam
374 4801 544 4856 poma
573 4784 888 4841 consumit.
922 4783 1184 4856 Denique
1214 4788 1273 4839 et
1320 4784 1549 4841 Jezabel
1598 4784 1683 4857 ip-

62 4878 190 4922 -Bam
209 4874 570 4929 comederunt
599 4890 793 4941 canes,
828 4877 885 4929 et
917 4873 1181 4929 volucres
1212 4872 1339 4928 coeli
1364 4890 1378 4928 :
1403 4877 1468 4929 ut
1497 4877 1687 4930 osten-

66 4950 286 5013 lderetur
311 4963 456 5033 quod
492 4962 776 5035 spiritalis
824 4962 1091 5034 nequitias
1148 4962 1250 5017 ﬁat
1292 4962 1447 5019 574
1495 4964 1689 5035 praeda

66 5039 250 5127 divitis
276 5050 593 5122 sepultura.
630 5052 781 5125 Fuge
810 5067 968 5123 ergo,
993 5051 1175 5117 dives,
1200 5050 1541 5123 huiusmodi
1569 5052 1686 5108 exi-

68 5128 212 5217 itum.
242 5135 344 5192 Sed
372 5139 558 5212 lugies
587 5139 930 5211 hujusmodi
960 5139 1201 5200 exitum.
1234 5139 1284 5195 si
1326 5139 1545 5212 fugeris
1576 5140 1685 5196 hu-

272 5279 372 5366 εἰς.
403 5283 540 5366 edit.
566 5292 800 5366 “omnes
836 5299 922 5366 ac.
955 5299 1097 5366 mss.
1119 5281 1376 5366 aliquot.
1409 5282 1687 5366 Nonnulli

102 5349 258 5426 autem
286 5351 397 5426 alii,
439 5354 726 5411 dissolvere
770 5355 1015 5426 jubetur.
1065 5357 1137 5409 At
1184 5349 1281 5410 alii
1331 5355 1686 5426 majorirnu-

78 5424 303 5500 E{negaret
343 5426 705 5500 antiquitate,
730 5424 1050 5500 dissolvere
1096 5424 1521 5500 prohiberetur,
1545 5425 1690 5483 forte

78 5487 456 5575 Ericiberetitr;
483 5487 595 5575 nisi
631 5487 800 5553 malis
835 5496 989 5552 hunc
1032 5487 1160 5551 esse
1204 5497 1385 5552 totius
1417 5487 1523 5575 loci
1556 5514 1687 5553 sen-

80 5565 237 5637 ξιυριε
292 5565 501 5622 scilicet
550 5573 665 5624 tam
710 5575 968 5640 apertam
1033 5575 1271 5638 tamque
1318 5569 1689 5625 manifestam

82 5621 250 5700 εἶιξιεεθ
297 5651 519 5700 penam
559 5640 714 5700 regis
757 5640 978 5700 Achab.
1030 5644 1095 5697 ut
1141 5656 1209 5698 ea
1257 5639 1589 5700 prohiberet
1620 5656 1691 5700 ne

82 5651 250 5707 μιξιδδθ
293 5651 519 5720 poenam
559 5656 714 5714 regis
757 5651 978 5708 Achab,
1030 5651 1095 5697 ut
1141 5656 1209 5698 ea
1298 5651 1589 5698 roniberet
1620 5656 1691 5700 ne

84 5694 305 5767 idum!"
334 5712 434 5767 aut
452 5708 603 5771 eludi
634 5715 830 5791 posset
868 5711 1162 5774 accusatio
1186 5656 1473 5771 inilorfectl
1517 5711 1692 5773 inno-

88 5890 95 6091 ι

74 5304 79 5457 l

1795 4802 1924 4859 gem
1957 4785 2117 4852 Saul,
2149 4801 2323 4857 quem
2357 4802 2468 4840 non
2520 4784 2835 4856 quaerebat,
2882 4784 3121 4852 invenit,
3154 4784 3433 4855 quoniam

1794 4874 2035 4930 tradidit
2062 4890 2197 4929 eum
2229 4873 2513 4928 Dominus
2545 4875 2603 4927 in
2651 4876 3000 4944 potestatem
3051 4872 3258 4943 ipsius.
3288 4871 3435 4942 Cap-

1794 4963 1911 5017 tiva
1935 4962 2116 5035 igitur
2141 4966 2230 5017 est
2259 4961 2576 5033 opulentia,
2608 4965 2920 5033 paupertas
2947 4958 3149 5013 libera.

1865 5052 1954 5106 52.
2004 5051 2241 5105 Servitia
2291 5049 2519 5116 divites,
2576 5065 2642 5103 ac
2680 5048 2956 5102 miseram
2989 5044 3226 5117 quidem
3257 5044 3438 5101 servi-

1797 5143 2003 5206 tutem,
2036 5140 2135 5210 qui
2166 5136 2392 5192 servitis
2431 5136 2637 5202 errori,
2693 5133 2921 5190 servitis
2951 5133 3278 5206 cupiditati,
3313 5150 3435 5189 ser-

1797 5280 1998 5337 centis.
2033 5276 2256 5332 Etenim
2281 5274 2622 5349 plerumque
2644 5273 2708 5328 ﬁt
2730 5277 2793 5328 ut
2822 5274 2921 5346 qui
2946 5274 3167 5349 crimen
3198 5273 3438 5347 aliquod

1796 5354 2035 5434 impune
2054 5346 2927 5437 ¹ζει-ωηιξὶρῆειῐῐιιὶῐιλρυὲιἰξειῐριῐηΔ
2942 5346 2999 5400 in
3025 5346 3439 5437 argumentum

1798 5416 2141 5479 innocentia
2172 5416 2526 5477 convertant.
2559 5416 2629 5472 Et
2664 5417 2799 5489 huic
2846 5416 3308 5489 interpretationi
3356 5418 3438 5475 vi-

1799 5496 1970 5551 detur
1998 5495 2211 5561 favere,
2245 5491 2398 5564 quod
2430 5488 2630 5562 paucis
2660 5488 3436 5564 interpositissubjungitur.

1797 5568 1987 5638 Itaque
2016 5559 2382 5638 vulneris—sui
2410 5559 2601 5619 cruore
2613 5562 2913 5638 perfusum
2933 5559 3171 5638 cadaver
3211 5559 3288 5618 ἐπ’
3314 5578 3438 5635 spe-

1799 5629 1935 5699 ciein
1960 5638 2173 5719 funeris
2203 5637 2330 5695 vita:
2358 5649 2476 5695 suae
2490 5629 2733 5721 prodidit
2759 5629 3153 5693 crudelitatem.
