  <div class='ocr_page' id='page_1' title='image "/cluster/home/n/w/nwhite01/storage/ocr_20150623/14/uva.x000826552/406.png"; bbox 0 0 3866 6212; ppageno 0'>
   <div class='ocr_carea' id='block_1_1' title="bbox 444 469 564 533">
    <p class='ocr_par' dir='ltr' id='par_1_1' title="bbox 444 469 564 533">
     <span class='ocr_line' id='line_1_1' title="bbox 444 469 564 533; baseline 0 0"><span class='ocrx_word' id='word_1_1' title='bbox 444 469 564 533; x_wconf 72' lang='grc'><strong>’1821</strong></span> 
     </span>
    </p>
   </div>
   <div class='ocr_carea' id='block_1_2' title="bbox 452 695 2098 770">
    <p class='ocr_par' dir='ltr' id='par_1_2' title="bbox 452 695 2098 770">
     <span class='ocr_line' id='line_1_2' title="bbox 452 695 2098 770; baseline -0.001 -18"><span class='ocrx_word' id='word_1_2' title='bbox 452 697 590 753; x_wconf 87' lang='lat' dir='ltr'><strong>dam</strong></span> <span class='ocrx_word' id='word_1_3' title='bbox 623 696 995 763; x_wconf 79' lang='lat' dir='ltr'><strong>insatiabilis,</strong></span> <span class='ocrx_word' id='word_1_4' title='bbox 1021 697 1280 770; x_wconf 86' lang='lat' dir='ltr'><strong>rapidior</strong></span> <span class='ocrx_word' id='word_1_5' title='bbox 1309 699 1555 766; x_wconf 88' lang='lat' dir='ltr'><strong>est,cum</strong></span> <span class='ocrx_word' id='word_1_6' title='bbox 1589 695 1749 752; x_wconf 88' lang='lat' dir='ltr'><strong>illata</strong></span> <span class='ocrx_word' id='word_1_7' title='bbox 1779 696 2098 767; x_wconf 81' lang='lat' dir='ltr'><strong>demergit:</strong></span> 
     </span>
    </p>
   </div>
   <div class='ocr_carea' id='block_1_3' title="bbox 451 783 2099 858">
    <p class='ocr_par' dir='ltr' id='par_1_3' title="bbox 451 783 2099 858">
     <span class='ocr_line' id='line_1_3' title="bbox 451 783 2099 858; baseline -0.003 -16"><span class='ocrx_word' id='word_1_8' title='bbox 451 789 508 842; x_wconf 89' lang='lat' dir='ltr'><strong>et</strong></span> <span class='ocrx_word' id='word_1_9' title='bbox 553 787 712 858; x_wconf 80' lang='lat' dir='ltr'><strong>putei</strong></span> <span class='ocrx_word' id='word_1_10' title='bbox 782 788 955 842; x_wconf 88' lang='lat' dir='ltr'><strong>modo</strong></span> <span class='ocrx_word' id='word_1_11' title='bbox 1022 801 1160 841; x_wconf 91' lang='lat' dir='ltr'><strong>cum</strong></span> <span class='ocrx_word' id='word_1_12' title='bbox 1205 786 1472 841; x_wconf 82' lang='lat' dir='ltr'><strong>exundat</strong></span> <span class='ocrx_word' id='word_1_13' title='bbox 1520 801 1682 840; x_wconf 84' lang='lat' dir='ltr'><strong>coeno</strong></span> <span class='ocrx_word' id='word_1_14' title='bbox 1729 783 2099 856; x_wconf 89' lang='lat' dir='ltr'><strong>inquinatur,</strong></span> 
     </span>
    </p>
   </div>
   <div class='ocr_carea' id='block_1_4' title="bbox 450 872 2102 946">
    <p class='ocr_par' dir='ltr' id='par_1_4' title="bbox 450 872 2102 946">
     <span class='ocr_line' id='line_1_4' title="bbox 450 872 2102 946; baseline -0.002 -15"><span class='ocrx_word' id='word_1_15' title='bbox 450 879 665 932; x_wconf 88' lang='lat' dir='ltr'><strong>terram</strong></span> <span class='ocrx_word' id='word_1_16' title='bbox 697 875 918 932; x_wconf 87' lang='lat' dir='ltr'><strong>arradit</strong></span> <span class='ocrx_word' id='word_1_17' title='bbox 946 874 1092 930; x_wconf 86' lang='lat' dir='ltr'><strong>nihil</strong></span> <span class='ocrx_word' id='word_1_18' title='bbox 1122 875 1233 930; x_wconf 83' lang='lat' dir='ltr'><strong>sibi</strong></span> <span class='ocrx_word' id='word_1_19' title='bbox 1269 875 1660 946; x_wconf 80' lang='lat' dir='ltr'><strong>profuturam.</strong></span> <span class='ocrx_word' id='word_1_20' title='bbox 1689 873 1839 929; x_wconf 65' lang='lat'><strong>580</strong></span> <span class='ocrx_word' id='word_1_21' title='bbox 1871 872 1970 928; x_wconf 80' lang='lat' dir='ltr'><strong>Vel</strong></span> <span class='ocrx_word' id='word_1_22' title='bbox 1995 873 2102 928; x_wconf 90' lang='lat' dir='ltr'><strong>hoc</strong></span> 
     </span>
    </p>
   </div>
   <div class='ocr_carea' id='block_1_5' title="bbox 449 962 2100 1037">
    <p class='ocr_par' dir='ltr' id='par_1_5' title="bbox 449 962 2100 1037">
     <span class='ocr_line' id='line_1_5' title="bbox 449 962 2100 1037; baseline -0.004 -17"><span class='ocrx_word' id='word_1_23' title='bbox 449 963 712 1037; x_wconf 82' lang='lat' dir='ltr'><strong>exemplo</strong></span> <span class='ocrx_word' id='word_1_24' title='bbox 753 981 854 1020; x_wconf 90' lang='lat' dir='ltr'><strong>vos</strong></span> <span class='ocrx_word' id='word_1_25' title='bbox 903 964 1204 1020; x_wconf 84' lang='lat' dir='ltr'><strong>admoneri</strong></span> <span class='ocrx_word' id='word_1_26' title='bbox 1259 963 1545 1019; x_wconf 85' lang='lat' dir='ltr'><strong>convenit.</strong></span> <span class='ocrx_word' id='word_1_27' title='bbox 1601 967 1814 1018; x_wconf 89' lang='lat' dir='ltr'><strong>Puteus</strong></span> <span class='ocrx_word' id='word_1_28' title='bbox 1863 962 2019 1017; x_wconf 87' lang='lat' dir='ltr'><strong>enim</strong></span> <span class='ocrx_word' id='word_1_29' title='bbox 2055 962 2100 1016; x_wconf 85' lang='lat' dir='ltr'><strong>si</strong></span> 
     </span>
    </p>
   </div>
   <div class='ocr_carea' id='block_1_6' title="bbox 451 1050 2104 1123">
    <p class='ocr_par' dir='ltr' id='par_1_6' title="bbox 451 1050 2104 1123">
     <span class='ocr_line' id='line_1_6' title="bbox 451 1050 2104 1123; baseline -0.004 -14"><span class='ocrx_word' id='word_1_30' title='bbox 451 1053 596 1110; x_wconf 87' lang='lat' dir='ltr'><strong>nihil</strong></span> <span class='ocrx_word' id='word_1_31' title='bbox 627 1053 889 1123; x_wconf 78' lang='lat' dir='ltr'><strong>haurias,</strong></span> <span class='ocrx_word' id='word_1_32' title='bbox 939 1053 1112 1108; x_wconf 85' lang='lat' dir='ltr'><strong>inerti</strong></span> <span class='ocrx_word' id='word_1_33' title='bbox 1165 1053 1280 1108; x_wconf 85' lang='lat' dir='ltr'><strong>otio</strong></span> <span class='ocrx_word' id='word_1_34' title='bbox 1330 1056 1386 1106; x_wconf 90' lang='lat' dir='ltr'><strong>et</strong></span> <span class='ocrx_word' id='word_1_35' title='bbox 1444 1051 1716 1123; x_wconf 80' lang='lat' dir='ltr'>degeneri</span> <span class='ocrx_word' id='word_1_36' title='bbox 1762 1051 1873 1106; x_wconf 91' lang='lat' dir='ltr'><strong>situ</strong></span> <span class='ocrx_word' id='word_1_37' title='bbox 1938 1050 2104 1104; x_wconf 76' lang='lat' dir='ltr'><strong>facile</strong></span> 
     </span>
    </p>
   </div>
   <div class='ocr_carea' id='block_1_7' title="bbox 453 1139 2104 1213">
    <p class='ocr_par' dir='ltr' id='par_1_7' title="bbox 453 1139 2104 1213">
     <span class='ocr_line' id='line_1_7' title="bbox 453 1139 2104 1213; baseline -0.003 -16"><span class='ocrx_word' id='word_1_38' title='bbox 453 1141 890 1213; x_wconf 79' lang='lat' dir='ltr'><strong>corrumpitur:</strong></span> <span class='ocrx_word' id='word_1_39' title='bbox 925 1141 1212 1196; x_wconf 82' lang='lat' dir='ltr'><strong>exercitus</strong></span> <span class='ocrx_word' id='word_1_40' title='bbox 1235 1145 1427 1195; x_wconf 84' lang='lat' dir='ltr'><strong>autem</strong></span> <span class='ocrx_word' id='word_1_41' title='bbox 1452 1140 1683 1195; x_wconf 80' lang='lat' dir='ltr'><strong>nitescit</strong></span> <span class='ocrx_word' id='word_1_42' title='bbox 1714 1141 1784 1194; x_wconf 89' lang='lat' dir='ltr'><strong>ad</strong></span> <span class='ocrx_word' id='word_1_43' title='bbox 1827 1139 2104 1211; x_wconf 83' lang='lat' dir='ltr'><strong>speciem,</strong></span> 
     </span>
    </p>
   </div>
   <div class='ocr_carea' id='block_1_8' title="bbox 455 1227 2102 1302">
    <p class='ocr_par' dir='ltr' id='par_1_8' title="bbox 455 1227 2102 1302">
     <span class='ocr_line' id='line_1_8' title="bbox 455 1227 2102 1302; baseline -0.004 -14"><span class='ocrx_word' id='word_1_44' title='bbox 455 1229 742 1288; x_wconf 84' lang='lat' dir='ltr'><strong>dulcescit</strong></span> <span class='ocrx_word' id='word_1_45' title='bbox 789 1231 859 1285; x_wconf 87' lang='lat' dir='ltr'><strong>ad</strong></span> <span class='ocrx_word' id='word_1_46' title='bbox 912 1233 1151 1302; x_wconf 88' lang='lat' dir='ltr'><strong>potum:</strong></span> <span class='ocrx_word' id='word_1_47' title='bbox 1204 1230 1287 1284; x_wconf 87' lang='lat' dir='ltr'><strong>ita</strong></span> <span class='ocrx_word' id='word_1_48' title='bbox 1335 1232 1391 1284; x_wconf 88' lang='lat' dir='ltr'><strong>et</strong></span> <span class='ocrx_word' id='word_1_49' title='bbox 1457 1245 1696 1284; x_wconf 77' lang='lat' dir='ltr'><strong>acervus</strong></span> <span class='ocrx_word' id='word_1_50' title='bbox 1745 1227 2102 1290; x_wconf 80' lang='lat' dir='ltr'><strong>divitiarum,</strong></span> 
     </span>
    </p>
   </div>
   <div class='ocr_carea' id='block_1_9' title="bbox 457 1317 2104 1391">
    <p class='ocr_par' dir='ltr' id='par_1_9' title="bbox 457 1317 2104 1391">
     <span class='ocr_line' id='line_1_9' title="bbox 457 1317 2104 1391; baseline -0.002 -16"><span class='ocrx_word' id='word_1_51' title='bbox 457 1317 696 1376; x_wconf 89' lang='lat' dir='ltr'><strong>cumulo</strong></span> <span class='ocrx_word' id='word_1_52' title='bbox 753 1335 1056 1382; x_wconf 87' lang='lat' dir='ltr'><strong>arenosus,</strong></span> <span class='ocrx_word' id='word_1_53' title='bbox 1107 1317 1407 1391; x_wconf 71' lang='lat' dir='ltr'><strong>Speciosus</strong></span> <span class='ocrx_word' id='word_1_54' title='bbox 1456 1323 1545 1373; x_wconf 89' lang='lat' dir='ltr'><strong>est.</strong></span> <span class='ocrx_word' id='word_1_55' title='bbox 1593 1335 1726 1384; x_wconf 90' lang='lat' dir='ltr'><strong>usu,</strong></span> <span class='ocrx_word' id='word_1_56' title='bbox 1759 1317 1875 1373; x_wconf 87' lang='lat' dir='ltr'><strong>otio</strong></span> <span class='ocrx_word' id='word_1_57' title='bbox 1907 1321 2104 1372; x_wconf 88' lang='lat' dir='ltr'><strong>autem</strong></span> 
     </span>
    </p>
   </div>
   <div class='ocr_carea' id='block_1_10' title="bbox 455 1405 2104 1479">
    <p class='ocr_par' dir='ltr' id='par_1_10' title="bbox 455 1405 2104 1479">
     <span class='ocr_line' id='line_1_10' title="bbox 455 1405 2104 1479; baseline -0.002 -16"><span class='ocrx_word' id='word_1_58' title='bbox 455 1407 684 1463; x_wconf 83' lang='lat' dir='ltr'><strong>inutilis</strong></span> <span class='ocrx_word' id='word_1_59' title='bbox 716 1407 985 1463; x_wconf 83' lang='lat' dir='ltr'><strong>habetur.</strong></span> <span class='ocrx_word' id='word_1_60' title='bbox 1019 1407 1284 1462; x_wconf 89' lang='lat' dir='ltr'><strong>Derivato</strong></span> <span class='ocrx_word' id='word_1_61' title='bbox 1314 1406 1495 1479; x_wconf 84' lang='lat' dir='ltr'><strong>igitur</strong></span> <span class='ocrx_word' id='word_1_62' title='bbox 1515 1405 1734 1478; x_wconf 90' lang='lat' dir='ltr'><strong>aliquid</strong></span> <span class='ocrx_word' id='word_1_63' title='bbox 1769 1407 1840 1461; x_wconf 89' lang='lat' dir='ltr'><strong>de</strong></span> <span class='ocrx_word' id='word_1_64' title='bbox 1869 1405 1976 1466; x_wconf 89' lang='lat' dir='ltr'><strong>hoc</strong></span> <span class='ocrx_word' id='word_1_65' title='bbox 1997 1423 2104 1478; x_wconf 89' lang='lat' dir='ltr'><strong>pu-</strong></span> 
     </span>
    </p>
   </div>
   <div class='ocr_carea' id='block_1_11' title="bbox 451 1495 2106 1569">
    <p class='ocr_par' dir='ltr' id='par_1_11' title="bbox 451 1495 2106 1569">
     <span class='ocr_line' id='line_1_11' title="bbox 451 1495 2106 1569; baseline -0.002 -17"><span class='ocrx_word' id='word_1_66' title='bbox 451 1499 565 1552; x_wconf 89' lang='lat' dir='ltr'><strong>teo.</strong></span> <span class='ocrx_word' id='word_1_67' title='bbox 599 1495 798 1569; x_wconf 81' lang='lat' dir='ltr'><strong>ignem</strong></span> <span class='ocrx_word' id='word_1_68' title='bbox 832 1497 1132 1552; x_wconf 85' lang='lat' dir='ltr'>ardentem</span> <span class='ocrx_word' id='word_1_69' title='bbox 1181 1495 1503 1568; x_wconf 83' lang='lat' dir='ltr'><strong>exstinguit</strong></span> <span class='ocrx_word' id='word_1_70' title='bbox 1549 1512 1722 1566; x_wconf 88' lang='lat' dir='ltr'><strong>aqua,</strong></span> <span class='ocrx_word' id='word_1_71' title='bbox 1775 1499 1830 1551; x_wconf 90' lang='lat' dir='ltr'><strong>et</strong></span> <span class='ocrx_word' id='word_1_72' title='bbox 1859 1495 2106 1550; x_wconf 86' lang='lat' dir='ltr'><strong>eleemo-</strong></span> 
     </span>
    </p>
   </div>
   <div class='ocr_carea' id='block_1_12' title="bbox 449 1583 2106 1658">
    <p class='ocr_par' dir='ltr' id='par_1_12' title="bbox 449 1583 2106 1658">
     <span class='ocr_line' id='line_1_12' title="bbox 449 1583 2106 1658; baseline -0.003 -17"><span class='ocrx_word' id='word_1_73' title='bbox 449 1601 596 1658; x_wconf 81' lang='lat' dir='ltr'><strong>syna</strong></span> <span class='ocrx_word' id='word_1_74' title='bbox 641 1583 863 1640; x_wconf 82' lang='lat' dir='ltr'><strong>resistit</strong></span> <span class='ocrx_word' id='word_1_75' title='bbox 927 1583 1218 1657; x_wconf 81' lang='lat' dir='ltr'><strong>pereatis:</strong></span> <span class='ocrx_word' id='word_1_76' title='bbox 1272 1601 1427 1656; x_wconf 87' lang='lat' dir='ltr'><strong>aqua</strong></span> <span class='ocrx_word' id='word_1_77' title='bbox 1474 1588 1669 1640; x_wconf 89' lang='lat' dir='ltr'><strong>autem</strong></span> <span class='ocrx_word' id='word_1_78' title='bbox 1719 1583 1932 1640; x_wconf 90' lang='lat' dir='ltr'><strong>stativa</strong></span> <span class='ocrx_word' id='word_1_79' title='bbox 1993 1583 2106 1638; x_wconf 91' lang='lat' dir='ltr'><strong>cito</strong></span> 
     </span>
    </p>
   </div>
   <div class='ocr_carea' id='block_1_13' title="bbox 447 1671 2110 1738">
    <p class='ocr_par' dir='ltr' id='par_1_13' title="bbox 447 1671 2110 1738">
     <span class='ocr_line' id='line_1_13' title="bbox 447 1671 2110 1738; baseline -0.001 -12"><span class='ocrx_word' id='word_1_80' title='bbox 447 1688 676 1727; x_wconf 87' lang='lat' dir='ltr'>vermes</span> <span class='ocrx_word' id='word_1_81' title='bbox 720 1671 876 1727; x_wconf 82' lang='lat' dir='ltr'><strong>facit.</strong></span> <span class='ocrx_word' id='word_1_82' title='bbox 927 1673 1052 1727; x_wconf 80' lang='lat' dir='ltr'><strong>Non</strong></span> <span class='ocrx_word' id='word_1_83' title='bbox 1103 1675 1216 1726; x_wconf 89' lang='lat' dir='ltr'><strong>stet</strong></span> <span class='ocrx_word' id='word_1_84' title='bbox 1271 1671 1586 1728; x_wconf 78' lang='lat' dir='ltr'><strong>thesaurus</strong></span> <span class='ocrx_word' id='word_1_85' title='bbox 1633 1675 1794 1738; x_wconf 88' lang='lat' dir='ltr'><strong>tuus,</strong></span> <span class='ocrx_word' id='word_1_86' title='bbox 1849 1687 1953 1727; x_wconf 91' lang='lat' dir='ltr'><strong>nec</strong></span> <span class='ocrx_word' id='word_1_87' title='bbox 1997 1673 2110 1726; x_wconf 89' lang='lat' dir='ltr'><strong>stet</strong></span> 
     </span>
    </p>
   </div>
   <div class='ocr_carea' id='block_1_14' title="bbox 451 1759 2108 1833">
    <p class='ocr_par' dir='ltr' id='par_1_14' title="bbox 451 1759 2108 1833">
     <span class='ocr_line' id='line_1_14' title="bbox 451 1759 2108 1833; baseline -0.001 -18"><span class='ocrx_word' id='word_1_88' title='bbox 451 1760 610 1833; x_wconf 86' lang='lat' dir='ltr'><strong>ignis</strong></span> <span class='ocrx_word' id='word_1_89' title='bbox 649 1764 826 1816; x_wconf 91' lang='lat' dir='ltr'><strong>tuus:</strong></span> <span class='ocrx_word' id='word_1_90' title='bbox 877 1761 1058 1816; x_wconf 82' lang='lat' dir='ltr'><strong>stabit</strong></span> <span class='ocrx_word' id='word_1_91' title='bbox 1102 1759 1160 1815; x_wconf 91' lang='lat' dir='ltr'><strong>in</strong></span> <span class='ocrx_word' id='word_1_92' title='bbox 1209 1767 1281 1830; x_wconf 85' lang='lat' dir='ltr'><strong>le,</strong></span> <span class='ocrx_word' id='word_1_93' title='bbox 1333 1761 1444 1815; x_wconf 88' lang='lat' dir='ltr'><strong>nisi</strong></span> <span class='ocrx_word' id='word_1_94' title='bbox 1499 1777 1632 1816; x_wconf 92' lang='lat' dir='ltr'><strong>eum</strong></span> <span class='ocrx_word' id='word_1_95' title='bbox 1685 1761 1963 1832; x_wconf 89' lang='lat' dir='ltr'><strong>operibus</strong></span> <span class='ocrx_word' id='word_1_96' title='bbox 1997 1764 2108 1815; x_wconf 71' lang='lat' dir='ltr'><strong>tum</strong></span> 
     </span>
    </p>
   </div>
   <div class='ocr_carea' id='block_1_15' title="bbox 460 1849 2109 1923">
    <p class='ocr_par' dir='ltr' id='par_1_15' title="bbox 460 1849 2109 1923">
     <span class='ocr_line' id='line_1_15' title="bbox 460 1849 2109 1923; baseline -0.001 -17"><span class='ocrx_word' id='word_1_97' title='bbox 460 1849 852 1908; x_wconf 86' lang='lat' dir='ltr'><strong>miserationis</strong></span> <span class='ocrx_word' id='word_1_98' title='bbox 883 1851 1186 1906; x_wconf 82' lang='lat' dir='ltr'><strong>averteris.</strong></span> <span class='ocrx_word' id='word_1_99' title='bbox 1222 1852 1286 1905; x_wconf 84' lang='lat' dir='ltr'><strong>In</strong></span> <span class='ocrx_word' id='word_1_100' title='bbox 1316 1851 1554 1923; x_wconf 77' lang='lat' dir='ltr'><strong>quantis</strong></span> <span class='ocrx_word' id='word_1_101' title='bbox 1587 1850 1880 1916; x_wconf 86' lang='lat' dir='ltr'><strong>sis,dives,</strong></span> <span class='ocrx_word' id='word_1_102' title='bbox 1913 1849 2109 1904; x_wconf 88' lang='lat' dir='ltr'><strong>incen-</strong></span> 
     </span>
    </p>
   </div>
   <div class='ocr_carea' id='block_1_16' title="bbox 461 1938 2108 1996">
    <p class='ocr_par' dir='ltr' id='par_1_16' title="bbox 461 1938 2108 1996">
     <span class='ocr_line' id='line_1_16' title="bbox 461 1938 2108 1996; baseline -0.001 -2"><span class='ocrx_word' id='word_1_103' title='bbox 461 1939 577 1994; x_wconf 87' lang='lat' dir='ltr'><strong>diis</strong></span> <span class='ocrx_word' id='word_1_104' title='bbox 611 1938 1110 1996; x_wconf 86' lang='lat' dir='ltr'><strong>considera.-Tua</strong></span> <span class='ocrx_word' id='word_1_105' title='bbox 1153 1956 1261 1995; x_wconf 80' lang='lat' dir='ltr'><strong>vox</strong></span> <span class='ocrx_word' id='word_1_106' title='bbox 1310 1944 1399 1995; x_wconf 90' lang='lat' dir='ltr'><strong>est</strong></span> <span class='ocrx_word' id='word_1_107' title='bbox 1443 1939 1554 1994; x_wconf 89' lang='lat' dir='ltr'><strong>ista</strong></span> <span class='ocrx_word' id='word_1_108' title='bbox 1606 1938 1892 1994; x_wconf 88' lang='lat' dir='ltr'><strong>dicentis:</strong></span> <span class='ocrx_word' id='word_1_109' title='bbox 1928 1961 1955 1988; x_wconf 81' lang='lat'>»</span> <span class='ocrx_word' id='word_1_110' title='bbox 2007 1938 2108 1992; x_wconf 87' lang='lat' dir='ltr'><strong>Pa-</strong></span> 
     </span>
    </p>
   </div>
   <div class='ocr_carea' id='block_1_17' title="bbox 461 2025 2108 2098">
    <p class='ocr_par' dir='ltr' id='par_1_17' title="bbox 461 2025 2108 2098">
     <span class='ocr_line' id='line_1_17' title="bbox 461 2025 2108 2098; baseline -0.002 -15"><span class='ocrx_word' id='word_1_111' title='bbox 461 2033 551 2083; x_wconf 89' lang='lat' dir='ltr'><strong>ter</strong></span> <span class='ocrx_word' id='word_1_112' title='bbox 579 2027 894 2092; x_wconf 82' lang='lat' dir='ltr'><strong>Abraham,</strong></span> <span class='ocrx_word' id='word_1_113' title='bbox 944 2027 1036 2082; x_wconf 93' lang='lat' dir='ltr'><strong>dic</strong></span> <span class='ocrx_word' id='word_1_114' title='bbox 1087 2028 1299 2083; x_wconf 89' lang='lat' dir='ltr'><strong>Lazaro</strong></span> <span class='ocrx_word' id='word_1_115' title='bbox 1348 2033 1413 2082; x_wconf 90' lang='lat' dir='ltr'><strong>ut</strong></span> <span class='ocrx_word' id='word_1_116' title='bbox 1463 2032 1787 2084; x_wconf 88' lang='lat' dir='ltr'><strong>extremum</strong></span> <span class='ocrx_word' id='word_1_117' title='bbox 1820 2026 1986 2098; x_wconf 85' lang='lat' dir='ltr'><strong>digiti</strong></span> <span class='ocrx_word' id='word_1_118' title='bbox 2017 2025 2108 2080; x_wconf 88' lang='lat' dir='ltr'><strong>sui</strong></span> 
     </span>
    </p>
   </div>
   <div class='ocr_carea' id='block_1_18' title="bbox 462 2115 2108 2189">
    <p class='ocr_par' dir='ltr' id='par_1_18' title="bbox 462 2115 2108 2189">
     <span class='ocr_line' id='line_1_18' title="bbox 462 2115 2108 2189; baseline -0.003 -17"><span class='ocrx_word' id='word_1_119' title='bbox 462 2117 714 2189; x_wconf 88' lang='lat' dir='ltr'><strong>intingat</strong></span> <span class='ocrx_word' id='word_1_120' title='bbox 745 2117 802 2172; x_wconf 92' lang='lat' dir='ltr'><strong>in</strong></span> <span class='ocrx_word' id='word_1_121' title='bbox 827 2133 1002 2188; x_wconf 88' lang='lat' dir='ltr'><strong>aqua,</strong></span> <span class='ocrx_word' id='word_1_122' title='bbox 1035 2121 1093 2172; x_wconf 90' lang='lat' dir='ltr'><strong>et</strong></span> <span class='ocrx_word' id='word_1_123' title='bbox 1121 2117 1424 2188; x_wconf 72' lang='lat' dir='ltr'><strong>refrigeret</strong></span> <span class='ocrx_word' id='word_1_124' title='bbox 1457 2115 1718 2188; x_wconf 84' lang='lat' dir='ltr'><strong>linguam</strong></span> <span class='ocrx_word' id='word_1_125' title='bbox 1743 2131 1930 2171; x_wconf 89' lang='lat' dir='ltr'><strong>meam</strong></span> <span class='ocrx_word' id='word_1_126' title='bbox 1957 2117 2108 2188; x_wconf 50' lang='lat' dir='ltr'><strong>(Luc.</strong></span> 
     </span>
    </p>
   </div>
   <div class='ocr_carea' id='block_1_19' title="bbox 460 2205 785 2276">
    <p class='ocr_par' dir='ltr' id='par_1_19' title="bbox 460 2205 785 2276">
     <span class='ocr_line' id='line_1_19' title="bbox 460 2205 785 2276; baseline 0 -16"><span class='ocrx_word' id='word_1_127' title='bbox 460 2222 577 2269; x_wconf 83' lang='lat' dir='ltr'><strong>XVI,</strong></span> <span class='ocrx_word' id='word_1_128' title='bbox 607 2205 721 2276; x_wconf 77' lang='grc'>24).</span> <span class='ocrx_word' id='word_1_129' title='bbox 759 2227 785 2254; x_wconf 85' lang='grc'><strong>››</strong></span> 
     </span>
    </p>
   </div>
   <div class='ocr_carea' id='block_1_20' title="bbox 531 2291 2110 2366">
    <p class='ocr_par' dir='ltr' id='par_1_20' title="bbox 531 2291 2110 2366">
     <span class='ocr_line' id='line_1_20' title="bbox 531 2291 2110 2366; baseline -0.001 -18"><span class='ocrx_word' id='word_1_130' title='bbox 531 2293 622 2348; x_wconf 89' lang='grc'><strong>53.</strong></span> <span class='ocrx_word' id='word_1_131' title='bbox 657 2293 786 2349; x_wconf 86' lang='lat' dir='ltr'><strong>Tibi</strong></span> <span class='ocrx_word' id='word_1_132' title='bbox 819 2293 999 2366; x_wconf 84' lang='lat' dir='ltr'><strong>igitur</strong></span> <span class='ocrx_word' id='word_1_133' title='bbox 1018 2293 1247 2366; x_wconf 83' lang='lat' dir='ltr'><strong>proﬁcit</strong></span> <span class='ocrx_word' id='word_1_134' title='bbox 1267 2293 1554 2365; x_wconf 88' lang='lat' dir='ltr'><strong>quidquid</strong></span> <span class='ocrx_word' id='word_1_135' title='bbox 1579 2291 1736 2364; x_wconf 89' lang='lat' dir='ltr'><strong>inopi</strong></span> <span class='ocrx_word' id='word_1_136' title='bbox 1763 2291 2110 2348; x_wconf 82' lang='lat' dir='ltr'><strong>contuleris:</strong></span> 
     </span>
    </p>
   </div>
   <div class='ocr_carea' id='block_1_21' title="bbox 463 2381 2114 2455">
    <p class='ocr_par' dir='ltr' id='par_1_21' title="bbox 463 2381 2114 2455">
     <span class='ocr_line' id='line_1_21' title="bbox 463 2381 2114 2455; baseline -0.002 -17"><span class='ocrx_word' id='word_1_137' title='bbox 463 2381 572 2438; x_wconf 88' lang='lat' dir='ltr'><strong>tibi</strong></span> <span class='ocrx_word' id='word_1_138' title='bbox 604 2382 816 2438; x_wconf 87' lang='lat' dir='ltr'><strong>crescit</strong></span> <span class='ocrx_word' id='word_1_139' title='bbox 848 2383 1135 2454; x_wconf 89' lang='lat' dir='ltr'><strong>quidquid</strong></span> <span class='ocrx_word' id='word_1_140' title='bbox 1166 2381 1486 2437; x_wconf 88' lang='lat' dir='ltr'><strong>minueris:</strong></span> <span class='ocrx_word' id='word_1_141' title='bbox 1523 2387 1576 2437; x_wconf 92' lang='lat' dir='ltr'><strong>te</strong></span> <span class='ocrx_word' id='word_1_142' title='bbox 1609 2381 1710 2437; x_wconf 90' lang='lat' dir='ltr'><strong>illo</strong></span> <span class='ocrx_word' id='word_1_143' title='bbox 1759 2399 1934 2455; x_wconf 89' lang='lat' dir='ltr'><strong>quem</strong></span> <span class='ocrx_word' id='word_1_144' title='bbox 1969 2398 2114 2453; x_wconf 88' lang='lat' dir='ltr'><strong>pau-</strong></span> 
     </span>
    </p>
   </div>
   <div class='ocr_carea' id='block_1_22' title="bbox 468 2470 2118 2544">
    <p class='ocr_par' dir='ltr' id='par_1_22' title="bbox 468 2470 2118 2544">
     <span class='ocr_line' id='line_1_22' title="bbox 468 2470 2118 2544; baseline -0.002 -16"><span class='ocrx_word' id='word_1_145' title='bbox 468 2471 593 2544; x_wconf 90' lang='lat' dir='ltr'><strong>peri</strong></span> <span class='ocrx_word' id='word_1_146' title='bbox 624 2471 856 2527; x_wconf 90' lang='lat' dir='ltr'><strong>dederis</strong></span> <span class='ocrx_word' id='word_1_147' title='bbox 884 2471 1012 2527; x_wconf 90' lang='lat' dir='ltr'><strong>cibo</strong></span> <span class='ocrx_word' id='word_1_148' title='bbox 1063 2471 1255 2544; x_wconf 85' lang='lat' dir='ltr'><strong>pascis</strong></span> <span class='ocrx_word' id='word_1_149' title='bbox 1289 2489 1301 2538; x_wconf 95' lang='lat'>;</span> <span class='ocrx_word' id='word_1_150' title='bbox 1353 2471 1630 2542; x_wconf 88' lang='lat' dir='ltr'><strong>quoniam</strong></span> <span class='ocrx_word' id='word_1_151' title='bbox 1674 2470 1770 2543; x_wconf 87' lang='lat' dir='ltr'><strong>qui</strong></span> <span class='ocrx_word' id='word_1_152' title='bbox 1809 2472 2118 2526; x_wconf 86' lang='lat' dir='ltr'><strong>miseretur</strong></span> 
     </span>
    </p>
   </div>
   <div class='ocr_carea' id='block_1_23' title="bbox 466 2559 2113 2633">
    <p class='ocr_par' dir='ltr' id='par_1_23' title="bbox 466 2559 2113 2633">
     <span class='ocr_line' id='line_1_23' title="bbox 466 2559 2113 2633; baseline -0.002 -18"><span class='ocrx_word' id='word_1_153' title='bbox 466 2560 740 2632; x_wconf 89' lang='lat' dir='ltr'><strong>pauperis</strong></span> <span class='ocrx_word' id='word_1_154' title='bbox 781 2561 904 2632; x_wconf 88' lang='lat' dir='ltr'><strong>ipse</strong></span> <span class='ocrx_word' id='word_1_155' title='bbox 934 2560 1210 2633; x_wconf 73' lang='lat' dir='ltr'><strong>pascitur,</strong></span> <span class='ocrx_word' id='word_1_156' title='bbox 1243 2565 1299 2614; x_wconf 87' lang='lat' dir='ltr'><strong>et</strong></span> <span class='ocrx_word' id='word_1_157' title='bbox 1338 2559 1561 2615; x_wconf 82' lang='lat' dir='ltr'><strong>fructus</strong></span> <span class='ocrx_word' id='word_1_158' title='bbox 1601 2561 1722 2630; x_wconf 84' lang='lat' dir='ltr'><strong>jam</strong></span> <span class='ocrx_word' id='word_1_159' title='bbox 1771 2561 1830 2614; x_wconf 92' lang='lat' dir='ltr'><strong>in</strong></span> <span class='ocrx_word' id='word_1_160' title='bbox 1879 2559 1970 2616; x_wconf 91' lang='lat' dir='ltr'><strong>bis</strong></span> <span class='ocrx_word' id='word_1_161' title='bbox 2009 2563 2113 2615; x_wconf 90' lang='lat' dir='ltr'><strong>est.</strong></span> 
     </span>
    </p>
   </div>
   <div class='ocr_carea' id='block_1_24' title="bbox 471 2649 2116 2720">
    <p class='ocr_par' dir='ltr' id='par_1_24' title="bbox 471 2649 2116 2720">
     <span class='ocr_line' id='line_1_24' title="bbox 471 2649 2116 2720; baseline -0.001 -16"><span class='ocrx_word' id='word_1_162' title='bbox 471 2649 871 2705; x_wconf 86' lang='lat' dir='ltr'><strong>Misericordia</strong></span> <span class='ocrx_word' id='word_1_163' title='bbox 901 2649 1226 2704; x_wconf 76' lang='lat' dir='ltr'><strong>seminatur</strong></span> <span class='ocrx_word' id='word_1_164' title='bbox 1254 2649 1369 2716; x_wconf 79' lang='grc'>(24)</span> <span class='ocrx_word' id='word_1_165' title='bbox 1402 2649 1460 2703; x_wconf 90' lang='lat' dir='ltr'><strong>in</strong></span> <span class='ocrx_word' id='word_1_166' title='bbox 1492 2654 1666 2712; x_wconf 88' lang='lat' dir='ltr'><strong>terra,</strong></span> <span class='ocrx_word' id='word_1_167' title='bbox 1701 2649 1758 2703; x_wconf 91' lang='lat' dir='ltr'><strong>in</strong></span> <span class='ocrx_word' id='word_1_168' title='bbox 1817 2649 1960 2704; x_wconf 78' lang='lat' dir='ltr'><strong>cmlo</strong></span> <span class='ocrx_word' id='word_1_169' title='bbox 1990 2665 2116 2720; x_wconf 91' lang='lat' dir='ltr'><strong>ger-</strong></span> 
     </span>
    </p>
   </div>
   <div class='ocr_carea' id='block_1_25' title="bbox 470 2736 2114 2810">
    <p class='ocr_par' dir='ltr' id='par_1_25' title="bbox 470 2736 2114 2810">
     <span class='ocr_line' id='line_1_25' title="bbox 470 2736 2114 2810; baseline -0.001 -17"><span class='ocrx_word' id='word_1_170' title='bbox 470 2737 691 2794; x_wconf 89' lang='lat' dir='ltr'><strong>minat:</strong></span> <span class='ocrx_word' id='word_1_171' title='bbox 727 2737 1024 2810; x_wconf 85' lang='lat' dir='ltr'><strong>plantatur</strong></span> <span class='ocrx_word' id='word_1_172' title='bbox 1056 2738 1111 2790; x_wconf 90' lang='lat' dir='ltr'><strong>in</strong></span> <span class='ocrx_word' id='word_1_173' title='bbox 1149 2753 1422 2809; x_wconf 86' lang='lat' dir='ltr'><strong>paupere,</strong></span> <span class='ocrx_word' id='word_1_174' title='bbox 1463 2738 1616 2809; x_wconf 88' lang='lat' dir='ltr'><strong>apud</strong></span> <span class='ocrx_word' id='word_1_175' title='bbox 1640 2737 1821 2793; x_wconf 90' lang='lat' dir='ltr'><strong>Deum</strong></span> <span class='ocrx_word' id='word_1_176' title='bbox 1846 2736 2114 2808; x_wconf 88' lang='lat' dir='ltr'><strong>pullulat.</strong></span> 
     </span>
    </p>
   </div>
   <div class='ocr_carea' id='block_1_26' title="bbox 473 2824 2118 2898">
    <p class='ocr_par' dir='ltr' id='par_1_26' title="bbox 473 2824 2118 2898">
     <span class='ocr_line' id='line_1_26' title="bbox 473 2824 2118 2898; baseline 0.002 -22"><span class='ocrx_word' id='word_1_177' title='bbox 473 2827 616 2882; x_wconf 83' lang='lat' dir='ltr'><strong>«Ne</strong></span> <span class='ocrx_word' id='word_1_178' title='bbox 663 2825 901 2894; x_wconf 83' lang='lat' dir='ltr'><strong>dixeris,</strong></span> <span class='ocrx_word' id='word_1_179' title='bbox 947 2824 1142 2898; x_wconf 90' lang='lat' dir='ltr'><strong>inquit</strong></span> <span class='ocrx_word' id='word_1_180' title='bbox 1191 2825 1366 2891; x_wconf 86' lang='lat' dir='ltr'><strong>Deus,</strong></span> <span class='ocrx_word' id='word_1_181' title='bbox 1429 2842 1556 2881; x_wconf 88' lang='lat' dir='ltr'><strong>cras</strong></span> <span class='ocrx_word' id='word_1_182' title='bbox 1611 2825 1758 2881; x_wconf 86' lang='lat' dir='ltr'><strong>dabo</strong></span> <span class='ocrx_word' id='word_1_183' title='bbox 1807 2827 1988 2896; x_wconf 84' lang='lat' dir='ltr'><strong>(Prov.</strong></span> <span class='ocrx_word' id='word_1_184' title='bbox 2035 2843 2118 2890; x_wconf 81' lang='grc' dir='ltr'>ιιι,</span> 
     </span>
    </p>
   </div>
   <div class='ocr_carea' id='block_1_27' title="bbox 471 2913 2120 2986">
    <p class='ocr_par' dir='ltr' id='par_1_27' title="bbox 471 2913 2120 2986">
     <span class='ocr_line' id='line_1_27' title="bbox 471 2913 2120 2986; baseline 0.001 -19"><span class='ocrx_word' id='word_1_185' title='bbox 471 2915 586 2985; x_wconf 87' lang='lat'><strong>28).</strong></span> <span class='ocrx_word' id='word_1_186' title='bbox 621 2935 649 2963; x_wconf 87' lang='lat'><strong>»</strong></span> <span class='ocrx_word' id='word_1_187' title='bbox 680 2913 785 2978; x_wconf 88' lang='lat' dir='ltr'><strong>Qui</strong></span> <span class='ocrx_word' id='word_1_188' title='bbox 841 2929 954 2968; x_wconf 90' lang='lat' dir='ltr'><strong>non</strong></span> <span class='ocrx_word' id='word_1_189' title='bbox 1009 2913 1229 2986; x_wconf 88' lang='lat' dir='ltr'><strong>patitur</strong></span> <span class='ocrx_word' id='word_1_190' title='bbox 1270 2918 1326 2969; x_wconf 90' lang='lat' dir='ltr'><strong>te</strong></span> <span class='ocrx_word' id='word_1_191' title='bbox 1373 2913 1602 2970; x_wconf 88' lang='lat' dir='ltr'><strong>dicere:</strong></span> <span class='ocrx_word' id='word_1_192' title='bbox 1655 2937 1682 2965; x_wconf 91' lang='grc'><strong>‹‹</strong></span> <span class='ocrx_word' id='word_1_193' title='bbox 1716 2915 1855 2970; x_wconf 87' lang='lat' dir='ltr'><strong>Cras</strong></span> <span class='ocrx_word' id='word_1_194' title='bbox 1887 2916 2056 2982; x_wconf 91' lang='lat' dir='ltr'><strong>dabo,</strong></span> <span class='ocrx_word' id='word_1_195' title='bbox 2093 2938 2120 2964; x_wconf 79' lang='lat' dir='ltr'>n</span> 
     </span>
    </p>
   </div>
   <div class='ocr_carea' id='block_1_28' title="bbox 476 3001 2122 3074">
    <p class='ocr_par' dir='ltr' id='par_1_28' title="bbox 476 3001 2122 3074">
     <span class='ocr_line' id='line_1_28' title="bbox 476 3001 2122 3074; baseline 0.002 -19"><span class='ocrx_word' id='word_1_196' title='bbox 476 3002 773 3074; x_wconf 89' lang='lat' dir='ltr'><strong>quomodo</strong></span> <span class='ocrx_word' id='word_1_197' title='bbox 808 3001 1030 3073; x_wconf 86' lang='lat' dir='ltr'><strong>patitur</strong></span> <span class='ocrx_word' id='word_1_198' title='bbox 1075 3002 1304 3058; x_wconf 87' lang='lat' dir='ltr'><strong>dicere:</strong></span> <span class='ocrx_word' id='word_1_199' title='bbox 1350 3002 1474 3058; x_wconf 93' lang='lat' dir='ltr'><strong>Non</strong></span> <span class='ocrx_word' id='word_1_200' title='bbox 1523 3003 1720 3058; x_wconf 83' lang='lat' dir='ltr'><strong>dabo?</strong></span> <span class='ocrx_word' id='word_1_201' title='bbox 1765 3004 1888 3058; x_wconf 90' lang='lat' dir='ltr'><strong>Non</strong></span> <span class='ocrx_word' id='word_1_202' title='bbox 1923 3005 1992 3058; x_wconf 90' lang='lat' dir='ltr'><strong>de</strong></span> <span class='ocrx_word' id='word_1_203' title='bbox 2024 3007 2122 3060; x_wconf 92' lang='lat' dir='ltr'><strong>tuo</strong></span> 
     </span>
    </p>
   </div>
   <div class='ocr_carea' id='block_1_29' title="bbox 476 3089 2123 3163">
    <p class='ocr_par' dir='ltr' id='par_1_29' title="bbox 476 3089 2123 3163">
     <span class='ocr_line' id='line_1_29' title="bbox 476 3089 2123 3163; baseline 0.001 -17"><span class='ocrx_word' id='word_1_204' title='bbox 476 3089 711 3163; x_wconf 85' lang='lat' dir='ltr'><strong>largiris</strong></span> <span class='ocrx_word' id='word_1_205' title='bbox 741 3089 1004 3162; x_wconf 86' lang='lat' dir='ltr'><strong>pauperi,</strong></span> <span class='ocrx_word' id='word_1_206' title='bbox 1065 3091 1164 3146; x_wconf 86' lang='lat' dir='ltr'><strong>sed</strong></span> <span class='ocrx_word' id='word_1_207' title='bbox 1220 3091 1290 3146; x_wconf 91' lang='lat' dir='ltr'><strong>de</strong></span> <span class='ocrx_word' id='word_1_208' title='bbox 1344 3106 1449 3147; x_wconf 92' lang='lat' dir='ltr'><strong>suo</strong></span> <span class='ocrx_word' id='word_1_209' title='bbox 1499 3091 1714 3148; x_wconf 90' lang='lat' dir='ltr'><strong>reddis.</strong></span> <span class='ocrx_word' id='word_1_210' title='bbox 1764 3091 1926 3156; x_wconf 88' lang='lat' dir='ltr'><strong>Quod</strong></span> <span class='ocrx_word' id='word_1_211' title='bbox 1967 3093 2123 3148; x_wconf 90' lang='lat' dir='ltr'><strong>enim</strong></span> 
     </span>
    </p>
   </div>
   <div class='ocr_carea' id='block_1_30' title="bbox 475 3179 2126 3246">
    <p class='ocr_par' dir='ltr' id='par_1_30' title="bbox 475 3179 2126 3246">
     <span class='ocr_line' id='line_1_30' title="bbox 475 3179 2126 3246; baseline 0 -10"><span class='ocrx_word' id='word_1_212' title='bbox 475 3195 790 3237; x_wconf 88' lang='lat' dir='ltr'><strong>commune</strong></span> <span class='ocrx_word' id='word_1_213' title='bbox 837 3183 926 3235; x_wconf 90' lang='lat' dir='ltr'><strong>est</strong></span> <span class='ocrx_word' id='word_1_214' title='bbox 973 3180 1032 3234; x_wconf 90' lang='lat' dir='ltr'><strong>in</strong></span> <span class='ocrx_word' id='word_1_215' title='bbox 1085 3179 1351 3235; x_wconf 91' lang='lat' dir='ltr'><strong>omnium</strong></span> <span class='ocrx_word' id='word_1_216' title='bbox 1403 3197 1576 3236; x_wconf 91' lang='lat' dir='ltr'><strong>usum</strong></span> <span class='ocrx_word' id='word_1_217' title='bbox 1607 3181 1835 3246; x_wconf 87' lang='lat' dir='ltr'><strong>datum,</strong></span> <span class='ocrx_word' id='word_1_218' title='bbox 1866 3185 1929 3236; x_wconf 90' lang='lat' dir='ltr'><strong>tu</strong></span> <span class='ocrx_word' id='word_1_219' title='bbox 1964 3180 2126 3237; x_wconf 89' lang='lat' dir='ltr'><strong>solus</strong></span> 
     </span>
    </p>
   </div>
   <div class='ocr_carea' id='block_1_31' title="bbox 475 3267 2128 3342">
    <p class='ocr_par' dir='ltr' id='par_1_31' title="bbox 475 3267 2128 3342">
     <span class='ocr_line' id='line_1_31' title="bbox 475 3267 2128 3342; baseline 0.001 -18"><span class='ocrx_word' id='word_1_220' title='bbox 475 3285 750 3342; x_wconf 85' lang='lat' dir='ltr'><strong>usurpas.</strong></span> <span class='ocrx_word' id='word_1_221' title='bbox 784 3267 1060 3324; x_wconf 91' lang='lat' dir='ltr'><strong>Omnium</strong></span> <span class='ocrx_word' id='word_1_222' title='bbox 1094 3272 1183 3324; x_wconf 88' lang='lat' dir='ltr'><strong>est</strong></span> <span class='ocrx_word' id='word_1_223' title='bbox 1213 3273 1385 3338; x_wconf 82' lang='lat' dir='ltr'><strong>terra,</strong></span> <span class='ocrx_word' id='word_1_224' title='bbox 1421 3286 1535 3324; x_wconf 90' lang='lat' dir='ltr'><strong>non</strong></span> <span class='ocrx_word' id='word_1_225' title='bbox 1558 3268 1802 3324; x_wconf 89' lang='lat' dir='ltr'><strong>divitum</strong></span> <span class='ocrx_word' id='word_1_226' title='bbox 1833 3270 1962 3325; x_wconf 91' lang='lat' dir='ltr'><strong>:sed</strong></span> <span class='ocrx_word' id='word_1_227' title='bbox 1987 3287 2128 3342; x_wconf 88' lang='lat' dir='ltr'><strong>pau-</strong></span> 
     </span>
    </p>
   </div>
   <div class='ocr_carea' id='block_1_32' title="bbox 1907 435 3744 557">
    <p class='ocr_par' dir='ltr' id='par_1_32' title="bbox 1907 435 3744 557">
     <span class='ocr_line' id='line_1_32' title="bbox 1907 435 3744 557; baseline -0.001 -21"><span class='ocrx_word' id='word_1_228' title='bbox 1907 465 1970 536; x_wconf 82' lang='lat' dir='ltr'><strong>s&#39;.</strong></span> <span class='ocrx_word' id='word_1_229' title='bbox 2017 465 2394 536; x_wconf 80' lang='lat' dir='ltr'><strong>AMBROSII</strong></span> <span class='ocrx_word' id='word_1_230' title='bbox 3368 548 3378 557; x_wconf 33' lang='lat'><strong>,</strong></span> <span class='ocrx_word' id='word_1_231' title='bbox 3665 435 3744 534; x_wconf 70' lang='lat' dir='ltr'><strong>7a</strong></span> 
     </span>
    </p>
   </div>
   <div class='ocr_carea' id='block_1_33' title="bbox 450 600 3749 680">
    <p class='ocr_par' dir='ltr' id='par_1_33' title="bbox 450 600 3749 680">
     <span class='ocr_line' id='line_1_33' title="bbox 450 600 3749 680; baseline -0.001 -17"><span class='ocrx_word' id='word_1_232' title='bbox 450 609 586 664; x_wconf 84' lang='lat' dir='ltr'><strong>vitis</strong></span> <span class='ocrx_word' id='word_1_233' title='bbox 615 607 889 664; x_wconf 67' lang='lat' dir='ltr'><strong>avaritiae.</strong></span> <span class='ocrx_word' id='word_1_234' title='bbox 925 625 1050 680; x_wconf 69' lang='lat' dir='ltr'><strong>quae</strong></span> <span class='ocrx_word' id='word_1_235' title='bbox 1077 607 1294 680; x_wconf 72' lang='lat' dir='ltr'><strong>exPleri</strong></span> <span class='ocrx_word' id='word_1_236' title='bbox 1328 625 1440 662; x_wconf 88' lang='lat' dir='ltr'><strong>non</strong></span> <span class='ocrx_word' id='word_1_237' title='bbox 1468 610 1676 680; x_wconf 91' lang='lat' dir='ltr'><strong>potest.</strong></span> <span class='ocrx_word' id='word_1_238' title='bbox 1711 606 1934 680; x_wconf 81' lang='lat' dir='ltr'><strong>Gurges</strong></span> <span class='ocrx_word' id='word_1_239' title='bbox 1965 606 2095 678; x_wconf 88' lang='lat' dir='ltr'><strong>qui-</strong></span> <span class='ocrx_word' id='word_1_240' title='bbox 2127 609 2180 672; x_wconf 77' lang='grc' dir='ltr'><strong>Α</strong></span> <span class='ocrx_word' id='word_1_241' title='bbox 2211 606 2311 661; x_wconf 91' lang='lat' dir='ltr'><strong>sed</strong></span> <span class='ocrx_word' id='word_1_242' title='bbox 2343 602 2890 660; x_wconf 83' lang='lat' dir='ltr'><strong>cursui.Uet‘ormior</strong></span> <span class='ocrx_word' id='word_1_243' title='bbox 2918 608 3006 658; x_wconf 90' lang='lat' dir='ltr'><strong>est</strong></span> <span class='ocrx_word' id='word_1_244' title='bbox 3035 600 3307 667; x_wconf 88' lang='lat' dir='ltr'><strong>victus,in</strong></span> <span class='ocrx_word' id='word_1_245' title='bbox 3339 617 3442 674; x_wconf 92' lang='lat' dir='ltr'><strong>quo</strong></span> <span class='ocrx_word' id='word_1_246' title='bbox 3469 606 3521 657; x_wconf 89' lang='lat' dir='ltr'><strong>et</strong></span> <span class='ocrx_word' id='word_1_247' title='bbox 3544 603 3749 660; x_wconf 82' lang='lat' dir='ltr'><strong>nobilitas</strong></span> 
     </span>
    </p>
   </div>
   <div class='ocr_carea' id='block_1_34' title="bbox 3825 580 3834 829">
    <p class='ocr_par' dir='ltr' id='par_1_34' title="bbox 3825 580 3834 829">
     <span class='ocr_line' id='line_1_34' title="bbox 3825 580 3834 829; baseline 0 0"><span class='ocrx_word' id='word_1_248' title='bbox 3825 580 3834 829; x_wconf 73' lang='lat' dir='ltr'><strong>l</strong></span> 
     </span>
    </p>
   </div>
   <div class='ocr_carea' id='block_1_35' title="bbox 2209 689 3750 766">
    <p class='ocr_par' dir='ltr' id='par_1_35' title="bbox 2209 689 3750 766">
     <span class='ocr_line' id='line_1_35' title="bbox 2209 689 3750 766; baseline 0 -18"><span class='ocrx_word' id='word_1_249' title='bbox 2209 695 2440 766; x_wconf 86' lang='lat' dir='ltr'><strong>generis</strong></span> <span class='ocrx_word' id='word_1_250' title='bbox 2471 691 2850 766; x_wconf 86' lang='lat' dir='ltr'><strong>periclitatur.</strong></span> <span class='ocrx_word' id='word_1_251' title='bbox 2902 691 3048 748; x_wconf 84' lang='lat' dir='ltr'>Cave</span> <span class='ocrx_word' id='word_1_252' title='bbox 3093 690 3288 763; x_wconf 85' lang='lat' dir='ltr'><strong>igitur.</strong></span> <span class='ocrx_word' id='word_1_253' title='bbox 3335 689 3497 756; x_wconf 87' lang='lat' dir='ltr'><strong>dives,</strong></span> <span class='ocrx_word' id='word_1_254' title='bbox 3539 707 3598 746; x_wconf 91' lang='lat' dir='ltr'><strong>ne</strong></span> <span class='ocrx_word' id='word_1_255' title='bbox 3635 692 3679 747; x_wconf 89' lang='lat' dir='ltr'><strong>in</strong></span> <span class='ocrx_word' id='word_1_256' title='bbox 3714 697 3750 748; x_wconf 85' lang='lat' dir='ltr'><strong>te</strong></span> 
     </span>
    </p>
   </div>
   <div class='ocr_carea' id='block_1_36' title="bbox 2209 779 3755 850">
    <p class='ocr_par' dir='ltr' id='par_1_36' title="bbox 2209 779 3755 850">
     <span class='ocr_line' id='line_1_36' title="bbox 2209 779 3755 850; baseline -0.001 -12"><span class='ocrx_word' id='word_1_257' title='bbox 2209 783 2556 838; x_wconf 76' lang='lat' dir='ltr'><strong>erubescant</strong></span> <span class='ocrx_word' id='word_1_258' title='bbox 2601 787 2835 837; x_wconf 89' lang='lat' dir='ltr'><strong>tuorum</strong></span> <span class='ocrx_word' id='word_1_259' title='bbox 2889 780 3093 836; x_wconf 87' lang='lat' dir='ltr'><strong>merita</strong></span> <span class='ocrx_word' id='word_1_260' title='bbox 3141 779 3438 850; x_wconf 82' lang='lat' dir='ltr'><strong>majorum,</strong></span> <span class='ocrx_word' id='word_1_261' title='bbox 3483 795 3546 836; x_wconf 89' lang='lat' dir='ltr'><strong>ne</strong></span> <span class='ocrx_word' id='word_1_262' title='bbox 3587 780 3699 837; x_wconf 79' lang='lat' dir='ltr'><strong>forte</strong></span> <span class='ocrx_word' id='word_1_263' title='bbox 3717 787 3755 836; x_wconf 80' lang='lat' dir='ltr'><strong>et</strong></span> 
     </span>
    </p>
   </div>
   <div class='ocr_carea' id='block_1_37' title="bbox 2211 846 3832 938">
    <p class='ocr_par' dir='ltr' id='par_1_37' title="bbox 2211 846 3832 938">
     <span class='ocr_line' id='line_1_37' title="bbox 2211 846 3832 938; baseline -0.001 -12"><span class='ocrx_word' id='word_1_264' title='bbox 2211 871 2327 926; x_wconf 87' lang='lat' dir='ltr'><strong>illis</strong></span> <span class='ocrx_word' id='word_1_265' title='bbox 2359 872 2618 926; x_wconf 82' lang='lat' dir='ltr'><strong>dicatur:</strong></span> <span class='ocrx_word' id='word_1_266' title='bbox 2653 872 2768 928; x_wconf 85' lang='lat' dir='ltr'><strong>Cur</strong></span> <span class='ocrx_word' id='word_1_267' title='bbox 2795 869 2972 925; x_wconf 88' lang='lat' dir='ltr'><strong>talem</strong></span> <span class='ocrx_word' id='word_1_268' title='bbox 3021 846 3346 938; x_wconf 85' lang='lat' dir='ltr'><strong>instituitis,</strong></span> <span class='ocrx_word' id='word_1_269' title='bbox 3393 885 3488 924; x_wconf 89' lang='lat' dir='ltr'><strong>cur</strong></span> <span class='ocrx_word' id='word_1_270' title='bbox 3513 869 3656 925; x_wconf 85' lang='lat' dir='ltr'><strong>talem</strong></span> <span class='ocrx_word' id='word_1_271' title='bbox 3679 869 3757 925; x_wconf 85' lang='lat' dir='ltr'><strong>ele-</strong></span> <span class='ocrx_word' id='word_1_272' title='bbox 3827 846 3832 918; x_wconf 71' lang='grc' dir='ltr'>ί</span> 
     </span>
    </p>
   </div>
   <div class='ocr_carea' id='block_1_38' title="bbox 2213 956 3759 1033">
    <p class='ocr_par' dir='ltr' id='par_1_38' title="bbox 2213 956 3759 1033">
     <span class='ocr_line' id='line_1_38' title="bbox 2213 956 3759 1033; baseline 0 -21"><span class='ocrx_word' id='word_1_273' title='bbox 2213 959 2380 1033; x_wconf 72' lang='lat' dir='ltr'><strong>gistis</strong></span> <span class='ocrx_word' id='word_1_274' title='bbox 2412 959 2692 1015; x_wconf 76' lang='lat' dir='ltr'><strong>lucredem</strong></span> <span class='ocrx_word' id='word_1_275' title='bbox 2715 960 2742 1014; x_wconf 67' lang='grc' dir='ltr'><strong>ἱ)</strong></span> <span class='ocrx_word' id='word_1_276' title='bbox 2772 960 2894 1014; x_wconf 84' lang='lat' dir='ltr'><strong>Non</strong></span> <span class='ocrx_word' id='word_1_277' title='bbox 2931 959 2992 1013; x_wconf 92' lang='lat' dir='ltr'><strong>in</strong></span> <span class='ocrx_word' id='word_1_278' title='bbox 3038 957 3260 1014; x_wconf 85' lang='lat' dir='ltr'><strong>auratis</strong></span> <span class='ocrx_word' id='word_1_279' title='bbox 3306 956 3652 1029; x_wconf 86' lang='lat' dir='ltr'><strong>laquearibus,</strong></span> <span class='ocrx_word' id='word_1_280' title='bbox 3687 974 3759 1012; x_wconf 83' lang='lat' dir='ltr'><strong>nec</strong></span> 
     </span>
    </p>
   </div>
   <div class='ocr_carea' id='block_1_39' title="bbox 2217 1046 3760 1120">
    <p class='ocr_par' dir='ltr' id='par_1_39' title="bbox 2217 1046 3760 1120">
     <span class='ocr_line' id='line_1_39' title="bbox 2217 1046 3760 1120; baseline -0.001 -17"><span class='ocrx_word' id='word_1_281' title='bbox 2217 1049 2270 1103; x_wconf 89' lang='lat' dir='ltr'><strong>iu</strong></span> <span class='ocrx_word' id='word_1_282' title='bbox 2321 1049 2741 1120; x_wconf 60' lang='lat' dir='ltr'><strong>porphyretieis</strong></span> <span class='ocrx_word' id='word_1_283' title='bbox 2807 1048 3048 1104; x_wconf 83' lang='lat' dir='ltr'><strong>orbibus</strong></span> <span class='ocrx_word' id='word_1_284' title='bbox 3111 1046 3353 1102; x_wconf 70' lang='lat' dir='ltr'><strong>haeredis</strong></span> <span class='ocrx_word' id='word_1_285' title='bbox 3409 1050 3487 1101; x_wconf 89' lang='lat' dir='ltr'><strong>est</strong></span> <span class='ocrx_word' id='word_1_286' title='bbox 3535 1047 3760 1101; x_wconf 87' lang='lat' dir='ltr'><strong>meritum.</strong></span> 
     </span>
    </p>
   </div>
   <div class='ocr_carea' id='block_1_40' title="bbox 2215 1134 3764 1204">
    <p class='ocr_par' dir='ltr' id='par_1_40' title="bbox 2215 1134 3764 1204">
     <span class='ocr_line' id='line_1_40' title="bbox 2215 1134 3764 1204; baseline -0.001 -12"><span class='ocrx_word' id='word_1_287' title='bbox 2215 1138 2366 1192; x_wconf 89' lang='lat' dir='ltr'><strong>Laus</strong></span> <span class='ocrx_word' id='word_1_288' title='bbox 2396 1139 2507 1191; x_wconf 81' lang='lat' dir='ltr'><strong>ista</strong></span> <span class='ocrx_word' id='word_1_289' title='bbox 2539 1155 2653 1192; x_wconf 83' lang='lat' dir='ltr'><strong>non</strong></span> <span class='ocrx_word' id='word_1_290' title='bbox 2703 1136 3034 1204; x_wconf 90' lang='lat' dir='ltr'><strong>hominum,</strong></span> <span class='ocrx_word' id='word_1_291' title='bbox 3086 1136 3186 1192; x_wconf 88' lang='lat' dir='ltr'><strong>sed</strong></span> <span class='ocrx_word' id='word_1_292' title='bbox 3237 1134 3578 1192; x_wconf 86' lang='lat' dir='ltr'><strong>metallorum</strong></span> <span class='ocrx_word' id='word_1_293' title='bbox 3617 1139 3700 1200; x_wconf 87' lang='lat' dir='ltr'><strong>est,</strong></span> <span class='ocrx_word' id='word_1_294' title='bbox 3722 1135 3764 1190; x_wconf 86' lang='lat' dir='ltr'><strong>in</strong></span> 
     </span>
    </p>
   </div>
   <div class='ocr_carea' id='block_1_41' title="bbox 2215 1224 3762 1298">
    <p class='ocr_par' dir='ltr' id='par_1_41' title="bbox 2215 1224 3762 1298">
     <span class='ocr_line' id='line_1_41' title="bbox 2215 1224 3762 1298; baseline -0.003 -17"><span class='ocrx_word' id='word_1_295' title='bbox 2215 1226 2431 1298; x_wconf 81' lang='lat' dir='ltr'><strong>quibus</strong></span> <span class='ocrx_word' id='word_1_296' title='bbox 2456 1226 2725 1282; x_wconf 86' lang='lat' dir='ltr'><strong>homines</strong></span> <span class='ocrx_word' id='word_1_297' title='bbox 2759 1225 3084 1298; x_wconf 89' lang='lat' dir='ltr'><strong>puniuntur</strong></span> <span class='ocrx_word' id='word_1_298' title='bbox 3103 1224 3357 1297; x_wconf 84' lang='lat' dir='ltr'><strong>(26).Per</strong></span> <span class='ocrx_word' id='word_1_299' title='bbox 3375 1229 3584 1296; x_wconf 79' lang='lat' dir='ltr'><strong>egentes</strong></span> <span class='ocrx_word' id='word_1_300' title='bbox 3608 1239 3762 1278; x_wconf 85' lang='lat' dir='ltr'><strong>aurum</strong></span> 
     </span>
    </p>
   </div>
   <div class='ocr_carea' id='block_1_42' title="bbox 2215 1313 3766 1387">
    <p class='ocr_par' dir='ltr' id='par_1_42' title="bbox 2215 1313 3766 1387">
     <span class='ocr_line' id='line_1_42' title="bbox 2215 1313 3766 1387; baseline -0.003 -17"><span class='ocrx_word' id='word_1_301' title='bbox 2215 1315 2512 1387; x_wconf 84' lang='lat' dir='ltr'><strong>quaeritur,</strong></span> <span class='ocrx_word' id='word_1_302' title='bbox 2543 1319 2600 1370; x_wconf 88' lang='lat' dir='ltr'><strong>et</strong></span> <span class='ocrx_word' id='word_1_303' title='bbox 2619 1313 2924 1386; x_wconf 83' lang='lat' dir='ltr'><strong>egentibus</strong></span> <span class='ocrx_word' id='word_1_304' title='bbox 2945 1313 3558 1387; x_wconf 83' lang='lat' dir='ltr'><strong>denegatur.Laborant</strong></span> <span class='ocrx_word' id='word_1_305' title='bbox 3582 1316 3636 1366; x_wconf 89' lang='lat' dir='ltr'><strong>ut</strong></span> <span class='ocrx_word' id='word_1_306' title='bbox 3657 1327 3766 1382; x_wconf 70' lang='lat' dir='ltr'><strong>qus-</strong></span> 
     </span>
    </p>
   </div>
   <div class='ocr_carea' id='block_1_43' title="bbox 2215 1401 3770 1475">
    <p class='ocr_par' dir='ltr' id='par_1_43' title="bbox 2215 1401 3770 1475">
     <span class='ocr_line' id='line_1_43' title="bbox 2215 1401 3770 1475; baseline -0.004 -15"><span class='ocrx_word' id='word_1_307' title='bbox 2215 1410 2365 1473; x_wconf 74' lang='lat' dir='ltr'><strong>rant,</strong></span> <span class='ocrx_word' id='word_1_308' title='bbox 2397 1403 2665 1460; x_wconf 82' lang='lat' dir='ltr'><strong>laborant</strong></span> <span class='ocrx_word' id='word_1_309' title='bbox 2697 1408 2758 1459; x_wconf 89' lang='lat' dir='ltr'><strong>ut</strong></span> <span class='ocrx_word' id='word_1_310' title='bbox 2786 1403 3108 1473; x_wconf 85' lang='lat' dir='ltr'><strong>inveniant,</strong></span> <span class='ocrx_word' id='word_1_311' title='bbox 3156 1401 3312 1475; x_wconf 89' lang='lat' dir='ltr'><strong>quod</strong></span> <span class='ocrx_word' id='word_1_312' title='bbox 3363 1401 3559 1458; x_wconf 86' lang='lat' dir='ltr'><strong>habere</strong></span> <span class='ocrx_word' id='word_1_313' title='bbox 3583 1415 3676 1456; x_wconf 90' lang='lat' dir='ltr'><strong>non</strong></span> <span class='ocrx_word' id='word_1_314' title='bbox 3699 1415 3770 1454; x_wconf 89' lang='lat' dir='ltr'><strong>no-</strong></span> 
     </span>
    </p>
   </div>
   <div class='ocr_carea' id='block_1_44' title="bbox 2215 1483 2903 1549">
    <p class='ocr_par' dir='ltr' id='par_1_44' title="bbox 2215 1483 2903 1549">
     <span class='ocr_line' id='line_1_44' title="bbox 2215 1483 2903 1549; baseline 0 0"><span class='ocrx_word' id='word_1_315' title='bbox 2215 1497 2372 1549; x_wconf 88' lang='lat' dir='ltr'><strong>runt.</strong></span> <span class='ocrx_word' id='word_1_316' title='bbox 2891 1483 2903 1495; x_wconf 76' lang='grc'><strong>’</strong></span> 
     </span>
    </p>
   </div>
   <div class='ocr_carea' id='block_1_45' title="bbox 2286 1577 3774 1651">
    <p class='ocr_par' dir='ltr' id='par_1_45' title="bbox 2286 1577 3774 1651">
     <span class='ocr_line' id='line_1_45' title="bbox 2286 1577 3774 1651; baseline -0.004 -15"><span class='ocrx_word' id='word_1_317' title='bbox 2286 1585 2376 1638; x_wconf 75' lang='lat'><strong>55.</strong></span> <span class='ocrx_word' id='word_1_318' title='bbox 2410 1583 2588 1638; x_wconf 87' lang='lat' dir='ltr'><strong>Miror</strong></span> <span class='ocrx_word' id='word_1_319' title='bbox 2619 1586 2734 1637; x_wconf 88' lang='lat' dir='ltr'><strong>tam</strong></span> <span class='ocrx_word' id='word_1_320' title='bbox 2769 1599 2872 1637; x_wconf 89' lang='lat' dir='ltr'><strong>cur</strong></span> <span class='ocrx_word' id='word_1_321' title='bbox 2901 1599 2966 1638; x_wconf 92' lang='lat' dir='ltr'><strong>eo</strong></span> <span class='ocrx_word' id='word_1_322' title='bbox 2999 1599 3119 1647; x_wconf 90' lang='lat' dir='ltr'><strong>vos,</strong></span> <span class='ocrx_word' id='word_1_323' title='bbox 3153 1581 3382 1648; x_wconf 86' lang='lat' dir='ltr'><strong>divites,</strong></span> <span class='ocrx_word' id='word_1_324' title='bbox 3411 1577 3680 1651; x_wconf 86' lang='lat' dir='ltr'><strong>jactandos</strong></span> <span class='ocrx_word' id='word_1_325' title='bbox 3701 1593 3774 1649; x_wconf 83' lang='lat' dir='ltr'><strong>pu-</strong></span> 
     </span>
    </p>
   </div>
   <div class='ocr_carea' id='block_1_46' title="bbox 2217 1667 3772 1744">
    <p class='ocr_par' dir='ltr' id='par_1_46' title="bbox 2217 1667 3772 1744">
     <span class='ocr_line' id='line_1_46' title="bbox 2217 1667 3772 1744; baseline -0.004 -18"><span class='ocrx_word' id='word_1_326' title='bbox 2217 1671 2376 1732; x_wconf 79' lang='lat' dir='ltr'><strong>tetis.</strong></span> <span class='ocrx_word' id='word_1_327' title='bbox 2411 1689 2514 1726; x_wconf 88' lang='lat' dir='ltr'><strong>cur</strong></span> <span class='ocrx_word' id='word_1_328' title='bbox 2543 1689 2751 1726; x_wconf 88' lang='lat' dir='ltr'><strong>aurum</strong></span> <span class='ocrx_word' id='word_1_329' title='bbox 2786 1671 3030 1726; x_wconf 87' lang='lat' dir='ltr'><strong>materia</strong></span> <span class='ocrx_word' id='word_1_330' title='bbox 3064 1671 3254 1744; x_wconf 86' lang='lat' dir='ltr'><strong>magis</strong></span> <span class='ocrx_word' id='word_1_331' title='bbox 3294 1667 3622 1738; x_wconf 73' lang='lat' dir='ltr'><strong>offensionis,</strong></span> <span class='ocrx_word' id='word_1_332' title='bbox 3646 1680 3772 1737; x_wconf 85' lang='lat' dir='ltr'><strong>quam</strong></span> 
     </span>
    </p>
   </div>
   <div class='ocr_carea' id='block_1_47' title="bbox 2220 1753 3773 1833">
    <p class='ocr_par' dir='ltr' id='par_1_47' title="bbox 2220 1753 3773 1833">
     <span class='ocr_line' id='line_1_47' title="bbox 2220 1753 3773 1833; baseline -0.005 -17"><span class='ocrx_word' id='word_1_333' title='bbox 2220 1761 2744 1816; x_wconf 83' lang='lat' dir='ltr'><strong>commendationis</strong></span> <span class='ocrx_word' id='word_1_334' title='bbox 2787 1759 2974 1833; x_wconf 87' lang='lat' dir='ltr'><strong>gratia</strong></span> <span class='ocrx_word' id='word_1_335' title='bbox 3025 1759 3122 1815; x_wconf 86' lang='lat' dir='ltr'><strong>sit.</strong></span> <span class='ocrx_word' id='word_1_336' title='bbox 3179 1759 3424 1832; x_wconf 46' lang='lat' dir='ltr'><strong>[tignum</strong></span> <span class='ocrx_word' id='word_1_337' title='bbox 3471 1755 3610 1812; x_wconf 86' lang='lat' dir='ltr'><strong>enim</strong></span> <span class='ocrx_word' id='word_1_338' title='bbox 3670 1753 3773 1812; x_wconf 69' lang='lat'><strong>581</strong></span> 
     </span>
    </p>
   </div>
   <div class='ocr_carea' id='block_1_48' title="bbox 2220 1846 3779 1919">
    <p class='ocr_par' dir='ltr' id='par_1_48' title="bbox 2220 1846 3779 1919">
     <span class='ocr_line' id='line_1_48' title="bbox 2220 1846 3779 1919; baseline -0.005 -15"><span class='ocrx_word' id='word_1_339' title='bbox 2220 1849 2556 1904; x_wconf 72' lang='lat' dir='ltr'><strong>otfonsionis</strong></span> <span class='ocrx_word' id='word_1_340' title='bbox 2595 1855 2681 1904; x_wconf 80' lang='lat' dir='ltr'><strong>est</strong></span> <span class='ocrx_word' id='word_1_341' title='bbox 2728 1853 2784 1904; x_wconf 92' lang='lat' dir='ltr'><strong>et</strong></span> <span class='ocrx_word' id='word_1_342' title='bbox 2823 1865 3056 1918; x_wconf 87' lang='lat' dir='ltr'><strong>aurum,</strong></span> <span class='ocrx_word' id='word_1_343' title='bbox 3105 1852 3162 1904; x_wconf 91' lang='lat' dir='ltr'><strong>et</strong></span> <span class='ocrx_word' id='word_1_344' title='bbox 3189 1866 3270 1903; x_wconf 72' lang='lat' dir='ltr'><strong>vae</strong></span> <span class='ocrx_word' id='word_1_345' title='bbox 3317 1847 3387 1903; x_wconf 91' lang='lat' dir='ltr'><strong>iis</strong></span> <span class='ocrx_word' id='word_1_346' title='bbox 3416 1846 3509 1919; x_wconf 89' lang='lat' dir='ltr'><strong>qui</strong></span> <span class='ocrx_word' id='word_1_347' title='bbox 3554 1847 3779 1902; x_wconf 83' lang='lat' dir='ltr'><strong>sectantur</strong></span> 
     </span>
    </p>
   </div>
   <div class='ocr_carea' id='block_1_49' title="bbox 3825 1560 3838 1985">
    <p class='ocr_par' dir='ltr' id='par_1_49' title="bbox 3825 1560 3838 1985">
     <span class='ocr_line' id='line_1_49' title="bbox 3825 1560 3838 1985; baseline 0 0"><span class='ocrx_word' id='word_1_348' title='bbox 3825 1560 3838 1985; x_wconf 71' lang='grc' dir='ltr'>ί</span> 
     </span>
    </p>
   </div>
   <div class='ocr_carea' id='block_1_50' title="bbox 2223 1934 3780 2010">
    <p class='ocr_par' dir='ltr' id='par_1_50' title="bbox 2223 1934 3780 2010">
     <span class='ocr_line' id='line_1_50' title="bbox 2223 1934 3780 2010; baseline -0.005 -18"><span class='ocrx_word' id='word_1_349' title='bbox 2223 1937 2364 1993; x_wconf 81' lang='lat' dir='ltr'><strong>illud</strong></span> <span class='ocrx_word' id='word_1_350' title='bbox 2393 1957 2406 1994; x_wconf 88' lang='lat'><strong>:</strong></span> <span class='ocrx_word' id='word_1_351' title='bbox 2434 1939 2687 2010; x_wconf 73' lang='lat' dir='ltr'><strong>Denique</strong></span> <span class='ocrx_word' id='word_1_352' title='bbox 2733 1937 3098 1994; x_wconf 88' lang='lat' dir='ltr'><strong>benedicitur</strong></span> <span class='ocrx_word' id='word_1_353' title='bbox 3159 1937 3321 1992; x_wconf 90' lang='lat' dir='ltr'><strong>dives</strong></span> <span class='ocrx_word' id='word_1_354' title='bbox 3370 1959 3396 1985; x_wconf 84' lang='lat'><strong>«</strong></span> <span class='ocrx_word' id='word_1_355' title='bbox 3446 1934 3535 2008; x_wconf 90' lang='lat' dir='ltr'><strong>qui</strong></span> <span class='ocrx_word' id='word_1_356' title='bbox 3578 1934 3780 1989; x_wconf 80' lang='lat' dir='ltr'><strong>inventus</strong></span> 
     </span>
    </p>
   </div>
   <div class='ocr_carea' id='block_1_51' title="bbox 2220 2022 3834 2101">
    <p class='ocr_par' dir='ltr' id='par_1_51' title="bbox 2220 2022 3834 2101">
     <span class='ocr_line' id='line_1_51' title="bbox 2220 2022 3834 2101; baseline -0.006 -19"><span class='ocrx_word' id='word_1_357' title='bbox 2220 2032 2310 2082; x_wconf 87' lang='lat' dir='ltr'><strong>est</strong></span> <span class='ocrx_word' id='word_1_358' title='bbox 2339 2027 2464 2081; x_wconf 83' lang='lat' dir='ltr'><strong>sine</strong></span> <span class='ocrx_word' id='word_1_359' title='bbox 2504 2027 2753 2093; x_wconf 76' lang='lat' dir='ltr'><strong>macula,</strong></span> <span class='ocrx_word' id='word_1_360' title='bbox 2806 2031 2863 2082; x_wconf 92' lang='lat' dir='ltr'><strong>et</strong></span> <span class='ocrx_word' id='word_1_361' title='bbox 2892 2026 2992 2098; x_wconf 93' lang='lat' dir='ltr'><strong>qui</strong></span> <span class='ocrx_word' id='word_1_362' title='bbox 3023 2031 3156 2099; x_wconf 90' lang='lat' dir='ltr'><strong>post</strong></span> <span class='ocrx_word' id='word_1_363' title='bbox 3179 2042 3393 2082; x_wconf 89' lang='lat' dir='ltr'><strong>aurum</strong></span> <span class='ocrx_word' id='word_1_364' title='bbox 3423 2041 3531 2081; x_wconf 91' lang='lat' dir='ltr'><strong>non</strong></span> <span class='ocrx_word' id='word_1_365' title='bbox 3557 2022 3692 2088; x_wconf 88' lang='lat' dir='ltr'><strong>abiit,</strong></span> <span class='ocrx_word' id='word_1_366' title='bbox 3715 2035 3780 2074; x_wconf 80' lang='lat' dir='ltr'><strong>nec</strong></span> <span class='ocrx_word' id='word_1_367' title='bbox 3829 2054 3834 2101; x_wconf 61' lang='grc' dir='ltr'><strong>Ι</strong></span> 
     </span>
    </p>
   </div>
   <div class='ocr_carea' id='block_1_52' title="bbox 2221 2109 3778 2188">
    <p class='ocr_par' dir='ltr' id='par_1_52' title="bbox 2221 2109 3778 2188">
     <span class='ocr_line' id='line_1_52' title="bbox 2221 2109 3778 2188; baseline -0.003 -18"><span class='ocrx_word' id='word_1_368' title='bbox 2221 2117 2475 2188; x_wconf 64' lang='lat' dir='ltr'><strong>speravit</strong></span> <span class='ocrx_word' id='word_1_369' title='bbox 2525 2115 2580 2170; x_wconf 92' lang='lat' dir='ltr'><strong>in</strong></span> <span class='ocrx_word' id='word_1_370' title='bbox 2635 2116 2892 2188; x_wconf 77' lang='lat' dir='ltr'><strong>pecuniae</strong></span> <span class='ocrx_word' id='word_1_371' title='bbox 2949 2115 3244 2171; x_wconf 87' lang='lat' dir='ltr'><strong>thesauris</strong></span> <span class='ocrx_word' id='word_1_372' title='bbox 3291 2116 3482 2187; x_wconf 78' lang='lat' dir='ltr'><strong>(Eccti.</strong></span> <span class='ocrx_word' id='word_1_373' title='bbox 3520 2127 3654 2178; x_wconf 73' lang='lat' dir='ltr'><strong>xxxi,</strong></span> <span class='ocrx_word' id='word_1_374' title='bbox 3686 2109 3778 2177; x_wconf 70' lang='lat'><strong>8}.-</strong></span> 
     </span>
    </p>
   </div>
   <div class='ocr_carea' id='block_1_53' title="bbox 2223 2194 3785 2276">
    <p class='ocr_par' dir='ltr' id='par_1_53' title="bbox 2223 2194 3785 2276">
     <span class='ocr_line' id='line_1_53' title="bbox 2223 2194 3785 2276; baseline -0.008 -16"><span class='ocrx_word' id='word_1_375' title='bbox 2223 2205 2329 2260; x_wconf 86' lang='lat' dir='ltr'><strong>Sed</strong></span> <span class='ocrx_word' id='word_1_376' title='bbox 2366 2205 2531 2275; x_wconf 90' lang='lat' dir='ltr'><strong>quasi</strong></span> <span class='ocrx_word' id='word_1_377' title='bbox 2586 2204 2636 2258; x_wconf 89' lang='lat' dir='ltr'><strong>is</strong></span> <span class='ocrx_word' id='word_1_378' title='bbox 2694 2205 2963 2276; x_wconf 79' lang='lat' dir='ltr'><strong>cognitus</strong></span> <span class='ocrx_word' id='word_1_379' title='bbox 2994 2221 3122 2260; x_wconf 85' lang='lat' dir='ltr'><strong>esse</strong></span> <span class='ocrx_word' id='word_1_380' title='bbox 3167 2221 3287 2260; x_wconf 87' lang='lat' dir='ltr'><strong>non</strong></span> <span class='ocrx_word' id='word_1_381' title='bbox 3335 2201 3535 2275; x_wconf 85' lang='lat' dir='ltr'><strong>possit,</strong></span> <span class='ocrx_word' id='word_1_382' title='bbox 3577 2214 3688 2256; x_wconf 86' lang='lat' dir='ltr'><strong>eum</strong></span> <span class='ocrx_word' id='word_1_383' title='bbox 3709 2194 3785 2250; x_wconf 81' lang='lat' dir='ltr'><strong>sibi</strong></span> 
     </span>
    </p>
   </div>
   <div class='ocr_carea' id='block_1_54' title="bbox 2223 2285 3786 2360">
    <p class='ocr_par' dir='ltr' id='par_1_54' title="bbox 2223 2285 3786 2360">
     <span class='ocr_line' id='line_1_54' title="bbox 2223 2285 3786 2360; baseline -0.006 -12"><span class='ocrx_word' id='word_1_384' title='bbox 2223 2293 2514 2348; x_wconf 68' lang='lat' dir='ltr'><strong>desiderat</strong></span> <span class='ocrx_word' id='word_1_385' title='bbox 2569 2293 2990 2349; x_wconf 82' lang='lat' dir='ltr'><strong>demonstrari:</strong></span> <span class='ocrx_word' id='word_1_386' title='bbox 3027 2314 3053 2342; x_wconf 82' lang='lat'><strong>«</strong></span> <span class='ocrx_word' id='word_1_387' title='bbox 3105 2292 3246 2356; x_wconf 88' lang='lat' dir='ltr'><strong>Quis</strong></span> <span class='ocrx_word' id='word_1_388' title='bbox 3299 2297 3389 2349; x_wconf 90' lang='lat' dir='ltr'><strong>est</strong></span> <span class='ocrx_word' id='word_1_389' title='bbox 3421 2291 3530 2358; x_wconf 88' lang='lat' dir='ltr'><strong>hic,</strong></span> <span class='ocrx_word' id='word_1_390' title='bbox 3559 2285 3732 2360; x_wconf 84' lang='lat' dir='ltr'><strong>inquit,</strong></span> <span class='ocrx_word' id='word_1_391' title='bbox 3751 2287 3786 2338; x_wconf 82' lang='lat' dir='ltr'><strong>et</strong></span> 
     </span>
    </p>
   </div>
   <div class='ocr_carea' id='block_1_55' title="bbox 2223 2371 3790 2452">
    <p class='ocr_par' dir='ltr' id='par_1_55' title="bbox 2223 2371 3790 2452">
     <span class='ocr_line' id='line_1_55' title="bbox 2223 2371 3790 2452; baseline -0.006 -16"><span class='ocrx_word' id='word_1_392' title='bbox 2223 2382 2597 2437; x_wconf 85' lang='lat' dir='ltr'><strong>laudabimus</strong></span> <span class='ocrx_word' id='word_1_393' title='bbox 2628 2398 2760 2436; x_wconf 89' lang='lat' dir='ltr'><strong>eum</strong></span> <span class='ocrx_word' id='word_1_394' title='bbox 2791 2381 2948 2450; x_wconf 83' lang='lat' dir='ltr'><strong>(Ibid.</strong></span> <span class='ocrx_word' id='word_1_395' title='bbox 2980 2381 3036 2452; x_wconf 89' lang='lat'>9)</span> <span class='ocrx_word' id='word_1_396' title='bbox 3064 2399 3124 2448; x_wconf 82' lang='lat'><strong>;»</strong></span> <span class='ocrx_word' id='word_1_397' title='bbox 3149 2381 3290 2436; x_wconf 81' lang='lat' dir='ltr'><strong>fecit</strong></span> <span class='ocrx_word' id='word_1_398' title='bbox 3319 2381 3471 2437; x_wconf 92' lang='lat' dir='ltr'><strong>enim</strong></span> <span class='ocrx_word' id='word_1_399' title='bbox 3493 2376 3629 2450; x_wconf 88' lang='lat' dir='ltr'><strong>quod</strong></span> <span class='ocrx_word' id='word_1_400' title='bbox 3648 2371 3790 2430; x_wconf 83' lang='lat' dir='ltr'><strong>mirari</strong></span> 
     </span>
    </p>
   </div>
   <div class='ocr_carea' id='block_1_56' title="bbox 2226 2469 3789 2543">
    <p class='ocr_par' dir='ltr' id='par_1_56' title="bbox 2226 2469 3789 2543">
     <span class='ocr_line' id='line_1_56' title="bbox 2226 2469 3789 2543; baseline -0.005 -17"><span class='ocrx_word' id='word_1_401' title='bbox 2226 2470 2414 2543; x_wconf 86' lang='lat' dir='ltr'><strong>magis</strong></span> <span class='ocrx_word' id='word_1_402' title='bbox 2447 2471 2612 2543; x_wconf 87' lang='lat' dir='ltr'><strong>quasi</strong></span> <span class='ocrx_word' id='word_1_403' title='bbox 2650 2487 2883 2537; x_wconf 91' lang='lat' dir='ltr'><strong>novum,</strong></span> <span class='ocrx_word' id='word_1_404' title='bbox 2915 2487 3090 2542; x_wconf 88' lang='lat' dir='ltr'><strong>quam</strong></span> <span class='ocrx_word' id='word_1_405' title='bbox 3125 2470 3295 2542; x_wconf 88' lang='lat' dir='ltr'><strong>quasi</strong></span> <span class='ocrx_word' id='word_1_406' title='bbox 3346 2469 3609 2524; x_wconf 86' lang='lat' dir='ltr'><strong>usitatum</strong></span> <span class='ocrx_word' id='word_1_407' title='bbox 3648 2475 3789 2531; x_wconf 83' lang='lat' dir='ltr'><strong>recog-</strong></span> 
     </span>
    </p>
   </div>
   <div class='ocr_carea' id='block_1_57' title="bbox 2227 2549 3838 2637">
    <p class='ocr_par' dir='ltr' id='par_1_57' title="bbox 2227 2549 3838 2637">
     <span class='ocr_line' id='line_1_57' title="bbox 2227 2549 3838 2637; baseline -0.009 -22"><span class='ocrx_word' id='word_1_408' title='bbox 2227 2576 2465 2616; x_wconf 87' lang='lat' dir='ltr'><strong>noscere</strong></span> <span class='ocrx_word' id='word_1_409' title='bbox 2496 2559 2856 2615; x_wconf 80' lang='lat' dir='ltr'><strong>debeamus?</strong></span> <span class='ocrx_word' id='word_1_410' title='bbox 2887 2559 3087 2631; x_wconf 89' lang='lat' dir='ltr'><strong>ltaque</strong></span> <span class='ocrx_word' id='word_1_411' title='bbox 3120 2559 3218 2631; x_wconf 88' lang='lat' dir='ltr'><strong>qui</strong></span> <span class='ocrx_word' id='word_1_412' title='bbox 3273 2560 3334 2614; x_wconf 92' lang='lat' dir='ltr'><strong>in</strong></span> <span class='ocrx_word' id='word_1_413' title='bbox 3373 2555 3577 2614; x_wconf 88' lang='lat' dir='ltr'><strong>divitiis</strong></span> <span class='ocrx_word' id='word_1_414' title='bbox 3610 2549 3795 2626; x_wconf 84' lang='lat' dir='ltr'><strong>potuerit</strong></span> 
     </span>
    </p>
   </div>
   <div class='ocr_carea' id='block_1_58' title="bbox 2228 2639 3793 2722">
    <p class='ocr_par' dir='ltr' id='par_1_58' title="bbox 2228 2639 3793 2722">
     <span class='ocr_line' id='line_1_58' title="bbox 2228 2639 3793 2722; baseline -0.003 -18"><span class='ocrx_word' id='word_1_415' title='bbox 2228 2648 2613 2722; x_wconf 50' lang='lat' dir='ltr'><strong>comp-rotari.</strong></span> <span class='ocrx_word' id='word_1_416' title='bbox 2653 2649 2698 2690; x_wconf 66' lang='lat' dir='ltr'><strong>is</strong></span> <span class='ocrx_word' id='word_1_417' title='bbox 2731 2665 2859 2703; x_wconf 81' lang='lat' dir='ltr'><strong>vere</strong></span> <span class='ocrx_word' id='word_1_418' title='bbox 2891 2649 3178 2722; x_wconf 82' lang='lat' dir='ltr'><strong>perfectus</strong></span> <span class='ocrx_word' id='word_1_419' title='bbox 3208 2652 3268 2703; x_wconf 89' lang='lat' dir='ltr'><strong>et</strong></span> <span class='ocrx_word' id='word_1_420' title='bbox 3309 2649 3520 2720; x_wconf 87' lang='lat' dir='ltr'><strong>dignus</strong></span> <span class='ocrx_word' id='word_1_421' title='bbox 3543 2648 3620 2700; x_wconf 90' lang='lat' dir='ltr'><strong>est</strong></span> <span class='ocrx_word' id='word_1_422' title='bbox 3643 2639 3793 2713; x_wconf 69' lang='lat' dir='ltr'><strong>gloria~</strong></span> 
     </span>
    </p>
   </div>
   <div class='ocr_carea' id='block_1_59' title="bbox 2235 2734 3798 2810">
    <p class='ocr_par' dir='ltr' id='par_1_59' title="bbox 2235 2734 3798 2810">
     <span class='ocr_line' id='line_1_59' title="bbox 2235 2734 3798 2810; baseline -0.005 -22"><span class='ocrx_word' id='word_1_423' title='bbox 2235 2759 2256 2788; x_wconf 72' lang='grc' dir='ltr'><strong><em>α</em></strong></span> <span class='ocrx_word' id='word_1_424' title='bbox 2292 2739 2396 2803; x_wconf 90' lang='lat' dir='ltr'><strong>Qui</strong></span> <span class='ocrx_word' id='word_1_425' title='bbox 2432 2737 2641 2810; x_wconf 86' lang='lat' dir='ltr'><strong>potuit,</strong></span> <span class='ocrx_word' id='word_1_426' title='bbox 2679 2738 2887 2810; x_wconf 84' lang='lat' dir='ltr'><strong>inquit,</strong></span> <span class='ocrx_word' id='word_1_427' title='bbox 2943 2737 3298 2810; x_wconf 87' lang='lat' dir='ltr'><strong>transgredi,</strong></span> <span class='ocrx_word' id='word_1_428' title='bbox 3345 2742 3402 2793; x_wconf 87' lang='lat' dir='ltr'><strong>et</strong></span> <span class='ocrx_word' id='word_1_429' title='bbox 3426 2752 3538 2791; x_wconf 88' lang='lat' dir='ltr'><strong>non</strong></span> <span class='ocrx_word' id='word_1_430' title='bbox 3560 2737 3638 2789; x_wconf 86' lang='lat' dir='ltr'><strong>est</strong></span> <span class='ocrx_word' id='word_1_431' title='bbox 3660 2734 3798 2785; x_wconf 81' lang='lat' dir='ltr'><strong>trans-</strong></span> 
     </span>
    </p>
   </div>
   <div class='ocr_carea' id='block_1_60' title="bbox 2230 2817 3835 2900">
    <p class='ocr_par' dir='ltr' id='par_1_60' title="bbox 2230 2817 3835 2900">
     <span class='ocr_line' id='line_1_60' title="bbox 2230 2817 3835 2900; baseline -0.005 -19"><span class='ocrx_word' id='word_1_432' title='bbox 2230 2843 2490 2900; x_wconf 81' lang='lat' dir='ltr'><strong>gressus,</strong></span> <span class='ocrx_word' id='word_1_433' title='bbox 2525 2831 2577 2882; x_wconf 90' lang='lat' dir='ltr'><strong>et</strong></span> <span class='ocrx_word' id='word_1_434' title='bbox 2613 2827 2797 2882; x_wconf 78' lang='lat' dir='ltr'><strong>facere</strong></span> <span class='ocrx_word' id='word_1_435' title='bbox 2830 2825 3004 2896; x_wconf 87' lang='lat' dir='ltr'><strong>mala,</strong></span> <span class='ocrx_word' id='word_1_436' title='bbox 3059 2831 3115 2880; x_wconf 90' lang='lat' dir='ltr'><strong>et</strong></span> <span class='ocrx_word' id='word_1_437' title='bbox 3161 2843 3278 2882; x_wconf 91' lang='lat' dir='ltr'><strong>non</strong></span> <span class='ocrx_word' id='word_1_438' title='bbox 3335 2823 3470 2882; x_wconf 81' lang='lat' dir='ltr'><strong>fecit</strong></span> <span class='ocrx_word' id='word_1_439' title='bbox 3513 2820 3651 2892; x_wconf 77' lang='lat' dir='ltr'><strong>(Ibid.</strong></span> <span class='ocrx_word' id='word_1_440' title='bbox 3679 2818 3756 2884; x_wconf 70' lang='lat'><strong>18}.</strong></span> <span class='ocrx_word' id='word_1_441' title='bbox 3779 2833 3796 2858; x_wconf 70' lang='grc' dir='ltr'><strong><em>η</em></strong></span> 
     </span>
    </p>
   </div>
   <div class='ocr_carea' id='block_1_61' title="bbox 2229 2895 3839 2987">
    <p class='ocr_par' dir='ltr' id='par_1_61' title="bbox 2229 2895 3839 2987">
     <span class='ocr_line' id='line_1_61' title="bbox 2229 2895 3839 2987; baseline -0.007 -16"><span class='ocrx_word' id='word_1_442' title='bbox 2229 2895 2450 2971; x_wconf 46' lang='lat' dir='ltr'><strong>iturum</strong></span> <span class='ocrx_word' id='word_1_443' title='bbox 2485 2932 2620 2987; x_wconf 85' lang='lat' dir='ltr'><strong>ergo</strong></span> <span class='ocrx_word' id='word_1_444' title='bbox 2653 2915 2836 2979; x_wconf 87' lang='lat' dir='ltr'><strong>vobis,</strong></span> <span class='ocrx_word' id='word_1_445' title='bbox 2882 2914 2940 2969; x_wconf 88' lang='lat' dir='ltr'><strong>in</strong></span> <span class='ocrx_word' id='word_1_446' title='bbox 2988 2895 3106 2986; x_wconf 86' lang='lat' dir='ltr'><strong>quo</strong></span> <span class='ocrx_word' id='word_1_447' title='bbox 3153 2917 3322 2970; x_wconf 84' lang='lat' dir='ltr'><strong>tanta</strong></span> <span class='ocrx_word' id='word_1_448' title='bbox 3370 2911 3626 2969; x_wconf 85' lang='lat' dir='ltr'><strong>illecebra</strong></span> <span class='ocrx_word' id='word_1_449' title='bbox 3649 2900 3800 2962; x_wconf 73' lang='lat' dir='ltr'><strong>erroris</strong></span> 
     </span>
    </p>
   </div>
   <div class='ocr_carea' id='block_1_62' title="bbox 2232 3002 3800 3076">
    <p class='ocr_par' dir='ltr' id='par_1_62' title="bbox 2232 3002 3800 3076">
     <span class='ocr_line' id='line_1_62' title="bbox 2232 3002 3800 3076; baseline -0.004 -17"><span class='ocrx_word' id='word_1_450' title='bbox 2232 3007 2340 3072; x_wconf 86' lang='lat' dir='ltr'><strong>est,</strong></span> <span class='ocrx_word' id='word_1_451' title='bbox 2375 3022 2490 3059; x_wconf 90' lang='lat' dir='ltr'><strong>non</strong></span> <span class='ocrx_word' id='word_1_452' title='bbox 2542 3010 2658 3058; x_wconf 88' lang='lat' dir='ltr'><strong>tam</strong></span> <span class='ocrx_word' id='word_1_453' title='bbox 2706 3021 2813 3059; x_wconf 91' lang='lat' dir='ltr'><strong>sua</strong></span> <span class='ocrx_word' id='word_1_454' title='bbox 2861 3003 3049 3076; x_wconf 82' lang='lat' dir='ltr'><strong>gratia</strong></span> <span class='ocrx_word' id='word_1_455' title='bbox 3105 3019 3285 3074; x_wconf 88' lang='lat' dir='ltr'><strong>quam</strong></span> <span class='ocrx_word' id='word_1_456' title='bbox 3350 3002 3638 3058; x_wconf 86' lang='lat' dir='ltr'><strong>hominum</strong></span> <span class='ocrx_word' id='word_1_457' title='bbox 3684 3005 3800 3066; x_wconf 69' lang='lat' dir='ltr'><strong>pem</strong></span> 
     </span>
    </p>
   </div>
   <div class='ocr_carea' id='block_1_63' title="bbox 2233 3091 3842 3154">
    <p class='ocr_par' dir='ltr' id='par_1_63' title="bbox 2233 3091 3842 3154">
     <span class='ocr_line' id='line_1_63' title="bbox 2233 3091 3842 3154; baseline -0.009 -5"><span class='ocrx_word' id='word_1_458' title='bbox 2233 3091 2624 3149; x_wconf 85' lang='lat' dir='ltr'><strong>commendat.</strong></span> <span class='ocrx_word' id='word_1_459' title='bbox 3839 3142 3842 3154; x_wconf 40' lang='grc' dir='ltr'>ι</span> 
     </span>
    </p>
   </div>
   <div class='ocr_carea' id='block_1_64' title="bbox 2304 3166 3801 3254">
    <p class='ocr_par' dir='ltr' id='par_1_64' title="bbox 2304 3166 3801 3254">
     <span class='ocr_line' id='line_1_64' title="bbox 2304 3166 3801 3254; baseline 0.003 -18"><span class='ocrx_word' id='word_1_460' title='bbox 2304 3183 2394 3236; x_wconf 86' lang='grc'><strong>56.</strong></span> <span class='ocrx_word' id='word_1_461' title='bbox 2438 3184 2519 3235; x_wconf 86' lang='lat' dir='ltr'><strong>An</strong></span> <span class='ocrx_word' id='word_1_462' title='bbox 2578 3197 2680 3237; x_wconf 90' lang='lat' dir='ltr'><strong>vos</strong></span> <span class='ocrx_word' id='word_1_463' title='bbox 2725 3180 2920 3254; x_wconf 88' lang='lat' dir='ltr'><strong>ampla</strong></span> <span class='ocrx_word' id='word_1_464' title='bbox 2966 3179 3256 3236; x_wconf 78' lang='lat' dir='ltr'><strong>extollunt</strong></span> <span class='ocrx_word' id='word_1_465' title='bbox 3289 3180 3479 3248; x_wconf 87' lang='lat' dir='ltr'><strong>atria;</strong></span> <span class='ocrx_word' id='word_1_466' title='bbox 3528 3191 3640 3249; x_wconf 62' lang='lat' dir='ltr'><strong>qua!</strong></span> <span class='ocrx_word' id='word_1_467' title='bbox 3674 3166 3801 3240; x_wconf 55' lang='lat' dir='ltr'><strong>magis</strong></span> 
     </span>
    </p>
   </div>
   <div class='ocr_carea' id='block_1_65' title="bbox 2237 3259 3804 3342">
    <p class='ocr_par' dir='ltr' id='par_1_65' title="bbox 2237 3259 3804 3342">
     <span class='ocr_line' id='line_1_65' title="bbox 2237 3259 3804 3342; baseline -0.008 -16"><span class='ocrx_word' id='word_1_468' title='bbox 2237 3271 2452 3326; x_wconf 87' lang='lat' dir='ltr'><strong>debent</strong></span> <span class='ocrx_word' id='word_1_469' title='bbox 2493 3286 2904 3342; x_wconf 86' lang='lat' dir='ltr'><strong>compungere,</strong></span> <span class='ocrx_word' id='word_1_470' title='bbox 2939 3270 3078 3342; x_wconf 89' lang='lat' dir='ltr'><strong>quia</strong></span> <span class='ocrx_word' id='word_1_471' title='bbox 3125 3286 3264 3325; x_wconf 90' lang='lat' dir='ltr'><strong>cum</strong></span> <span class='ocrx_word' id='word_1_472' title='bbox 3325 3266 3569 3342; x_wconf 88' lang='lat' dir='ltr'><strong>populos</strong></span> <span class='ocrx_word' id='word_1_473' title='bbox 3617 3259 3804 3333; x_wconf 74' lang='lat' dir='ltr'><strong>capiant.</strong></span> 
     </span>
    </p>
   </div>
   <div class='ocr_carea' id='block_1_66' title="bbox 3827 2162 3840 2545">
    <p class='ocr_par' dir='ltr' id='par_1_66' title="bbox 3827 2162 3840 2545">
     <span class='ocr_line' id='line_1_66' title="bbox 3827 2162 3840 2545; baseline 0 0"><span class='ocrx_word' id='word_1_474' title='bbox 3827 2162 3840 2545; x_wconf 69' lang='lat' dir='ltr'><strong>l</strong></span> 
     </span>
    </p>
   </div>
   <div class='ocr_carea' id='block_1_67' title="bbox 473 3343 3837 3432">
    <p class='ocr_par' dir='ltr' id='par_1_67' title="bbox 473 3343 3837 3432">
     <span class='ocr_line' id='line_1_67' title="bbox 473 3343 3837 3432; baseline -0.005 -18"><span class='ocrx_word' id='word_1_475' title='bbox 473 3357 658 3414; x_wconf 89' lang='lat' dir='ltr'><strong>ciores</strong></span> <span class='ocrx_word' id='word_1_476' title='bbox 713 3356 815 3429; x_wconf 89' lang='lat' dir='ltr'><strong>qui</strong></span> <span class='ocrx_word' id='word_1_477' title='bbox 861 3373 978 3413; x_wconf 93' lang='lat' dir='ltr'><strong>non</strong></span> <span class='ocrx_word' id='word_1_478' title='bbox 1025 3361 1274 3412; x_wconf 90' lang='lat' dir='ltr'><strong>utuntur</strong></span> <span class='ocrx_word' id='word_1_479' title='bbox 1317 3374 1444 3424; x_wconf 92' lang='lat' dir='ltr'><strong>suo,</strong></span> <span class='ocrx_word' id='word_1_480' title='bbox 1488 3375 1665 3430; x_wconf 89' lang='lat' dir='ltr'><strong>quam</strong></span> <span class='ocrx_word' id='word_1_481' title='bbox 1715 3359 1813 3430; x_wconf 92' lang='lat' dir='ltr'><strong>qui</strong></span> <span class='ocrx_word' id='word_1_482' title='bbox 1856 3362 2120 3414; x_wconf 90' lang='lat' dir='ltr'><strong>utuntur.</strong></span> <span class='ocrx_word' id='word_1_483' title='bbox 2156 3347 2197 3412; x_wconf 89' lang='lat' dir='ltr'>C</span> <span class='ocrx_word' id='word_1_484' title='bbox 2234 3375 2432 3414; x_wconf 88' lang='lat' dir='ltr'><strong>vocem</strong></span> <span class='ocrx_word' id='word_1_485' title='bbox 2461 3359 2779 3414; x_wconf 86' lang='lat' dir='ltr'><strong>excludunt</strong></span> <span class='ocrx_word' id='word_1_486' title='bbox 2808 3358 3124 3432; x_wconf 85' lang='lat' dir='ltr'><strong>pauperis?</strong></span> <span class='ocrx_word' id='word_1_487' title='bbox 3145 3361 3498 3431; x_wconf 87' lang='lat' dir='ltr'><strong>Quanquam</strong></span> <span class='ocrx_word' id='word_1_488' title='bbox 3529 3351 3655 3410; x_wconf 91' lang='lat' dir='ltr'><strong>nihil</strong></span> <span class='ocrx_word' id='word_1_489' title='bbox 3683 3343 3837 3420; x_wconf 52' lang='lat' dir='ltr'><strong>prosit,</strong></span> 
     </span>
    </p>
   </div>
   <div class='ocr_carea' id='block_1_68' title="bbox 475 3445 2127 3519">
    <p class='ocr_par' dir='ltr' id='par_1_68' title="bbox 475 3445 2127 3519">
     <span class='ocr_line' id='line_1_68' title="bbox 475 3445 2127 3519; baseline -0.001 -15"><span class='ocrx_word' id='word_1_490' title='bbox 475 3445 749 3504; x_wconf 88' lang='lat' dir='ltr'><strong>Debitum</strong></span> <span class='ocrx_word' id='word_1_491' title='bbox 781 3445 962 3518; x_wconf 90' lang='lat' dir='ltr'><strong>igitur</strong></span> <span class='ocrx_word' id='word_1_492' title='bbox 991 3447 1330 3518; x_wconf 87' lang='lat' dir='ltr'><strong>reddis,non</strong></span> <span class='ocrx_word' id='word_1_493' title='bbox 1351 3446 1584 3519; x_wconf 85' lang='lat' dir='ltr'><strong>largiris</strong></span> <span class='ocrx_word' id='word_1_494' title='bbox 1608 3447 2127 3503; x_wconf 84' lang='lat' dir='ltr'><strong>indebitum.ldeo-</strong></span> 
     </span>
    </p>
   </div>
   <div class='ocr_carea' id='block_1_69' title="bbox 479 3533 2128 3608">
    <p class='ocr_par' dir='ltr' id='par_1_69' title="bbox 479 3533 2128 3608">
     <span class='ocr_line' id='line_1_69' title="bbox 479 3533 2128 3608; baseline 0.001 -18"><span class='ocrx_word' id='word_1_495' title='bbox 479 3550 594 3608; x_wconf 86' lang='lat' dir='ltr'><strong>que</strong></span> <span class='ocrx_word' id='word_1_496' title='bbox 623 3533 728 3589; x_wconf 88' lang='lat' dir='ltr'><strong>tibi</strong></span> <span class='ocrx_word' id='word_1_497' title='bbox 761 3533 901 3589; x_wconf 88' lang='lat' dir='ltr'><strong>dicit</strong></span> <span class='ocrx_word' id='word_1_498' title='bbox 929 3535 1265 3606; x_wconf 90' lang='lat' dir='ltr'><strong>Scriptura:</strong></span> <span class='ocrx_word' id='word_1_499' title='bbox 1301 3535 1540 3590; x_wconf 85' lang='lat' dir='ltr'><strong>Declina</strong></span> <span class='ocrx_word' id='word_1_500' title='bbox 1587 3538 1828 3608; x_wconf 87' lang='lat' dir='ltr'><strong>pauperi</strong></span> <span class='ocrx_word' id='word_1_501' title='bbox 1869 3537 2128 3592; x_wconf 89' lang='lat' dir='ltr'><strong>animam</strong></span> 
     </span>
    </p>
   </div>
   <div class='ocr_carea' id='block_1_70' title="bbox 481 3623 2128 3697">
    <p class='ocr_par' dir='ltr' id='par_1_70' title="bbox 481 3623 2128 3697">
     <span class='ocr_line' id='line_1_70' title="bbox 481 3623 2128 3697; baseline 0.001 -19"><span class='ocrx_word' id='word_1_502' title='bbox 481 3627 670 3687; x_wconf 91' lang='lat' dir='ltr'><strong>tuam,</strong></span> <span class='ocrx_word' id='word_1_503' title='bbox 700 3625 758 3677; x_wconf 91' lang='lat' dir='ltr'><strong>et</strong></span> <span class='ocrx_word' id='word_1_504' title='bbox 787 3623 961 3678; x_wconf 89' lang='lat' dir='ltr'><strong>redde</strong></span> <span class='ocrx_word' id='word_1_505' title='bbox 991 3623 1254 3679; x_wconf 91' lang='lat' dir='ltr'><strong>debitum</strong></span> <span class='ocrx_word' id='word_1_506' title='bbox 1285 3628 1476 3691; x_wconf 88' lang='lat' dir='ltr'><strong>tuum,</strong></span> <span class='ocrx_word' id='word_1_507' title='bbox 1509 3629 1566 3680; x_wconf 90' lang='lat' dir='ltr'><strong>et</strong></span> <span class='ocrx_word' id='word_1_508' title='bbox 1603 3625 1892 3697; x_wconf 90' lang='lat' dir='ltr'><strong>responde</strong></span> <span class='ocrx_word' id='word_1_509' title='bbox 1922 3625 2128 3697; x_wconf 85' lang='lat' dir='ltr'><strong>paciﬁ-</strong></span> 
     </span>
    </p>
   </div>
   <div class='ocr_carea' id='block_1_71' title="bbox 479 3709 1552 3784">
    <p class='ocr_par' dir='ltr' id='par_1_71' title="bbox 479 3709 1552 3784">
     <span class='ocr_line' id='line_1_71' title="bbox 479 3709 1552 3784; baseline 0.003 -17"><span class='ocrx_word' id='word_1_510' title='bbox 479 3727 548 3767; x_wconf 87' lang='lat' dir='ltr'><strong>ca</strong></span> <span class='ocrx_word' id='word_1_511' title='bbox 577 3709 638 3766; x_wconf 90' lang='lat' dir='ltr'><strong>in</strong></span> <span class='ocrx_word' id='word_1_512' title='bbox 667 3711 1116 3768; x_wconf 88' lang='lat' dir='ltr'><strong>mansuetudine</strong></span> <span class='ocrx_word' id='word_1_513' title='bbox 1148 3712 1335 3783; x_wconf 82' lang='lat' dir='ltr'><strong>(Eccli.</strong></span> <span class='ocrx_word' id='word_1_514' title='bbox 1369 3730 1444 3779; x_wconf 80' lang='grc' dir='ltr'><strong>ιν,</strong></span> <span class='ocrx_word' id='word_1_515' title='bbox 1479 3713 1552 3784; x_wconf 88' lang='grc'><strong>8).</strong></span> 
     </span>
    </p>
   </div>
   <div class='ocr_carea' id='block_1_72' title="bbox 1136 3835 1521 3892">
    <p class='ocr_par' dir='ltr' id='par_1_72' title="bbox 1136 3835 1521 3892">
     <span class='ocr_line' id='line_1_72' title="bbox 1136 3835 1521 3892; baseline 0.005 -2"><span class='ocrx_word' id='word_1_516' title='bbox 1136 3835 1363 3891; x_wconf 67' lang='lat' dir='ltr'>CAPUT</span> <span class='ocrx_word' id='word_1_517' title='bbox 1403 3837 1521 3892; x_wconf 85' lang='grc' dir='ltr'><strong>ΧῙῘ.</strong></span> 
     </span>
    </p>
   </div>
   <div class='ocr_carea' id='block_1_73' title="bbox 473 3934 2129 4020">
    <p class='ocr_par' dir='ltr' id='par_1_73' title="bbox 473 3934 2129 4020">
     <span class='ocr_line' id='line_1_73' title="bbox 473 3934 2129 4020; baseline 0.001 -29"><span class='ocrx_word' id='word_1_518' title='bbox 473 3935 680 4020; x_wconf 57' lang='grc' dir='ltr'><strong>Πειρέως</strong></span> <span class='ocrx_word' id='word_1_519' title='bbox 709 3935 767 4020; x_wconf 60' lang='lat' dir='ltr'><strong>in</strong></span> <span class='ocrx_word' id='word_1_520' title='bbox 793 3936 1054 4019; x_wconf 73' lang='lat' dir='ltr'><strong>prosapia</strong></span> <span class='ocrx_word' id='word_1_521' title='bbox 1084 3935 1298 4020; x_wconf 43' lang='lat' dir='ltr'><strong>insulse.</strong></span> <span class='ocrx_word' id='word_1_522' title='bbox 1317 3935 1572 4004; x_wconf 84' lang='lat' dir='ltr'><strong>gloriari,</strong></span> <span class='ocrx_word' id='word_1_523' title='bbox 1605 3951 1728 3992; x_wconf 81' lang='lat' dir='ltr'><strong>cum</strong></span> <span class='ocrx_word' id='word_1_524' title='bbox 1756 3934 2008 4020; x_wconf 62' lang='lat' dir='ltr'><strong>ipsi&#39;non</strong></span> <span class='ocrx_word' id='word_1_525' title='bbox 2033 3956 2129 4020; x_wconf 74' lang='grc' dir='ltr'><strong>νᾳ-</strong></span> 
     </span>
    </p>
   </div>
   <div class='ocr_carea' id='block_1_74' title="bbox 547 4004 2128 4080">
    <p class='ocr_par' dir='ltr' id='par_1_74' title="bbox 547 4004 2128 4080">
     <span class='ocr_line' id='line_1_74' title="bbox 547 4004 2128 4080; baseline 0.003 -19"><span class='ocrx_word' id='word_1_526' title='bbox 547 4021 611 4062; x_wconf 83' lang='lat' dir='ltr'><strong>ro</strong></span> <span class='ocrx_word' id='word_1_527' title='bbox 641 4004 892 4061; x_wconf 79' lang='lat' dir='ltr'><strong>dedecori</strong></span> <span class='ocrx_word' id='word_1_528' title='bbox 917 4004 1030 4080; x_wconf 79' lang='lat' dir='ltr'><strong>sint</strong></span> <span class='ocrx_word' id='word_1_529' title='bbox 1073 4006 1416 4080; x_wconf 63' lang='lat' dir='ltr'><strong>majoribus:</strong></span> <span class='ocrx_word' id='word_1_530' title='bbox 1465 4024 1691 4080; x_wconf 12' lang='lat' dir='ltr'><strong>aurum,</strong></span> <span class='ocrx_word' id='word_1_531' title='bbox 1714 4004 2032 4080; x_wconf 68' lang='lat' dir='ltr'><strong>offensionis</strong></span> <span class='ocrx_word' id='word_1_532' title='bbox 2064 4011 2128 4066; x_wconf 87' lang='lat' dir='ltr'><strong>li-</strong></span> 
     </span>
    </p>
   </div>
   <div class='ocr_carea' id='block_1_75' title="bbox 547 4077 2128 4153">
    <p class='ocr_par' dir='ltr' id='par_1_75' title="bbox 547 4077 2128 4153">
     <span class='ocr_line' id='line_1_75' title="bbox 547 4077 2128 4153; baseline 0.003 -21"><span class='ocrx_word' id='word_1_533' title='bbox 547 4094 719 4153; x_wconf 80' lang='lat' dir='ltr'><strong>gnum</strong></span> <span class='ocrx_word' id='word_1_534' title='bbox 773 4092 911 4153; x_wconf 71' lang='lat' dir='ltr'><strong>esse.</strong></span> <span class='ocrx_word' id='word_1_535' title='bbox 949 4078 1162 4146; x_wconf 82' lang='lat' dir='ltr'><strong>Quanta</strong></span> <span class='ocrx_word' id='word_1_536' title='bbox 1206 4077 1576 4153; x_wconf 62' lang='lat' dir='ltr'><strong>sitdioitibus</strong></span> <span class='ocrx_word' id='word_1_537' title='bbox 1624 4077 1890 4153; x_wconf 15' lang='lat' dir='ltr'><strong>adversus,</strong></span> <span class='ocrx_word' id='word_1_538' title='bbox 1922 4098 2128 4153; x_wconf 82' lang='lat' dir='ltr'><strong>paupe-</strong></span> 
     </span>
    </p>
   </div>
   <div class='ocr_carea' id='block_1_76' title="bbox 543 4149 2126 4274">
    <p class='ocr_par' dir='ltr' id='par_1_76' title="bbox 543 4149 2126 4274">
     <span class='ocr_line' id='line_1_76' title="bbox 543 4149 2126 4274; baseline 0.003 -69"><span class='ocrx_word' id='word_1_539' title='bbox 543 4149 978 4274; x_wconf 54' lang='lat' dir='ltr'><strong>restimmanitas</strong></span> <span class='ocrx_word' id='word_1_540' title='bbox 1049 4153 1102 4205; x_wconf 83' lang='lat' dir='ltr'><strong>et</strong></span> <span class='ocrx_word' id='word_1_541' title='bbox 1150 4150 1331 4220; x_wconf 82' lang='lat' dir='ltr'><strong>qualis</strong></span> <span class='ocrx_word' id='word_1_542' title='bbox 1359 4149 1584 4205; x_wconf 80' lang='lat' dir='ltr'><strong>divitem</strong></span> <span class='ocrx_word' id='word_1_543' title='bbox 1611 4149 2003 4208; x_wconf 72' lang='lat' dir='ltr'><strong>commendatio</strong></span> <span class='ocrx_word' id='word_1_544' title='bbox 2030 4149 2126 4210; x_wconf 69' lang='lat' dir='ltr'><strong>21e-</strong></span> 
     </span>
     <span class='ocr_line' id='line_1_77' title="bbox 545 4237 682 4274; baseline 0 0"><span class='ocrx_word' id='word_1_545' title='bbox 545 4237 638 4274; x_wconf 85' lang='lat' dir='ltr'><strong>cea</strong></span> <span class='ocrx_word' id='word_1_546' title='bbox 669 4262 682 4274; x_wconf 96' lang='lat'><strong>.</strong></span> 
     </span>
    </p>
   </div>
   <div class='ocr_carea' id='block_1_77' title="bbox 545 4237 682 4277">
    <p class='ocr_par' dir='ltr' id='par_1_77' title="bbox 545 4237 682 4277">
     <span class='ocr_line' id='line_1_78' title="bbox 545 4237 682 4277; baseline -0.015 -1"><span class='ocrx_word' id='word_1_547' title='bbox 545 4237 682 4277; x_wconf 75' lang='grc' dir='ltr'><strong>σθαι.</strong></span> 
     </span>
    </p>
   </div>
   <div class='ocr_carea' id='block_1_78' title="bbox 546 4335 2127 4408">
    <p class='ocr_par' dir='ltr' id='par_1_78' title="bbox 546 4335 2127 4408">
     <span class='ocr_line' id='line_1_79' title="bbox 546 4335 2127 4408; baseline 0.003 -18"><span class='ocrx_word' id='word_1_548' title='bbox 546 4337 639 4391; x_wconf 84' lang='grc'><strong>54.</strong></span> <span class='ocrx_word' id='word_1_549' title='bbox 692 4336 840 4402; x_wconf 90' lang='lat' dir='ltr'><strong>Quid</strong></span> <span class='ocrx_word' id='word_1_550' title='bbox 891 4335 1045 4392; x_wconf 91' lang='lat' dir='ltr'><strong>enim</strong></span> <span class='ocrx_word' id='word_1_551' title='bbox 1097 4337 1426 4408; x_wconf 72' lang='lat' dir='ltr'><strong>superbiae,</strong></span> <span class='ocrx_word' id='word_1_552' title='bbox 1481 4337 1686 4394; x_wconf 84' lang='lat' dir='ltr'><strong>dives?</strong></span> <span class='ocrx_word' id='word_1_553' title='bbox 1749 4338 1900 4405; x_wconf 91' lang='lat' dir='ltr'><strong>Quid</strong></span> <span class='ocrx_word' id='word_1_554' title='bbox 1965 4339 2127 4395; x_wconf 90' lang='lat' dir='ltr'><strong>dicas</strong></span> 
     </span>
    </p>
   </div>
   <div class='ocr_carea' id='block_1_79' title="bbox 477 4423 2126 4501">
    <p class='ocr_par' dir='ltr' id='par_1_79' title="bbox 477 4423 2126 4501">
     <span class='ocr_line' id='line_1_80' title="bbox 477 4423 2126 4501; baseline 0.003 -22"><span class='ocrx_word' id='word_1_555' title='bbox 477 4423 720 4497; x_wconf 85' lang='lat' dir='ltr'><strong>pauperi</strong></span> <span class='ocrx_word' id='word_1_556' title='bbox 753 4442 766 4480; x_wconf 91' lang='lat'><strong>:</strong></span> <span class='ocrx_word' id='word_1_557' title='bbox 816 4423 948 4481; x_wconf 91' lang='lat' dir='ltr'><strong>Noli</strong></span> <span class='ocrx_word' id='word_1_558' title='bbox 979 4441 1072 4481; x_wconf 90' lang='lat' dir='ltr'><strong>me</strong></span> <span class='ocrx_word' id='word_1_559' title='bbox 1093 4429 1331 4498; x_wconf 87' lang='lat' dir='ltr'><strong>tangere</strong></span> <span class='ocrx_word' id='word_1_560' title='bbox 1353 4426 1382 4480; x_wconf 75' lang='lat' dir='ltr'><strong><em>‘I</em></strong></span> <span class='ocrx_word' id='word_1_561' title='bbox 1410 4427 1613 4483; x_wconf 92' lang='lat' dir='ltr'><strong>Nonne</strong></span> <span class='ocrx_word' id='word_1_562' title='bbox 1663 4427 1816 4482; x_wconf 87' lang='lat' dir='ltr'><strong>sicut</strong></span> <span class='ocrx_word' id='word_1_563' title='bbox 1857 4445 1962 4501; x_wconf 86' lang='lat' dir='ltr'><strong>ego</strong></span> <span class='ocrx_word' id='word_1_564' title='bbox 1992 4445 2126 4484; x_wconf 90' lang='lat' dir='ltr'><strong>con-</strong></span> 
     </span>
    </p>
   </div>
   <div class='ocr_carea' id='block_1_80' title="bbox 479 4514 2128 4586">
    <p class='ocr_par' dir='ltr' id='par_1_80' title="bbox 479 4514 2128 4586">
     <span class='ocr_line' id='line_1_81' title="bbox 479 4514 2128 4586; baseline 0.003 -18"><span class='ocrx_word' id='word_1_565' title='bbox 479 4518 687 4584; x_wconf 91' lang='lat' dir='ltr'><strong>ceptus</strong></span> <span class='ocrx_word' id='word_1_566' title='bbox 721 4514 832 4583; x_wconf 83' lang='lat'><strong>(25)</strong></span> <span class='ocrx_word' id='word_1_567' title='bbox 863 4517 919 4568; x_wconf 90' lang='lat' dir='ltr'><strong>et</strong></span> <span class='ocrx_word' id='word_1_568' title='bbox 977 4519 1162 4570; x_wconf 89' lang='lat' dir='ltr'><strong>natus</strong></span> <span class='ocrx_word' id='word_1_569' title='bbox 1182 4514 1210 4568; x_wconf 90' lang='lat'><strong>?</strong></span> <span class='ocrx_word' id='word_1_570' title='bbox 1241 4514 1386 4580; x_wconf 89' lang='lat' dir='ltr'><strong>Quid</strong></span> <span class='ocrx_word' id='word_1_571' title='bbox 1417 4519 1474 4570; x_wconf 88' lang='lat' dir='ltr'><strong>te</strong></span> <span class='ocrx_word' id='word_1_572' title='bbox 1496 4517 1688 4586; x_wconf 90' lang='lat' dir='ltr'><strong>jactas</strong></span> <span class='ocrx_word' id='word_1_573' title='bbox 1705 4516 1776 4572; x_wconf 90' lang='lat' dir='ltr'><strong>de</strong></span> <span class='ocrx_word' id='word_1_574' title='bbox 1806 4516 2128 4573; x_wconf 85' lang='lat' dir='ltr'><strong>nobilitatis</strong></span> 
     </span>
    </p>
   </div>
   <div class='ocr_carea' id='block_1_81' title="bbox 472 4601 2126 4678">
    <p class='ocr_par' dir='ltr' id='par_1_81' title="bbox 472 4601 2126 4678">
     <span class='ocr_line' id='line_1_82' title="bbox 472 4601 2126 4678; baseline 0.003 -22"><span class='ocrx_word' id='word_1_575' title='bbox 472 4601 747 4674; x_wconf 86' lang='lat' dir='ltr'><strong>prosapia</strong></span> <span class='ocrx_word' id='word_1_576' title='bbox 771 4601 798 4655; x_wconf 86' lang='lat'><strong>?</strong></span> <span class='ocrx_word' id='word_1_577' title='bbox 827 4601 1036 4658; x_wconf 89' lang='lat' dir='ltr'><strong>Soletis</strong></span> <span class='ocrx_word' id='word_1_578' title='bbox 1067 4608 1124 4657; x_wconf 91' lang='lat' dir='ltr'><strong>et</strong></span> <span class='ocrx_word' id='word_1_579' title='bbox 1148 4619 1360 4658; x_wconf 84' lang='lat' dir='ltr'><strong>canum</strong></span> <span class='ocrx_word' id='word_1_580' title='bbox 1391 4609 1718 4660; x_wconf 88' lang='lat' dir='ltr'><strong>vestrorum</strong></span> <span class='ocrx_word' id='word_1_581' title='bbox 1749 4604 2006 4678; x_wconf 87' lang='lat' dir='ltr'><strong>origines</strong></span> <span class='ocrx_word' id='word_1_582' title='bbox 2043 4605 2126 4662; x_wconf 88' lang='lat' dir='ltr'><strong>si-</strong></span> 
     </span>
    </p>
   </div>
   <div class='ocr_carea' id='block_1_82' title="bbox 473 4689 2202 4785">
    <p class='ocr_par' dir='ltr' id='par_1_82' title="bbox 473 4689 2202 4785">
     <span class='ocr_line' id='line_1_83' title="bbox 473 4689 2202 4785; baseline 0.004 -41"><span class='ocrx_word' id='word_1_583' title='bbox 473 4693 572 4744; x_wconf 89' lang='lat' dir='ltr'><strong>cut</strong></span> <span class='ocrx_word' id='word_1_584' title='bbox 601 4689 848 4744; x_wconf 89' lang='lat' dir='ltr'><strong>divitum</strong></span> <span class='ocrx_word' id='word_1_585' title='bbox 872 4707 1212 4747; x_wconf 84' lang='lat' dir='ltr'><strong>recensere:</strong></span> <span class='ocrx_word' id='word_1_586' title='bbox 1247 4691 1446 4746; x_wconf 86' lang='lat' dir='ltr'><strong>soletis</strong></span> <span class='ocrx_word' id='word_1_587' title='bbox 1487 4696 1544 4746; x_wconf 89' lang='lat' dir='ltr'><strong>et</strong></span> <span class='ocrx_word' id='word_1_588' title='bbox 1586 4709 1873 4764; x_wconf 91' lang='lat' dir='ltr'><strong>equorum</strong></span> <span class='ocrx_word' id='word_1_589' title='bbox 1903 4698 2126 4751; x_wconf 86' lang='lat' dir='ltr'><strong>vestro-</strong></span> <span class='ocrx_word' id='word_1_590' title='bbox 2157 4721 2202 4785; x_wconf 83' lang='lat' dir='ltr'><strong>D</strong></span> 
     </span>
    </p>
   </div>
   <div class='ocr_carea' id='block_1_83' title="bbox 475 4777 2124 4853">
    <p class='ocr_par' dir='ltr' id='par_1_83' title="bbox 475 4777 2124 4853">
     <span class='ocr_line' id='line_1_84' title="bbox 475 4777 2124 4853; baseline 0.003 -19"><span class='ocrx_word' id='word_1_591' title='bbox 475 4793 606 4834; x_wconf 87' lang='lat' dir='ltr'><strong>rum</strong></span> <span class='ocrx_word' id='word_1_592' title='bbox 631 4777 995 4834; x_wconf 89' lang='lat' dir='ltr'><strong>nobilitatem</strong></span> <span class='ocrx_word' id='word_1_593' title='bbox 1028 4779 1182 4834; x_wconf 88' lang='lat' dir='ltr'><strong>sicut</strong></span> <span class='ocrx_word' id='word_1_594' title='bbox 1209 4779 1520 4836; x_wconf 89' lang='lat' dir='ltr'><strong>consulum</strong></span> <span class='ocrx_word' id='word_1_595' title='bbox 1561 4781 1892 4853; x_wconf 67' lang='lat' dir='ltr'><strong>praedicare.</strong></span> <span class='ocrx_word' id='word_1_596' title='bbox 1927 4782 2026 4839; x_wconf 91' lang='lat' dir='ltr'><strong>lllc</strong></span> <span class='ocrx_word' id='word_1_597' title='bbox 2055 4801 2124 4840; x_wconf 81' lang='lat' dir='ltr'><strong>ex</strong></span> 
     </span>
    </p>
   </div>
   <div class='ocr_carea' id='block_1_84' title="bbox 472 4867 2124 4941">
    <p class='ocr_par' dir='ltr' id='par_1_84' title="bbox 472 4867 2124 4941">
     <span class='ocr_line' id='line_1_85' title="bbox 472 4867 2124 4941; baseline 0.003 -18"><span class='ocrx_word' id='word_1_598' title='bbox 472 4867 574 4924; x_wconf 90' lang='lat' dir='ltr'><strong>illo</strong></span> <span class='ocrx_word' id='word_1_599' title='bbox 604 4871 767 4940; x_wconf 89' lang='lat' dir='ltr'><strong>patre</strong></span> <span class='ocrx_word' id='word_1_600' title='bbox 797 4871 1110 4941; x_wconf 87' lang='lat' dir='ltr'><strong>generatus</strong></span> <span class='ocrx_word' id='word_1_601' title='bbox 1142 4874 1248 4937; x_wconf 89' lang='lat' dir='ltr'><strong>est,</strong></span> <span class='ocrx_word' id='word_1_602' title='bbox 1283 4873 1339 4924; x_wconf 88' lang='lat' dir='ltr'><strong>et</strong></span> <span class='ocrx_word' id='word_1_603' title='bbox 1381 4869 1482 4924; x_wconf 83' lang='lat' dir='ltr'><strong>illa</strong></span> <span class='ocrx_word' id='word_1_604' title='bbox 1514 4875 1698 4926; x_wconf 90' lang='lat' dir='ltr'><strong>matre</strong></span> <span class='ocrx_word' id='word_1_605' title='bbox 1746 4871 1975 4928; x_wconf 88' lang='lat' dir='ltr'><strong>editus:</strong></span> <span class='ocrx_word' id='word_1_606' title='bbox 2026 4873 2124 4928; x_wconf 89' lang='lat' dir='ltr'><strong>ille</strong></span> 
     </span>
    </p>
   </div>
   <div class='ocr_carea' id='block_1_85' title="bbox 471 4955 2123 5030">
    <p class='ocr_par' dir='ltr' id='par_1_85' title="bbox 471 4955 2123 5030">
     <span class='ocr_line' id='line_1_86' title="bbox 471 4955 2123 5030; baseline 0.002 -18"><span class='ocrx_word' id='word_1_607' title='bbox 471 4973 578 5012; x_wconf 91' lang='lat' dir='ltr'><strong>avo</strong></span> <span class='ocrx_word' id='word_1_608' title='bbox 606 4955 708 5012; x_wconf 93' lang='lat' dir='ltr'><strong>illo</strong></span> <span class='ocrx_word' id='word_1_609' title='bbox 737 4956 955 5030; x_wconf 86' lang='lat' dir='ltr'><strong>gaudet</strong></span> <span class='ocrx_word' id='word_1_610' title='bbox 983 4973 996 5012; x_wconf 91' lang='lat'><strong>:</strong></span> <span class='ocrx_word' id='word_1_611' title='bbox 1030 4955 1126 5011; x_wconf 85' lang='lat' dir='ltr'><strong>ille</strong></span> <span class='ocrx_word' id='word_1_612' title='bbox 1159 4973 1219 5013; x_wconf 91' lang='lat' dir='ltr'><strong>se</strong></span> <span class='ocrx_word' id='word_1_613' title='bbox 1252 4956 1480 5030; x_wconf 90' lang='lat' dir='ltr'><strong>proavis</strong></span> <span class='ocrx_word' id='word_1_614' title='bbox 1523 4957 1756 5014; x_wconf 89' lang='lat' dir='ltr'><strong>attollit.</strong></span> <span class='ocrx_word' id='word_1_615' title='bbox 1813 4961 1925 5016; x_wconf 92' lang='lat' dir='ltr'><strong>Sed</strong></span> <span class='ocrx_word' id='word_1_616' title='bbox 1975 4960 2123 5017; x_wconf 88' lang='lat' dir='ltr'><strong>nihil</strong></span> 
     </span>
    </p>
   </div>
   <div class='ocr_carea' id='block_1_86' title="bbox 468 5045 2126 5122">
    <p class='ocr_par' dir='ltr' id='par_1_86' title="bbox 468 5045 2126 5122">
     <span class='ocr_line' id='line_1_87' title="bbox 468 5045 2126 5122; baseline 0.002 -20"><span class='ocrx_word' id='word_1_617' title='bbox 468 5045 629 5102; x_wconf 90' lang='lat' dir='ltr'><strong>istud</strong></span> <span class='ocrx_word' id='word_1_618' title='bbox 661 5050 990 5102; x_wconf 88' lang='lat' dir='ltr'><strong>currentem</strong></span> <span class='ocrx_word' id='word_1_619' title='bbox 1015 5047 1222 5116; x_wconf 87' lang='lat' dir='ltr'><strong>juvat;</strong></span> <span class='ocrx_word' id='word_1_620' title='bbox 1256 5063 1372 5102; x_wconf 89' lang='lat' dir='ltr'><strong>non</strong></span> <span class='ocrx_word' id='word_1_621' title='bbox 1404 5047 1578 5102; x_wconf 87' lang='lat' dir='ltr'><strong>datur</strong></span> <span class='ocrx_word' id='word_1_622' title='bbox 1607 5047 1897 5104; x_wconf 91' lang='lat' dir='ltr'><strong>nobilitati</strong></span> <span class='ocrx_word' id='word_1_623' title='bbox 1927 5049 2126 5122; x_wconf 89' lang='lat' dir='ltr'><strong>palma</strong></span> 
     </span>
    </p>
   </div>
   <div class='ocr_carea' id='block_1_87' title="bbox 544 5161 2118 5233">
    <p class='ocr_par' dir='ltr' id='par_1_87' title="bbox 544 5161 2118 5233">
     <span class='ocr_line' id='line_1_88' title="bbox 544 5161 2118 5233; baseline 0.002 -17"><span class='ocrx_word' id='word_1_624' title='bbox 544 5161 656 5233; x_wconf 85' lang='grc'>(24)</span> <span class='ocrx_word' id='word_1_625' title='bbox 689 5161 777 5217; x_wconf 88' lang='lat' dir='ltr'><strong>Ita</strong></span> <span class='ocrx_word' id='word_1_626' title='bbox 807 5178 974 5228; x_wconf 91' lang='lat' dir='ltr'><strong>mss.,</strong></span> <span class='ocrx_word' id='word_1_627' title='bbox 1005 5161 1209 5233; x_wconf 77' lang='lat' dir='ltr'><strong>paucis</strong></span> <span class='ocrx_word' id='word_1_628' title='bbox 1239 5161 1593 5232; x_wconf 80' lang='lat' dir='ltr'><strong>exceptis,in</strong></span> <span class='ocrx_word' id='word_1_629' title='bbox 1619 5162 1834 5233; x_wconf 88' lang='lat' dir='ltr'><strong>quibus</strong></span> <span class='ocrx_word' id='word_1_630' title='bbox 1857 5162 2118 5219; x_wconf 89' lang='lat' dir='ltr'><strong>ultimam</strong></span> 
     </span>
    </p>
   </div>
   <div class='ocr_carea' id='block_1_88' title="bbox 473 5233 2116 5305">
    <p class='ocr_par' dir='ltr' id='par_1_88' title="bbox 473 5233 2116 5305">
     <span class='ocr_line' id='line_1_89' title="bbox 473 5233 2116 5305; baseline 0.002 -17"><span class='ocrx_word' id='word_1_631' title='bbox 473 5233 780 5305; x_wconf 64' lang='lat' dir='ltr'><strong>sententiae</strong></span> <span class='ocrx_word' id='word_1_632' title='bbox 809 5236 1030 5305; x_wconf 86' lang='lat' dir='ltr'><strong>partem</strong></span> <span class='ocrx_word' id='word_1_633' title='bbox 1065 5233 1144 5286; x_wconf 84' lang='lat' dir='ltr'><strong>ita</strong></span> <span class='ocrx_word' id='word_1_634' title='bbox 1167 5233 1327 5302; x_wconf 79' lang='lat' dir='ltr'><strong>legas</strong></span> <span class='ocrx_word' id='word_1_635' title='bbox 1355 5249 1376 5305; x_wconf 89' lang='lat'><strong>:_</strong></span> <span class='ocrx_word' id='word_1_636' title='bbox 1403 5234 1466 5288; x_wconf 82' lang='lat' dir='ltr'><strong>Et</strong></span> <span class='ocrx_word' id='word_1_637' title='bbox 1509 5235 1724 5304; x_wconf 75' lang='lat' dir='ltr'><strong>[ructus</strong></span> <span class='ocrx_word' id='word_1_638' title='bbox 1755 5235 1992 5290; x_wconf 75' lang='lat' dir='ltr'><strong>hominis</strong></span> <span class='ocrx_word' id='word_1_639' title='bbox 2021 5245 2116 5292; x_wconf 82' lang='lat' dir='ltr'><strong>est.</strong></span> 
     </span>
    </p>
   </div>
   <div class='ocr_carea' id='block_1_89' title="bbox 471 5302 2121 5367">
    <p class='ocr_par' dir='ltr' id='par_1_89' title="bbox 471 5302 2121 5367">
     <span class='ocr_line' id='line_1_90' title="bbox 471 5302 2121 5367; baseline 0.002 -9"><span class='ocrx_word' id='word_1_640' title='bbox 471 5302 863 5367; x_wconf 68' lang='lat' dir='ltr'><strong>Misericordia,</strong></span> <span class='ocrx_word' id='word_1_641' title='bbox 897 5310 1004 5358; x_wconf 89' lang='lat' dir='ltr'><strong>etc.</strong></span> <span class='ocrx_word' id='word_1_642' title='bbox 1041 5305 1170 5358; x_wconf 79' lang='lat' dir='ltr'><strong>Edit</strong></span> <span class='ocrx_word' id='word_1_643' title='bbox 1199 5321 1331 5358; x_wconf 77' lang='lat' dir='ltr'><strong>vero</strong></span> <span class='ocrx_word' id='word_1_644' title='bbox 1365 5302 1552 5359; x_wconf 87' lang='lat' dir='ltr'><strong>locum</strong></span> <span class='ocrx_word' id='word_1_645' title='bbox 1606 5305 1880 5361; x_wconf 79' lang='lat' dir='ltr'><strong>exhibent</strong></span> <span class='ocrx_word' id='word_1_646' title='bbox 1908 5307 1967 5361; x_wconf 88' lang='lat' dir='ltr'><strong>in</strong></span> <span class='ocrx_word' id='word_1_647' title='bbox 2001 5307 2121 5362; x_wconf 50' lang='lat' dir='ltr'><strong>haee</strong></span> 
     </span>
    </p>
   </div>
   <div class='ocr_carea' id='block_1_90' title="bbox 468 5375 2116 5448">
    <p class='ocr_par' dir='ltr' id='par_1_90' title="bbox 468 5375 2116 5448">
     <span class='ocr_line' id='line_1_91' title="bbox 468 5375 2116 5448; baseline 0.004 -21"><span class='ocrx_word' id='word_1_648' title='bbox 468 5376 646 5448; x_wconf 65' lang='lat' dir='ltr'><strong>verba</strong></span> <span class='ocrx_word' id='word_1_649' title='bbox 681 5392 694 5428; x_wconf 91' lang='lat'><strong>:</strong></span> <span class='ocrx_word' id='word_1_650' title='bbox 731 5376 850 5430; x_wconf 81' lang='lat' dir='ltr'><strong>Tibi</strong></span> <span class='ocrx_word' id='word_1_651' title='bbox 879 5378 1069 5430; x_wconf 78' lang='lat' dir='ltr'><strong>crescit</strong></span> <span class='ocrx_word' id='word_1_652' title='bbox 1101 5375 1364 5446; x_wconf 77' lang='lat' dir='ltr'><strong>quidquid</strong></span> <span class='ocrx_word' id='word_1_653' title='bbox 1395 5377 1456 5430; x_wconf 83' lang='lat' dir='ltr'><strong>in</strong></span> <span class='ocrx_word' id='word_1_654' title='bbox 1489 5393 1760 5448; x_wconf 73' lang='lat' dir='ltr'><strong>pauperes</strong></span> <span class='ocrx_word' id='word_1_655' title='bbox 1788 5381 2116 5446; x_wconf 73' lang='lat' dir='ltr'><strong>erogavcris.</strong></span> 
     </span>
    </p>
   </div>
   <div class='ocr_carea' id='block_1_91' title="bbox 473 5443 2116 5519">
    <p class='ocr_par' dir='ltr' id='par_1_91' title="bbox 473 5443 2116 5519">
     <span class='ocr_line' id='line_1_92' title="bbox 473 5443 2116 5519; baseline 0.004 -21"><span class='ocrx_word' id='word_1_656' title='bbox 473 5443 746 5519; x_wconf 65' lang='grc' dir='ltr'><strong>ξσνίριιῳι</strong></span> <span class='ocrx_word' id='word_1_657' title='bbox 804 5449 882 5519; x_wconf 76' lang='lat' dir='ltr'><strong>cst</strong></span> <span class='ocrx_word' id='word_1_658' title='bbox 911 5465 929 5502; x_wconf 89' lang='lat'><strong>:</strong></span> <span class='ocrx_word' id='word_1_659' title='bbox 976 5447 1082 5516; x_wconf 85' lang='lat' dir='ltr'><strong>Qui</strong></span> <span class='ocrx_word' id='word_1_660' title='bbox 1111 5443 1421 5502; x_wconf 70' lang='lat' dir='ltr'><strong>miseretur</strong></span> <span class='ocrx_word' id='word_1_661' title='bbox 1464 5443 1702 5518; x_wconf 52' lang='lat' dir='ltr'><strong>pauperi</strong></span> <span class='ocrx_word' id='word_1_662' title='bbox 1736 5443 1950 5519; x_wconf 69' lang='lat' dir='ltr'><strong>fenerat</strong></span> <span class='ocrx_word' id='word_1_663' title='bbox 1991 5455 2116 5505; x_wconf 59' lang='lat' dir='ltr'><strong>lico.</strong></span> 
     </span>
    </p>
   </div>
   <div class='ocr_carea' id='block_1_92' title="bbox 471 5515 2122 5592">
    <p class='ocr_par' dir='ltr' id='par_1_92' title="bbox 471 5515 2122 5592">
     <span class='ocr_line' id='line_1_93' title="bbox 471 5515 2122 5592; baseline 0.004 -23"><span class='ocrx_word' id='word_1_664' title='bbox 471 5515 602 5584; x_wconf 72' lang='lat' dir='ltr'><strong>Ipse</strong></span> <span class='ocrx_word' id='word_1_665' title='bbox 631 5516 766 5592; x_wconf 63' lang='lat' dir='ltr'><strong>cibo</strong></span> <span class='ocrx_word' id='word_1_666' title='bbox 793 5517 856 5592; x_wconf 72' lang='lat' dir='ltr'><strong>in</strong></span> <span class='ocrx_word' id='word_1_667' title='bbox 896 5515 1140 5592; x_wconf 70' lang='lat' dir='ltr'><strong>paupere</strong></span> <span class='ocrx_word' id='word_1_668' title='bbox 1181 5519 1427 5592; x_wconf 76' lang='lat' dir='ltr'><strong>pascit-nr</strong></span> <span class='ocrx_word' id='word_1_669' title='bbox 1464 5515 1694 5592; x_wconf 55' lang='lat' dir='ltr'><strong>&#39;(Ro&#39;m.,</strong></span> <span class='ocrx_word' id='word_1_670' title='bbox 1736 5515 1937 5592; x_wconf 59' lang='lat' dir='ltr'><strong>&#39;Teillo</strong></span> <span class='ocrx_word' id='word_1_671' title='bbox 1961 5536 2122 5592; x_wconf 75' lang='lat' dir='ltr'><strong>quem</strong></span> 
     </span>
    </p>
   </div>
   <div class='ocr_carea' id='block_1_93' title="bbox 469 5586 2121 5662">
    <p class='ocr_par' dir='ltr' id='par_1_93' title="bbox 469 5586 2121 5662">
     <span class='ocr_line' id='line_1_94' title="bbox 469 5586 2121 5662; baseline 0.006 -25"><span class='ocrx_word' id='word_1_672' title='bbox 469 5588 705 5662; x_wconf 63' lang='lat' dir='ltr'><strong>pauperi</strong></span> <span class='ocrx_word' id='word_1_673' title='bbox 733 5586 964 5662; x_wconf 71' lang='lat' dir='ltr'><strong>dederis,</strong></span> <span class='ocrx_word' id='word_1_674' title='bbox 1008 5586 1136 5662; x_wconf 71' lang='lat' dir='ltr'><strong>ciba</strong></span> <span class='ocrx_word' id='word_1_675' title='bbox 1166 5586 1405 5662; x_wconf 54' lang='lat' dir='ltr'><strong>pascis),</strong></span> <span class='ocrx_word' id='word_1_676' title='bbox 1453 5586 1505 5643; x_wconf 85' lang='lat' dir='ltr'><strong>et</strong></span> <span class='ocrx_word' id='word_1_677' title='bbox 1551 5586 1762 5660; x_wconf 73' lang='lat' dir='ltr'><strong>fructus</strong></span> <span class='ocrx_word' id='word_1_678' title='bbox 1795 5591 1917 5662; x_wconf 85' lang='lat' dir='ltr'><strong>jam</strong></span> <span class='ocrx_word' id='word_1_679' title='bbox 1945 5586 2006 5646; x_wconf 73' lang='lat' dir='ltr'><strong>in</strong></span> <span class='ocrx_word' id='word_1_680' title='bbox 2035 5593 2121 5648; x_wconf 75' lang='lat' dir='ltr'><strong>his</strong></span> 
     </span>
    </p>
   </div>
   <div class='ocr_carea' id='block_1_94' title="bbox 475 5657 1499 5719">
    <p class='ocr_par' dir='ltr' id='par_1_94' title="bbox 475 5657 1499 5719">
     <span class='ocr_line' id='line_1_95' title="bbox 475 5657 1499 5719; baseline 0.005 -13"><span class='ocrx_word' id='word_1_681' title='bbox 475 5657 555 5708; x_wconf 72' lang='lat' dir='ltr'><strong>est</strong></span> <span class='ocrx_word' id='word_1_682' title='bbox 580 5657 990 5710; x_wconf 68' lang='lat' dir='ltr'><strong>misericordize.</strong></span> <span class='ocrx_word' id='word_1_683' title='bbox 1026 5658 1338 5712; x_wconf 75' lang='lat' dir='ltr'><strong>Semina/ur</strong></span> <span class='ocrx_word' id='word_1_684' title='bbox 1349 5657 1371 5719; x_wconf 13' lang='grc' dir='ltr'><strong>,Ἴ</strong></span> <span class='ocrx_word' id='word_1_685' title='bbox 1395 5664 1499 5712; x_wconf 88' lang='lat' dir='ltr'><strong>etc.</strong></span> 
     </span>
    </p>
   </div>
   <div class='ocr_carea' id='block_1_95' title="bbox 549 5723 2118 5797">
    <p class='ocr_par' dir='ltr' id='par_1_95' title="bbox 549 5723 2118 5797">
     <span class='ocr_line' id='line_1_96' title="bbox 549 5723 2118 5797; baseline 0.008 -24"><span class='ocrx_word' id='word_1_686' title='bbox 549 5724 662 5797; x_wconf 68' lang='lat'><strong>(2-5)</strong></span> <span class='ocrx_word' id='word_1_687' title='bbox 694 5723 801 5797; x_wconf 74' lang='lat' dir='ltr'><strong>Vet</strong></span> <span class='ocrx_word' id='word_1_688' title='bbox 831 5725 964 5797; x_wconf 71' lang='lat' dir='ltr'><strong>edit.</strong></span> <span class='ocrx_word' id='word_1_689' title='bbox 999 5733 1052 5780; x_wconf 86' lang='lat' dir='ltr'><strong>et</strong></span> <span class='ocrx_word' id='word_1_690' title='bbox 1073 5727 1268 5797; x_wconf 83' lang='lat' dir='ltr'><strong>plures</strong></span> <span class='ocrx_word' id='word_1_691' title='bbox 1297 5744 1438 5782; x_wconf 82' lang='lat' dir='ltr'><strong>mss.</strong></span> <span class='ocrx_word' id='word_1_692' title='bbox 1489 5729 1675 5784; x_wconf 66' lang='lat' dir='ltr'><strong>Nonne</strong></span> <span class='ocrx_word' id='word_1_693' title='bbox 1702 5733 1781 5785; x_wconf 72' lang='lat' dir='ltr'><strong>sic</strong></span> <span class='ocrx_word' id='word_1_694' title='bbox 1812 5736 1962 5786; x_wconf 68' lang='lat' dir='ltr'><strong>utero</strong></span> <span class='ocrx_word' id='word_1_695' title='bbox 1991 5749 2118 5788; x_wconf 75' lang='lat' dir='ltr'><strong>con-</strong></span> 
     </span>
    </p>
   </div>
   <div class='ocr_carea' id='block_1_96' title="bbox 480 5794 2116 5874">
    <p class='ocr_par' dir='ltr' id='par_1_96' title="bbox 480 5794 2116 5874">
     <span class='ocr_line' id='line_1_97' title="bbox 480 5794 2116 5874; baseline 0.009 -26"><span class='ocrx_word' id='word_1_696' title='bbox 480 5795 684 5865; x_wconf 69' lang='lat' dir='ltr'><strong>ceptus,</strong></span> <span class='ocrx_word' id='word_1_697' title='bbox 717 5795 867 5864; x_wconf 86' lang='lat' dir='ltr'><strong>etc.;</strong></span> <span class='ocrx_word' id='word_1_698' title='bbox 909 5794 1098 5861; x_wconf 61' lang='lat' dir='ltr'><strong>item.)</strong></span> <span class='ocrx_word' id='word_1_699' title='bbox 1140 5797 1327 5853; x_wconf 83' lang='lat' dir='ltr'><strong>Nonne</strong></span> <span class='ocrx_word' id='word_1_700' title='bbox 1373 5797 1451 5852; x_wconf 79' lang='lat' dir='ltr'><strong>sic</strong></span> <span class='ocrx_word' id='word_1_701' title='bbox 1491 5808 1792 5874; x_wconf 70' lang='lat' dir='ltr'><strong>conceptus,</strong></span> <span class='ocrx_word' id='word_1_702' title='bbox 1847 5808 1956 5862; x_wconf 87' lang='lat' dir='ltr'><strong>etc.</strong></span> <span class='ocrx_word' id='word_1_703' title='bbox 2008 5805 2116 5862; x_wconf 86' lang='lat' dir='ltr'><strong>Sed</strong></span> 
     </span>
    </p>
   </div>
   <div class='ocr_carea' id='block_1_97' title="bbox 2238 3433 3842 3542">
    <p class='ocr_par' dir='ltr' id='par_1_97' title="bbox 2238 3433 3842 3542">
     <span class='ocr_line' id='line_1_98' title="bbox 2238 3433 3842 3542; baseline -0.004 -39"><span class='ocrx_word' id='word_1_704' title='bbox 2238 3447 2426 3504; x_wconf 87' lang='lat' dir='ltr'><strong>audiri</strong></span> <span class='ocrx_word' id='word_1_705' title='bbox 2459 3465 2608 3542; x_wconf 84' lang='lat' dir='ltr'><strong>eam,</strong></span> <span class='ocrx_word' id='word_1_706' title='bbox 2644 3464 2771 3520; x_wconf 71' lang='lat' dir='ltr'><strong>quae</strong></span> <span class='ocrx_word' id='word_1_707' title='bbox 2828 3447 3004 3503; x_wconf 89' lang='lat' dir='ltr'><strong>etiam</strong></span> <span class='ocrx_word' id='word_1_708' title='bbox 3025 3447 3253 3542; x_wconf 40' lang='lat' dir='ltr'><strong>audi-ta</strong></span> <span class='ocrx_word' id='word_1_709' title='bbox 3299 3445 3452 3503; x_wconf 90' lang='lat' dir='ltr'><strong>nihil</strong></span> <span class='ocrx_word' id='word_1_710' title='bbox 3500 3438 3714 3538; x_wconf 71' lang='lat' dir='ltr'><strong>proiicit.</strong></span> <span class='ocrx_word' id='word_1_711' title='bbox 3736 3433 3807 3542; x_wconf 47' lang='lat' dir='ltr'><strong>Dt:</strong></span> 
     </span>
    </p>
   </div>
   <div class='ocr_carea' id='block_1_98' title="bbox 2239 3522 3814 3608">
    <p class='ocr_par' dir='ltr' id='par_1_98' title="bbox 2239 3522 3814 3608">
     <span class='ocr_line' id='line_1_99' title="bbox 2239 3522 3814 3608; baseline -0.008 -18"><span class='ocrx_word' id='word_1_712' title='bbox 2239 3537 2373 3592; x_wconf 92' lang='lat' dir='ltr'><strong>inde</strong></span> <span class='ocrx_word' id='word_1_713' title='bbox 2403 3553 2518 3591; x_wconf 90' lang='lat' dir='ltr'><strong>non</strong></span> <span class='ocrx_word' id='word_1_714' title='bbox 2549 3535 2678 3608; x_wconf 90' lang='lat' dir='ltr'><strong>ipsa</strong></span> <span class='ocrx_word' id='word_1_715' title='bbox 2705 3553 2806 3592; x_wconf 90' lang='lat' dir='ltr'><strong>vos</strong></span> <span class='ocrx_word' id='word_1_716' title='bbox 2833 3535 3074 3608; x_wconf 89' lang='lat' dir='ltr'><strong>pudoris</strong></span> <span class='ocrx_word' id='word_1_717' title='bbox 3103 3535 3240 3592; x_wconf 89' lang='lat' dir='ltr'><strong>aula</strong></span> <span class='ocrx_word' id='word_1_718' title='bbox 3277 3537 3577 3601; x_wconf 89' lang='lat' dir='ltr'><strong>admonet,</strong></span> <span class='ocrx_word' id='word_1_719' title='bbox 3623 3527 3706 3602; x_wconf 86' lang='lat' dir='ltr'><strong>qui</strong></span> <span class='ocrx_word' id='word_1_720' title='bbox 3728 3522 3814 3578; x_wconf 66' lang='lat' dir='ltr'><strong>avii-</strong></span> 
     </span>
    </p>
   </div>
   <div class='ocr_carea' id='block_1_99' title="bbox 2237 3621 3810 3698">
    <p class='ocr_par' dir='ltr' id='par_1_99' title="bbox 2237 3621 3810 3698">
     <span class='ocr_line' id='line_1_100' title="bbox 2237 3621 3810 3698; baseline -0.008 -18"><span class='ocrx_word' id='word_1_721' title='bbox 2237 3625 2465 3681; x_wconf 80' lang='lat' dir='ltr'><strong>ticando</strong></span> <span class='ocrx_word' id='word_1_722' title='bbox 2496 3628 2718 3681; x_wconf 86' lang='lat' dir='ltr'><strong>vestras</strong></span> <span class='ocrx_word' id='word_1_723' title='bbox 2746 3623 2924 3681; x_wconf 89' lang='lat' dir='ltr'><strong>vultis</strong></span> <span class='ocrx_word' id='word_1_724' title='bbox 2955 3641 3232 3698; x_wconf 89' lang='lat' dir='ltr'><strong>superare</strong></span> <span class='ocrx_word' id='word_1_725' title='bbox 3264 3625 3525 3688; x_wconf 88' lang='lat' dir='ltr'><strong>divitias,</strong></span> <span class='ocrx_word' id='word_1_726' title='bbox 3555 3635 3649 3676; x_wconf 82' lang='lat' dir='ltr'><strong>nec</strong></span> <span class='ocrx_word' id='word_1_727' title='bbox 3673 3621 3810 3670; x_wconf 78' lang='lat' dir='ltr'><strong>tamen</strong></span> 
     </span>
    </p>
   </div>
   <div class='ocr_carea' id='block_1_100' title="bbox 2235 3703 3816 3782">
    <p class='ocr_par' dir='ltr' id='par_1_100' title="bbox 2235 3703 3816 3782">
     <span class='ocr_line' id='line_1_101' title="bbox 2235 3703 3816 3782; baseline -0.004 -14"><span class='ocrx_word' id='word_1_728' title='bbox 2235 3714 2488 3770; x_wconf 89' lang='lat' dir='ltr'><strong>vincitis.</strong></span> <span class='ocrx_word' id='word_1_729' title='bbox 2539 3714 2796 3770; x_wconf 86' lang='lat' dir='ltr'><strong>Parietes</strong></span> <span class='ocrx_word' id='word_1_730' title='bbox 2845 3714 3090 3782; x_wconf 88' lang='lat' dir='ltr'><strong>vestitis,</strong></span> <span class='ocrx_word' id='word_1_731' title='bbox 3142 3715 3392 3771; x_wconf 89' lang='lat' dir='ltr'><strong>nudatis</strong></span> <span class='ocrx_word' id='word_1_732' title='bbox 3441 3709 3690 3769; x_wconf 88' lang='lat' dir='ltr'><strong>homines</strong></span> <span class='ocrx_word' id='word_1_733' title='bbox 3728 3703 3816 3771; x_wconf 80' lang='lat'><strong>(‘27-</strong></span> 
     </span>
    </p>
   </div>
   <div class='ocr_carea' id='block_1_101' title="bbox 2237 3787 3839 3874">
    <p class='ocr_par' dir='ltr' id='par_1_101' title="bbox 2237 3787 3839 3874">
     <span class='ocr_line' id='line_1_102' title="bbox 2237 3787 3839 3874; baseline -0.012 -15"><span class='ocrx_word' id='word_1_734' title='bbox 2237 3804 2465 3859; x_wconf 87' lang='lat' dir='ltr'><strong>Clamat</strong></span> <span class='ocrx_word' id='word_1_735' title='bbox 2494 3806 2626 3859; x_wconf 89' lang='lat' dir='ltr'><strong>ante</strong></span> <span class='ocrx_word' id='word_1_736' title='bbox 2657 3803 2894 3859; x_wconf 88' lang='lat' dir='ltr'><strong>domum</strong></span> <span class='ocrx_word' id='word_1_737' title='bbox 2923 3808 3085 3858; x_wconf 91' lang='lat' dir='ltr'><strong>tuam</strong></span> <span class='ocrx_word' id='word_1_738' title='bbox 3119 3803 3343 3871; x_wconf 84' lang='lat' dir='ltr'><strong>nudus,</strong></span> <span class='ocrx_word' id='word_1_739' title='bbox 3378 3807 3437 3860; x_wconf 87' lang='lat' dir='ltr'><strong>et</strong></span> <span class='ocrx_word' id='word_1_740' title='bbox 3469 3787 3839 3874; x_wconf 48' lang='lat' dir='ltr'><strong>negligiszcli-il</strong></span> 
     </span>
    </p>
   </div>
   <div class='ocr_carea' id='block_1_102' title="bbox 2237 3886 3842 3960">
    <p class='ocr_par' dir='ltr' id='par_1_102' title="bbox 2237 3886 3842 3960">
     <span class='ocr_line' id='line_1_103' title="bbox 2237 3886 3842 3960; baseline -0.005 -12"><span class='ocrx_word' id='word_1_741' title='bbox 2237 3896 2354 3948; x_wconf 87' lang='lat' dir='ltr'><strong>mat</strong></span> <span class='ocrx_word' id='word_1_742' title='bbox 2387 3892 2562 3947; x_wconf 86' lang='lat' dir='ltr'><strong>homo</strong></span> <span class='ocrx_word' id='word_1_743' title='bbox 2611 3891 2826 3958; x_wconf 86' lang='lat' dir='ltr'><strong>nudus,</strong></span> <span class='ocrx_word' id='word_1_744' title='bbox 2873 3894 2930 3947; x_wconf 93' lang='lat' dir='ltr'><strong>et</strong></span> <span class='ocrx_word' id='word_1_745' title='bbox 2961 3895 3023 3947; x_wconf 91' lang='lat' dir='ltr'><strong>tu</strong></span> <span class='ocrx_word' id='word_1_746' title='bbox 3067 3891 3364 3948; x_wconf 89' lang='lat' dir='ltr'><strong>sollicitus</strong></span> <span class='ocrx_word' id='word_1_747' title='bbox 3407 3907 3474 3946; x_wconf 90' lang='lat' dir='ltr'><strong>es</strong></span> <span class='ocrx_word' id='word_1_748' title='bbox 3503 3886 3700 3960; x_wconf 84' lang='lat' dir='ltr'><strong>quibus</strong></span> <span class='ocrx_word' id='word_1_749' title='bbox 3717 3887 3842 3940; x_wconf 80' lang='lat' dir='ltr'><strong>mar-l</strong></span> 
     </span>
    </p>
   </div>
   <div class='ocr_carea' id='block_1_103' title="bbox 2237 3975 3818 4052">
    <p class='ocr_par' dir='ltr' id='par_1_103' title="bbox 2237 3975 3818 4052">
     <span class='ocr_line' id='line_1_104' title="bbox 2237 3975 3818 4052; baseline -0.005 -16"><span class='ocrx_word' id='word_1_750' title='bbox 2237 3980 2500 4036; x_wconf 90' lang='lat' dir='ltr'><strong>moribus</strong></span> <span class='ocrx_word' id='word_1_751' title='bbox 2546 3980 2878 4052; x_wconf 88' lang='lat' dir='ltr'><strong>pavimenta</strong></span> <span class='ocrx_word' id='word_1_752' title='bbox 2923 3984 3025 4036; x_wconf 89' lang='lat' dir='ltr'><strong>tua</strong></span> <span class='ocrx_word' id='word_1_753' title='bbox 3052 3979 3291 4035; x_wconf 87' lang='lat' dir='ltr'><strong>vestias.</strong></span> <span class='ocrx_word' id='word_1_754' title='bbox 3324 3977 3638 4035; x_wconf 90' lang='lat' dir='ltr'><strong>Pecuniam</strong></span> <span class='ocrx_word' id='word_1_755' title='bbox 3667 3975 3818 4043; x_wconf 71' lang='grc' dir='ltr'><strong>ριυρετ</strong></span> 
     </span>
    </p>
   </div>
   <div class='ocr_carea' id='block_1_104' title="bbox 2237 4053 3820 4143">
    <p class='ocr_par' dir='ltr' id='par_1_104' title="bbox 2237 4053 3820 4143">
     <span class='ocr_line' id='line_1_105' title="bbox 2237 4053 3820 4143; baseline -0.004 -19"><span class='ocrx_word' id='word_1_756' title='bbox 2237 4071 2462 4143; x_wconf 58' lang='lat' dir='ltr'><strong>quaerit,</strong></span> <span class='ocrx_word' id='word_1_757' title='bbox 2497 4073 2554 4124; x_wconf 86' lang='lat' dir='ltr'><strong>et</strong></span> <span class='ocrx_word' id='word_1_758' title='bbox 2599 4086 2713 4124; x_wconf 92' lang='lat' dir='ltr'><strong>non</strong></span> <span class='ocrx_word' id='word_1_759' title='bbox 2767 4058 2976 4124; x_wconf 86' lang='lat' dir='ltr'><strong>habet:</strong></span> <span class='ocrx_word' id='word_1_760' title='bbox 3030 4085 3242 4141; x_wconf 87' lang='lat' dir='ltr'><strong>panem</strong></span> <span class='ocrx_word' id='word_1_761' title='bbox 3298 4066 3569 4142; x_wconf 85' lang='lat' dir='ltr'><strong>postulat</strong></span> <span class='ocrx_word' id='word_1_762' title='bbox 3610 4053 3820 4143; x_wconf 56' lang='lat' dir='ltr'><strong>home,ei</strong></span> 
     </span>
    </p>
   </div>
   <div class='ocr_carea' id='block_1_105' title="bbox 2237 4142 3816 4231">
    <p class='ocr_par' dir='ltr' id='par_1_105' title="bbox 2237 4142 3816 4231">
     <span class='ocr_line' id='line_1_106' title="bbox 2237 4142 3816 4231; baseline -0.006 -17"><span class='ocrx_word' id='word_1_763' title='bbox 2237 4142 2424 4231; x_wconf 77' lang='lat' dir='ltr'><strong>equus</strong></span> <span class='ocrx_word' id='word_1_764' title='bbox 2455 4164 2624 4212; x_wconf 88' lang='lat' dir='ltr'><strong>tuum</strong></span> <span class='ocrx_word' id='word_1_765' title='bbox 2659 4175 2866 4214; x_wconf 88' lang='lat' dir='ltr'><strong>aurum</strong></span> <span class='ocrx_word' id='word_1_766' title='bbox 2899 4158 3008 4214; x_wconf 89' lang='lat' dir='ltr'><strong>sub</strong></span> <span class='ocrx_word' id='word_1_767' title='bbox 3040 4157 3322 4214; x_wconf 88' lang='lat' dir='ltr'><strong>dentibus</strong></span> <span class='ocrx_word' id='word_1_768' title='bbox 3369 4155 3616 4212; x_wconf 88' lang='lat' dir='ltr'><strong>mandit.</strong></span> <span class='ocrx_word' id='word_1_769' title='bbox 3643 4147 3732 4206; x_wconf 82' lang='lat' dir='ltr'><strong>Sed</strong></span> <span class='ocrx_word' id='word_1_770' title='bbox 3755 4142 3816 4196; x_wconf 74' lang='grc' dir='ltr'><strong>ἀο-</strong></span> 
     </span>
    </p>
   </div>
   <div class='ocr_carea' id='block_1_106' title="bbox 2236 4233 3841 4327">
    <p class='ocr_par' dir='ltr' id='par_1_106' title="bbox 2236 4233 3841 4327">
     <span class='ocr_line' id='line_1_107' title="bbox 2236 4233 3841 4327; baseline -0.004 -25"><span class='ocrx_word' id='word_1_771' title='bbox 2236 4247 2449 4304; x_wconf 72' lang='lat' dir='ltr'><strong>lentant</strong></span> <span class='ocrx_word' id='word_1_772' title='bbox 2493 4251 2549 4302; x_wconf 91' lang='lat' dir='ltr'><strong>te</strong></span> <span class='ocrx_word' id='word_1_773' title='bbox 2599 4252 2944 4304; x_wconf 87' lang='lat' dir='ltr'><strong>ornamenta</strong></span> <span class='ocrx_word' id='word_1_774' title='bbox 2991 4247 3262 4320; x_wconf 84' lang='lat' dir='ltr'><strong>pretiosa,</strong></span> <span class='ocrx_word' id='word_1_775' title='bbox 3297 4263 3447 4302; x_wconf 88' lang='lat' dir='ltr'><strong>eum</strong></span> <span class='ocrx_word' id='word_1_776' title='bbox 3479 4243 3576 4301; x_wconf 88' lang='lat' dir='ltr'><strong>alii</strong></span> <span class='ocrx_word' id='word_1_777' title='bbox 3605 4233 3841 4327; x_wconf 31' lang='lat' dir='ltr'><strong>immittit</strong></span> 
     </span>
    </p>
   </div>
   <div class='ocr_carea' id='block_1_107' title="bbox 2238 4319 3820 4417">
    <p class='ocr_par' dir='ltr' id='par_1_107' title="bbox 2238 4319 3820 4417">
     <span class='ocr_line' id='line_1_108' title="bbox 2238 4319 3820 4417; baseline -0.009 -23"><span class='ocrx_word' id='word_1_778' title='bbox 2238 4355 2352 4394; x_wconf 90' lang='lat' dir='ltr'><strong>non</strong></span> <span class='ocrx_word' id='word_1_779' title='bbox 2383 4337 2654 4392; x_wconf 89' lang='lat' dir='ltr'><strong>habeant.</strong></span> <span class='ocrx_word' id='word_1_780' title='bbox 2691 4319 3006 4404; x_wconf 87' lang='lat' dir='ltr'><strong>Quantum,</strong></span> <span class='ocrx_word' id='word_1_781' title='bbox 3049 4353 3081 4392; x_wconf 91' lang='grc' dir='ltr'>ο</span> <span class='ocrx_word' id='word_1_782' title='bbox 3131 4336 3318 4403; x_wconf 81' lang='lat' dir='ltr'><strong>dives,</strong></span> <span class='ocrx_word' id='word_1_783' title='bbox 3371 4333 3570 4392; x_wconf 89' lang='lat' dir='ltr'><strong>sumis</strong></span> <span class='ocrx_word' id='word_1_784' title='bbox 3604 4327 3696 4417; x_wconf 86' lang='lat' dir='ltr'><strong>tibi</strong></span> <span class='ocrx_word' id='word_1_785' title='bbox 3713 4319 3820 4417; x_wconf 56' lang='lat' dir='ltr'><strong>judi&#39;</strong></span> 
     </span>
    </p>
   </div>
   <div class='ocr_carea' id='block_1_108' title="bbox 2236 4410 3841 4498">
    <p class='ocr_par' dir='ltr' id='par_1_108' title="bbox 2236 4410 3841 4498">
     <span class='ocr_line' id='line_1_109' title="bbox 2236 4410 3841 4498; baseline -0.01 -16"><span class='ocrx_word' id='word_1_786' title='bbox 2236 4426 2430 4483; x_wconf 88' lang='lat' dir='ltr'><strong>cium!</strong></span> <span class='ocrx_word' id='word_1_787' title='bbox 2483 4425 2742 4498; x_wconf 89' lang='lat' dir='ltr'><strong>Populus</strong></span> <span class='ocrx_word' id='word_1_788' title='bbox 2790 4425 2996 4496; x_wconf 85' lang='lat' dir='ltr'><strong>esurit,</strong></span> <span class='ocrx_word' id='word_1_789' title='bbox 3049 4429 3106 4480; x_wconf 89' lang='lat' dir='ltr'><strong>et</strong></span> <span class='ocrx_word' id='word_1_790' title='bbox 3145 4430 3208 4480; x_wconf 90' lang='lat' dir='ltr'><strong>tu</strong></span> <span class='ocrx_word' id='word_1_791' title='bbox 3252 4425 3479 4480; x_wconf 87' lang='lat' dir='ltr'><strong>horrea</strong></span> <span class='ocrx_word' id='word_1_792' title='bbox 3500 4427 3606 4479; x_wconf 84' lang='lat' dir='ltr'><strong>tua</strong></span> <span class='ocrx_word' id='word_1_793' title='bbox 3629 4410 3841 4498; x_wconf 41' lang='lat' dir='ltr'><strong>claudisil</strong></span> 
     </span>
    </p>
   </div>
   <div class='ocr_carea' id='block_1_109' title="bbox 2236 4497 3823 4588">
    <p class='ocr_par' dir='ltr' id='par_1_109' title="bbox 2236 4497 3823 4588">
     <span class='ocr_line' id='line_1_110' title="bbox 2236 4497 3823 4588; baseline -0.009 -15"><span class='ocrx_word' id='word_1_794' title='bbox 2236 4515 2488 4588; x_wconf 89' lang='lat' dir='ltr'><strong>populus</strong></span> <span class='ocrx_word' id='word_1_795' title='bbox 2519 4497 2800 4586; x_wconf 88' lang='lat' dir='ltr'><strong>deplorat,</strong></span> <span class='ocrx_word' id='word_1_796' title='bbox 2834 4519 2892 4570; x_wconf 92' lang='lat' dir='ltr'><strong>et</strong></span> <span class='ocrx_word' id='word_1_797' title='bbox 2925 4520 2983 4570; x_wconf 92' lang='lat' dir='ltr'><strong>tu</strong></span> <span class='ocrx_word' id='word_1_798' title='bbox 3017 4530 3318 4587; x_wconf 85' lang='lat' dir='ltr'><strong>gemmam</strong></span> <span class='ocrx_word' id='word_1_799' title='bbox 3351 4517 3522 4569; x_wconf 89' lang='lat' dir='ltr'><strong>tuam</strong></span> <span class='ocrx_word' id='word_1_800' title='bbox 3555 4519 3742 4565; x_wconf 81' lang='lat' dir='ltr'><strong>versas.</strong></span> <span class='ocrx_word' id='word_1_801' title='bbox 3767 4497 3823 4552; x_wconf 72' lang='grc' dir='ltr'><strong>Ιηο</strong></span> 
     </span>
    </p>
   </div>
   <div class='ocr_carea' id='block_1_110' title="bbox 2236 4595 3828 4676">
    <p class='ocr_par' dir='ltr' id='par_1_110' title="bbox 2236 4595 3828 4676">
     <span class='ocr_line' id='line_1_111' title="bbox 2236 4595 3828 4676; baseline -0.011 -16"><span class='ocrx_word' id='word_1_802' title='bbox 2236 4604 2390 4672; x_wconf 87' lang='lat' dir='ltr'><strong>felix,</strong></span> <span class='ocrx_word' id='word_1_803' title='bbox 2423 4605 2594 4675; x_wconf 82' lang='lat' dir='ltr'><strong>cujus</strong></span> <span class='ocrx_word' id='word_1_804' title='bbox 2639 4603 2700 4659; x_wconf 91' lang='lat' dir='ltr'><strong>in</strong></span> <span class='ocrx_word' id='word_1_805' title='bbox 2750 4607 3034 4676; x_wconf 91' lang='lat' dir='ltr'><strong>potestate</strong></span> <span class='ocrx_word' id='word_1_806' title='bbox 3083 4607 3174 4660; x_wconf 87' lang='lat' dir='ltr'><strong>est</strong></span> <span class='ocrx_word' id='word_1_807' title='bbox 3210 4605 3529 4660; x_wconf 86' lang='lat' dir='ltr'><strong>tantorum</strong></span> <span class='ocrx_word' id='word_1_808' title='bbox 3580 4595 3771 4654; x_wconf 81' lang='lat' dir='ltr'><strong>animas</strong></span> <span class='ocrx_word' id='word_1_809' title='bbox 3807 4596 3828 4632; x_wconf 65' lang='grc' dir='ltr'><strong>ι</strong></span> 
     </span>
    </p>
   </div>
   <div class='ocr_carea' id='block_1_111' title="bbox 2236 4680 3826 4761">
    <p class='ocr_par' dir='ltr' id='par_1_111' title="bbox 2236 4680 3826 4761">
     <span class='ocr_line' id='line_1_112' title="bbox 2236 4680 3826 4761; baseline -0.006 -13"><span class='ocrx_word' id='word_1_810' title='bbox 2236 4698 2422 4750; x_wconf 90' lang='lat' dir='ltr'><strong>morte</strong></span> <span class='ocrx_word' id='word_1_811' title='bbox 2451 4692 2780 4761; x_wconf 84' lang='lat' dir='ltr'><strong>defendere,</strong></span> <span class='ocrx_word' id='word_1_812' title='bbox 2817 4696 2873 4747; x_wconf 91' lang='lat' dir='ltr'><strong>et</strong></span> <span class='ocrx_word' id='word_1_813' title='bbox 2903 4709 3019 4748; x_wconf 91' lang='lat' dir='ltr'><strong>non</strong></span> <span class='ocrx_word' id='word_1_814' title='bbox 3051 4695 3142 4749; x_wconf 89' lang='lat' dir='ltr'><strong>est</strong></span> <span class='ocrx_word' id='word_1_815' title='bbox 3166 4687 3680 4748; x_wconf 86' lang='lat' dir='ltr'><strong>voluntas.Totius</strong></span> <span class='ocrx_word' id='word_1_816' title='bbox 3702 4680 3826 4734; x_wconf 65' lang='lat' dir='ltr'><strong>vitam</strong></span> 
     </span>
    </p>
   </div>
   <div class='ocr_carea' id='block_1_112' title="bbox 2233 4771 3732 4855">
    <p class='ocr_par' dir='ltr' id='par_1_112' title="bbox 2233 4771 3732 4855">
     <span class='ocr_line' id='line_1_113' title="bbox 2233 4771 3732 4855; baseline -0.006 -16"><span class='ocrx_word' id='word_1_817' title='bbox 2233 4781 2432 4854; x_wconf 89' lang='lat' dir='ltr'><strong>populi</strong></span> <span class='ocrx_word' id='word_1_818' title='bbox 2465 4785 2692 4854; x_wconf 90' lang='lat' dir='ltr'><strong>poterat</strong></span> <span class='ocrx_word' id='word_1_819' title='bbox 2722 4779 2946 4837; x_wconf 88' lang='lat' dir='ltr'><strong>annulli</strong></span> <span class='ocrx_word' id='word_1_820' title='bbox 2976 4781 3060 4836; x_wconf 92' lang='lat' dir='ltr'><strong>tui</strong></span> <span class='ocrx_word' id='word_1_821' title='bbox 3081 4795 3320 4855; x_wconf 86' lang='lat' dir='ltr'><strong>gemma</strong></span> <span class='ocrx_word' id='word_1_822' title='bbox 3351 4793 3590 4836; x_wconf 87' lang='lat' dir='ltr'><strong>servare</strong></span> <span class='ocrx_word' id='word_1_823' title='bbox 3617 4771 3732 4848; x_wconf 75' lang='grc'><strong>(28).</strong></span> 
     </span>
    </p>
   </div>
   <div class='ocr_carea' id='block_1_113' title="bbox 2301 4842 3842 4942">
    <p class='ocr_par' dir='ltr' id='par_1_113' title="bbox 2301 4842 3842 4942">
     <span class='ocr_line' id='line_1_114' title="bbox 2301 4842 3842 4942; baseline 0 -14"><span class='ocrx_word' id='word_1_824' title='bbox 2301 4842 2390 4928; x_wconf 62' lang='grc' dir='ltr'><strong>ἐΊ.</strong></span> <span class='ocrx_word' id='word_1_825' title='bbox 2441 4842 2588 4926; x_wconf 74' lang='grc' dir='ltr'><strong>Ᾱιιάί</strong></span> <span class='ocrx_word' id='word_1_826' title='bbox 2633 4869 2806 4942; x_wconf 89' lang='lat' dir='ltr'><strong>plane</strong></span> <span class='ocrx_word' id='word_1_827' title='bbox 2855 4869 3048 4942; x_wconf 87' lang='lat' dir='ltr'><strong>qualis</strong></span> <span class='ocrx_word' id='word_1_828' title='bbox 3081 4842 3343 4926; x_wconf 56' lang='lat' dir='ltr'><strong>divitem</strong></span> <span class='ocrx_word' id='word_1_829' title='bbox 3393 4869 3603 4924; x_wconf 84' lang='lat' dir='ltr'><strong>deceat</strong></span> <span class='ocrx_word' id='word_1_830' title='bbox 3625 4842 3842 4936; x_wconf 57' lang='lat' dir='ltr'><strong>prédiﬂ‘i</strong></span> 
     </span>
    </p>
   </div>
   <div class='ocr_carea' id='block_1_114' title="bbox 2231 4955 3842 5054">
    <p class='ocr_par' dir='ltr' id='par_1_114' title="bbox 2231 4955 3842 5054">
     <span class='ocr_line' id='line_1_115' title="bbox 2231 4955 3842 5054; baseline -0.001 -38"><span class='ocrx_word' id='word_1_831' title='bbox 2231 4961 2310 5054; x_wconf 86' lang='lat' dir='ltr'><strong>tio</strong></span> <span class='ocrx_word' id='word_1_832' title='bbox 2337 4976 2370 5054; x_wconf 63' lang='lat'><strong>:_</strong></span> <span class='ocrx_word' id='word_1_833' title='bbox 2407 4983 2427 5008; x_wconf 78' lang='grc' dir='ltr'>α</span> <span class='ocrx_word' id='word_1_834' title='bbox 2463 4959 2748 5054; x_wconf 78' lang='lat' dir='ltr'><strong>Liberavi,</strong></span> <span class='ocrx_word' id='word_1_835' title='bbox 2799 4959 3020 5054; x_wconf 66' lang='lat' dir='ltr'><strong>inquit,</strong></span> <span class='ocrx_word' id='word_1_836' title='bbox 3061 4974 3390 5054; x_wconf 80' lang='lat' dir='ltr'><strong>pauperem</strong></span> <span class='ocrx_word' id='word_1_837' title='bbox 3439 4957 3514 5054; x_wconf 66' lang='lat' dir='ltr'><strong>de</strong></span> <span class='ocrx_word' id='word_1_838' title='bbox 3543 4955 3842 5054; x_wconf 29' lang='lat' dir='ltr'><strong>-mnnuut’f‘</strong></span> 
     </span>
    </p>
   </div>
   <div class='ocr_carea' id='block_1_115' title="bbox 2229 5037 3841 5120">
    <p class='ocr_par' dir='ltr' id='par_1_115' title="bbox 2229 5037 3841 5120">
     <span class='ocr_line' id='line_1_116' title="bbox 2229 5037 3841 5120; baseline -0.009 -16"><span class='ocrx_word' id='word_1_839' title='bbox 2229 5048 2428 5115; x_wconf 89' lang='lat' dir='ltr'><strong>tentis,</strong></span> <span class='ocrx_word' id='word_1_840' title='bbox 2461 5051 2518 5103; x_wconf 91' lang='lat' dir='ltr'><strong>et</strong></span> <span class='ocrx_word' id='word_1_841' title='bbox 2547 5047 2878 5120; x_wconf 88' lang='lat' dir='ltr'><strong>orphanum</strong></span> <span class='ocrx_word' id='word_1_842' title='bbox 2929 5047 3020 5102; x_wconf 90' lang='lat' dir='ltr'><strong>cui</strong></span> <span class='ocrx_word' id='word_1_843' title='bbox 3048 5063 3163 5102; x_wconf 90' lang='lat' dir='ltr'><strong>non</strong></span> <span class='ocrx_word' id='word_1_844' title='bbox 3197 5050 3328 5102; x_wconf 87' lang='lat' dir='ltr'><strong>erat</strong></span> <span class='ocrx_word' id='word_1_845' title='bbox 3383 5046 3644 5117; x_wconf 87' lang='lat' dir='ltr'><strong>adjutor,</strong></span> <span class='ocrx_word' id='word_1_846' title='bbox 3673 5037 3841 5115; x_wconf 43' lang='lat' dir='ltr'><strong>adiuv-1</strong></span> 
     </span>
    </p>
   </div>
   <div class='ocr_carea' id='block_1_116' title="bbox 2231 5161 3841 5235">
    <p class='ocr_par' dir='ltr' id='par_1_116' title="bbox 2231 5161 3841 5235">
     <span class='ocr_line' id='line_1_117' title="bbox 2231 5161 3841 5235; baseline -0.004 -18"><span class='ocrx_word' id='word_1_847' title='bbox 2231 5163 2492 5235; x_wconf 79' lang='lat' dir='ltr'><strong>quinque</strong></span> <span class='ocrx_word' id='word_1_848' title='bbox 2524 5161 2938 5235; x_wconf 82' lang='lat' dir='ltr'><strong>probatissimi,</strong></span> <span class='ocrx_word' id='word_1_849' title='bbox 2972 5164 3158 5218; x_wconf 83' lang='lat' dir='ltr'><strong>Nonne</strong></span> <span class='ocrx_word' id='word_1_850' title='bbox 3186 5163 3336 5235; x_wconf 71' lang='lat' dir='ltr'><strong>sicut</strong></span> <span class='ocrx_word' id='word_1_851' title='bbox 3357 5177 3486 5232; x_wconf 79' lang='lat' dir='ltr'><strong>ego,</strong></span> <span class='ocrx_word' id='word_1_852' title='bbox 3514 5163 3622 5214; x_wconf 89' lang='lat' dir='ltr'><strong>etc.</strong></span> 
     </span>
    </p>
   </div>
   <div class='ocr_carea' id='block_1_117' title="bbox 2301 5225 3841 5304">
    <p class='ocr_par' dir='ltr' id='par_1_117' title="bbox 2301 5225 3841 5304">
     <span class='ocr_line' id='line_1_118' title="bbox 2301 5225 3841 5304; baseline -0.002 -16"><span class='ocrx_word' id='word_1_853' title='bbox 2301 5225 2416 5302; x_wconf 78' lang='grc'>(26)</span> <span class='ocrx_word' id='word_1_854' title='bbox 2467 5225 2634 5288; x_wconf 67' lang='lat' dir='ltr'><strong>Rom.</strong></span> <span class='ocrx_word' id='word_1_855' title='bbox 2683 5233 2846 5298; x_wconf 88' lang='lat' dir='ltr'><strong>edit..,</strong></span> <span class='ocrx_word' id='word_1_856' title='bbox 2897 5225 3140 5290; x_wconf 67' lang='lat' dir='ltr'><strong>homines</strong></span> <span class='ocrx_word' id='word_1_857' title='bbox 3187 5225 3601 5304; x_wconf 65' lang='lat' dir='ltr'><strong>depinjuntur.</strong></span> <span class='ocrx_word' id='word_1_858' title='bbox 3643 5225 3758 5304; x_wconf 68' lang='grc' dir='ltr'><strong>ᾼῘὶε</strong></span> <span class='ocrx_word' id='word_1_859' title='bbox 3791 5229 3841 5304; x_wconf 41' lang='lat' dir='ltr'><strong>af,</strong></span> 
     </span>
    </p>
   </div>
   <div class='ocr_carea' id='block_1_118' title="bbox 2230 5282 3841 5378">
    <p class='ocr_par' dir='ltr' id='par_1_118' title="bbox 2230 5282 3841 5378">
     <span class='ocr_line' id='line_1_119' title="bbox 2230 5282 3841 5378; baseline 0 -21"><span class='ocrx_word' id='word_1_860' title='bbox 2230 5282 2374 5378; x_wconf 73' lang='lat' dir='ltr'><strong>mss.</strong></span> <span class='ocrx_word' id='word_1_861' title='bbox 2396 5282 2634 5371; x_wconf 40' lang='lat' dir='ltr'><strong>(omnes,</strong></span> <span class='ocrx_word' id='word_1_862' title='bbox 2667 5282 2911 5378; x_wconf 70' lang='lat' dir='ltr'><strong>homines</strong></span> <span class='ocrx_word' id='word_1_863' title='bbox 2939 5282 3278 5378; x_wconf 61' lang='lat' dir='ltr'><strong>pnninnlm‘.r</strong></span> <span class='ocrx_word' id='word_1_864' title='bbox 3325 5282 3504 5368; x_wconf 42' lang='lat' dir='ltr'><strong>Qyuod</strong></span> <span class='ocrx_word' id='word_1_865' title='bbox 3556 5282 3830 5378; x_wconf 47' lang='lat' dir='ltr'><strong>verbuﬂlt‘f&#39;</strong></span> 
     </span>
    </p>
   </div>
   <div class='ocr_carea' id='block_1_119' title="bbox 2228 5365 3834 5448">
    <p class='ocr_par' dir='ltr' id='par_1_119' title="bbox 2228 5365 3834 5448">
     <span class='ocr_line' id='line_1_120' title="bbox 2228 5365 3834 5448; baseline -0.01 -18"><span class='ocrx_word' id='word_1_866' title='bbox 2228 5375 2330 5432; x_wconf 86' lang='lat' dir='ltr'><strong>illa</strong></span> <span class='ocrx_word' id='word_1_867' title='bbox 2352 5365 2953 5448; x_wconf 45' lang='lat' dir='ltr'><strong>spectare&#39;credimus:</strong></span> <span class='ocrx_word' id='word_1_868' title='bbox 2989 5379 3094 5432; x_wconf 87' lang='lat' dir='ltr'><strong>Per</strong></span> <span class='ocrx_word' id='word_1_869' title='bbox 3123 5365 3584 5446; x_wconf 33' lang='lat' dir='ltr'><strong>egentes&#39;aurum</strong></span> <span class='ocrx_word' id='word_1_870' title='bbox 3603 5365 3834 5444; x_wconf 67' lang='lat' dir='ltr'><strong>quzrriiur.</strong></span> 
     </span>
    </p>
   </div>
   <div class='ocr_carea' id='block_1_120' title="bbox 2229 5453 2338 5504">
    <p class='ocr_par' dir='ltr' id='par_1_120' title="bbox 2229 5453 2338 5504">
     <span class='ocr_line' id='line_1_121' title="bbox 2229 5453 2338 5504; baseline -0.009 0"><span class='ocrx_word' id='word_1_871' title='bbox 2229 5453 2338 5504; x_wconf 89' lang='lat' dir='ltr'><strong>etc.</strong></span> 
     </span>
    </p>
   </div>
   <div class='ocr_carea' id='block_1_121' title="bbox 2300 5512 3836 5592">
    <p class='ocr_par' dir='ltr' id='par_1_121' title="bbox 2300 5512 3836 5592">
     <span class='ocr_line' id='line_1_122' title="bbox 2300 5512 3836 5592; baseline -0.015 -17"><span class='ocrx_word' id='word_1_872' title='bbox 2300 5517 2568 5592; x_wconf 75' lang='lat' dir='ltr'><strong>(27)_Vet.</strong></span> <span class='ocrx_word' id='word_1_873' title='bbox 2601 5517 2738 5574; x_wconf 88' lang='lat' dir='ltr'><strong>edit.</strong></span> <span class='ocrx_word' id='word_1_874' title='bbox 2775 5521 3016 5592; x_wconf 79' lang='lat' dir='ltr'><strong>Parietes</strong></span> <span class='ocrx_word' id='word_1_875' title='bbox 3045 5519 3252 5592; x_wconf 66' lang='lat' dir='ltr'><strong>vestitis</strong></span> <span class='ocrx_word' id='word_1_876' title='bbox 3315 5534 3493 5589; x_wconf 85' lang='lat' dir='ltr'><strong>auro,</strong></span> <span class='ocrx_word' id='word_1_877' title='bbox 3525 5512 3746 5572; x_wconf 59' lang='lat' dir='ltr'><strong>homines</strong></span> <span class='ocrx_word' id='word_1_878' title='bbox 3763 5516 3836 5592; x_wconf 65' lang='lat' dir='ltr'><strong>ru-</strong></span> 
     </span>
    </p>
   </div>
   <div class='ocr_carea' id='block_1_122' title="bbox 2227 5588 3836 5646">
    <p class='ocr_par' dir='ltr' id='par_1_122' title="bbox 2227 5588 3836 5646">
     <span class='ocr_line' id='line_1_123' title="bbox 2227 5588 3836 5646; baseline -0.005 -2"><span class='ocrx_word' id='word_1_879' title='bbox 2227 5588 2402 5646; x_wconf 36' lang='lat' dir='ltr'><strong>datzs.’</strong></span> <span class='ocrx_word' id='word_1_880' title='bbox 2423 5589 2592 5646; x_wconf 81' lang='lat' dir='ltr'><strong>Rom.</strong></span> <span class='ocrx_word' id='word_1_881' title='bbox 2626 5593 2767 5646; x_wconf 80' lang='lat' dir='ltr'><strong>veste</strong></span> <span class='ocrx_word' id='word_1_882' title='bbox 2793 5590 3037 5646; x_wconf 77' lang='lat' dir='ltr'><strong>nudatis.</strong></span> <span class='ocrx_word' id='word_1_883' title='bbox 3071 5590 3182 5646; x_wconf 87' lang='lat' dir='ltr'><strong>Sed</strong></span> <span class='ocrx_word' id='word_1_884' title='bbox 3203 5588 3259 5644; x_wconf 91' lang='lat' dir='ltr'><strong>in</strong></span> <span class='ocrx_word' id='word_1_885' title='bbox 3298 5588 3662 5646; x_wconf 34' lang='lat' dir='ltr'><strong>mss.&#39;voces</strong></span> <span class='ocrx_word' id='word_1_886' title='bbox 3687 5590 3836 5637; x_wconf 68' lang='grc' dir='ltr'><strong>πυγον-</strong></span> 
     </span>
    </p>
   </div>
   <div class='ocr_carea' id='block_1_123' title="bbox 2229 5661 3816 5736">
    <p class='ocr_par' dir='ltr' id='par_1_123' title="bbox 2229 5661 3816 5736">
     <span class='ocr_line' id='line_1_124' title="bbox 2229 5661 3816 5736; baseline 0.016 -26"><span class='ocrx_word' id='word_1_887' title='bbox 2229 5661 2840 5736; x_wconf 64' lang='lat' dir='ltr'><strong>vrsIe,desiderantur.</strong></span> <span class='ocrx_word' id='word_1_888' title='bbox 2923 5733 2931 5736; x_wconf 16' lang='grc' dir='ltr'><strong>Α</strong></span> <span class='ocrx_word' id='word_1_889' title='bbox 3158 5732 3189 5736; x_wconf 76' lang='lat'><strong>__</strong></span> <span class='ocrx_word' id='word_1_890' title='bbox 3290 5735 3293 5736; x_wconf 19' lang='grc' dir='ltr'><em>ν</em></span> <span class='ocrx_word' id='word_1_891' title='bbox 3422 5734 3458 5736; x_wconf 77' lang='lat'><strong>__</strong></span> <span class='ocrx_word' id='word_1_892' title='bbox 3529 5734 3537 5736; x_wconf 22' lang='grc' dir='ltr'><em>Α</em></span> <span class='ocrx_word' id='word_1_893' title='bbox 3682 5727 3708 5736; x_wconf 86' lang='grc'><strong>.,</strong></span> 
     </span>
    </p>
   </div>
   <div class='ocr_carea' id='block_1_124' title="bbox 2300 5728 3834 5803">
    <p class='ocr_par' dir='ltr' id='par_1_124' title="bbox 2300 5728 3834 5803">
     <span class='ocr_line' id='line_1_125' title="bbox 2300 5728 3834 5803; baseline -0.012 -16"><span class='ocrx_word' id='word_1_894' title='bbox 2300 5736 2412 5803; x_wconf 58' lang='lat' dir='ltr'><strong>i225)</strong></span> <span class='ocrx_word' id='word_1_895' title='bbox 2446 5733 2585 5787; x_wconf 75' lang='lat' dir='ltr'><strong>Mss.</strong></span> <span class='ocrx_word' id='word_1_896' title='bbox 2619 5733 2849 5790; x_wconf 82' lang='lat' dir='ltr'><strong>Thuan.</strong></span> <span class='ocrx_word' id='word_1_897' title='bbox 2882 5733 3030 5790; x_wconf 88' lang='lat' dir='ltr'><strong>alter</strong></span> <span class='ocrx_word' id='word_1_898' title='bbox 3059 5737 3114 5789; x_wconf 87' lang='lat' dir='ltr'><strong>et</strong></span> <span class='ocrx_word' id='word_1_899' title='bbox 3157 5732 3359 5800; x_wconf 87' lang='lat' dir='ltr'><strong>Pout.,</strong></span> <span class='ocrx_word' id='word_1_900' title='bbox 3418 5734 3602 5790; x_wconf 73' lang='grc' dir='ltr'><strong>Τοιίιιε</strong></span> <span class='ocrx_word' id='word_1_901' title='bbox 3642 5728 3740 5784; x_wconf 52' lang='lat' dir='ltr'><strong>{vita</strong></span> <span class='ocrx_word' id='word_1_902' title='bbox 3771 5729 3834 5788; x_wconf 58' lang='grc' dir='ltr'>με</span> 
     </span>
    </p>
   </div>
   <div class='ocr_carea' id='block_1_125' title="bbox 2225 5804 3481 5879">
    <p class='ocr_par' dir='ltr' id='par_1_125' title="bbox 2225 5804 3481 5879">
     <span class='ocr_line' id='line_1_126' title="bbox 2225 5804 3481 5879; baseline 0.003 -21"><span class='ocrx_word' id='word_1_903' title='bbox 2225 5804 2349 5879; x_wconf 80' lang='lat' dir='ltr'><strong>puli</strong></span> <span class='ocrx_word' id='word_1_904' title='bbox 2365 5807 2578 5878; x_wconf 82' lang='lat' dir='ltr'><strong>poterat</strong></span> <span class='ocrx_word' id='word_1_905' title='bbox 2609 5806 2790 5864; x_wconf 82' lang='lat' dir='ltr'><strong>animi</strong></span> <span class='ocrx_word' id='word_1_906' title='bbox 2816 5807 2907 5864; x_wconf 79' lang='lat' dir='ltr'><strong>tui</strong></span> <span class='ocrx_word' id='word_1_907' title='bbox 2928 5820 3197 5878; x_wconf 78' lang='lat' dir='ltr'><strong>gemmam</strong></span> <span class='ocrx_word' id='word_1_908' title='bbox 3221 5818 3481 5864; x_wconf 73' lang='lat' dir='ltr'><strong>servare.</strong></span> 
     </span>
    </p>
   </div>
  </div>
