3866 6212
110 374 231 442 788

1145 377 1378 445 LIBER
1421 381 1523 446 DE
1567 380 1943 449 NABUTHE
1983 382 2491 451 JEZRAELITA.

3396 373 3520 459 ’186

109 509 449 571 Benedictio
509 510 751 586 perituri
802 529 980 588 super
1034 530 1127 572 me
1173 517 1332 574 venit
1369 534 1383 572 :
1435 534 1500 575 os
1555 522 1753 576 autem
1782 519 1839 587 Α
1864 537 1979 587 XIX,
2009 521 2121 595 21).
2157 544 2186 573 ››
2216 521 2288 579 Et
2318 519 2437 579 noli
2464 518 2819 592 contristari,
2850 537 2985 580 cum
3013 519 3138 580 haec
3185 518 3386 589 audis;
3440 534 3517 579 ne

109 602 303 659 viduae
360 618 454 658 me
501 602 812 659 benedixit.
864 603 1161 661 Justitiam
1204 606 1506 673 induebar,
1558 608 1764 664 oculus

112 709 273 749 eram
327 708 635 757 czecorum,
682 709 785 765 pes
832 697 1026 750 autem
1080 694 1417 751 claudorum
1474 715 1485 751 :
1548 702 1603 751 ct
1658 715 1763 770 ego

112 798 275 839 eram
320 785 486 854 pater
528 780 893 837 inﬁrmorum
928 784 1038 853 (‘20)
1079 784 1213 855 (Job.
1264 801 1417 854 xxix,
1467 786 1679 857 12-16).
1733 809 1761 836 ››

111 871 183 927 Et
211 870 366 926 intra
398 888 411 925 :
444 893 473 920 «
504 874 655 926 Ante
685 871 835 927 fores
868 888 1030 928 meas
1058 890 1175 929 non
1213 873 1498 931 habitavit
1526 874 1758 948 hospes,

115 959 334 1014 ostium
371 963 565 1014 autem
598 975 794 1015 meum
843 960 1001 1015 omni
1042 962 1295 1017 venienti
1329 963 1534 1034 patuit.
1570 964 1629 1019 Si
1659 982 1758 1019 au-

110 1052 234 1103 tem
307 1052 363 1103 et
430 1049 658 1119 peccavi
708 1049 1070 1120 imprudens,
1123 1068 1238 1105 non
1288 1052 1468 1106 celavi
1526 1052 1757 1125 culpam

110 1153 329 1200 meam,
363 1153 549 1208 neque
580 1138 861 1193 reveritus
891 1155 1022 1194 sum
1056 1139 1495 1195 multitudinem
1527 1141 1711 1213 plebis
1744 1158 1758 1198 :

110 1230 178 1280 ut
208 1241 325 1280 non
358 1224 768 1280 annuntiarem
820 1227 1207 1297 prasentibus
1251 1227 1335 1283 eis
1387 1246 1399 1283 :
1453 1228 1502 1283 si
1551 1246 1761 1301 passus

108 1330 248 1368 sum
298 1313 599 1369 infirmum
647 1315 802 1369 exire
847 1316 1062 1371 ostium
1114 1334 1309 1371 meum
1361 1334 1610 1373 vacuum
1654 1335 1666 1372 :
1709 1319 1757 1374 si

106 1403 443 1458 cautionem
493 1419 723 1474 quoque
771 1403 821 1458 si
868 1421 1042 1475 quam
1075 1405 1252 1460 habui
1284 1406 1581 1471 debitoris,
1614 1407 1757 1462 scis-

107 1508 239 1547 sam
295 1492 423 1546 sine
468 1492 646 1546 debiti
700 1494 1135 1565 recuperatione
1165 1494 1389 1549 reddidi
1439 1495 1565 1551 sine
1596 1513 1759 1550 mora

107 1581 250 1649 (Job.
281 1597 433 1644 xxn,
465 1580 679 1649 32-34).
711 1603 740 1631 »
771 1581 916 1636 Nam
949 1583 1086 1653 quid
1132 1582 1231 1638 illa
1274 1583 1568 1656 replieem,
1602 1586 1756 1657 quod

105 1669 170 1724 in
201 1669 365 1724 omni
407 1669 639 1725 infirmo
689 1670 917 1726 ﬂevisse
967 1688 1028 1727 se
1078 1672 1239 1735 dixit.
1295 1673 1755 1745 etingemuisse,

106 1774 246 1813 cum
296 1757 517 1813 videret
561 1756 751 1813 virum
799 1759 857 1813 in
907 1759 1273 1827 necessitate,
1325 1778 1387 1816 se
1435 1765 1637 1817 autum
1696 1761 1754 1816 in

103 1846 325 1903 bonis?
354 1846 466 1901 Sed
495 1850 635 1901 tunc
665 1847 773 1901 sibi
807 1848 996 1920 magis
1044 1849 1225 1904 fuisse
1273 1849 1396 1905 dies
1439 1849 1752 1918 malorum,

104 1952 245 1991 cum
277 1951 342 1990 se
372 1935 579 1991 habere
605 1941 882 2002 cerneret,
924 1944 982 1993 et
1029 1937 1174 1993 alios
1225 1937 1506 2011 indigere.
1540 1938 1599 1994 Si
1645 1938 1753 1993 hoc

102 2021 207 2079 ille
239 2023 402 2089 dicit,
437 2023 536 2095 qui
570 2041 872 2095 nunquam
918 2027 1105 2082 viduae
1135 2026 1369 2081 oculum
1412 2026 1546 2082 fecit
1592 2027 1754 2082 tabc-

103 2129 291 2178 scere,
325 2112 423 2182 qui
456 2130 758 2184 nunquam
790 2131 999 2185 panem
1033 2131 1204 2170 suum
1239 2115 1399 2171 solus
1439 2116 1753 2171 manduca-

98 2201 208 2269 vit,
240 2206 300 2257 et
328 2218 440 2256 non
475 2201 736 2274 orphano
768 2204 1028 2271 tradidit,
1063 2220 1235 2275 quem
1265 2220 1298 2257 a
1319 2205 1626 2275 juventute
1647 2221 1755 2260 sua

100 2289 373 2357 nutrivit,
404 2288 567 2355 aluit,
600 2289 856 2345 instituit
885 2293 1145 2363 parentis
1182 2293 1423 2361 affectu;
1458 2292 1558 2364 qui
1598 2310 1753 2347 nun-

100 2394 287 2451 quam
334 2378 559 2432 nudum
610 2378 890 2450 despexit,
952 2381 1051 2453 qui
1108 2380 1449 2436 morientem
1503 2381 1751 2449 operuit,

98 2465 207 2539 qui
237 2464 549 2521 velleribus
580 2467 773 2522 ovium
805 2485 1046 2524 suarum
1077 2470 1445 2524 infirmorum
1494 2468 1756 2525 calefecit

94 2555 404 2619 humeros,
436 2571 552 2609 non
585 2557 876 2627 oppressit
901 2556 1212 2629 pupillum,
1257 2574 1561 2629 nunquam
1608 2557 1750 2612 divi-

98 2643 201 2699 tiis
251 2643 572 2699 delectatus
624 2650 713 2699 est
763 2662 1066 2717 nunquam
1113 2646 1441 2717 gratulatus
1474 2646 1625 2703 582
1666 2650 1754 2701 est

98 2732 269 2804 lapsu
322 2732 694 2787 inimicorum
744 2750 1017 2802 suorum;
1071 2734 1119 2790 si
1173 2735 1272 2805 qui
1323 2734 1458 2790 fecit
1500 2734 1641 2801 haec,
1682 2734 1754 2789 de

98 2821 356 2877 summis
389 2822 561 2892 cmpit
591 2838 757 2892 egere
787 2822 1091 2892 divitiis,si
1124 2822 1269 2877 nihil
1302 2840 1369 2879 ex
1401 2823 1751 2895 patrimonio

97 2914 285 2975 tanto,
318 2908 433 2963 nisi
464 2908 653 2964 solum
686 2913 939 2965 fructum
972 2911 1379 2966 misericordia:
1410 2911 1748 2983 reportavit:

100 2998 247 3070 quid
292 2998 364 3053 de
410 3003 466 3052 te
496 3000 760 3053 futurum
793 3004 900 3065 est,
936 3000 1037 3071 qui
1096 3007 1195 3055 tuo
1245 3001 1435 3055 nescis
1464 3000 1549 3054 uti
1580 2999 1753 3070 patri-

101 3087 435 3157 monio,qui
465 3087 522 3141 in
557 3088 809 3143 summis
840 3087 1059 3144 divitiis
1091 3088 1214 3144 dies
1245 3087 1501 3144 sustines
1533 3089 1753 3144 mendi-

95 3177 327 3244 citatis;
363 3174 498 3247 quia
529 3175 670 3230 nulli
703 3176 954 3248 largiris,
988 3176 1130 3231 nulli
1160 3176 1478 3232 subvenis?

716 3292 947 3348 CAPUT
987 3292 1126 3348 XIV.

97 3382 229 3450 Quo
249 3379 446 3435 divites
476 3380 545 3433 ad
574 3380 857 3435 emendant
904 3398 1039 3436 auro
1091 3382 1393 3436 libertatem
1425 3397 1489 3435 ac
1516 3380 1745 3434 salutem

172 3450 602 3524 inducal,varias
631 3453 869 3507 rationes
896 3455 1183 3523 proponit;
1215 3467 1339 3524 quze
1364 3466 1507 3507 verte
1534 3451 1747 3524 divitiae

170 3525 304 3588 sint,
336 3522 482 3577 docet
500 3539 520 3583 ,·
548 3539 651 3577 nec
676 3539 787 3578 non
815 3522 1013 3595 quibus
1041 3529 1184 3579 Deus
1214 3522 1535 3587 innotescat,
1571 3527 1622 3576 et
1652 3522 1748 3576 ubi

171 3595 318 3650 locus
343 3595 463 3665 ejus
491 3595 548 3648 in
573 3610 712 3665 pace
737 3595 852 3664 ﬁat,
885 3598 1077 3667 aperit.

170 3708 262 3763 58.
297 3708 504 3763 Custos
528 3724 664 3781 ergo
694 3725 757 3764 es
787 3713 1044 3775 tuarum,
1080 3726 1194 3764 non
1245 3709 1520 3764 dominus
1565 3706 1745 3763 facul-

93 3801 313 3862 tatum,
348 3794 449 3867 qui
498 3812 706 3851 aurum
754 3802 919 3852 terris
966 3796 1202 3863 infodis,
1237 3795 1504 3852 minister
1543 3795 1748 3865 utique

95 3888 252 3957 ejus,
289 3900 404 3939 non
465 3885 697 3940 arbiter.
732 3887 844 3942 Sed
893 3885 993 3941 ubi
1039 3885 1352 3940 thesaurus
1390 3888 1547 3951 tuus,
1581 3883 1660 3937 ibi
1692 3886 1749 3937 et

97 3991 203 4030 cor
245 3977 443 4028 tuum.
478 3974 624 4045 Ergo
670 3975 729 4029 in
779 3974 879 4030 illo
928 3991 1068 4029 auro
1121 3990 1220 4028 cor
1270 3978 1438 4029 tuum
1485 3970 1748 4027 infodisti

96 4067 291 4117 terrae.
324 4061 520 4117 Vende
542 4063 736 4134 potius
756 4079 986 4131 aurum,
1011 4067 1067 4118 et
1095 4078 1222 4117 eme
1252 4061 1498 4117 salutem
1521 4078 1534 4128 ;
1567 4059 1750 4114 vende

99 4150 384 4223 lapidem,
436 4154 493 4204 et
548 4166 675 4205 eme
721 4166 967 4223 regnum
1016 4150 1152 4216 Dei;
1193 4149 1375 4206 vende
1414 4164 1643 4221 agrum,
1696 4150 1751 4202 et

100 4239 329 4295 redime
387 4238 491 4293 tibi
544 4238 724 4294 vitam
773 4248 1067 4295 aeternam.
1119 4239 1269 4293 Vera
1339 4236 1545 4309 allego,
1615 4236 1752 4307 quia

99 4328 283 4383 verbo
313 4331 510 4381 astruo
549 4327 808 4382 veritatis
843 4344 857 4383 :
892 4328 951 4383 Si
995 4329 1081 4383 vis
1125 4328 1418 4399 perfectus
1466 4341 1615 4395 esse,
1664 4327 1751 4378 in-

102 4418 246 4488 quit,
279 4415 477 4470 omnia
515 4433 876 4488 quaecunque
923 4416 1103 4474 habes
1148 4416 1355 4482 vende;
1390 4419 1447 4470 et
1489 4415 1563 4470 da
1610 4430 1754 4486 pau-

102 4504 368 4577 peribus,
425 4508 481 4557 et
535 4504 777 4560 habebis
831 4505 1176 4560 thesaurum
1221 4504 1283 4559 in
1331 4503 1472 4559 caelo
1543 4502 1751 4571 (Matth.

1873 610 2101 666 dicatur
2130 616 2186 667 et
2214 610 2342 682 tibi,
2393 611 2546 668 sicut
2586 616 2644 668 et
2690 610 2776 668 illi
2833 609 3183 670 adolescenti
3230 610 3389 667 diviti
3424 611 3517 665 di-

1872 705 2028 754 ctum
2063 708 2148 755 est
2183 719 2194 755 :
2232 726 2257 751 ‹‹
2293 702 2475 765 Quam
2528 700 2765 759 difficile
2813 702 2911 774 qui
2964 701 3245 774 pecunias
3277 702 3516 766 habent,

1870 787 1930 841 in
1979 805 2225 861 regnum
2274 789 2373 845 Dei
2421 788 2731 845 intrabunt
2763 790 2969 861 (Marc,
2996 809 3051 845 x.
3083 790 3206 861 32)!
3258 811 3286 837 »
3331 788 3521 860 magis

1870 893 2004 932 cum
2035 877 2156 933 haec
2187 877 2665 951 legis,considera
2695 880 2835 951 quia
2864 879 2977 935 ista
3007 878 3113 934 tibi
3143 881 3335 950 potest
3359 893 3520 933 mors

1868 965 2106 1036 eripere,
2190 970 2447 1036 potestas
2530 967 2848 1039 superioris
2945 967 3165 1023 tollere.
3253 966 3517 1037 Denique

1869 1053 2009 1124 quia
2034 1055 2247 1126 peteris
2306 1071 2481 1126 parva
2525 1072 2627 1126 pro
2695 1056 2924 1128 magnis
2956 1056 3091 1127 (30),
3126 1056 3346 1111 caduca
3412 1069 3516 1127 pro

1868 1142 2118 1206 aeternis,
2152 1142 2458 1198 thesauros
2505 1144 2763 1215 pecuniae
2818 1161 2919 1214 pro
2969 1144 3262 1199 thesauris
3296 1143 3515 1214 gratiae.

1866 1231 1967 1285 Isti
2001 1235 2477 1302 corrumpuntur,
2511 1231 2589 1286 illi
2627 1236 2989 1304 permanent.

1936 1320 2023 1373 59.
2058 1319 2373 1375 Considera
2402 1321 2540 1392 quia
2570 1320 2677 1375 hos
2710 1338 2824 1377 non
2854 1320 3016 1377 solus
3058 1319 3347 1393 possides,
3380 1337 3513 1392 pos-

1866 1408 2015 1463 sidet
2040 1412 2232 1463 tecum
2264 1408 2441 1476 tinea,
2494 1410 2753 1481 possidet
2799 1427 3012 1482 aerugo,
3047 1426 3174 1480 quas
3221 1408 3517 1464 consumit

1865 1497 2195 1569 pecuniam.
2237 1497 2353 1553 Has
2400 1499 2502 1552 tibi
2554 1502 2852 1554 consortes
2885 1497 3127 1553 avaritia
3154 1497 3333 1552 dedit.
3367 1496 3516 1551 Vide

1866 1591 2062 1641 autem
2094 1602 2241 1657 quos
2274 1584 2377 1640 tibi
2428 1585 2526 1640 det
2573 1586 2762 1657 gratia
2807 1585 3097 1641 debitores
3131 1602 3144 1640 :
3185 1604 3205 1633 ι
3240 1583 3515 1656 Splendi-

1866 1674 2005 1730 dum
2040 1675 2094 1728 in
2129 1674 2377 1745 panibus
2426 1674 2772 1729 benedicent
2814 1674 2968 1730 labia
2989 1674 3310 1745 justorum,
3343 1676 3402 1728 et
3430 1676 3515 1727 te-

1864 1763 2205 1819 stimonium
2255 1763 2534 1819 bonitatis
2585 1761 2744 1818 illius
2792 1763 2889 1818 ﬁet
2934 1762 3308 1833 (Eccli.xxx1,
3340 1762 3450 1833 28).
3489 1782 3517 1810 »

1865 1853 2021 1908 Facit
2067 1852 2170 1906 tibi
2223 1852 2545 1907 debitorem
2592 1852 2821 1907 Patrem
2866 1851 3070 1919 Deum,
3107 1851 3207 1923 qui
3252 1866 3354 1923 pro
3388 1867 3518 1905 mu-

1866 1957 2000 1995 nere
2032 1957 2146 2012 quo
2177 1957 2397 2013 pauper
2426 1941 2666 2011 adjutus
2698 1944 2805 2005 est,
2854 1940 3021 1995 fenus
3051 1938 3314 2006 exsolvit,
3346 1938 3515 2011 quasi

1864 2028 1999 2085 boni
2049 2029 2279 2084 debitor
2326 2028 2652 2083 creditoris.
2704 2029 2859 2082 Facit
2914 2027 3021 2082 tibi
3077 2026 3397 2082 debitorem
3425 2028 3519 2082 Fi-

1862 2118 2009 2174 lium
2062 2117 2183 2183 Dei,
2239 2116 2339 2189 qui
2398 2117 2480 2172 ait
2531 2134 2607 2171 :«
2661 2116 2903 2186 Esurivi,
2957 2120 3013 2172 et
3067 2115 3315 2171 dedistis
3370 2114 3516 2171 mihi

1864 2206 2260 2261 manducare:
2296 2205 2471 2273 sitivi,
2500 2209 2559 2260 et
2605 2204 2851 2260 dedistis
2898 2203 3041 2260 mihi
3092 2204 3288 2260 bibere
3320 2221 3333 2258 :
3376 2204 3517 2260 hos-

1863 2311 1964 2367 pes
1994 2311 2175 2360 eram,
2207 2298 2263 2349 et
2310 2293 2627 2366 collegistis
2677 2311 2803 2364 me;
2855 2294 3072 2364 nudus,
3106 2297 3162 2349 et
3200 2292 3515 2365 operuistis

1864 2400 1955 2440 me
1986 2384 2191 2451 (Matth.
2224 2401 2353 2451 xxv,
2384 2384 2473 2451 35,
2499 2383 2645 2454 36).»
2680 2383 2842 2448 Quod
2873 2382 3030 2437 enim
3063 2381 3380 2452 unicuique
3411 2381 3517 2436 mi-

1863 2472 2156 2527 nimorum
2188 2470 2463 2526 collatum
2498 2470 2691 2536 fuerit,
2726 2469 2835 2525 sibi
2867 2469 3009 2524 dicit
3047 2486 3175 2525 esse
3215 2467 3512 2525 collatum.

1931 2560 2021 2614 60.
2056 2560 2275 2624 Nescis,
2310 2575 2341 2613 o
2372 2557 2568 2622 homo,
2603 2562 2826 2613 struere
2858 2557 3110 2613 divitias.
3144 2557 3204 2612 Si
3235 2556 3322 2611 vis
3354 2556 3515 2612 dives

1862 2664 2010 2713 esse,
2044 2653 2166 2703 esto
2197 2664 2418 2719 pauper
2471 2645 2703 2713 saeculo,
2737 2651 2801 2701 ut
2848 2646 2931 2701 sis
2975 2646 3134 2701 dives
3164 2645 3301 2700 Deo.
3344 2645 3516 2703 Dives

1862 2735 2018 2804 fidei,
2050 2735 2208 2790 dives
2239 2739 2321 2790 est
2355 2739 2465 2790 Deo
2500 2750 2514 2789 :
2549 2733 2708 2790 dives
2759 2732 3191 2799 misericordias,
3225 2732 3384 2789 dives
3426 2737 3517 2789 est

1860 2824 1978 2880 Deo
2014 2843 2026 2879 :
2059 2816 2218 2879 dives
2248 2822 2664 2895 simplicitatis,
2698 2822 2857 2879 dives
2896 2827 2985 2877 est
3017 2826 3128 2877 Deo
3163 2839 3175 2876 :
3209 2821 3370 2877 dives
3420 2839 3513 2877 sa-

1859 2912 2113 2984 pientiae,
2146 2913 2305 2967 dives
2362 2912 2635 2979 scientiae,
2690 2912 2898 2966 divites
2948 2911 3083 2966 Deo.
3135 2910 3285 2966 Sunt
3322 2910 3513 2982 quiin

1860 3006 2199 3073 paupertate
2252 3001 2570 3067 abundent,
2626 3007 2682 3056 et
2728 3001 2828 3073 qui
2879 3001 2937 3054 in
3003 2999 3221 3055 divitiis
3277 3004 3508 3072 egeant.

1858 3091 2172 3146 Abundaut
2228 3106 2532 3161 pauperes,
2581 3106 2830 3161 quorum
2880 3089 3168 3161 profunda
3194 3092 3510 3161 paupertas

1860 3178 2179 3234 abundavit
2209 3179 2267 3232 in
2301 3178 2519 3233 divitiis
2551 3176 2947 3249 simplicitatis
2978 3194 3099 3233 sua:
3132 3194 3145 3231 :
3180 3177 3386 3231 divites
3408 3193 3507 3231 au-

1777 3258 1819 3325 C
1856 3272 1973 3322 tem
2035 3272 2322 3339 eguerunt
2376 3271 2431 3321 et
2477 3266 2825 3322 esurierunt.
2878 3266 3077 3336 Neque
3124 3263 3278 3319 enim
3320 3263 3505 3320 otiose

1854 3354 2137 3425 scriptum
2170 3358 2258 3408 est
2292 3370 2304 3407 :
2340 3373 2366 3404 α
2388 3353 2645 3408 Divitum
2676 3368 2960 3424 pauperes
2992 3350 3283 3423 praepositi
3306 3355 3501 3419 erunt,

1854 3446 1911 3497 et
1969 3443 2185 3514 proprii
2246 3442 2395 3497 servi
2452 3442 2708 3497 dominis
2754 3441 3103 3496 fenerabunt
3132 3440 3315 3511 (Prov.
3363 3456 3501 3496 xvn.

1853 3532 1943 3602 2);
1978 3553 2005 3579 υ
2037 3532 2173 3602 quia
2203 3531 2412 3586 divites
2463 3535 2519 3585 et
2569 3530 2790 3585 domini
2834 3545 3196 3602 supervacua
3241 3532 3300 3585 et
3346 3527 3500 3585 mala

1855 3620 2166 3685 seminant,
2200 3636 2268 3675 ex
2314 3620 2530 3691 quibus
2581 3637 2695 3674 non
2745 3620 3000 3674 fructum
3048 3616 3348 3691 colligant,
3397 3616 3499 3673 sed

1856 3708 2055 3781 spinas
2100 3712 2342 3763 metant.
2376 3709 2444 3763 Et
2490 3708 2620 3763 ideo
2668 3707 3027 3780 pauperibus
3077 3706 3284 3776 divites
3331 3710 3504 3762 erunt

1857 3797 2095 3865 subditi,
2128 3801 2185 3852 et
2232 3796 2382 3852 583
2433 3797 2582 3852 servi
2631 3797 2887 3853 dominis
2937 3795 3227 3869 spiritalia
3277 3795 3501 3851 fenera-

1856 3886 2036 3952 bunt;
2069 3886 2562 3956 quemadmodum
2595 3885 2756 3941 dives
2788 3886 3029 3958 rogabat
3050 3888 3115 3940 ut
3143 3883 3254 3940 sibi
3284 3883 3506 3939 stillam

1858 3990 2022 4045 aqua:
2053 3990 2270 4044 pauper
2303 3974 2550 4029 Lazarus
2580 3974 2882 4029 feneraret.
2917 3974 3086 4028 Potes
3115 3976 3173 4028 et
3200 3976 3285 4037 tu,
3319 3972 3503 4038 dives,

1857 4061 2032 4117 istam
2064 4061 2305 4132 implere
2336 4062 2684 4117 sententiam
2721 4080 2732 4116 :
2767 4061 3012 4133 elargire
3037 4059 3278 4132 pauperi
3308 4061 3365 4114 et
3391 4058 3509 4114 Do-

1861 4149 2019 4205 mino
2051 4148 2353 4216 fenerasti;
2388 4149 2487 4220 qui
2510 4148 2665 4203 enim
2698 4149 2946 4222 largitur
2976 4147 3239 4220 pauperi,
3262 4145 3508 4203 Domino

1859 4240 2099 4295 fenerat.

1930 4329 2019 4382 61.
2055 4326 2301 4381 Pulchre
2330 4331 2524 4381 autem
2556 4330 2795 4381 sanctus
2831 4324 3004 4381 David
3030 4325 3089 4379 in
3112 4324 3340 4397 psalmo
3367 4341 3512 4379 Lxxv

1861 4416 2143 4488 hymnum
2203 4416 2316 4470 Deo
2374 4414 2686 4471 concinens
2733 4416 2805 4469 ad
2857 4414 3161 4486 Assyrium
3200 4413 3509 4485 scriptum,

1862 4506 1972 4561 hoc
1993 4505 2384 4572 est,adversus
2414 4503 2686 4574 nequitiae
2720 4501 3003 4575 spiritalis
3034 4502 3337 4576 Assyrium
3369 4502 3511 4574 (31),

178 4628 294 4697 (29)
326 4625 427 4681 Hic
460 4642 600 4682 mss.
634 4628 760 4701 cod.
794 4628 866 4684 ab
896 4628 1037 4701 edit.
1089 4629 1147 4683 in
1189 4627 1546 4701 quibusdam
1587 4626 1755 4701 dit‘f‘e-
1786 4623 1831 4686 D
1865 4629 2005 4699 Quid
2058 4630 2264 4701 appetis
2308 4645 2484 4701 parva
2539 4644 2635 4698 pro
2684 4628 2993 4701 _magm's...
3056 4626 3354 4701 thesauris.
3387 4642 3516 4701 gra-

102 4704 268 4762 runt,
290 4714 547 4772 quorum
579 4699 868 4772 praecipua
894 4700 1087 4755 visum
1117 4698 1528 4772 est'unaserie
1548 4699 1627 4772 ad
1662 4715 1758 4772 n07

102 4777 250 4827 tare.
290 4770 481 4823 Primo
527 4770 688 4838 edit.,
736 4770 892 4842 pater
941 4773 1328 4843 orphanorum.
1364 4770 1504 4825 Mss.
1538 4770 1656 4824 fere
1685 4770 1756 4823 ad

100 4857 336 4913 unum,
395 4850 555 4913 pater
621 4842 1011 4912 inﬁrmorum.’
1058 4842 1217 4909 LXX,
1263 4853 1426 4913 πατὴρ
1481 4849 1755 4913 ἀδυνάτων,

102 4910 599 4985 Secundo’edit"
657 4910 765 4969 non
814 4914 990 4969 celavi
1044 4915 1284 4985 culpam.
1336 4910 1474 4985 Mss.
1530 4912 1758 4977 Thuan,

104 4999 291 5052 unus,
334 4981 523 5056 et_a_l_ii
548 4985 771 5056 aliquot
801 4985 935 5040 boni
968 4985 1093 5053 sevi,
1126 4981 1305 5040 nonne
1333 4984 1477 5039 elavi
1521 4985 1757 5054 culpam.

105 5057 332 5128 Tamep
392 5052 527 5108 LXX
583 5052 804 5126 legunt,
840 5064 897 5114 Εἰ
948 5064 1058 5112 δὲ...
1117 5065 1307 5128 ἔκρυψα
1363 5066 1456 5122 τὴν
1516 5052 1761 5126 ἀμάρτέαιθ

108 5150 221 5199 μου.
281 5125 791 5199 Ροεῐνεωοηεόὶῐη
849 5125 1441 5199 σαυὶίοηωιίβιοφπε,
1494 5128 1545 5179 si
1601 5141 1765 5199 quam

106 5198 438 5252 debitoris...
491 5197 702 5253 reddidi
754 5200 873 5254 sine
918 5215 1093 5253 mora.
1125 5195 1263 5253 Mss.
1318 5195 1539 5254 sentem
1569 5195 1766 5251 melio-

108 5269 192 5324 ris
242 5269 441 5341 notte,
468 5267 528 5323 Si
569 5271 875 5341 cautionem
920 5285 1147 5341 quoque,
1175 5286 1343 5340 quam
1388 5267 1560 5322 habui
1594 5268 1763 5341 Adeb_i_-_

108 5342 249 5396 teris
280 5336 566 5410 (quidam,
599 5336 943 5410 debitori...)'
963 5336 1259 5395 reddidisse
1300 5339 1618 5395 memoravi.
1652 5336 1765 5391 Alii

104 5427 244 5483 vero
276 5409 337 5464 et
364 5409 503 5465 edit.
541 5412 728 5483 magis
776 5414 847 5468 ad
902 5409 1042 5467 LXX
1096 5412 1399 5477 accedunt,
1433 5410 1586 5481 apud
1620 5426 1766 5480 quos

106 5481 387 5564 [οεὶφυεν
427 5481 735 5564 super
794 5491 947 5564 6&2",
1016 5491 1199 5564 utsi
1263 5493 1332 5553 μὴ
1403 5490 1543 5554 ρήξας
1612 5487 1768 5547 αὐτὴν

104 5550 364 5607 ditamur,
390 5550 530 5598 οὐθὲν
553 5550 719 5600 λαϐὼν
750 5556 881 5618 παρά
908 5550 1283 5620 χρεωφειλέτουζ

179 5624 306 5706 (30)¹
349 5622 505 5707 ιὲἒίίἰῒΖέ
548 5640 613 5679 ac
659 5624 927 5707 nonnulli
976 5626 1625 5707 mss.,_poteris_'parpa
1669 5643 1769 5707 pro

109 5697 402 5767 magnis...
461 5696 730 5752 thesauris
781 5699 979 5769 gratiae
1042 5695 1291 5754 vendere.
1348 5695 1463 5751 Alii
1525 5695 1767 5769 aliquot,

1864 4697 1975 4757 tiae.
2022 4697 2139 4767 Isti,
2167 4706 2274 4755 etc.
2308 4697 2590 4771 'Denique
2647 4697 2842 4771 plures
2889 4703 2945 4754 et
2996 4698 3272 4772 potiores,
3332 4701 3397 4754 ut
3454 4697 3517 4752 in

1866 4778 2027 4829 textu
2038 4815 2050 4827 .

1938 4845 2055 4923 (3|).
2106 4843 2254 4923 Edit.
2307 4846 2455 4909 vet.,
2514 4842 2772 4897 adversus
2837 4843 3141 4923 nequitias.
3177 4839 3517 4923 spirituales,

1866 4908 2154 4995 {issi/riunt
2184 4915 2408 4995 inanem
2436 4928 2500 4995 ac
2528 4908 3098 4995 uacuu1n_priitﬁpe1n
3118 4908 3276 4995 istius
3296 4908 3515 4977 mundi,

1871 4988 1947 5040 ita
1964 4982 2135 5055 'ca:pit
2164 5002 2183 5043 .·
2214 4986 2378 5055 Notus
2423 4986 2480 5037 in
2528 4984 2714 5039 Iudaea
2751 4982 2914 5055 Deus,
2957 4982 3013 5055 in
3058 4982 3227 5037 Israel
3258 4995 3520 5055 magnum

1870 5049 2068 5112 nomen
2119 5056 2272 5125 ejus;
2313 5054 2410 5108 hoc
2447 5057 2543 5117 est,
2594 5071 2704 5110 non
2734 5054 3102 5125 indivitibus,
3132 5067 3243 5106 non
3274 5052 3333 5104 in.
3354 5049 3518 5125 nobi-

1872 5128 2032 5190 libus,
2093 5120 2176 5180 vel
2234 5128 2295 5178 in
2346 5126 2673 5195 potentibus,
2725 5124 2831 5195 sed,
2874 5125 2933 5177 in
2990 5124 3180 5177 anima
3234 5120 3525 5195 conﬁtente

1873 5200 2010 5259 Deo;
2032 5212 2142 5252 non
2173 5198 2230 5249 in
2259 5190 2620 5265 principibus,
2651 5198 2762 5250 etc.
2807 5194 2972 5249 Rom.
3009 5197 3231 5261 autem,
3263 5190 3523 5246 adversus

1872 5270 2147 5339 nequitias
2176 5266 2454 5337 spiritales
2475 5266 2749 5339 (Assyrius
2779 5268 2926 5339 enim
2957 5266 3179 5339 inanem
3208 5279 3272 5318 ac
3291 5278 3528 5339 vacuum

1872 5324 2179 5413 principem
2201 5324 2391 5413 'z'stius
2438 5324 2634 5413 niundi
2677 5337 2878 5413 sonat),
2906 5337 2985 5413 ita
3031 5336 3253 5413 coepit...
3275 5350 3436 5413 Δηοζι-
3458 5334 3524 5388 in

1874 5404 2170 5473 nobilibus,
2193 5408 2287 5463 sed
2316 5409 2373 5461 in
2404 5404 2880 5477 paznilen.tibus,el
2912 5409 2971 5462 in
2992 5404 3204 5471 anima,
3237 5410 3345 5461 etc.
3381 5404 3525 5477 Mss.

1878 5488 2134 5539 nostram
2172 5481 2228 5534 in
2262 5474 2566 5533 lectionem
2599 5478 2956 5548 conspirant,
2990 5477 3193 5549 paucis
3242 5474 3522 5549 exceptis,

1876 5554 1938 5609 in
2014 5556 2184 5608 uibus
2217 5569 2331 5607 non
2363 5551 2609 5605 obscure
2638 5545 2857 5621 aliquid
2887 5545 3279 5621 cOriuptionis
3308 5545 3417 5604 hoc
3444 5545 3527 5602 lo-

1880 5643 1944 5680 co
1969 5572 2449 5680 (deprehenditur.
3266 5652 3275 5659 .

1880 5643 1944 5681 CO
1975 5643 2449 5681 αθυωηρῐιαιιιιικ
3266 5652 3275 5659 -

2017 5622 2449 5697 eprehenditur.
