3866 6212
343 376 463 487 ιετ

1802 423 1872 490 S.
1916 421 2292 490 AMBROSII

3640 418 3752 487 788

342 558 579 617 inanem
609 575 677 617 ac
703 576 917 618 vanum
950 559 1269 634 principem
1299 558 1465 615 is‘iue
1505 560 1726 629 mundi,
1760 558 1841 615 ita
1869 578 1979 616 coe-
2009 559 2063 626 Α
2090 560 2283 617 lentiae
2308 558 2644 633 consOpitus
2671 557 2986 628 obdormit.
3019 557 3370 632 Hujusmodi
3404 556 3600 632 igitur
3644 557 3748 615 viri

342 650 428 722 pit
458 669 476 704 :
507 672 536 700 «
566 649 750 706 Notus
776 650 834 706 in
863 650 1065 707 Judaea
1095 651 1247 706 Deus
1278 650 1443 722 (Psal.
1491 668 1651 713 lxxv,
1691 651 1778 717 2};
1816 675 1840 695 υ
1873 650 1981 704 hoc

341 742 451 807 est,
485 756 597 796 non
629 739 688 795 in
720 740 1017 808 divitibus,
1050 757 1163 796 non
1213 740 1272 796 in
1324 739 1636 810 nobilibus,
1668 745 1725 795 et
1774 739 1832 795 in
1880 756 1979 811 po-

338 829 598 884 tentibus
631 847 645 884 ς
679 830 775 884 sed
808 830 865 885 in
900 830 1095 885 anima
1125 830 1435 886 conﬁtente
1466 833 1639 886 notus
1670 831 1757 885 est
1786 828 1977 885 Deus:

340 938 370 966 «
402 917 472 973 Et
495 916 554 972 in
585 917 762 973 Israel
795 935 1095 990 magnum,
1124 920 1305 991 inquit
1336 935 1544 974 nomen
1577 919 1707 989 ejus
1738 917 1979 989 (Ibid.):»

338 1021 454 1061 non
501 1005 561 1061 in
605 1006 970 1079 principibus
1018 1013 1077 1063 et
1120 1007 1482 1074 consulibus,
1516 1008 1617 1063 sed
1665 1006 1725 1061 in
1768 1023 1834 1061 eo
1882 1006 1981 1077 qui

338 1093 523 1151 Deum
552 1095 710 1151 videt
743 1112 759 1152 :
790 1096 914 1167 ipse
942 1100 1032 1152 est
1061 1096 1217 1152 enim
1250 1095 1513 1165 Israel,in
1544 1113 1658 1168 quo
1688 1096 1979 1168 profunda

342 1182 489 1239 ﬁdes
517 1184 589 1239 ad
621 1184 1012 1257 cognitionem
1046 1185 1142 1241 Dei
1175 1186 1362 1257 potuit
1390 1185 1706 1256 pervenire.

411 1273 501 1327 62.
537 1296 563 1321 ‹‹
598 1273 665 1328 Ει
696 1273 883 1329 factus
931 1278 1041 1339 est,
1084 1274 1296 1346 inquit,
1349 1275 1407 1329 in
1457 1290 1596 1345 pace
1645 1273 1809 1330 locus
1856 1274 1984 1344 ejus

343 1360 502 1432 (Ibid.
536 1360 626 1431 3);
661 1362 760 1417 ubi
817 1364 1050 1434 quietus
1100 1364 1342 1419 aﬁ‘ectus
1390 1361 1569 1418 nullis
1618 1363 1983 1419 diversarum

340 1449 729 1521 cupiditatum
769 1452 1095 1522 exagitatur
1149 1451 1445 1515 fluctibus,
1496 1451 1676 1507 nullis
1732 1451 1983 1507 avaritias

338 1538 614 1593 turbatur
642 1539 1118 1611 procellis,nu|lis
1149 1541 1596 1612 quaerendarum
1646 1540 1984 1595 divitiarum

338 1625 587 1700 ignescit
615 1628 923 1684 incendiis.
954 1633 1084 1701 Ipse
1113 1635 1201 1685 est
1230 1629 1331 1702 qui
1380 1630 1716 1703 speculatur
1744 1635 1983 1696 interna,

339 1718 398 1770 et
424 1715 653 1772 habitat
680 1716 740 1771 in
772 1717 929 1781 Sion,
964 1718 1336 1791 confringens
1385 1719 1584 1775 omnia
1628 1718 1983 1790 spiritalium

337 1803 736 1861 instrumenta
793 1806 1100 1872 bellorum,
1166 1812 1467 1863 conterens
1533 1825 1705 1864 arcus
1771 1808 1986 1879 quibus

341 1892 611 1996 diabolus
643 1894 837 1996 ignita.
855 1895 1115 1994 dirigens
1155 1895 1371 1967 jacula,
1402 1914 1630 1996 graves.
1652 1896 1984 1996 pectoribus
2014 1931 2061 1996 Β

341 1982 650 2038 hominum
697 1982 846 2039 solet
893 1983 1123 2040 inurere
1166 1987 1489 2056 passiones.
1523 1986 1633 2042 Sed
1662 1984 1765 2041 illa
1783 1985 1985 2057 jacula

337 2071 502 2141 justo
549 2089 756 2128 nocere
786 2088 898 2127 non
931 2077 1199 2144 possunt,
1232 2073 1325 2129 cui
1374 2074 1527 2130 Deus
1573 2074 1673 2129 lux
1718 2080 1826 2144 est,
1860 2080 1987 2130 tan-

343 2164 588 2233 tumque
623 2161 791 2217 abest
819 2178 854 2217 a
880 2160 1257 2233 caligantium
1307 2162 1543 2218 horrore
1589 2163 1984 2232 tenebrarum,

344 2254 413 2305 ut
454 2250 826 2305 adversarius
873 2250 933 2305 in
980 2266 1047 2305 eo
1094 2248 1288 2305 locum
1336 2250 1551 2307 habere
1608 2270 1721 2308 non
1782 2252 1985 2323 possit,

345 2337 446 2410 qui
504 2337 679 2392 etiam
740 2337 1104 2411 principibus
1155 2356 1218 2395 se
1284 2339 1583 2396 consuevit
1640 2341 1986 2408 infundere;

345 2425 499 2482 sicut
529 2425 745 2480 infudit
780 2426 944 2480 Judze
992 2428 1292 2499 proditori,
1344 2430 1656 2485 concidens
1705 2434 1987 2502 tanquam

347 2513 408 2569 in
459 2512 605 2570 silva
649 2513 941 2587 lignorum
992 2515 1126 2572 ﬁdei
1164 2517 1413 2587 januas;
1464 2522 1530 2573 ut
1588 2518 1648 2573 in
1707 2536 1806 2574 cor
1860 2520 1988 2590 ejus

346 2602 587 2659 haberet
641 2602 994 2675 ingressum,
1043 2609 1099 2660 et
1146 2606 1344 2660 aeterni
1406 2606 1663 2662 nominis
1718 2607 1988 2663 taberna-

347 2690 546 2748 culum
577 2692 923 2764 possideret,
955 2693 1317 2764 apostolatus
1363 2693 1559 2751 collati
1608 2712 1849 2751 munere
1895 2696 1967 2751 de

349 2779 607 2836 dicatum
638 2781 772 2852 (32).
806 2782 954 2855 Ergo
984 2780 1081 2837 ille
1111 2783 1281 2853 quasi
1329 2782 1633 2854 improbus
1680 2789 1995 2857 usurpator

352 2868 609 2924 concidit
656 2870 895 2939 januas,
953 2874 1020 2924 ut
1062 2869 1349 2926 violentus
1398 2872 1678 2940 introeat;
1710 2873 1995 2929 Dominus

356 2959 552 3012 autem
584 2958 748 3029 quasi
783 2957 916 3029 pius
964 2957 1220 3014 illustrat
1263 2959 1542 3029 servulos,
1573 2966 1629 3016 et
1656 2978 1857 3017 eorum
1888 2961 1996 3017 ful-

356 3044 633 3120 gentibus
681 3045 928 3112 meritis,
978 3051 1035 3101 et
1084 3046 1347 3104 claritate
1388 3048 1669 3105 virtutum
1727 3051 1997 3106 tenebras

356 3134 564 3190 mundi
594 3134 773 3206 hujus
798 3133 1114 3192 illuminat.
1149 3136 1308 3191 Hanc
1339 3137 1561 3208 pacifici
1611 3142 1787 3210 atque
1832 3156 1996 3194 man-

355 3223 507 3280 sueti
535 3222 753 3279 habent
809 3224 964 3296 apud
1008 3224 1192 3279 Deum
1242 3224 1512 3296 gratiam,
1545 3226 1742 3283 sobria
1787 3227 2000 3283 mentis

355 3328 474 3369 sua
506 3311 929 3385 tranquillitate
953 3312 1199 3379 fundati;
1234 3312 1576 3384 insipientes
1604 3320 1799 3371 autem
1829 3316 2003 3372 corde
2030 3298 2074 3366 C
2111 3328 2224 3383 que
2248 3311 2530 3384 prepheta
2571 3311 2785 3367 lectum
2837 3316 2946 3378 est,
2979 3312 3050 3367 ad
3098 3311 3294 3382 ipsum
3335 3309 3622 3366 Dominus
3670 3310 3757 3364 di-

352 3401 689 3475 turbantur,
721 3404 778 3456 et
807 3401 919 3474 ipsi
951 3401 1060 3458 sibi
1113 3407 1253 3458 sunt
1302 3403 1544 3475 propriae
1589 3404 1997 3476 exagitationis

356 3492 652 3556 auctores;
684 3489 823 3561 quia
850 3489 1272 3546 desideriorum
1303 3508 1544 3547 suorum
1576 3497 1718 3549 aestu
1757 3493 1996 3549 volvun-

353 3580 472 3648 tur,
504 3580 562 3633 et
589 3578 842 3648 quodam
874 3577 995 3634 salo
1027 3580 1330 3635 ﬂuctuant.

358 3734 468 3805 Qui
494 3734 707 3807 divitiis
734 3738 818 3791 uti
844 3753 952 3792 non
980 3741 1249 3805 noverint,
1282 3756 1369 3794 eos
1399 3741 1625 3796 illarum
1655 3757 1837 3796 servos
1863 3757 1995 3807 esse,

426 3823 496 3879 ac
523 3806 763 3862 dormire
789 3823 1039 3863 somnum
1074 3827 1255 3865 suum.
1289 3812 1522 3879 Quando
1569 3813 1759 3866 anima
1803 3806 2000 3867 currus

427 3877 648 3953 dicatur
672 3882 724 3933 et
749 3895 875 3934 caro
904 3895 1072 3949 equus
1100 3883 1283 3951 vigore
1307 3877 1510 3938 mentis
1537 3883 1828 3953 agitandus
1853 3901 1873 3938 :
1904 3884 2001 3938 ubi

425 3949 585 4026 quid
606 3950 774 4026 inter
798 3949 1408 4026 agitatorerm'cquitem
1458 3949 1617 4026 atque
1662 3971 2000 4011 ascensorem

370 4076 373 4081 .
426 4020 498 4076 sit
525 4020 885 4087 discriminis,
915 4020 1260 4094 expendatur.

426 4110 516 4166 63.
569 4110 677 4176 Qui
726 4115 919 4166 autem
974 4110 1095 4166 sint
1142 4112 1262 4179 isti,
1307 4113 1598 4186 Propheta
1649 4113 1998 4187 signiﬁcavit

348 4213 619 4270 expresse
648 4198 892 4254 dicendo
928 4215 939 4254 :
977 4221 1006 4249 ‹‹
1037 4200 1253 4257 Omnes
1299 4201 1405 4256 viri
1454 4201 1786 4257 divitiarum
1817 4202 1993 4271 (Psal.

350 4303 513 4356 LXXV,
544 4287 635 4355 6);
670 4310 698 4336 ››
731 4304 935 4344 omnes
978 4288 1141 4356 dixit,
1193 4288 1419 4345 nullum
1469 4290 1710 4363 excepit.
1744 4291 1812 4345 Et
1846 4290 1995 4346 bene

346 4373 503 4431 viros
532 4374 863 4432 divitiarum
895 4376 1224 4448 appellavit,
1260 4396 1372 4434 non
1415 4379 1644 4434 divitias
1691 4378 1948 4434 virorum
1977 4396 1990 4447 ;

345 4466 413 4517 ut
439 4465 770 4520 ostenderet
798 4481 898 4521 eos
928 4482 1043 4520 non
1075 4483 1442 4537 possessores
1473 4467 1808 4522 divitiarum
1838 4483 1988 4534 esse,

346 4551 448 4606 sed
480 4567 514 4606 a
542 4552 667 4607 suis
696 4552 915 4607 divitiis
968 4553 1274 4625 possideri.
1312 4554 1604 4610 Possessio
1651 4554 1809 4610 enim
1859 4571 1989 4627 pos—

342 4638 596 4694 sessoris
651 4639 822 4694 debet
858 4657 1006 4707 esse,
1051 4658 1163 4697 non
1223 4659 1529 4714 possessor
1576 4642 1985 4714 possessionis.
2019 4662 2066 4728 D
2097 4641 2369 4696 salutem.
2422 4641 2500 4696 De
2555 4656 2863 4697 ascensore
2907 4657 3042 4697 vero
3090 4640 3473 4696 manifestum
3526 4642 3614 4694 est
3657 4637 3743 4691 iu-

343 4726 686 4799 Quicunque
717 4728 897 4800 igitur
915 4730 1269 4801 patrimonio
1299 4749 1404 4787 suo
1434 4737 1713 4803 tanquam
1757 4748 1986 4804 posses-

343 4813 509 4872 sione
538 4831 655 4870 non
686 4815 889 4885 utitur,
921 4818 1022 4888 qui
1054 4816 1250 4891 largiri
1280 4818 1519 4891 pauperi
1549 4825 1607 4875 et
1646 4820 1988 4891 dispensare

341 4919 459 4959 non
492 4904 671 4972 novit,
706 4903 859 4962 584
887 4906 939 4961 is
985 4922 1225 4963 suarum
1265 4906 1532 4963 servulus
1579 4912 1686 4975 est,
1721 4924 1835 4962 non
1885 4910 1985 4963 do-

341 4992 543 5049 minus
573 4993 1048 5067 facultatum,qui
1078 4995 1300 5052 alienas
1328 4996 1584 5052 custodit
1612 5001 1676 5052 ut
1705 4997 1983 5064 famulus,

339 5097 456 5138 non
478 5086 763 5156 tanquam
792 5084 1069 5141 dominus
1100 5089 1164 5141 ut
1190 5085 1315 5141 suis
1345 5086 1619 5142 utitur.In
1645 5085 1984 5157 hujusmodi

336 5185 474 5242 ergo
503 5172 713 5228 aﬁ‘eetu
743 5172 997 5229 dicimus
1027 5175 1181 5245 quod
1213 5173 1302 5229 vir
1338 5173 1675 5229 divitiarum
1723 5174 1818 5241 sit,
1870 5192 1985 5230 non

337 5258 548 5314 divitiae
580 5260 708 5316 viri.
743 5261 1076 5319 Intellectus
1103 5262 1259 5319 enim
1291 5263 1478 5319 bonus
1510 5263 1810 5319 utentibus
1861 5280 1927 5318 eo
1968 5280 1981 5318 :

337 5346 437 5416 qui
466 5353 663 5405 autem
696 5366 810 5404 non
842 5350 1137 5425 intelligit,
1170 5351 1220 5407 is
1249 5352 1453 5423 utique
1502 5351 1830 5408 intellectus
1872 5351 1984 5408 sibi

336 5432 584 5506 gratiam
615 5454 731 5492 non
764 5442 951 5508 potest
982 5438 1377 5508 vindicare;et
1406 5440 1534 5497 ideo
1566 5458 1770 5497 somno
1801 5445 1986 5497 temu-

354 5560 521 5671 ln(3_2)
552 5592 647 5646 Sic
679 5609 820 5671 mss.
854 5612 1069 5671 magno
1092 5612 1357 5671 numero,
1391 5598 1520 5671 nisi
1538 5601 1718 5670 quod,
1750 5616 1852 5671 pro
1896 5599 1985 5671 dc-

389 5612 521 5670 Ᾱοι)
553 5612 647 5646 me
680 5612 820 5647 mss.
854 5612 1069 5717 magno
1092 5612 1357 5664 numero,
1391 5615 1505 5653 nisi
1538 5612 1718 5670 quod,
1750 5616 1852 5671 pro
1896 5612 1982 5655 ac-

340 5657 610 5742 dzcatum,
634 5661 831 5742 plures
880 5666 953 5720 ha
1000 5671 1100 5720 ent
1144 5666 1393 5742 dedicat;
1427 5668 1525 5724 alii
1573 5670 1862 5742 nonnulli,
1898 5670 1982 5725 di-

337 5732 524 5797 catur;
579 5731 830 5801 denique
881 5752 1034 5790 unus
1084 5742 1185 5791 aut
1231 5736 1394 5805 alter,
1440 5740 1736 5809 possideret
1785 5731 1987 5813 aposto—

2091 667 2362 705 somnum
2398 667 2573 706 suum
2605 650 2927 717 dormiunt,
2957 648 3068 705 hoc
3096 652 3204 717 est,
3237 665 3415 704 suum
3447 664 3747 715 somnum,
3862 628 3866 755 ς

2674 739 2905 755 ..πη
3028 738 3040 749 .
3184 754 3187 755 ν
3334 736 3699 755 νηιιηγη

2091 740 2465 807 non'Christi,
2499 739 2822 795 dormiunt.
2846 739 2915 794 Et
2943 738 3040 810 qui
3076 754 3354 794 somnum
3386 736 3613 793 Christi
3636 753 3747 793 non

2091 782 2207 795 μυ..
2234 782 2465 807 νη...,..,
2500 782 2822 795 ...............
2850 782 2915 794 υ.
2944 782 3040 810 ιι...
3076 782 3354 794 ,πω-η.
3390 782 3613 793 -..η-.-
3636 782 3747 793 ......

2090 828 2532 897 dormiunt,non
2567 829 2782 885 habent
2811 828 3024 885 Christi
3057 828 3462 900 quietem,non
3496 831 3753 899 surgunt
3862 782 3866 867 1

2090 917 2304 975 Christi
2338 918 2788 986 resurrectione;
2841 918 2940 990 qui
2984 917 3064 972 ait
3096 936 3109 973 :
3143 940 3171 966 «
3224 917 3341 988 Ego
3390 916 3670 980 dormivi,
3698 920 3755 971 et

2090 1008 2301 1080 quievi,
2359 1014 2415 1063 et
2463 1008 2720 1075 surrexi;
2785 1007 3064 1079 quoniam
3115 1004 3404 1062 Dominus
3462 1004 3750 1077 suscipiet

2091 1114 2185 1153 me
2214 1098 2385 1164 (Psal.
2419 1115 2503 1163 ιιι,
2535 1099 2611 1165 6).
2652 1119 2678 1145 ››

2159 1186 2320 1242 64.Ιιι
2354 1186 2461 1243 hoc
2509 1186 2727 1258 quique
2772 1184 2984 1241 saeculo
3009 1183 3535 1257 dormitant,digni
3562 1183 3756 1239 habiti

2090 1275 2488 1347 increpatione
2518 1275 2759 1340 ccelesti,
2791 1274 2893 1347 qui
2925 1274 3317 1330 ascenderunt
3358 1289 3570 1345 equos,
3599 1289 3754 1346 quos

2092 1363 2381 1420 refrenare
2410 1382 2526 1420 non
2559 1368 2845 1436 poterant.
2880 1363 3155 1436 Legimus
3200 1361 3342 1418 alibi
3385 1362 3619 1418 dicente
3653 1362 3755 1418 Ec-

2090 1452 2267 1509 clesia
2292 1455 2411 1509 sive
2445 1453 2643 1508 anima
2676 1470 2689 1507 :
2726 1475 2753 1501 «
2790 1451 2989 1508 Posuit
3015 1468 3108 1508 me
3154 1468 3363 1507 currus
3411 1450 3749 1506 Aminadab

2093 1543 2272 1611 (Cant.
2308 1560 2383 1610 vx,
2419 1544 2526 1613 11).
2561 1566 2588 1591 α
2616 1542 2675 1596 Si
2706 1557 2842 1614 ergo
2874 1540 3071 1596 anima
3100 1556 3308 1596 currus
3354 1544 3466 1606 est,
3499 1538 3630 1594 vide
3684 1555 3757 1594 ne

2091 1648 2280 1702 equus
2310 1648 2444 1687 caro
2474 1632 2550 1688 sit
2584 1650 2597 1686 :
2630 1630 2877 1702 agitator
2904 1632 3099 1685 autem
3150 1628 3314 1701 vigor
3361 1628 3597 1695 mentis,
3648 1627 3754 1699 qui

2094 1721 2240 1793 regit
2270 1737 2527 1779 carnem.
2559 1725 2617 1776 et
2649 1725 2844 1775 motus
2877 1718 3004 1789 ejus
3036 1716 3194 1774 velut
3222 1716 3515 1788 quosdam
3564 1732 3755 1789 equos

2094 1810 2412 1881 prudentiae
2470 1808 2715 1865 habenis
2778 1811 3025 1864 coercet.
3078 1805 3555 1862 Dormitaverunt
3611 1821 3754 1878 ergo

2093 1898 2193 1970 qui
2225 1898 2615 1953 ascenderunt
2642 1896 2901 1970 corporis
2929 1893 3275 1967 voluptates,
3303 1892 3468 1949 nullo
3499 1910 3598 1949 eas
3633 1910 3757 1950 mo-

2092 1986 2393 2041 deramine
2448 1986 2860 2057 gubernantes.
2908 1984 3071 2040 Unde
3126 1986 3183 2038 et
3231 1998 3573 2038 aseensores
3644 1998 3747 2037 eos

2094 2090 2273 2147 quam
2324 2074 2553 2146 equites
2592 2073 2676 2130 vel
2732 2074 3045 2146 agitatores
3110 2071 3319 2127 maluit
3377 2087 3745 2142 nuncupare.

2093 2164 2358 2235 Agitator
2402 2163 2617 2219 etenim
2650 2180 2786 2219 cum
2815 2160 3130 2233 disciplina
3176 2164 3234 2215 et
3291 2164 3415 2215 arte
3467 2176 3572 2232 pro
3636 2176 3747 2216 suo

2095 2267 2277 2323 equos
2334 2252 2574 2307 arbitrio
2621 2251 2823 2324 agitat,
2895 2254 2959 2306 ut
3026 2247 3113 2305 vel
3169 2252 3470 2304 currentes
3523 2247 3753 2315 incitet,

2094 2340 2183 2396 vel
2233 2341 2491 2397 reﬂectat
2542 2340 2881 2410 indomitos,
2913 2337 3001 2394 vel
3060 2342 3285 2394 revocet
3336 2337 3631 2409 fatigatos,
3666 2336 3755 2393 vel

2099 2435 2439 2486 mansuetos
2470 2446 2572 2502 pro
2602 2446 2710 2484 sua
2736 2429 3032 2484 voluntate
3065 2430 3380 2483 convertat.
3414 2425 3577 2482 Unde
3615 2442 3751 2482 cum

2099 2520 2454 2590 reciperetur
2504 2518 2678 2584 Elias,
2722 2523 2779 2573 et
2807 2534 2980 2573 curru
3036 2515 3207 2589 quasi
3254 2514 3327 2570 ad
3377 2513 3587 2570 coalum
3642 2515 3752 2569 fer-

2102 2612 2280 2673 retur,
2329 2606 2600 2663 clamavit
2656 2607 2728 2662 ad
2781 2623 2916 2662 eum
2967 2604 3250 2661 Elisaus:
3285 2627 3312 2653 ‹‹
3348 2603 3536 2670 Pater,
3566 2607 3749 2675 pater,

2101 2696 2352 2768 agitator
2401 2694 2599 2763 Israel,
2651 2698 2709 2750 et
2752 2710 2931 2765 eques
2976 2695 3139 2765 ipsus
3172 2694 3263 2764 (ιν
3309 2692 3437 2761 Reg.
3473 2709 3535 2759 ιι,
3578 2691 3691 2758 12),
3730 2713 3754 2740 υ

2102 2784 2211 2840 hoc
2267 2788 2377 2850 est,
2436 2782 2536 2855 qui
2587 2782 2870 2856 populum
2936 2781 3166 2838 Domini
3223 2781 3373 2837 bono
3435 2779 3614 2835 ductu
3667 2796 3751 2835 re-

2102 2873 2302 2944 gebas,
2362 2872 2700 2927 constantia
2758 2871 2965 2927 merito
3020 2870 3129 2926 hos
3186 2867 3463 2941 accepisti
3522 2884 3750 2934 currus,

2104 2960 2212 3015 hos
2266 2976 2448 3031 equos
2498 2961 2569 3016 ad
2623 2959 2819 3015 divina
2861 2963 3184 3024 currentes,
3235 2958 3377 3030 quia
3427 2957 3751 3013 moderato-

2105 3062 2227 3101 rem
2260 3051 2316 3102 te
2361 3046 2755 3102 humanarum
2812 3047 3096 3102 mentium
3146 3044 3433 3101 Dominus
3487 3060 3753 3116 compro-
3864 3044 3866 3049 ’

2106 3134 2289 3203 bavit;
2324 3139 2380 3189 et
2411 3135 2538 3190 ideo
2586 3140 2868 3206 tanquam
2917 3134 3111 3190 bonus
3161 3133 3388 3205 auriga,
3420 3132 3756 3188 certaminis

2106 3222 2287 3279 victor
2314 3228 2528 3279 aeterno
2575 3224 2811 3296 praemio
2854 3222 3169 3280 coronaris.
3207 3222 3268 3278 In
3302 3221 3575 3277 Habacuc
3603 3238 3750 3294 quo-

2106 3404 2264 3455 etum
2299 3418 2312 3456 :
2347 3422 2374 3450 ‹‹
2418 3401 2710 3457 Ascendes
2736 3416 2913 3473 super
2964 3416 3147 3472 equos
3192 3402 3347 3465 tuos,
3379 3401 3438 3454 et
3465 3396 3756 3469 equitatus

2107 3494 2247 3545 tuus
2305 3489 2467 3545 salus
2522 3489 2743 3561 (IIabac.
2795 3506 2880 3558 ιιι,
2912 3489 3011 3562 8):
3047 3510 3075 3538 »
3107 3487 3344 3562 agitavit
3400 3487 3560 3544 enim
3612 3503 3757 3559 apo-

2108 3578 2290 3635 stolos
2317 3595 2475 3646 suos,
2509 3596 2658 3650 quos
2688 3595 2789 3651 per
2816 3579 3046 3634 diversa
3074 3576 3303 3645 direxit,
3338 3579 3403 3631 ut
3449 3580 3572 3632 toto
3615 3576 3755 3631 orbe

2107 3666 2462 3739 Evangelum
2494 3668 2893 3740 praedicarent.
2924 3666 3208 3731 Ascendes,
3238 3665 3341 3731 ait,
3374 3664 3547 3737 quasi
3575 3668 3757 3721 recto-

2109 3756 2157 3810 ri
2198 3772 2506 3828 equorum,
2567 3773 2683 3812 non
2732 3756 2903 3829 quasi
2941 3754 3258 3812 ascensori.
3292 3753 3573 3809 Ascendit
3599 3753 3756 3809 enim

2108 3844 2284 3900 etiam
2335 3862 2534 3917 eques,
2589 3846 2687 3902 sed
2740 3852 2804 3901 ut
2854 3849 3037 3919 regat,
3067 3861 3182 3900 non
3233 3847 3299 3898 ut
3346 3841 3754 3897 tantummodo

2107 3933 2308 3989 sedeat
2339 3951 2353 3989 :
2387 3951 2453 3990 eo
2486 3934 2640 4006 quod
2690 3934 3020 3990 desidiosus
3067 3937 3127 3989 et
3171 3933 3337 4006 piger
3373 3929 3754 3987 somnolentm

2106 4023 2359 4094 perferre
2387 4040 2501 4078 non
2538 4023 2723 4095 possit
2750 4023 2964 4078 mentis
2990 4023 3308 4078 incessum.

2174 4112 2264 4166 65.
2301 4111 2380 4166 De
2410 4111 2604 4182 equite
2633 4116 2829 4167 autem
2858 4110 3074 4167 lectum
3100 4116 3189 4165 est
3220 4126 3233 4163 :
3267 4132 3296 4158 ‹‹
3326 4108 3399 4163 Et
3426 4124 3608 4180 eques
3652 4124 3743 4162 ca-

2105 4198 2267 4254 deret
2302 4204 2643 4265 retrorsum,
2675 4203 3022 4270 exspectans
3050 4199 3303 4255 salutem
3347 4196 3577 4252 Domini
3599 4198 3747 4266 (Gen.

2104 4304 2255 4353 xLix,
2290 4288 2397 4359 l7).
2436 4311 2462 4336 ››
2496 4287 2641 4352 Quia
2692 4302 2860 4343 nemo
2913 4288 3039 4343 sine
3085 4285 3252 4358 lapsu
3306 4289 3416 4354 est,
3479 4285 3655 4341 etiam
3702 4283 3751 4337 si

2102 4378 2237 4448 quis
2292 4392 2471 4447 eques
2526 4377 2818 4443 ceciderit,
2851 4380 2909 4431 et
2952 4376 3199 4431 terrenis
3251 4372 3553 4446 aliquibus
3598 4372 3747 4427 vitiis

2103 4465 2275 4519 fuerit
2321 4465 2567 4520 inﬂexus
2600 4482 2612 4519 :
2648 4464 2696 4520 si
2726 4469 2922 4520 tamen
2977 4480 3088 4519 non
3148 4462 3389 4533 abjieiat
3439 4478 3604 4533 spem
3658 4477 3747 4516 re-

2100 4554 2396 4623 surgendi,
2450 4554 2629 4607 fretus
2679 4551 3314 4629 miseratione‘divina,
3367 4549 3627 4622 pervenit
3669 4549 3742 4602 ad
3850 4549 3866 4665 ἐ

2100 4641 2343 4665 --ι--ι,...
2422 4641 2497 4665 n-
2557 4656 2860 4665 -_--__-_-
2907 4657 3038 4665 η---
3090 4640 3468 4665 .--..;ι·....ι...υ.
3527 4642 3609 4665 ...ι
3657 4637 3713 4665 ἔ..

2095 4730 2336 4795 dieium,
2396 4730 2551 4801 quod
2612 4728 3088 4801 reprehensibilis
3135 4728 3445 4796 habeatur,
3506 4726 3737 4800 quando

2097 4818 2325 4889 Moyses
2372 4819 2495 4889 ipse
2541 4818 2622 4873 ait
2668 4817 2727 4872 in
2775 4818 3000 4873 cantico
3059 4816 3287 4879 Exodi:
3324 4837 3354 4866 ‹‹
3401 4817 3629 4889 Equum
3682 4819 3741 4869 et

2095 4922 2459 4962 ascensorem
2513 4905 2755 4977 projecit
2798 4904 2858 4960 in
2908 4920 3069 4960 mare
3124 4904 3315 4975 (Exod.
3350 4920 3443 4974 xv,
3478 4906 3551 4975 1).
3600 4926 3627 4954 »
3670 4902 3747 4956 Et

2095 4995 2154 5050 in
2205 4993 2482 5050 Zacharia
2528 4993 2758 5049 locutus
2804 4997 2891 5049 est
2936 4993 3221 5049 Dominus
3269 4992 3520 5048 dicens:
3559 5012 3582 5044 ι
3613 4990 3742 5045 Per-

2094 5082 2313 5139 cutiam
2366 5099 2599 5138 omnem
2657 5099 2875 5153 equum
2924 5082 2982 5137 in
3035 5081 3310 5146 amentia,
3361 5083 3421 5136 et
3478 5093 3741 5137 ascenso-

2095 5189 2217 5228 rem
2278 5172 2407 5241 ejus
2464 5172 2522 5225 in
2581 5172 2919 5242 insipientia
2975 5170 3160 5242 (Zach.
3221 5185 3323 5236 xu,
3386 5170 3464 5241 4).
3534 5191 3562 5218 υ
3613 5164 3737 5222 Non

2094 5261 2238 5315 dixit
2268 5262 2459 5316 solum
2491 5276 2734 5331 equum,
2766 5261 2870 5316 sed
2914 5264 2973 5316 et
3019 5272 3415 5327 ascensorem,
3453 5253 3735 5329 quomodo

2093 5353 2151 5404 et
2206 5349 2266 5404 in
2324 5348 2515 5404 Exodo
2568 5347 2750 5404 habes
2783 5364 2796 5403 :
2832 5371 2861 5399 «
2909 5346 3137 5418 Equum
3185 5349 3243 5403 et
3289 5358 3666 5402 ascensorem.
3701 5361 3730 5390 ιι

2096 5438 2204 5494 Ubi
2268 5442 2358 5494 est
2422 5437 2581 5493 enim
2639 5450 2935 5504 aseensor,
2985 5434 3087 5508 qui
3153 5451 3268 5491 non
3334 5437 3526 5508 potest
3586 5428 3728 5487 585

2094 5598 2236 5653 latus
2267 5597 2455 5670 collati
2478 5613 2723 5670 munere.
2748 5598 2887 5668 Ergo
2912 5599 3166 5670 princeps
3194 5595 3358 5670 hujus
3383 5590 3735 5670 mundialis-

2092 5672 2162 5737 si,
2193 5674 2302 5726 etc.
2330 5669 2395 5724 In
2425 5668 2562 5737 edit.
2587 5673 2783 5724 autem
2814 5660 3201 5725 omnibus'ita
3227 5660 3733 5740 légas,possuitret.

2093 5742 2232 5812 Ergo
2256 5742 2514 5813 princeps
2545 5741 2710 5812 hujus
2740 5740 2954 5809 mundi,
2988 5744 3095 5797 etc.
