3866 6212
144 454 266 521 789

1173 455 1408 523 LIBER
1450 458 1553 523 DE
1598 455 1975 525 NABU'I‘HE
2015 456 2520 524 JEZBAELII‘A.

3431 450 3577 519 790'

147 605 362 664 equum
396 586 699 663 proprium
757 586 1101 664 gubernare,
1160 608 1344 665 equus
1395 609 1626 666 quoque
1682 596 1790 649 fer-
1824 598 1870 663 Α
1904 589 2141 665 placet?
2170 590 2315 658 Quia
2346 606 2569 665 pauper
2597 589 2709 648 fide
2737 588 2913 649 ditior
2933 593 3040 660 est,
3070 587 3555 648 sobrietatelocu-

147 684 238 738 tur
263 678 323 735 in
355 696 632 752 praeceps,
680 678 730 737 si
788 679 1074 737 indomito
1130 681 1324 737 furore
1381 682 1439 737 in
1501 690 1795 755 praerupta
1901 681 2137 753 plelior;
2170 686 2391 737 etcum
2422 681 2499 737 sit
2528 698 2767 754 pauper,
2799 697 2867 737 ex
2917 679 3033 737 illis
3064 683 3153 737 est
3209 680 3279 737 de
3336 680 3554 752 quibus

146 774 200 826 et
225 768 556 842 periculosa
584 767 859 841 rapiatur.
903 769 1048 835 Quid
1081 770 1261 843 igitur
1313 771 1477 828 vobis
1506 771 1564 826 in
1623 772 1791 843 equis
1899 769 2148 826 dicitur:
2175 792 2203 820 ‹‹
2238 769 2369 826 Tibi
2427 770 2670 827 offerent
2697 787 2864 844 reges
2903 786 3145 826 munera
3174 770 3345 842 (Psal.
3379 785 3550 837 van,

147 858 458 925 confiditis,
518 856 771 914 divites?
826 858 1073 914 Mendax
1108 876 1295 931 equus
1375 861 1449 916 ad
1537 859 1788 917 salutem
1896 858 2065 928 30).»
2098 859 2221 914 Non
2256 859 2411 915 enim
2440 860 2781 931 purpuratis
2799 860 3199 927 offerentibus,
3222 859 3322 916 sed
3354 862 3551 915 motus

144 947 311 1019 (Psal.
371 964 550 1012 xxxn,
606 947 714 1018 17).
776 945 923 1010 Quid
971 947 1030 1003 in
1087 948 1357 1004 curribus
1410 949 1574 1005 vobis
1618 948 1785 1020 plau-

142 1034 316 1091 ditis?
374 1035 497 1090 «Hi
544 1034 602 1089 in
662 1034 954 1107 curribus,
1040 1040 1098 1091 et
1145 1035 1205 1091 hi
1292 1037 1351 1091 in
1407 1037 1596 1109 equis,
1681 1054 1786 1094 nos

142 1132 329 1181 autem
379 1124 442 1179 in
504 1124 740 1180 nomine
789 1124 1022 1180 Domini
1077 1124 1605 1198 magnificabimur.
1667 1126 1783 1198 Ipsi

141 1212 375 1285 obligati
424 1217 588 1281 sunt,
647 1217 705 1269 ct
752 1212 1052 1269 cecidere:
1114 1231 1221 1271 nos
1277 1218 1472 1270 autem
1530 1214 1783 1270 surrexi-

140 1316 268 1356 mus
297 1304 355 1356 et
402 1301 578 1356 erecti
635 1317 843 1358 sumus
883 1302 1053 1373 (Psat.
1095 1320 1211 1368 xxx,
1251 1305 1304 1370 8,
1363 1303 1439 1374 9).
1509 1325 1536 1352 »
1597 1302 1784 1359 Nolite

140 1405 329 1445 amare
385 1388 802 1446 adhinnientes
834 1408 847 1446 :
880 1389 1079 1457 nolite,
1138 1390 1369 1457 divites,
1430 1391 1660 1448 fremitu
1712 1391 1780 1447 li-

139 1476 351 1534 bidinis
418 1476 679 1534 excitari.
736 1477 1038 1534 Terribilis
1097 1484 1186 1534 est
1241 1478 1544 1548 Dominus,
1593 1485 1650 1535 et
1689 1481 1779 1537 cui

138 1581 303 1622 nemo
333 1565 523 1638 possit
567 1570 773 1639 potens
832 1571 892 1622 et
943 1567 1103 1623 dives
1160 1568 1467 1624 resistere:
1529 1592 1557 1619 «
1615 1569 1780 1625 Judi-

136 1654 285 1711 cium
316 1653 551 1711 caeleste
572 1655 873 1728 jaculatur
898 1657 1067 1725 (Psal.
1100 1674 1263 1726 Lxxv,
1283 1656 1360 1729 9).
1398 1679 1425 1706 »

756 1834 988 1891 CAPUT
1015 1834 1155 1890 XVI.

133 1938 350 2007 Divites,
385 1947 448 1996 ut
502 1941 780 2011 quiescant
827 1957 860 1995 a
915 1942 1161 2012 ﬂagitiis,
1214 1956 1279 1996 uc
1330 1941 1555 1996 Domino
1580 1942 1776 2012 ‘conﬁ-

197 2019 437 2084 teagntur,
471 2013 729 2084 impellit.
765 2012 1033 2081 Quomodo
1072 2014 1207 2084 ipsis
1237 2012 1453 2067 dicatur
1503 2012 1674 2068 Orate
1721 2018 1777 2068 et

197 2082 439 2146 reddite,
466 2099 489 2145 ,·
521 2082 718 2153 quidve
747 2085 1050 2139 orationem
1071 2082 1134 2138 de
1161 2084 1303 2139 dona
1350 2085 1455 2139 Deo
1504 2099 1775 2139 commen-

193 2154 299 2208 det.
352 2155 603 2225 Denique
647 2159 949 2211 memorata
1004 2155 1162 2210 verba
1209 2157 1375 2210 etiam
1439 2156 1776 2225 pauperibus

194 2225 697 2293 accommodantur,
730 2234 780 2281 et
809 2228 932 2298 quis
953 2243 987 2281 a
1032 2227 1134 2282 Deo
1173 2226 1407 2292 recedat,
1440 2226 1763 2282 ostenditur.

190 2367 275 2423 66.
305 2368 542 2422 Bonum
574 2369 662 2423 est
691 2371 756 2422 ut
775 2368 903 2440 jam
936 2367 1270 2440 quiescatis,
1317 2385 1351 2424 a
1402 2366 1639 2440 flagitiis
1690 2366 1771 2422 fe-

126 2452 332 2510 rientes
362 2454 748 2510 revereamini
800 2455 1027 2511 Domini
1087 2458 1457 2530 potestatem.
1508 2455 1639 2510 Ideo
1691 2453 1774 2509 di-

125 2546 275 2597 ctum
332 2547 421 2598 est
473 2542 773 2614 parricidae
831 2543 1017 2599 Cain:
1085 2566 1113 2592 «
1171 2543 1449 2609 Peccasti,
1538 2542 1771 2614 quiesce

124 2629 272 2701 (Gen.
333 2648 406 2699 Iv,
438 2633 525 2699 7),
555 2651 582 2680 ι»
642 2634 707 2686 ut
762 2633 1002 2686 modum
1055 2635 1289 2703 peccato
1348 2648 1454 2686 suo
1510 2635 1767 2703 poneret.

128 2719 516 2791 Cogitationes
570 2723 771 2775 vestrae
834 2721 1225 2775 confiteantur
1301 2719 1569 2775 Domino.
1646 2719 1770 2776 Non

124 2806 358 2864 dicatis:
416 2808 549 2864 Non
629 2807 1015 2880 peccavimus.
1065 2807 1219 2862 Dixit
1274 2806 1529 2862 Paulus:
1566 2830 1593 2857 ‹‹
1651 2807 1768 2862 Etsi

125 2894 261 2951 nihil
290 2896 433 2951 mihi
477 2896 745 2951 conscius
771 2913 902 2951 sum
934 2897 982 2968 (Ι
1030 2898 1161 2952 Cor.
1224 2914 1298 2965 IV,
1358 2897 1433 2967 li),
1471 2918 1492 2944 ι
1547 2896 1771 2951 addidit

123 2986 340 3040 tamen:
377 3007 406 3035 «
436 2985 555 3041 Sed
589 3001 704 3040 non
734 2984 792 3039 in
827 2984 935 3041 hoc
964 2984 1317 3055 justificatus
1349 3001 1480 3041 sum
1498 2984 1702 3056 (Ibid).
1736 3007 1764 3034 »

122 3072 298 3129 Etvos
325 3072 566 3129 etiamsi
597 3072 744 3128 nihil
771 3072 913 3129 estis
965 3072 1202 3140 conscii,
1261 3072 1622 3129 confitemini
1680 3078 1765 3127 ta-

124 3176 247 3216 men
277 3162 439 3219 Domi
453 3178 551 3228 no,
578 3177 647 3215 ne
678 3161 815 3233 quid
850 3160 926 3216 sit
954 3162 1110 3234 quod
1142 3178 1242 3217 vos
1290 3165 1609 3233 praetereat.
1670 3162 1765 3215 Et-

122 3249 267 3306 enim
293 3251 391 3323 qui
425 3250 742 3306 conﬁtetur
778 3249 1111 3318 Dominum,
1143 3253 1200 3306 et
1228 3249 1509 3321 reliquias
1548 3248 1762 3321 cogita-

1896 946 2163 1018 proprios
2221 948 2557 1019 regentibus
2629 948 2914 1004 Dominus
2969 949 3147 1004 Jesus
3204 947 3546 1016 delectatur,

1896 1034 1997 1106 qui
2030 1035 2313 1107 corporali
2343 1035 2613 1103 lasciviae,
2668 1038 2880 1092 mentis
2937 1037 3314 1093 dominentur
3360 1037 3551 1109 impe-

1892 1123 1995 1180 rio.
2033 1124 2204 1180 Orate
2233 1140 2393 1197 ergo,
2427 1124 2671 1181 divites!
2705 1126 2829 1180 Non
2891 1125 3120 1181 habetis
3178 1125 3237 1180 in
3278 1125 3550 1197 operibus

1888 1213 2043 1284 quod
2102 1213 2343 1284 placeat.
2389 1214 2541 1270 586
2614 1213 2786 1269 Orate
2843 1230 2946 1285 pro
3009 1214 3264 1285 peccatis
3319 1213 3532 1270 vestris

1891 1303 2066 1372 atque
2099 1300 2354 1373 flagitiis,
2387 1306 2444 1357 et
2472 1301 2692 1357 reddite
2718 1302 2965 1358 Domino
2996 1302 3312 1358 Deovestro
3334 1318 3546 1358 mune-

1891 1405 1975 1444 ra.
2012 1389 2255 1445 Reddite
2287 1390 2344 1444 in
2377 1407 2651 1462 paupere,
2687 1390 2747 1445 in
2804 1407 2986 1463 egeno
3044 1389 3266 1458 solvite,
3326 1390 3386 1446 in
3446 1390 3545 1446 illo

1890 1478 2063 1550 inope
2094 1478 2367 1545 fenerate,
2402 1495 2575 1551 quem
2610 1478 2838 1552 placare
2870 1484 3106 1553 propter
3132 1483 3325 1536 vestra
3379 1480 3543 1553 ﬂagi-

1886 1566 1969 1623 tia
2034 1566 2205 1622 aliter
2278 1585 2393 1623 non
2433 1567 2693 1640 potestis.
2754 1571 2934 1635 Quem
2994 1567 3241 1625 ultorem
3298 1568 3542 1637 timetis,

1887 1654 2057 1711 facite
2088 1656 2408 1712 debitorem
2440 1657 2575 1728 (33).
2610 1680 2637 1707 ‹‹
2668 1658 2792 1713 Non
2844 1656 3147 1729 accipiam,
3197 1656 3409 1728 inquit,
3470 1657 3542 1713 de

1886 1743 2061 1799 domo
2092 1748 2196 1800 tua
2226 1744 2461 1812 vitulos,
2495 1762 2687 1818 neque
2713 1746 2784 1801 de
2811 1744 3087 1817 gregibus
3129 1744 3248 1801 tuis
3299 1744 3495 1802 hircos
3522 1764 3536 1815 ;

1887 1832 2166 1904 quoniam
2201 1850 2341 1889 mete
2390 1838 2531 1889 sunt
2590 1849 2794 1889 omnes
2843 1834 2976 1889 ferai
3030 1832 3308 1889 silvarum
3369 1834 3536 1905 (Psal.

1886 1937 2036 1986 xux,
2067 1921 2121 1990 9,
2154 1921 2260 1993 lO).
2310 1922 2608 1994 Quidquid
2668 1922 3018 1988 obtuleritis,
3078 1922 3288 1994 inquit,
3339 1939 3537 1979 meum

1886 2012 1994 2074 est,
2045 2009 2188 2081 quia
2218 2014 2375 2065 totus
2423 2011 2580 2067 orbis
2620 2028 2788 2066 meus
2846 2015 2953 2067 est.
3009 2011 3135 2065 Non
3194 2011 3360 2084 exigo
3408 2028 3536 2083 quas

1884 2113 2015 2153 mea
2045 2105 2219 2154 sunt:
2256 2102 2345 2154 est
2369 2100 2521 2171 quod
2555 2100 2626 2156 de
2655 2105 2842 2156 vestro
2885 2099 3030 2154 mihi
3064 2098 3303 2171 possitis
3362 2099 3535 2156 oﬂ‘er-

1884 2203 1963 2254 re,
1995 2187 2258 2243 studium
2289 2188 2615 2245 devotionis
2644 2194 2700 2244 et
2730 2189 2883 2244 fidei.
2937 2187 3064 2243 Non
3108 2186 3531 2243 sacrificiorum

1883 2275 2198 2332 ambitione
2238 2276 2527 2333 delector:
2605 2277 3013 2332 tantummodo
3056 2274 3189 2348 (34),
3241 2292 3273 2331 o
3334 2274 3530 2345 homo,

1884 2384 1912 2413 «
1939 2362 2180 2420 immola
2212 2364 2327 2419 Deo
2355 2364 2710 2420 sacrificium
2740 2363 2954 2431 laudis,
2988 2366 3044 2419 et
3091 2363 3269 2420 redde
3300 2362 3531 2421 Altissi-

1881 2467 1977 2507 mo
2007 2456 2138 2507 vota
2172 2453 2449 2521 tua(lbid.
2488 2454 2595 2521 14).
2632 2475 2658 2502 ››

1948 2540 2038 2595 68.
2071 2542 2185 2595 Aut
2213 2546 2388 2607 certe,
2416 2541 2466 2597 si
2498 2540 2707 2613 placet,
2739 2541 2822 2597 sic
2839 2538 3219 2613 accipiamus.
3243 2538 3530 2605 Quoniam

1877 2627 2023 2683 dixit
2042 2629 2406 2685 obdormisse
2427 2646 2708 2685 somnum
2744 2646 2919 2685 suum
2937 2628 3166 2694 divites,
3190 2629 3533 2701 increpatio-

1878 2734 1982 2773 nes
2042 2718 2322 2789 praemisit
2351 2718 2588 2774 Domini
2635 2717 2695 2773 in
2726 2734 2847 2786 eos,
2876 2722 3156 2774 terrorem
3208 2717 3528 2785 subtexuit,

1878 2805 2194 2878 potentiam
2231 2806 2582 2877 praedicavit,
2628 2806 2723 2862 cui
2781 2824 2888 2862 nec
2943 2804 3151 2861 divites
3179 2789 3525 2875 .resistant;

1877 2911 2193 2951 conversus
2252 2894 2323 2949 ad
2385 2894 2687 2950 universus
2744 2894 2856 2950 ait:
2916 2893 3131 2950 Divitcs
3187 2894 3526 2964 dormitent,

1875 2983 2084 3039 divites
2118 2983 2521 3054 increpentur:
2574 3000 2675 3040 vos
2705 3006 2735 3034 «
2768 2986 2949 3049 orate,
2980 2986 3037 3038 et
3067 2983 3291 3040 reddite
3329 2983 3527 3040 Domi-

1875 3088 1950 3127 no
1972 3072 2086 3127 Deo
2109 3075 2299 3126 vostro
2330 3088 2552 3139 omnes,
2593 3072 2693 3144 qui
2724 3073 2781 3127 in
2815 3072 3059 3127 circuitu
3118 3072 3246 3143 ejus
3303 3073 3527 3129 atl'ertis

1874 3177 2119 3215 munera
2148 3160 2317 3231 (Psal.
2356 3177 2515 3216 Lxxv.
2566 3162 2675 3231 12),
2711 3183 2739 3211 ››
2789 3161 2846 3215 id
2922 3164 3029 3229 est,
3071 3159 3291 3233 gratias
3348 3162 3523 3234 agite,

1873 3248 2325 3320 pauperes,quia
2354 3264 2467 3303 non
2499 3253 2588 3304 est
2618 3265 2997 3320 personarum
3030 3252 3299 3320 acceptor
3348 3250 3519 3305 Deus.

123 3338 286 3395 tionis
315 3338 654 3395 adhibuerit
696 3332 774 3394 ‘ad
836 3338 1284 3405 confessionem,
1325 3338 1479 3394 diem
1539 3338 1751 3393 festum
1784 3330 1826 3397 C
1865 3336 1953 3393 Illi
1984 3336 2214 3392 divitias
2245 3340 2498 3405 struant,
2551 3336 2806 3392 condant
2859 3336 3189 3408 pecuniam,
3238 3336 3366 3392 auri
3413 3354 3520 3410 ag-

121 3427 321 3483 mentis
352 3427 673 3483 celebrabit
700 3428 1100 3498 arcano(Psal.
1149 3444 1312 3491 Lxxv,
1370 3426 1475 3498 tl),
1507 3431 1565 3481 et
1620 3443 1761 3497 epu-

121 3513 325 3571 labitur
361 3533 484 3572 non
516 3515 573 3569 in
610 3516 891 3571 fermento
936 3514 1174 3571 malitiae
1218 3523 1274 3572 et
1303 3514 1612 3588 nequitiae;
1661 3515 1758 3571 sed

122 3601 175 3658 in
204 3604 416 3678 azymis
449 3604 807 3661 sinceritatis
835 3608 893 3660 et
927 3604 1187 3659 veritatis
1213 3604 1259 3675 (ι
1289 3605 1408 3660 Cor.
1442 3621 1498 3668 v,
1540 3604 1617 3672 8).

182 3693 266 3747 67.
297 3697 508 3766 Itaque
537 3693 595 3748 in
620 3692 991 3749 conclusione
1023 3709 1337 3749 conversus
1371 3694 1443 3748 ad
1470 3709 1570 3749 vos
1624 3692 1761 3747 Pro-

121 3779 283 3851 pheta
310 3782 456 3838 dicit
488 3799 500 3837 :
539 3781 761 3853 «Orate,
799 3785 857 3837 et
881 3781 1106 3837 reddite
1135 3781 1381 3837 Domino
1426 3782 1541 3836 Deo
1572 3785 1762 3837 vestro

122 3868 278 3937 (Psat.
327 3888 496 3937 Lxxv,
559 3870 669 3939 t2),
713 3893 739 3921 ››
790 3870 846 3925 id
898 3875 987 3926 est
1046 3887 1060 3925 :
1118 3870 1312 3925 Nolite
1363 3868 1761 3936 dissimulare,

124 3955 339 4027 divites,
372 3960 506 4015 dies
527 3958 726 4024 instat,
760 3964 919 4015 orate
944 3976 1049 4031 pro
1081 3959 1332 4030 peccatis
1368 3958 1598 4025 vestris,
1633 3958 1763 4013 red-

127 4044 232 4102 dite
262 4065 364 4120 pro
395 4048 704 4104 beneflciis
756 4065 883 4120 quae
942 4046 1169 4103 habetis
1201 4063 1463 4102 munera.
1497 4046 1580 4102 Ab
1636 4046 1761 4119 ipso

124 4135 414 4207 accepistis
448 4136 605 4208 quod
635 4136 917 4191 offeratis:
947 4135 1137 4208 ipsius
1168 4139 1257 4190 est
1286 4135 1441 4207 quod
1482 4134 1533 4190 ei
1588 4133 1760 4189 solvi-

122 4221 211 4278 tis.
249 4224 431 4289 Dona,
472 4224 663 4295 inquit
689 4225 733 4295 (I
756 4225 944 4279 Paral.
997 4242 1151 4290 xxrx,
1188 4225 1299 4295 14),
1333 4240 1483 4289 mea,
1516 4228 1573 4278 et
1627 4222 1762 4277 data

123 4325 261 4379 mea,
294 4312 400 4369 hoc
442 4317 555 4378 est,
594 4328 722 4384 qua:
770 4312 986 4369 offertis
1034 4312 1176 4367 mihi
1215 4313 1391 4381 dona,
1432 4312 1571 4367 data
1624 4315 1763 4366 sunt

123 4413 260 4464 mea,
288 4416 394 4473 ego
424 4419 497 4457 ea
556 4401 687 4456 dedi
753 4400 917 4456 vobis
970 4405 1145 4473 atque
1209 4400 1437 4455 donavi.
1500 4398 1761 4471 Denique

123 4486 394 4560 Propheta
450 4490 533 4544 nit
574 4506 586 4543 :
632 4512 659 4538 ‹‹
702 4489 995 4545 Bonorum
1048 4506 1311 4545 meorum
1364 4505 1479 4545 non
1532 4488 1761 4560 indiges

124 4574 279 4644 (Paul.
303 4596 396 4646 xv,
426 4577 507 4647 2),
544 4600 565 4625 ι
604 4577 730 4633 ideo
762 4582 865 4633 tua
894 4578 997 4634 tibi
1031 4578 1227 4646 oll‘ero,
1279 4578 1558 4650 quoniam
1612 4575 1760 4631 nihil

122 4661 295 4721 habeo
325 4667 480 4738 quod
509 4683 620 4721 non
653 4667 865 4722 dedisti
899 4667 1068 4723 Fides
1096 4671 1185 4723 est
1232 4684 1358 4739 qua:
1415 4668 1569 4722 dona
1625 4682 1761 4721 con-

123 4752 293 4822 ciliat,
325 4754 636 4810 humilitas
668 4759 755 4811 est
785 4772 913 4828 quae
945 4754 1142 4811 oblata
1181 4755 1574 4810 commendat.
1633 4754 1764 4810 Fide

121 4840 249 4897 Abel
280 4842 598 4915 plurimam
640 4843 893 4900 hostiam
925 4843 1140 4900 obtulit
1186 4843 1333 4899 Deo:
1390 4858 1567 4915 super
1621 4842 1759 4897 Cain

124 4928 309 4987 fratris
354 4948 605 4988 munera
629 4932 848 5005 placuit
877 4949 1094 4988 munus
1114 4931 1276 4999 Abel,
1311 4930 1450 5004 quia
1471 4931 1581 4987 fide
1606 4931 1760 4987 vicit.

123 5016 259 5074 Nam
290 5021 445 5076 unde
502 5028 776 5094 pauperis
832 5021 1026 5077 hostia
1084 5019 1293 5092 magis,
1336 5036 1514 5092 quam
1564 5019 1761 5075 divitis

187 5134 293 5206 (33)
322 5135 450 5190 Vet.
483 5135 623 5192 edit.
670 5140 727 5192 et
782 5153 951 5209 mss.
990 5136 1159 5209 longe
1219 5134 1479 5208 plurimi,
1520 5135 1763 5209 Reddite

124 5204 177 5257 in
201 5204 487 5333 pauperes,
521 5209 577 5262 in
635 5223 828 5279 egenos
874 5204 1121 5275 solvite;
1148 5204 1235 5261 in‘
1261 5210 1447 5278 inapes
1496 5208 1759 5278 fenerate,

124 5288 300 5333 quaen
388 5295 483 5333 are
541 5283 750 5333 possint
782 5280 948 5333 Deum
1001 5282 1165 5333 (mss.
1218 5278 1458 5333 aliauot.
1517 5283 1582 5333 In
1642 5279 1759 5333 illos

124 5288 240 5350 quae
263 5278 483 5347 placare
538 5278 750 5349 possint
782 5280 948 5334 Deum
1001 5282 1165 5350 (mss.
1218 5278 1458 5350 aliquot,
1517 5283 1582 5335 In
1642 5279 1763 5333 illos

126 5346 306 5423 inopes
354 5346 620 5419 [εκεῖ-ἁτε,
677 5352 776 5423 qui
819 5346 1034 5423 placere
1083 5346 1465 5422 possint‘Deo)
1540 5359 1763 5423 propter

125 5416 606 5488 ﬂagitiu'vestra;
662 5416 834 5477 dlitef
884 5424 1032 5478 enim
1083 5416 1224 5476 'non
1300 5416 1553 5491 potestisf
1623 5416 1762 5491 Erqo

126 5502 366 5556 quem...
416 5492 578 5561 facite
632 5494 780 5549 vobis
827 5508 953 5548 eum
1022 5492 1335 5548 debitorem.
1398 5492 1564 5547 Rom.
1621 5492 1759 5546 edit.

129 5572 252 5635 cum
280 5564 496 5628 nostra,
529 5579 715 5635 usque
762 5564 834 5619 ad
875 5579 1074 5619 vocem
1118 5565 1382 5634 lemmate,
1435 5561 1758 5635 consentit;

130 5632 323 5686 cetera
349 5647 481 5689 cum
512 5632 638 5690 vet:
658 5635 929 5690 Nostram
960 5650 1094 5690 vero
1119 5632 1266 5689 'mss.
1317 5637 1443 5687 octo
1503 5632 1761 5687 melioris

132 5700 223 5779 aevi
253 5703 637 5779 constituunt.
680 5706 822 5779 Eam
855 5722 1025 5779 porro
1056 5704 1187 5760 aliis
1218 5703 1386 5779 facile
1414 5704 1759 5779 prgetpleris,

134 5774 184 5826 at
209 5771 630 5834 animadvertas
654 5771 962 5837 relativum
996 5793 1156 5848 quem
1189 5774 1388 5832 referri
1414 5771 1501 5831 'ad
1552 5774 1760 5843 Deum,

1866 4575 2139 4633 terrribili
2174 4577 2327 4649 apud
2380 4593 2541 4649 rcges
2599 4582 2764 4632 terra:
2801 4577 2960 4649 (Ibid.
3005 4578 3131 4645 I3);
3172 4600 3198 4627 ››

1793 4698 1839 4761 D
1871 4665 2033 4721 nullo
2063 4666 2385 4721 redimatur
2436 4664 2632 4761 divitis
2670 4666 2929 4737 praemio,
2974 4665 3134 4723 nullo
3192 4666 3523 4723 inflectatur

1870 3430 2073 3499 gerent
2101 3431 2157 3480 et
2194 3426 2418 3497 argenti
2453 3425 2791 3481 thesauros:
2825 3442 2927 3481 vos
2980 3430 3157 3493 orate,
3212 3425 3311 3498 qui
3358 3424 3519 3482 aliud

1873 3532 1988 3571 non
2019 3514 2280 3570 habetis:
2315 3532 2416 3571 vos
2446 3520 2625 3583 orate,
2676 3516 2816 3588 quia
2861 3514 2970 3573 hoc
3018 3514 3211 3571 solum
3262 3514 3515 3584 habetis,

1871 3604 2027 3676 quod
2056 3609 2144 3659 est
2174 3621 2315 3659 auro
2349 3605 2661 3675 pretiosius
2689 3610 2747 3660 et
2806 3608 3065 3678 argento.
3098 3604 3235 3662 'Vos
3290 3604 3518 3660 reddite

1872 3709 2117 3748 munera
2147 3693 2244 3764 qui
2280 3710 2312 3748 a
2341 3693 2586 3749 Domino
2626 3710 2742 3749 non
2775 3694 3063 3761 receditis,
3106 3693 3208 3766 qui
3261 3693 3402 3751 estis
3460 3693 3520 3748 in

1871 3781 2146 3847 circuitu;
2209 3781 2485 3853 quoniam
2544 3781 2645 3852 qui
2687 3781 2864 3837 eratis
2918 3781 3096 3855 longe
3156 3782 3290 3838 facti
3376 3782 3521 3837 estis

1872 3880 2069 3942 prope.
2127 3870 2230 3935 Qui
2281 3874 2475 3925 autem
2526 3886 2704 3941 prope
2752 3869 2864 3926 sibi
2918 3870 3189 3925 videntur
3241 3886 3371 3943 esse
3420 3886 3524 3942 per

1872 3957 2103 4013 divitias
2129 3974 2194 4012 ac
2253 3959 2595 4029 potentiam,
2654 3959 2823 4031 longe
2876 3959 3008 4015 facti
3064 3962 3205 4015 sunt
3287 3961 3524 4030 propter

1871 4045 2196 4100 avaritiam.
2230 4044 2409 4100 Nemo
2440 4047 2595 4101 enim
2626 4047 2764 4102 foris
2794 4052 2900 4114 est,
2948 4047 3061 4103 nisi
3120 4062 3295 4118 quem
3348 4044 3523 4117 culpa

1869 4132 2199 4199 excluserit,
2231 4138 2296 4188 ut
2324 4134 2494 4205 ejecit
2529 4136 2713 4189 Adam
2745 4136 2817 4189 de
2874 4134 3165 4207 paradiso,
3220 4137 3277 4190 et
3328 4132 3522 4189 exclu-

1871 4222 1948 4277 sit
1977 4223 2174 4277 Evam.
2219 4222 2404 4277 Nemo
2433 4220 2625 4294 longe,
2663 4222 2775 4276 nisi
2809 4239 2983 4294 quem
3012 4221 3234 4295 ﬂagitia
3292 4221 3525 4294 prepria

1871 4309 2274 4383 relegaverint.

1940 4399 2028 4454 69.
2063 4400 2209 4470 Ergo
2240 4415 2341 4453 vos
2373 4415 2550 4471 prope
2574 4399 2743 4470 positi
2768 4403 2925 4455 orate
2955 4404 3012 4454 et
3035 4399 3256 4456 reddite
3278 4416 3524 4455 munera

1875 4486 2199 4555 «terribili,
2250 4491 2308 4543 et
2356 4488 2406 4541 ei
2466 4489 2563 4559 qui
2597 4488 2790 4543 aufert
2840 4488 3173 4561 principum
3225 4488 3520 4562 spiritum,

3247 4595 3313 4634 eo
3364 4579 3520 4651 quod

1872 4754 2199 4825 potentium
2231 4752 2563 4825 supercilio,
2598 4754 2695 4826 qui
2722 4754 2905 4827 culpae
2927 4754 3111 4828 pretia
3131 4754 3521 4820 discriminat,

1873 4843 1970 4914 qui
1999 4860 2114 4913 quo
2145 4842 2278 4915 plus
2309 4841 2481 4897 alicui
2522 4843 2849 4912 contulerit,
2908 4862 2975 4900 eo
3034 4843 3167 4916 plus
3214 4844 3393 4916 exigit
3448 4844 3519 4898 ab

1871 4946 1958 4986 eo.
1994 4930 2130 4986 Saul
2164 4931 2385 5002 privato
2416 4931 2662 4986 contulit
2710 4948 2980 5005 regnum,
3034 4930 3133 4987 sed
3181 4931 3320 5001 quia
3351 4946 3521 4985 man-

1872 5020 2076 5073 datum
2110 5035 2223 5072 non
2238 5018 2573 5085 custodivit,
2591 5023 2647 5073 ct
2660 5035 2908 5090 regnum
2928 5018 3196 5074 amisitet
3219 5017 3520 5090 spiritum.

1915 5132 1975 5205 ui
2000 5132 2059 5187 in
2092 5132 2342 5205 singulis
2380 5132 2583 5187 incisis
2640 5132 3100 5205 subintelligitur
3155 5132 3265 5187 hoc
3314 5136 3521 5205 pacto:

1915 5150 1975 5187 u1
2000 5150 2059 5187 In
2092 5150 2342 5205 smguus
2380 5150 2583 5187 IDCISIS
2640 5150 3100 5205 suointeuiguur
3155 5150 3265 5187 noc
3314 5150 3521 5203 pacto:

1872 5150 2093 5283 Reddite
2121 5206 2189 5283 in_
2218 5219 2472 5283 paupere,
2517 5202 2740 5283 supple
2760 5205 3163 5283 Deqmunera;
3202 5208 3260 5258 et
3313 5205 3402 5258 sic
3446 5203 3524 5283 de

1871 5275 2121 5331 caeteris.
2155 5275 2264 5329 Sed
2301 5274 2432 5327 licet
2468 5274 2652 5346 etiam
2693 5274 3020 5345 simplicius
3079 5291 3181 5346 per
3234 5290 3403 5346 voces
3460 5276 3523 5329 in

1867 5362 2128 5428 paupere,
2151 5348 2208 5400 in
2239 5361 2423 5414 egeno,
2450 5344 2751 5428 Qbristum
2768 5344 3154 5428 designatum
3179 5344 3521 5428 intelligere.

1942 5415 2053 5488 (34)
2086 5418 2171 5472 Ita
2220 5432 2361 5470 mss.
2413 5415 2635 5489 aliquot
2670 5415 3138 5489 Aantisquissimee
3187 5415 3525 5489 manus._Et

1872 5486 1981 5544 hoc
2014 5486 2166 5543 certe
2216 5504 2348 5543 cum
2399 5486 2798 5561 superioribus
2858 5486 3048 5561 magis
3104 5488 3375 5561 concinit.
3410 5487 3523 5561 Nec

1870 5565 2065 5615 tamen
2100 5558 2741 5631 aspernandafaliorum
2776 5575 2917 5631 mss.
2952 5558 3124 5631 atque
3172 5560 3310 5631 edit.
3353 5558 3521 5615 lectio

1874 5648 2003 5703 quae
2034 5639 2122 5687 est
2151 5629 2489 5703 bujusmodi
2525 5647 2538 5685 :
2572 5630 2757 5685 Studia
2787 5629 3087 5686 devotionis
3117 5635 3171 5687 et
3198 5630 3349 5703 ﬁdei,
3410 5646 3523 5686 non

1869 5702 2267 5773 sacriﬁciorum
2294 5702 2589 5758 ambitione
2625 5703 2873 5759 delector.
2909 5702 3315 5770 Tantummodo,
3338 5704 3447 5757 etc.
