3866 6212
285 403 402 475 ’191

1745 406 1812 471 Β.
1857 403 2239 472 AMBROSII
3584 400 3693 466 '19!

288 544 504 603 Multos
534 559 700 619 reges
728 543 991 619 gentium
1024 546 1255 618 propter
1283 540 1585 616 perfidiam
1618 540 1752 600 fecit
1774 558 1805 598 e
1839 558 1933 614 po-
1963 544 2017 610 Α
2046 560 2161 599 non
2221 540 2446 615 putavit
2495 557 2624 599 esse
2681 539 3054 613 servandum,
3110 538 3265 613 quod
3342 538 3695 613 promiserat

290 634 431 709 pulo
460 639 697 708 patrum
752 652 882 691 esse
939 634 1195 707 captivos
1253 635 1383 703 (37,.
1446 634 1507 687 Et
1566 637 1631 687 ut
1682 635 1805 703 jam
1865 632 1935 686 de

291 724 591 797 proposita
622 724 931 796 loquamur
962 723 1205 779 historia
1235 724 1331 791 (III
1362 725 1484 791 Reg.
1523 739 1634 784 xxi,
1674 722 1781 790 12)),
1835 719 1935 790 qui

289 813 492 869 Achab
523 831 716 885 regem
760 812 1093 868 cmlestibus
1149 812 1446 883 ingratum
1506 810 1803 865 henciiciis
1858 810 1940 864 ita

284 902 471 975 jussit
498 902 702 969 occidi,
735 906 799 956 ut
830 920 863 956 a
896 902 1138 956 canibus
1167 902 1296 972 ejus
1325 899 1566 956 vulnera
1612 898 1939 954 lamberen-

290 994 405 1046 tur.
444 990 673 1045 Etenim
732 991 874 1061 quia
928 989 1204 1061 pauperis
1254 989 1483 1044 vineam
1545 987 1938 1059 concupierat,

290 1095 660 1151 nequaquam
694 1080 877 1134 tantis
906 1078 1117 1151 Opibus
1159 1078 1425 1149 expletus
1480 1076 1733 1149 imperii,
1791 1075 1943 1131 infra

291 1183 526 1224 omnem
550 1166 808 1239 inopiam
840 1167 1113 1223 redactus
1147 1172 1235 1222 est
1264 1184 1297 1221 a
1327 1166 1593 1222 Domino.
1654 1166 1779 1220 Non
1841 1164 1941 1236 qui

291 1256 532 1312 vulnera
562 1258 689 1326 ejus
722 1255 964 1326 lavaret,
998 1255 1269 1310 inventus
1298 1261 1404 1322 est,
1437 1271 1551 1309 non
1584 1252 1683 1324 qui
1732 1269 1943 1323 corpus

294 1345 564 1417 operiret.
601 1345 818 1399 Defecit
849 1345 1003 1399 circa
1032 1360 1167 1399 eum
1217 1344 1523 1398 hominum
1581 1343 1941 1406 humanitas,

294 1450 506 1489 canum
533 1433 815 1488 successit
846 1432 1148 1503 asperitas.
1188 1432 1400 1503 Dignos
1430 1431 1599 1503 plane
1630 1432 1721 1487 sui
1774 1431 1945 1485 mini-

294 1526 447 1578 stros
479 1521 700 1576 funeris
731 1537 941 1575 avarus
974 1519 1213 1575 invenit.

814 1682 960 1737 587
996 1680 1225 1737 CAPUT
1255 1682 1424 1735 XVII.

298 1791 415 1844 Cur
442 1788 641 1852 Achab,
674 1789 767 1842 cui
795 1789 934 1842 Deus
961 1788 1026 1842 ob
1050 1788 1437 1859 paenitentiam
1476 1790 1594 1855 eius
1623 1788 1948 1859 promiserat

368 1862 603 1925 veniam,
632 1862 815 1914 tamen
848 1862 1017 1913 rictus
1050 1869 1213 1930 atque
1260 1861 1463 1913 occisus
1517 1862 1688 1929 fuerit
1722 1877 1734 1913 :
1785 1859 1949 1928 hujus

369 1934 456 1986 rei
495 1931 697 2002 duplex:
725 1932 912 1985 ratio:
964 1930 1106 1983 unde
1161 1930 1520 1999 concluditur,
1581 1933 1747 1985 etiam
1797 1931 1948 1985 iudi-

366 2005 494 2072 gnis
518 2004 791 2073 promissa
821 2018 922 2056 sua
955 2003 1121 2057 Deum
1149 2018 1391 2057 servare.

364 2146 455 2199 70.
491 2144 607 2201 Hoc
637 2143 761 2200 loco
791 2144 978 2200 oritur
1006 2143 1150 2198 illud
1168 2142 1525 2215 quaestionis,
1550 2143 1844 2214 quomodo
1865 2140 1945 2197 le-

296 2233 492 2306 gimus
522 2234 738 2288 dixisse
772 2233 1081 2289 Dominum
1114 2236 1185 2287 ad
1217 2231 1435 2287 Eliam:
1476 2231 1726 2286 «Vidisti
1748 2247 1947 2302 quem-

297 2321 616 2377 admodum
673 2328 1005 2377 commotus
1086 2325 1176 2376 est
1228 2320 1425 2375 Achab
1481 2338 1515 2375 a
1570 2320 1713 2375 facie
1774 2321 1948 2375 mea?

298 2409 422 2465 Non
459 2410 731 2464 inducam
763 2409 822 2463 in
856 2409 1060 2464 diebus
1090 2410 1217 2478 ejus
1256 2408 1432 2473 mala,
1465 2409 1567 2464 sed
1621 2408 1680 2462 in
1741 2408 1946 2464 diebus

299 2498 404 2553 ﬁlii
433 2499 562 2569 ejus
592 2498 868 2552 inducam
901 2497 1055 2552 mala
1102 2498 1197 2569 (Ill
1253 2503 1383 2564 Reg.
1444 2514 1556 2564 x01,
1589 2498 1702 2565 29).
1741 2520 1767 2545 η
1831 2501 1949 2551 Aut

297 2587 590 2659 quomodo
621 2586 874 2642 dicimus
912 2587 1050 2658 quia
1078 2586 1228 2641 valet
1258 2586 1411 2658 apud
1456 2585 1770 2641 Dominum
1830 2603 1945 2657 pce-

298 2675 544 2731 nitentia
566 2680 592 2729 ?
622 2676 761 2731 Ecce
803 2692 901 2730 rex
931 2680 1260 2731 commotus
1290 2680 1380 2731 est
1425 2681 1559 2730 ante
1592 2674 1797 2729 faciem
1832 2674 1945 2729 Do-

297 2763 466 2832 mini,
515 2786 537 2813 ι
591 2769 648 2819 et
702 2764 824 2818 ibat
872 2763 1130 2835 plorans,
1162 2768 1219 2817 et
1278 2762 1562 2818 conscidit
1600 2762 1949 2818 vestimenta

299 2868 430 2919 sua,
461 2857 517 2907 et
545 2852 775 2921 operuit
806 2869 867 2906 se
894 2852 1103 2916 cilicio,
1136 2856 1195 2906 et
1223 2856 1347 2906 erat
1391 2852 1630 2905 indutus
1662 2868 1827 2905 sacco
1882 2867 1950 2905 ex

301 2938 402 2994 illo
432 2939 525 2993 die
554 2956 666 3009 quo
720 2938 1010 2994 interfecit
1040 2939 1305 2994 Nabuthe
1360 2938 1726 2995 Jezraelitam
1788 2939 1947 3011 (Ibid.

298 3028 433 3098 27);
466 3049 495 3077 »
520 3026 600 3082 ita
639 3032 703 3081 ut
733 3032 912 3083 Deum
970 3027 1371 3083 misericordia
1425 3033 1835 3094 commoveret,
1894 3033 1952 3084 et

300 3120 557 3171 mutaret
594 3115 968 3172 sententiam.
1016 3118 1165 3189 Ergo
1222 3120 1324 3172 aut
1377 3118 1776 3189 paenitentiam
1834 3134 1949 3172 non

299 3203 503 3273 valuit,
537 3221 642 3261 nec
688 3206 911 3261 inﬂexit
964 3205 1277 3261 Dominum
1330 3205 1789 3271 misericordem,
1848 3211 1951 3261 aut

2045 632 2381 688 conﬁdentL

2116 724 2204 774 72.
2264 722 2470 792 Accipe
2526 721 2686 777 aliud
2751 721 2982 777 verius:
3043 724 3100 776 et
3159 719 3405 791 indigno
3457 719 3694 776 servavit

2046 810 2330 866 Dominus
2388 817 2648 867 tenorem
2701 810 3003 866 sententias
3058 826 3198 874 suae,
3254 810 3356 865 sed
3424 808 3696 864 beneﬁcia

2048 899 2198 956 circo
2229 917 2293 957 se
2338 900 2536 957 divina
2571 900 2699 972 ipse
2753 917 2865 954 non
2897 899 3107 955 tenuit.
3143 898 3429 954 Intulerat
3486 897 3694 954 bellum

2049 1005 2149 1046 rex
2177 989 2390 1061 Syriae:
2424 988 2610 1044 victus
2640 994 2729 1045 est
2761 988 2871 1060 (36)
2904 993 2962 1045 et
2998 991 3265 1044 servatus
3299 988 3371 1042 ad
3428 986 3693 1042 veniam:

2050 1079 2314 1149 captivus
2347 1078 2497 1134 588
2530 1095 2762 1150 quoque
2801 1079 3070 1133 libertate
3099 1076 3373 1141 donatus,
3407 1080 3468 1131 et
3498 1076 3697 1131 remis-

2051 1185 2154 1222 sus
2186 1167 2256 1222 ad
2303 1184 2547 1239 regnum
2577 1172 2687 1222 est.
2738 1166 2901 1230 Quod
2946 1166 3056 1220 fuit
3111 1164 3320 1220 divinae
3379 1164 3696 1229 sententia,

2052 1273 2167 1312 non
2197 1255 2387 1312 solum
2441 1256 2624 1311 evasit
2651 1254 2869 1322 Achab,
2903 1256 3005 1311 sed
3036 1254 3214 1310 etiam
3261 1252 3648 1326 triumphavit
3682 1271 3694 1308 :

2052 1346 2208 1417 quod
2238 1345 2425 1416 ipsius
2457 1345 2718 1417 ignaviae,
2752 1345 2979 1400 hostem
3010 1343 3124 1399 sibi
3157 1360 3191 1399 a
3221 1360 3337 1415 quo
3355 1342 3700 1413 vinceretur,

2053 1434 2319 1488 armavit.
2356 1435 2425 1488 Et
2456 1439 2612 1488 certe
2641 1434 2829 1489 fuerat
2859 1432 3121 1488 monitus
3149 1449 3184 1487 a
3213 1431 3495 1504 propheta
3515 1432 3700 1487 dicen-

2054 1527 2146 1577 te:
2181 1546 2209 1573 ‹‹
2242 1522 2538 1593 Cognosce
2569 1527 2626 1577 et
2654 1522 2785 1577 vide
2825 1521 2963 1592 quid
3023 1521 3204 1577 facias
3263 1521 3364 1591 (III
3398 1524 3525 1592 Reg.
3582 1538 3701 1589 χχι,

2052 1615 2165 1679 22).
2202 1634 2229 1659 ››
2281 1611 2560 1678 Monitus,
2612 1611 2872 1682 inquam,
2924 1613 3068 1676 erat,
3140 1627 3207 1666 eo
3274 1610 3429 1681 quod
3496 1609 3702 1681 Syriae:

2055 1700 2209 1772 regis
2241 1699 2435 1771 pueris
2479 1700 2789 1756 deberetur
2836 1698 3087 1755 ccelestis
3137 1699 3337 1771 gratiae
3394 1698 3704 1763 auxilium,

2057 1790 2334 1860 quoniam
2368 1787 2613 1845 dixisset
2646 1808 2658 1843 :
2697 1810 2725 1839 α
2756 1789 2910 1845 Deus
2940 1788 3255 1854 montium,
3314 1788 3459 1843 deus
3505 1786 3700 1855 Israel,

2057 1884 2113 1933 et
2146 1895 2258 1932 non
2292 1878 2446 1934 Deus
2477 1877 2651 1933 Baal:
2688 1882 2922 1950 propter
2979 1877 3108 1944 hoc,
3168 1876 3381 1948 inquit,
3439 1877 3707 1935 obtinue-

2055 1970 2193 2021 runt
2225 1983 2327 2036 pro
2370 1965 2557 2021 nobis.
2622 1966 2691 2020 Et
2747 1964 2899 2033 ideo,
2949 1963 3163 2035 inquit,
3237 1964 3289 2019 si
3346 1980 3465 2019 non
3541 1962 3707 2035 plene

2052 2053 2483 2111 obtinuerimus
2515 2071 2635 2123 eos,
2670 2053 2730 2108 in
2760 2052 2957 2109 locum
2988 2053 3165 2125 Syriae
3222 2053 3379 2126 regis
3438 2057 3706 2125 satrapas

2052 2142 2339 2199 constitue
2369 2143 2464 2214 (III
2495 2144 2621 2211 Reg.
2654 2158 2749 2209 xx,
2787 2144 3014 2212 25-28);
3056 2165 3076 2190 ι
3106 2145 3171 2196 ut
3199 2141 3478 2196 virtutem
3508 2140 3625 2195 illis
3651 2144 3708 2196 et

2055 2232 2368 2303 potentiam
2402 2231 2553 2300 regis
2583 2231 2851 2285 auferret.
2888 2231 3146 2301 Denique
3172 2229 3362 2302 primo
3388 2244 3708 2301 congressu

2052 2320 2208 2385 vicit,
2244 2323 2309 2374 ut
2356 2318 2583 2391 fugaret
2621 2318 2888 2374 hostem:
2950 2319 3207 2374 secundo
3264 2318 3423 2386 vicit,
3474 2319 3709 2389 quando

2056 2412 2296 2479 captum
2329 2406 2575 2479 imperio
2607 2424 2714 2463 suo
2746 2406 3020 2462 reddidit.
3053 2408 3177 2472 Qua
3206 2423 3383 2462 causa
3440 2406 3715 2476 vincendi

2054 2497 2182 2566 ejus
2212 2496 2447 2551 evidens
2478 2495 2779 2551 resultavit
2824 2494 3150 2561 oraculum,
3201 2495 3431 2551 dicente
3471 2512 3590 2551 uno
3644 2512 3714 2552 ex

2056 2584 2193 2639 {iliis
2226 2584 2643 2657 prophetarum
2675 2585 2747 2639 ad
2777 2583 3108 2656 proximum
3160 2601 3336 2639 suum
3382 2601 3394 2639 :
3440 2608 3468 2633 ‹‹
3506 2584 3714 2640 Occide

2060 2690 2179 2728 me.
2238 2674 2305 2727 Et
2336 2673 2520 2728 noluit
2544 2673 2717 2728 homo
2783 2673 3043 2729 occidere
3073 2689 3230 2729 eum.
3290 2674 3358 2728 Et
3415 2673 3712 2729 dixiton

2057 2762 2212 2832 quod
2244 2778 2360 2817 non
2391 2762 2638 2817 obedisti
2671 2762 2844 2817 verbo
2894 2761 3146 2828 Domini,
3180 2778 3311 2818 ecce
3370 2765 3435 2816 tu
3494 2762 3715 2817 recedis

2056 2867 2091 2904 a
2122 2866 2233 2915 me,
2294 2856 2352 2905 et
2415 2850 2725 2905 interﬁciet
2755 2855 2811 2906 te
2850 2849 2964 2906 leo.
3005 2851 3073 2905 Et
3113 2850 3352 2905 recessit
3397 2850 3474 2905 ab
3523 2866 3613 2918 eo,
3659 2854 3713 2905 et

2056 2937 2277 2993 invenit
2305 2955 2438 2992 eum
2470 2938 2580 3004 leo,
2611 2943 2669 2993 et
2696 2937 2986 2994 interfecit
3005 2954 3139 2994 eum
3164 2938 3324 3007 (Ibid.
3355 2939 3450 3004 35,
3481 2940 3577 3010 36)
3598 2962 3624 2987 ››
3644 2938 3711 2993 Et

2058 3031 2191 3098 post
2222 3026 2329 3082 hoc
2360 3027 2511 3082 alius
2533 3026 2817 3098 propheta
2853 3027 3042 3082 astitit
3079 3030 3211 3083 ante
3257 3042 3455 3100 regem
3520 3026 3714 3093 Israel,

2057 3120 2114 3171 et
2151 3116 2298 3170 dixit
2327 3118 2398 3171 ad
2430 3132 2597 3172 eum:
2633 3139 2659 3166 ‹‹
2695 3116 2823 3171 Haec
2864 3116 3005 3172 dicit
3060 3116 3363 3171 Dominus.
3426 3116 3714 3181 Quoniam

2060 3203 2339 3259 dimisisti
2371 3212 2429 3259 tu
2469 3203 2657 3260 virum
2690 3204 3194 3260 exterminationis
3225 3205 3298 3260 de
3345 3222 3531 3260 manu
3593 3209 3714 3274 tua,

297 3293 600 3350 oraculum
632 3293 845 3349 falsum
885 3299 991 3350 est.
1027 3295 1171 3349 Nam
1214 3293 1411 3349 Achab
1443 3299 1500 3350 et
1556 3294 1745 3351 victus
1774 3300 1863 3350 est
1891 3300 1948 3351 et
1977 3280 2019 3347 C
2055 3309 2187 3348 ecce
2216 3293 2415 3348 anima
2442 3298 2544 3348 tua
2573 3310 2676 3365 pro
2717 3293 2915 3349 anima
2943 3292 3123 3359 illius,
3181 3296 3240 3348 et
3268 3292 3528 3365 papulus
3584 3298 3718 3349 tuus

300 3382 527 3439 occisus
559 3383 652 3454 (Ill
682 3385 805 3454 Reg.
839 3401 975 3451 χχιι,
1016 3384 1128 3451 35).

336 3528 339 3533 _
367 3472 458 3525 71.
493 3470 604 3526 Sed
636 3472 942 3527 considera
970 3472 1110 3542 quia
1143 3471 1375 3527 Jezabel
1418 3471 1671 3527 habebat
1710 3488 1949 3527 uxorem

301 3559 399 3629 (111
429 3560 556 3628 Reg.
599 3575 715 3625 χχι,
769 3562 881 3630 25),
931 3562 1102 3631 cujus
1151 3559 1631 3616 inﬂammabatur
1686 3561 1947 3628 arbitrio,

300 3663 431 3718 quae
462 3646 744 3701 convertit
773 3664 870 3701 cor
900 3649 1047 3717 ejus,
1071 3653 1129 3703 et
1176 3648 1373 3704 nimiis
1404 3648 1724 3721 sacrilegiis
1756 3665 1824 3704 ex
1855 3666 1950 3705 se-

296 3734 578 3790 crabilem
626 3733 792 3800 fecit;
852 3740 910 3790 et
978 3736 1135 3791 hunc
1201 3754 1336 3809 ergo
1394 3738 1521 3807 ejus
1595 3736 1949 3810 poenitentiae

298 3820 651 3878 revocaverit
680 3822 972 3877 affectum.
1002 3824 1287 3878 Dominus
1319 3828 1516 3880 autem
1577 3842 1690 3881 non
1758 3829 1951 3897 potest

296 3910 601 3968 mutabilis
654 3903 952 3980 aestimari,
1016 3912 1116 3968 sed
1180 3912 1563 3969 confessionis
1616 3913 1947 3971 immemori

322 4071 483 4143 _(35)
534 4071 675 4128 Mss.
718 4071 1005 4141 nonnulli,
1041 4076 1212 4145 atque
1264 4090 1468 4130 omnes
1526 4074 1691 4139 edit.,
1751 4075 1947 4131 multos

294 4157 447 4227 reges
477 4145 720 4227 gentium
749 4153 969 4227 propter
1018 4145 1312 4227 perﬁdiam
1340 4147 1469 4227 fecit
1488 4216 1498 4227 ‘
1511 4148 1719 4227 populo
1772 4148 1937 4227 (mss.

292 4214 430 4281 duo,
460 4216 678 4287 populi)
708 4214 926 4285 patrum
965 4214 1079 4271 esse
1133 4214 1390 4287 captivos.
1436 4214 1544 4271 Alii
1590 4214 1746 4273 'mss.
1779 4214 1941 4288 'plu-

294 4302 390 4340 res
438 4302 504 4340 ac
592 4288 1007 4360 probatiores,.
1038 4290 1287 4360 .../ecit
1349 4304 1379 4343 e
1442 4289 1639 4358 populo
1718 4298 1941 4360 patrum

290 4372 415 4427 esse,
433 4360 692 4427 captivos.
724 4359 934 4413 Verum
961 4365 1063 4413 aut
1090 4359 1184 4413 hic
1216 4376 1250 4414 a
1278 4359 1534 4415 librariis
1567 4361 1717 4415 facta
1745 4365 1941 4415 trans-

295 4426 531 4507 positio,
589 4433 691 4483 aut
748 4447 789 4507 ξι·
833 4431 1218 4507 san_cto_ipso
1268 4430 1649 4507 lixperbasis;
1708 4430 1936 4486 videtur

292 4497 454 4571 enim
474 4497 636 4553 locus
667 4500 1030 4555 ordinandus
1061 4497 1169 4556 hoc
1220 4497 1425 4556 modo:
1472 4497 1671 4556 Multas
1720 4519 1868 4571 rcges
1912 4520 1942 4557 e

284 4569 491 4643 populor
512 4578 731 4643 patrum
760 4572 992 4641 (nempe
1032 4571 1451 4643 Israelitarum)
1502 4581 1723 4643 propter
1764 4569 1937 4643 perﬁ-

287 4639 441 4713 diam
462 4642 589 4713 fecit
615 4643 861 4707 gentium
888 4639 1001 4697 ease
1038 4645 1295 4713 captivos.
1331 4645 1400 4698 Et
1430 4639 1570 4699 sane
1598 4639 1779 4698 'hunc
1811 4639 1939 4700 esse
1967 4647 2014 4711 D

285 4710 581 4785 Ambrosii
609 4728 851 4785 sensum
883 4714 1025 4768 satis
1056 4710 1225 4769 docet
1254 4715 1383 4785 ipsa
1411 4715 1690 4770 orationis
1722 4717 1933 4783 series;

286 4798 423 4857 cum
454 4780 718 4838 videatur
747 4783 992 4855 exigere,
1027 4791 1230 4857 utnon
1253 4780 1329 4857 ex
1353 4786 1587 4857 regibus
1617 4780 1934 4857 gentilibus

284 4853 385 4926 qui
444 4870 665 4928 omnes
704 4870 771 4928 ex
828 4853 991 4926 aequo
1077 4856 1259 4911 Deum
1322 4853 1683 4928 ignbrabarit,
1756 4859 1934 4928 petita

283 4926 550 5000 exempla
581 4926 1046 5000 subjicerentur:
1096 4928 1195 5000 sed
1229 4926 1422 4999 potius
1451 4945 1519 4983 ex
1576 4926 1811 5000 regibus
1861 4929 1931 4983 iis

283 4996 383 5069 qui
414 4996 854 5069 cumADeumin
911 4996 1246 5069 Scripturis'
1268 5015 1615 5067 cognoscere
1644 4996 1927 5069 ‘possent,

280 5067 341 5123 in
373 5067 677 5143 perﬁdiam
704 5067 933 5143 delapsi
954 5067 1334 5143 gravissimas
1351 5067 1700 5141 captivitatis
1731 5088 1931 5143 pcenas

281 5139 668 5195 exsolverunt.
704 5140 844 5196 Vide
865 5142 935 5196 IV
960 5139 1088 5209 Reg.
1121 5156 1258 5204 xvu,
1288 5143 1378 5207 23,
1410 5139 1478 5196 24
1508 5147 1563 5197 et
1591 5144 1678 5196 25.

354 5210 462 5285 (36)
499 5211 664 5285 Rom.
699 5211 862 5279 edit.,
896 5213 1162 5267 Insulerat
1215 5214 1270 5285 ci
1325 5214 1526 5269 bellum
1576 5230 1675 5268 rex
1722 5214 1926 5285 Syriae,

280 5283 377 5355 qui
420 5290 469 5355 et
522 5283 590 5355 ab
628 5299 687 5337 eo
738 5286 912 5337 victus
942 5292 1020 5337 est
1052 5326 1063 5339 .
1093 5325 1105 5338 .
1134 5325 1179 5337 ..
1215 5284 1351 5339 Nam
1405 5287 1584 5354 primo
1638 5283 1931 5355 congressu

277 5351 457 5407 Achab
502 5354 651 5417 vicit,
709 5358 759 5408 et
804 5356 1017 5424 fugavit
1073 5356 1285 5411 hostem
1316 5374 1335 5409 :
1390 5351 1622 5412 secundo
1678 5351 1828 5417 vicit.
1878 5364 1929 5412 et

2063 3398 2165 3452 pro
2199 3381 2413 3454 populo
2446 3380 2606 3436 illius
2638 3381 2791 3453 (Ibid.
2827 3382 2939 3452 42).
2975 3403 3001 3429 n

2130 3470 2218 3524 73.
2244 3470 2452 3541 Liquet
2473 3469 2651 3543 igitur
2670 3470 2763 3526 his
2784 3470 3039 3526 oraculis
3057 3471 3213 3543 quod
3235 3469 3528 3526 Dominus
3544 3470 3719 3527 etiam

2060 3557 2213 3613 circa
2242 3559 2519 3631 indignos
2550 3560 2841 3631 promissa
2869 3576 2977 3616 sua
2997 3563 3183 3615 servet
3208 3578 3221 3626 ;
3254 3560 3354 3615 sed
3380 3559 3600 3632 impios
3621 3563 3722 3616 aut

2058 3646 2310 3701 stultitia
2341 3664 2448 3703 sua
2476 3646 2747 3718 opprimi,
2780 3652 2882 3703 aut
2909 3648 3027 3705 alia
3054 3648 3533 3720 praevaricatione
3562 3648 3723 3704 dam-

2059 3735 2206 3802 nari,
2239 3735 2471 3791 etiamsi
2493 3736 2695 3808 primae
2729 3736 3217 3807 praevaricationis
3249 3737 3494 3809 laqueos
3524 3754 3722 3793 evase-

2058 3822 2174 3878 rint
2194 3824 2286 3895 (37
2290 3824 2449 3896 ).Sed
2519 3829 2745 3896 oportet
2760 3842 2866 3881 nos
2884 3825 3077 3881 taliter
3092 3826 3546 3899 agere,ut',digni
3569 3827 3722 3883 bono

2056 3913 2411 3983 opere,omni
2420 3913 2671 3986 potentis
2684 3914 2784 3968 Dei
2797 3914 3087 3985 promissa
3099 3914 3361 3986 accipere
3378 3931 3723 3970 mereamur

2052 4079 2268 4144 captum
2297 4074 2527 4144 imperio
2556 4090 2652 4129 suo
2681 4073 2935 4130 reddidit.
2994 4074 3146 4143 Quod
3174 4074 3352 4129 Achab
3384 4090 3496 4130 non
3538 4075 3720 4130 solum

2052 4146 2303 4218 euaserit,
2361 4146 2467 4218 sed;
2506 4147 2943 4218 triumphaverit,
3005 4145 3205 4218 divinae
3251 4145 3368 4218 fuit
3401 4148 3721 4218 sententia

2050 4214 2278 4289 dicente,
2306 4216 2604 4286 propheta:
2640 4216 2781 4270 Ecce
2811 4232 2915 4289 ego
2946 4216 3111 4271 trado
3133 4214 3367 4271 omnem
3400 4215 3559 4271 hanc
3590 4223 3715 4271 tur-

2052 4286 2185 4340 bam
2218 4286 2277 4340 in
2312 4304 2523 4342 manus
2554 4293 2707 4342 tuas.
2746 4286 2895 4354 Quod
2924 4297 3110 4342 autem
3134 4292 3321 4359 postea
3348 4289 3717 4359 (vinceretur,

2045 4374 2182 4422 suae,
2212 4360 2321 4427 fuit
2353 4359 2538 4431 culpa,
2589 4359 2800 4431 dicente
2830 4374 2957 4431 uua,
2982 4365 3101 4431 etc.
3135 4357 3247 4412 Ἀι
3294 4357 3437 4413 edit.
3496 4376 3713 4431 omnes

2048 4433 2166 4483 ant.
2198 4435 2255 4502 et
2315 4429 2463 4502 mss:
2520 4430 2826 4502 nobiscum
2886 4429 3126 4497 faciunt,
3194 4434 3591 4502 praeterquam
3657 4430 3713 4484 in

2047 4500 2268 4573 paucis,
2305 4501 2461 4555 verbi
2493 4500 2681 4573 gratia
2710 4500 2850 4555 edit.
2883 4510 3073 4555 contra
3101 4500 3244 4573 regis
3271 4500 3459 4573 Syriae
3486 4517 3713 4573 pueros;

2051 4570 2193 4625 mss.
2220 4570 2420 4642 legunt
2434 4570 2574 4641 regis
2586 4572 2758 4641 Syria
2768 4574 2953 4641 pueris
2966 4589 2987 4633 ;
3019 4571 3200 4626 etalia
3234 4570 3509 4642 quaedam
3534 4572 3713 4628 levio-

2048 4643 2127 4697 ris
2170 4644 2471 4697 momenti.
2504 4643 2611 4697 Sed
2644 4643 2875 4697 adverte
2928 4642 3115 4698 obiter
3171 4659 3348 4711 quam
3404 4643 3637 4700 diverse
3671 4659 3706 4697 a

2049 4713 2250 4768 Bibliis
2280 4730 2344 4769 ac
2377 4714 2741 4769 versionibus
2767 4714 2984 4770 nostris
3013 4714 3164 4770 hanc
3194 4713 3512 4770 historiam
3548 4714 3712 4770 exhi-

2048 4784 2236 4839 buerit
2261 4784 2356 4840 ille
2385 4785 2581 4851 codex,
2617 4801 2732 4856 quo
2764 4788 2960 4840 noster
2991 4802 3136 4841 usus
3195 4790 3285 4840 est
3324 4786 3705 4856 Ambrosius.

2112 4856 2243 4938 (3_i)_
2278 4857 2559 4938 Lagum?“
2593 4855 2883 4938 anserini.
2950 4856 3058 4938 His.
3136 4856 3329 4912 verbis
3401 4855 3709 4938 clauditur

2041 4931 2328 4982 tractatuo
2359 4927 2417 4980 in
2449 4927 2587 4995 edit,
2622 4931 2743 4982 ant.
2798 4928 2963 4983 Rom.
3012 4931 3069 4982 et
3127 4944 3269 4983 mss.
3314 4928 3701 4995 quibusdam.

2041 5002 2175 5063 Quae
2205 5015 2338 5053 vero
2370 5004 2721 5070 sequuntur,
2777 4998 2981 5053 addita
3009 5003 3149 5053 sunt
3179 4999 3237 5053 in
3296 4998 3527 5055 ultimis
3556 4998 3699 5054 edit.

2041 5069 2357 5135 Parisinis;
2392 5069 2677 5125 etfrevcra
2706 5071 2763 5124 in
2796 5086 2939 5141 mss.
2976 5069 3239 5141 pluribus
3299 5071 3697 5141 reperiuntur,

2039 5158 2069 5195 e
2101 5142 2317 5212 quibus
2350 5140 2572 5213 Itemig.
2611 5142 2691 5196 ita
2742 5138 2992 5195 desiniti
3052 5143 3168 5213 Ipso
3222 5138 3542 5212 prmi—tante,
3598 5138 3699 5209 qui

2038 5229 2163 5267 cum
2194 5217 2360 5267 Patre
2414 5220 2464 5266 ct
2495 5212 2706 5284 Spiritu
2726 5215 2908 5267 sancto
2942 5212 3083 5268 vivit
3108 5215 3160 5267 et
3215 5220 3413 5283 regnat
3470 5215 3531 5268 in
3582 5224 3691 5267 sa:-

2038 5285 2161 5337 cul':
2196 5282 2546 5341 amatorum.
2587 5282 2783 5339 Amen.
