3866 6212
128 410 249 476 793
1188 400 1421 465 LIBER
1464 398 1568 462 DE
1610 396 1874 471 TOBIA.
1905 427 1985 445 —-
2012 396 2479 461 ADMONITIO.
3416 397 3536 495 794

805 661 920 747 IN
980 657 1431 746 LIBRUM
1541 657 1684 740 DE
1775 651 2108 738 TOBIA
2212 652 2880 741 ,tDMONITIO.
2958 624 2959 627 ᾧ

1624 815 2043 826 ._._____——_—.——-

1126 934 1447 992 Vindicalur
1474 934 1750 1004 imprimis
1778 931 1866 988 hic
1887 932 2027 987 liber
2053 930 2176 987 divo
2208 930 2514 987 Ambrosio.

894 1027 1049 1098 cujus
1079 1025 1328 1081 doctrina
1355 1023 1420 1079 de
1448 1024 1655 1090 usuris,
1686 1038 1755 1078 ac
1785 1021 1848 1076 de
1875 1036 2030 1076 sacro
2064 1020 2239 1077 Tobiae
2265 1021 2403 1075 libro
2432 1019 2764 1091 defenditur.

198 1126 373 1182 Extra
402 1125 857 1181 controversiam
889 1128 978 1180 est
1004 1124 1159 1179 hanc
1190 1122 1654 1177 lucubrationem
1686 1118 1908 1191 aliquot
1939 1123 2107 1174 const
2121 1134 2207 1173 πθ
2238 1118 2631 1183 sermonibus,
2674 1134 2821 1189 quos
2852 1118 3104 1190 perlecto
3162 1120 3221 1175 in
3279 1120 3537 1178 Ecclesia

136 1214 323 1271 Tubize'
352 1212 510 1270 libro
541 1215 689 1286 (cap.
718 1215 769 1285 4,
801 1230 966 1269 num.
999 1214 1054 1285 4)
1084 1212 1291 1268 diebus
1321 1211 1566 1267 diversis
1598 1214 1746 1281 (cap.
1780 1210 1868 1279 23,
1906 1225 2069 1263 num.
2102 1209 2192 1279 87)
2225 1208 2433 1263 habuit
2463 1208 2825 1263 Ambrosius.
2874 1208 3009 1263 Istic
3039 1209 3100 1264 in
3157 1226 3343 1281 pauca
3396 1228 3535 1266 con-

135 1304 331 1360 tractis
363 1304 519 1375 (cap.
551 1305 599 1370 1,
633 1306 688 1372 2)
719 1319 845 1375 quae
877 1303 937 1357 in
968 1319 1134 1357 sacra
1162 1301 1354 1356 Tobiae
1386 1299 1631 1355 historia
1663 1300 1733 1354 de
1762 1298 2078 1353 virtutibus
2109 1297 2297 1352 sancti
2327 1296 2508 1367 hujus
2538 1297 2645 1351 viri
2679 1302 3101 1364 memorantur,
3159 1298 3304 1354 illud
3363 1316 3533 1355 accu-

135 1392 314 1447 ratius
343 1390 621 1465 expendit
650 1396 824 1462 atque
857 1389 1194 1462 ampliﬁcat,
1227 1389 1382 1461 quod
1409 1389 1480 1443 de
1510 1386 1759 1460 pecunia
1791 1388 1861 1442 ab
1894 1387 2095 1442 eodem
2127 1385 2308 1441 Tobia
2338 1385 2555 1440 Gabelo
2586 1387 3020 1459 consanguineo
3049 1404 3155 1443 suo
3195 1390 3531 1445 commoda-

136 1477 210 1545 ta,
237 1483 294 1534 et
324 1497 440 1535 non
476 1479 589 1534 nisi
622 1480 802 1545 obitu,
837 1479 921 1534 uti
954 1479 1214 1551 putabat,
1240 1479 1363 1549 jam
1389 1476 1731 1532 imminente
1761 1475 2004 1546 repetita
2037 1475 2320 1545 scriptum
2353 1474 2603 1545 legimus
2635 1479 2783 1546 (cap.
2816 1478 2868 1541 2,
2903 1492 3065 1531 num.
3094 1477 3171 1548 6).
3234 1477 3379 1533 Hinc
3442 1496 3541 1533 ar—

136 1573 292 1640 repta
321 1585 471 1624 ansa
496 1569 556 1623 in
586 1585 851 1634 usuram,
889 1585 1015 1640 quae
1047 1565 1522 1639 frequentissima
1551 1569 1677 1621 erat
1705 1580 1774 1619 ea
1803 1567 2149 1635 tempestate
2179 1606 2196 1633 ,
2228 1562 2522 1618 invehitur
2549 1563 2697 1635 (cap.
2730 1566 2766 1617 2
2795 1568 2851 1618 et
2907 1565 3071 1635 seq).
3136 1564 3348 1619 Probat
3403 1582 3533 1622 eam

137 1656 352 1712 malum
383 1672 538 1723 esse,
569 1660 625 1712 et
652 1656 1071 1713 exsecrandum
1101 1656 1248 1726 (cap.
1280 1658 1334 1718 2,
1365 1654 1455 1720 44,
1488 1655 1556 1708 15
1585 1657 1642 1708 et
1671 1654 1817 1724 seq.)
1840 1653 1897 1707 id
1929 1652 2189 1724 quidem,
2238 1655 2437 1723 utpote
2468 1650 2663 1707 divina
2718 1651 2842 1725 lege
2904 1653 3287 1725 prohibitum,
3347 1672 3535 1727 neque

138 1744 480 1800 idololatria
512 1749 687 1818 atque
709 1743 1024 1800 homicidio
1054 1742 1238 1799 levius
1270 1741 1791 1814 (cap.4).Describit
1813 1746 1985 1813 atque
2016 1740 2223 1796 acriter
2251 1740 2621 1813 reprehendit
2646 1741 2836 1813 (cap.3
2869 1745 2925 1796 et
2956 1743 3010 1811 4)
3037 1741 3349 1799 sceleratas
3383 1744 3538 1801 fene-

138 1836 387 1889 ratorum
420 1833 688 1900 technas,
723 1834 940 1905 quibus
970 1831 1051 1887 illi
1084 1848 1297 1904 egenos
1326 1831 1595 1886 homines
1626 1832 1694 1886 ad
1731 1831 2037 1902 pecuniam
2070 1847 2235 1885 suam
2270 1846 2404 1885 cum
2437 1829 2695 1885 solvendi
2728 1830 2941 1887 fenoris
2995 1831 3328 1888 conditione
3384 1833 3535 1888 acci-

138 1919 405 1993 piendam
438 1927 675 1995 cogunt.
708 1921 923 1977 Verum
957 1938 1091 1977 cum
1124 1921 1221 1975 isti
1253 1920 1504 1975 nimium
1526 1919 1583 1973 in
1608 1920 1849 1974 avaritia
1878 1936 1986 1975 sua
2016 1919 2307 1974 obﬁrmati
2352 1918 2704 1985 viderentur,
2761 1936 3091 1975 sermonem
3116 1922 3187 1976 ad
3245 1921 3538 1978 debitores

137 2014 494 2079 convertens,
528 2011 589 2066 in
620 2015 870 2082 quantas
901 2010 1169 2065 miserias
1200 2008 1613 2064 contrahendis
1645 2009 1842 2064 usuris
1873 2026 1935 2063 se
1965 2008 2276 2077 conjiciant
2307 2007 2567 2062 oratione
2598 2008 2914 2062 admodum
2944 2008 3273 2064 vehementi
3324 2026 3536 2081 reprae-

139 2102 322 2153 sentat
349 2101 502 2171 (cap.
540 2101 573 2153 4
600 2104 656 2153 et
682 2101 758 2171 5).
816 2098 985 2153 Redit
1028 2097 1412 2152 nihilominus
1444 2097 1515 2151 ad
1545 2096 2036 2151 inhumanitatem
2072 2096 2483 2159 feneratorum,
2517 2096 2617 2166 qui
2650 2095 2895 2152 haeredes
2924 2112 3107 2165 novos,
3139 2105 3189 2153 el
3229 2098 3537 2154 adolescen-

138 2187 274 2242 tulos
301 2188 503 2244 divites
536 2190 684 2259 (cap.
715 2189 751 2241 6
778 2190 836 2243 et
861 2187 918 2258 7)
949 2203 1064 2258 quo
1094 2186 1499 2257 depraedentur
1527 2181 1834 2241 facultates
1864 2200 2084 2252 eorum,
2118 2183 2408 2239 inducunt
2440 2188 2501 2238 ut
2532 2201 2565 2238 a
2596 2200 2657 2239 se
2688 2185 2994 2255 pecuniam
3056 2185 3165 2241 sub
3218 2202 3537 2243 usurarum

141 2279 259 2352 lege
290 2280 647 2333 mutuentur
681 2294 693 2332 :
727 2292 975 2348 quorum
1008 2275 1426 2342 calamitatem,
1453 2274 1743 2346 siquidem
1776 2290 1836 2330 se
1866 2274 2053 2346 decipi
2086 2274 2157 2329 ab
2190 2272 2305 2328 illis
2336 2273 2491 2345 passi
2525 2272 2761 2341 fuerint,
2785 2290 2901 2328 non
2929 2274 3055 2331 sine
3076 2275 3540 2332 commiseratio-

141 2374 207 2424 ne
236 2368 306 2423 ob
337 2364 546 2422 oculos
574 2364 759 2437 ponit.
794 2365 974 2420 Multo
1009 2364 1199 2419 adhuc
1229 2364 1559 2436 impensius
1591 2364 1905 2419 miseratur
1931 2366 2078 2435 (cap.
2111 2364 2166 2435 8)
2193 2362 2346 2417 vices
2379 2378 2695 2433 puerorum
2723 2362 3071 2429 infelicium,
3104 2381 3253 2437 quos
3282 2365 3394 2436 ipsi
3434 2382 3536 2437 pe.-

140 2461 325 2514 rentcs
355 2460 421 2510 ut
453 2455 848 2510 feneratorum
879 2453 1205 2509 crudelitati
1238 2453 1492 2508 facerent
1521 2453 1683 2520 satis,
1720 2469 1927 2506 venum
1960 2467 2243 2523 exponere
2275 2451 2678 2522 adigebantur.
2703 2452 2861 2507 Hanc
2919 2457 3112 2509 autem
3159 2452 3398 2510 divitem
3455 2454 3539 2512 fe-

144 2548 364 2602 ritatem
394 2546 651 2600 testatur
689 2544 837 2615 (cap,
880 2543 967 2607 10)
1007 2560 1072 2597 eo
1113 2557 1298 2614 usque
1340 2541 1710 2612 processisse,
1756 2544 1819 2596 ut
1860 2540 1897 2594 ii
1939 2539 2239 2611 sepultura
2293 2540 2421 2611 ipsa
2450 2540 2780 2595 debitorum
2821 2557 3064 2597 suorum
3103 2541 3381 2598 cadavera
3402 2560 3540 2616 pro-

141 2634 417 2690 hiberent.
462 2633 641 2688 Docet
679 2632 887 2687 deinde
928 2631 1074 2685 nihil
1115 2631 1353 2687 omnino
1393 2630 1547 2702 quod
1588 2630 1845 2702 perfidiae
1886 2630 2275 2685 feneratarum
2319 2645 2434 2685 non
2476 2630 2665 2697 cedat,
2706 2630 2946 2701 reperiri
2981 2648 2994 2698 ;
3038 2630 3254 2702 quippe
3304 2632 3404 2703 qui
3444 2650 3537 2689 as-

147 2723 284 2778 tutia
320 2740 428 2778 sua
467 2721 722 2794 spoliare
761 2720 1063 2789 aleatores,
1106 2724 1163 2775 et
1200 2721 1441 2775 Hunnos
1481 2719 1903 2775 ferocissimam
1944 2718 2208 2774 omnium
2250 2718 2555 2773 nationum
2596 2718 2744 2790 (cap.
2792 2719 2879 2789 11)
2920 2718 3031 2774 sibi
3072 2719 3360 2791 subjicere
3434 2738 3536 2793 po-

141 2810 367 2867 tuerint.
402 2810 796 2875 Quamobrem
830 2809 900 2863 ad
934 2825 1135 2864 eorum
1169 2808 1619 2881 descriptionem
1652 2808 1802 2864 redit
1833 2809 1980 2880 (cap.
2017 2809 2081 2862 l2
2112 2811 2168 2862 et
2198 2808 2307 2875 l3),
2342 2825 2465 2880 quas
2498 2808 2771 2864 oriuntur
2797 2825 2864 2863 ex
2894 2812 3057 2863 tanto
3116 2808 3271 2864 malo
3305 2827 3319 2878 ;
3376 2811 3536 2883 quod

147 2900 370 2971 quidem
403 2902 536 2955 tum
566 2898 770 2953 Vetere
800 2901 925 2952 tum
952 2897 1108 2952 Novo
1136 2897 1507 2952 Testamento
1539 2896 1821 2969 proscribi
1854 2896 2153 2961 Achilleis,
2187 2900 2253 2951 ut
2283 2900 2510 2961 vocant,
2544 2896 2906 2969 argumentis
2963 2897 3331 2954 demonstrat
3385 2900 3535 2972 (cap.

147 2988 246 3060 14).
281 2988 365 3043 Ad
398 2987 524 3043 haec
555 2987 906 3041 feneratores
938 2986 1010 3041 ad
1041 2985 1198 3041 aliud
1231 2985 1479 3041 utilioris
1511 3003 1702 3040 usurae
1730 3002 1915 3057 genus
1945 2984 2305 3049 cohortatus,
2333 2985 2392 3040 in
2425 3003 2540 3058 quo
2570 3002 2740 3041 usura
2770 2994 2821 3041 et
2868 2987 3071 3056 pignus
3117 2988 3371 3058 spiritale
3399 3004 3537 3044 con-

144 3075 357 3142 sistant,
388 3076 522 3131 fuse
555 3073 810 3130 declarat
840 3074 989 3146 (cap.
1025 3076 1090 3128 18
1121 3079 1179 3129 et
1208 3076 1353 3146 seq.)
1385 3075 1535 3129 Tum
1568 3074 1939 3146 reprehensis
1970 3073 2042 3129 iis
2065 3073 2165 3146 qui
2195 3074 2569 3145 tidejussores
2623 3073 2914 3129 inducunt
2969 3075 3041 3129 ad
3103 3076 3534 3147 spondendum,

142 3162 348 3219 eisdem
379 3162 830 3233 fidejussoribus
861 3178 1038 3234 quam
1069 3161 1228 3234 ipsos
1260 3163 1317 3216 in
1350 3163 1690 3234 spondendo
1721 3163 1886 3235 sequi
1912 3163 2193 3217 rationem
2225 3163 2548 3229 conveniat,
2583 3163 2768 3234 aperit
2799 3164 2947 3234 (cap.
2981 3164 3094 3234 23).
3150 3164 3406 3237 Denique
3474 3170 3540 3221 ut

143 3249 203 3306 in
232 3251 334 3308 hoc
365 3253 526 3307 unde
560 3251 816 3325 profecta
846 3252 1144 3323 est,oratio
1175 3251 1639 3324 desinat,repetit
1668 3252 1912 3324 (cap.24)
1943 3252 2306 3323 propositum
2334 3250 2954 3323 Tobizeexemplum,et
2982 3269 3128 3323 quas
3162 3252 3535 3325 potissimum

142 3338 373 3396 virtutes
404 3338 631 3397 discere
661 3356 729 3395 ex
761 3356 828 3395 eo
858 3340 1198 3406 debeamus,
1228 3340 1432 3412 paucis
1466 3341 1703 3395 indicat.

206 3428 323 3484 Non
356 3430 562 3486 mirari
594 3433 748 3484 certe
777 3446 1115 3501 possumus,
1145 3429 1281 3501 quid
1314 3429 1537 3485 venerit
1564 3430 1624 3484 in
1659 3433 1914 3484 mentem
1944 3430 2186 3484 Erasmo
2217 3433 2274 3484 et
2303 3432 2433 3500 post
2458 3445 2593 3485 eum
2624 3428 2756 3484 aliis
2788 3427 3086 3495 nonnulis,
3119 3432 3183 3484 ut
3215 3428 3531 3501 pulcherri-

146 3530 295 3571 mum
324 3517 482 3574 hunc
512 3518 732 3573 librum
764 3534 878 3590 quo
907 3520 1213 3589 tantopere
1244 3517 1491 3589 permoti
1522 3518 1681 3573 fuere
1711 3518 2062 3573 feneratores
2094 3518 2244 3589 (cap.
2277 3519 2366 3583 23,
2400 3535 2562 3573 num.
2596 3519 2707 3589 87),
2771 3517 3099 3586 Ambrosio,
3149 3520 3533 3591 quemadmo~

144 3603 271 3660 dum
300 3604 484 3663 Cocus
526 3604 651 3678 (lib.
682 3605 921 3662 Censura
950 3605 1318 3677 quorumdam
1345 3608 1557 3678 script,
1590 3607 1726 3677 etc.)
1760 3623 1825 3662 ac
1857 3606 2093 3661 Rivetus
2125 3607 2359 3678 (Critici.
2406 3608 2572 3673 sacri,
2620 3606 2722 3662 lib.
2759 3623 2845 3677 ιιι,
2900 3623 3027 3679 cap.
3090 3607 3179 3677 18)
3239 3615 3533 3678 asserunt,

145 3693 554 3763 abjudicarent.
589 3694 828 3749 Minime
857 3711 997 3749 sane
1030 3695 1348 3750 obscurum
1380 3700 1470 3751 est
1497 3711 1563 3751 eo
1600 3695 1743 3750 nihil
1774 3697 2011 3750 omnino
2044 3696 2325 3752 contineri
2358 3696 2513 3767 quod
2546 3696 2618 3751 ab
2649 3695 2883 3767 ingenio
2935 3700 2989 3751 et
3047 3701 3335 3754 caractere
3392 3701 3536 3754 Am-

145 3777 400 3839 brosiano
431 3782 735 3839 dissideat.
770 3783 994 3838 Etenim
1020 3783 1288 3853 quamvis
1325 3782 1446 3838 illic
1478 3784 1783 3840 verborum
1834 3784 2002 3839 lusus
2057 3784 2231 3856 paulo
2289 3784 2734 3856 frequentiores,
2798 3802 2975 3857 quam
3033 3786 3093 3840 in
3153 3786 3283 3842 aliis
3349 3787 3535 3843 sancti

146 3869 394 3938 praesulis
421 3871 769 3928 tractatibus
801 3871 1096 3927 advertere
1125 3870 1223 3937 sit,
1255 3870 1315 3926 id
1348 3872 1587 3944 quidem
1615 3873 1701 3928 vel
1734 3873 1978 3928 materia
2005 3890 2132 3945 qua
2164 3874 2339 3929 etiam
2373 3889 2487 3928 non
2520 3873 2798 3946 quaerenti
2857 3873 3153 3929 interdum
3213 3874 3532 3931 allusiones

147 3953 540 4027 hujuscemodi
573 3959 922 4031 suppeditat,
955 3959 1041 4013 vel
1074 3958 1167 4013 alii
1198 3958 1372 4014 alicui
1410 3976 1598 4015 causae
1624 3960 1801 4016 tribui
1835 3963 2042 4031 potest.
2102 3961 2318 4016 Verum
2352 3961 2493 4033 quid
2548 3965 2802 4033 opponet
2857 3962 3135 4017 Erasmus
3195 3963 3532 4018 auctoritati

151 4046 317 4101 sancti
347 4048 658 4123 Augustini
693 4047 817 4120 (lib.
842 4065 862 4103 ῐ
890 4051 1074 4105 Contr.
1102 4049 1210 4104 Jul.
1239 4048 1425 4119 Pelag.
1460 4064 1510 4103 c.
1543 4049 1620 4115 3),
1657 4065 1692 4103 a
1729 4065 1843 4120 quo
1874 4047 1967 4103 hic
1998 4047 2148 4104 liber
2176 4050 2466 4121 expressis
2498 4049 2688 4103 verbis
2720 4050 2830 4103 sub
2870 4049 3163 4104 Ambrosii
3191 4051 3428 4106 nomine
3457 4050 3537 4106 al-

144 4127 353 4204 legatur
377 4136 406 4190 ?
433 4137 843 4209 Negaturusne
866 4139 954 4192 est
981 4136 1174 4191 Tobiae
1208 4136 1508 4192 occasione
1540 4141 1738 4192 contra
1766 4138 2119 4192 feneratores
2177 4139 2351 4193 verba
2407 4138 2615 4192 fecisse
2672 4138 2907 4192 beatum
2966 4137 3290 4192 antistitem
3325 4158 3339 4203 ς
3397 4155 3532 4195 cum

145 4216 283 4276 idem
311 4224 434 4295 ipse
464 4224 729 4297 exemplo
759 4225 921 4280 illius
952 4225 1245 4297 prophetze
1276 4226 1350 4280 ad
1379 4241 1478 4281 eos
1508 4226 1992 4298 compugnandos
2023 4230 2268 4282 conatus
2299 4227 2475 4282 fuerit
2531 4225 2723 4297 (epist.
2777 4226 2845 4279 23
2874 4224 2945 4279 ad
3008 4226 3194 4299 Vigil.)
3252 4226 3531 4300 Vigilium

146 4307 387 4367 Tridenti
419 4313 760 4387 episcopum
794 4312 1093 4387 impellere
1120 4314 1147 4369 ‘I
1176 4313 1389 4386 Ecquis
1418 4313 1593 4369 etiam
1626 4331 1737 4370 non
1772 4314 2169 4386 deprehendat
2199 4318 2417 4385 quanta
2447 4315 2525 4370 sit
2549 4330 2747 4369 eorum
2784 4330 2909 4384 quae
2940 4312 2997 4367 in
3031 4330 3098 4370 ea
3137 4314 3388 4386 epistola
3438 4317 3533 4372 di-

147 4402 339 4455 cuntur
366 4403 743 4469 contractius,
778 4420 912 4458 cum
939 4403 1049 4459 hac
1078 4407 1199 4459 tota
1232 4403 1723 4460 commentatione
1754 4403 2058 4459 consensio
2085 4404 2113 4459 ‘I
2144 4406 2224 4459 Ad
2257 4408 2583 4458 extremum
2630 4401 2769 4473 quid
2814 4402 3178 4473 repositurus
3237 4409 3325 4459 est
3383 4404 3533 4477 obji-

146 4482 414 4547 cientibus
440 4496 566 4547 tam
599 4492 818 4548 multos
846 4492 1026 4559 locos,
1059 4492 1157 4564 qui
1191 4509 1257 4548 ex
1289 4492 1499 4549 Basilio
1532 4492 1712 4565 (hom.
1744 4497 1779 4549 2
1810 4494 1869 4548 in
1902 4493 2048 4565 psal.
2083 4495 2202 4565 χεν)
2236 4491 2524 4561 translati,
2557 4492 2665 4547 hoc
2697 4491 2757 4547 in
2780 4495 3031 4548 tractatu
3062 4510 3165 4566 pro
3197 4510 3358 4551 more
3389 4500 3529 4551 Am-

145 4569 304 4629 brosii
329 4580 547 4649 passim
580 4584 892 4635 occurrunt
927 4581 956 4636 ?

205 4657 476 4724 Videmus
507 4684 710 4740 reapse
737 4668 1031 4725 doctorem
1061 4672 1327 4726 nostrum
1360 4672 1585 4741 partem
1615 4670 1796 4742 hujus
1840 4670 1972 4726 libri
2006 4670 2249 4728 minime
2279 4671 2765 4727 contemnendam
2791 4687 2860 4726 ex
2882 4671 3139 4727 secunda
3190 4670 3388 4728 Basilii
3422 4672 3531 4728 hn-

148 4745 291 4803 milia
319 4750 375 4808 in
406 4754 700 4827 psalmum
731 4774 846 4824 xw,
880 4757 977 4812 ubi
1013 4758 1083 4813 de
1113 4756 1237 4814 sola
1265 4775 1456 4813 usura:
1488 4758 1731 4815 materia
1756 4764 2058 4828 tractatur,
2094 4764 2429 4816 mutuatum
2462 4777 2607 4816 esse.
2644 4760 2789 4826 Quia
2820 4760 2995 4816 etiam
3031 4762 3411 4818 observamus
3442 4761 3527 4818 lo-

147 4845 232 4887 cos
261 4838 495 4914 aliquot,
528 4844 587 4899 in
620 4845 834 4917 quibus
863 4847 1105 4902 verbum
1128 4847 1200 4903 de
1225 4847 1400 4903 verbo
1429 4848 1724 4904 redditum
1755 4853 1864 4905 est.
1897 4850 2336 4915 Verumtamen,
2371 4856 2434 4905 ut
2459 4848 2648 4906 multa
2697 4849 2850 4922 apud
2912 4848 3193 4905 Basilium
3247 4850 3527 4922 reperias,

147 4933 258 4989 qua:
284 4933 671 4998 praetermissa
696 4933 881 4989 voluit
908 4935 1272 5004 Ambrosius,
1305 4935 1386 4991 ita
1411 4935 1474 4990 in
1504 4936 1600 4992 bis
1629 4936 1773 5009 ipsis
1803 4954 1931 5010 quas
1952 4950 2028 4992 ex
2057 4939 2298 4995 homilia
2328 4939 2623 4995 Basiliana
2651 4938 2962 5011 desumpta
2991 4941 3151 5003 sunt,
3184 4954 3301 4993 non
3334 4956 3523 5011 pauca

147 5014 369 5099 mutavit
392 5022 478 5075 vel
508 5022 892 5094 transposuit,
925 5027 990 5078 ut
1018 5039 1087 5079 ea
1117 5023 1483 5080 commodius
1508 5012 1687 5080 ‘suum
1715 5027 2072 5097 quadrarent
2102 5028 2174 5083 ad
2211 5029 2598 5099 propositum.
2623 5028 2922 5082 Postremo
2953 5026 3108 5081 haud
3143 5025 3313 5097 plura
3340 5044 3370 5082 e
3402 5028 3527 5083 fon~

142 5098 191 5194 te
211 5098 301 5159 illo
330 5106 539 5178 Graeco,
574 5127 751 5183 quam
778 5128 809 5167 e
840 5111 1073 5183 proprio
1097 5111 1317 5178 hausit,
1349 5129 1465 5167 non
1496 5112 1686 5168 solum
1715 5114 1765 5170 si
1795 5130 1863 5170 ea
1894 5120 2118 5186 spectes
2149 5098 2276 5187 quas
2307 5098 2377 5171 de
2405 5116 2587 5171 Tohia
2615 5115 2747 5169 istic
2810 5115 3142 5181 traduntur,
3203 5115 3305 5169 sed
3337 5115 3513 5173 etiam

147 5198 189 5276 si
216 5204 277 5244 ea
304 5209 423 5265 qua:
450 5198 868 5271 praecipiuntur
896 5200 966 5256 de
997 5216 1178 5256 usura
1207 5204 1265 5255 et
1293 5199 1533 5273 pignore
1563 5201 1810 5274 spiritali
1838 5221 1851 5270 ;
1887 5220 2001 5275 quo
2032 5203 2154 5258 loco
2186 5206 2335 5275 (cap.
2367 5205 2459 5275 20)
2490 5204 2578 5257 vir
2607 5208 2849 5258 sanctus
2890 5203 3210 5273 quamdam
3246 5204 3411 5276 sequi
3442 5205 3525 5260 vi-

146 5271 296 5363 detur
320 5281 573 5345 Philonis
600 5288 784 5344 Judaei
817 5288 942 5361 (lib,
976 5290 1048 5345 De
1076 5271 1328 5361 somniis)
1356 5271 1729 5356 sententiam,
1755 5271 1932 5363 quam
1965 5271 2295 5347 admodum
2313 5271 2594 5346 Cristiane
2625 5271 2955 5363 pertractat.

207 5362 280 5421 De
304 5372 555 5446 tempore
583 5392 698 5448 quo
729 5376 1038 5433 lucubrata
1079 5381 1167 5434 est
1194 5376 1581 5433 Ambrosiana
1610 5378 1731 5434 hac
1761 5362 2254 5451 disputatio,nihil
2287 5379 2427 5434 certi
2461 5362 2746 5435 habemus
2779 5398 2792 5436 ε
2829 5381 3299 5451 conjecturarum
3331 5383 3526 5438 autem

147 5462 258 5519 quae
286 5457 414 5515 solae
445 5464 515 5518 ad
544 5463 690 5521 illud
722 5466 1178 5539 investigantum
1210 5467 1379 5521 nobis
1409 5472 1749 5538 suppetunt,
1775 5468 2068 5538 judicium
2097 5467 2368 5523 volumus
2398 5482 2525 5522 esse
2553 5483 2730 5537 penes
2759 5467 3056 5524 lectorem.
3103 5468 3258 5525 Satis
3287 5468 3526 5542 quidem

147 5546 351 5600 constat
378 5559 641 5610 sanctum
674 5554 969 5611 doctorem
1002 5555 1279 5611 adversus
1312 5554 1666 5612 feneratores
1694 5560 2007 5628 antequam
2043 5557 2115 5611 ad
2147 5554 2426 5627 Vigilium
2460 5554 2519 5608 in
2549 5554 2893 5611 Tridentina
2925 5558 3062 5613 sede
3094 5573 3294 5615 recens
3350 5557 3526 5614 collo-

148 5630 321 5716 (fatum
341 5638 611 5699 scriberet
640 5644 829 5716 (epist.
861 5646 931 5699 23
960 5643 1032 5699 ad
1066 5644 1287 5715 γέρα),
1320 5660 1653 5700 sermonem
1684 5645 1982 5701 habuisse.
2018 5644 2248 5701 Nemini
2279 5644 2435 5700 enim
2467 5643 2782 5700 verisimile
2813 5644 2890 5700 sit
2922 5661 3057 5702 eum
3106 5647 3424 5716 laborasse,
3460 5652 3526 5703 ut

155 5711 401 5781 iuvenem
429 5726 590 5788 illum
621 5733 960 5807 episcopum
990 5733 1062 5790 ad
1094 5732 1564 5806 impugnandum
1596 5734 1765 5791 fenus
1823 5734 2097 5792 excitaret
2130 5754 2142 5803 ;
2203 5751 2337 5791 cum
2396 5734 2633 5789 interim
2692 5734 2939 5805 ipsemet
2999 5733 3106 5790 hac
3157 5735 3215 5790 in
3246 5751 3307 5790 re
3338 5734 3521 5790 altum
