3856 6216
315 401 435 469 795
1771 401 1836 468 S.
1883 399 2259 469 AMBROSII
3612 405 3734 472 ’196

315 543 569 598 servaret
599 536 918 597 silentium.
951 541 1026 595 At
1054 555 1185 596 vero
1217 554 1391 596 suum
1423 532 1610 596 eidem
1642 537 1898 612 epistolae
1927 547 2148 593 annum
2180 537 2482 610 assignare
2509 533 2618 595 etsi
2651 553 2765 595 non
2793 533 2874 595 ita
2897 537 2974 595 sit
3000 533 3058 594 in
3089 541 3391 612 promptu,
3419 536 3736 596 nihilomi-

317 647 430 685 nus
463 637 655 685 tanmu
688 628 828 685 alibi
859 646 974 684 non
1005 628 1131 684 sine
1162 627 1448 700 probabili
1481 629 1702 683 ratione
1733 629 1944 682 dicturi
1977 644 2184 682 sumus
2207 645 2341 682 eum
2376 645 2597 683 annum
2628 625 2807 683 videri
2841 644 2957 684 non
2986 626 3166 683 alium
3202 627 3411 696 fuisse,
3441 645 3624 701 quam
3656 629 3732 684 ab

317 719 669 790 octogesimo
701 717 903 789 quinto
935 717 1429 786 trecentesimum,
1463 721 1564 772 aut
1591 717 1770 772 alium
1799 715 2053 787 aliquem
2087 716 2159 770 ab
2191 716 2398 771 eodem
2431 715 2674 772 minime
2705 720 3014 772 remotum.
3036 716 3282 772 Aliunde
3298 733 3433 788 quae
3464 717 3539 772 de
3569 717 3732 772 Hun-

317 823 526 862 norum
559 805 683 862 alea
716 809 915 860 narrat
941 805 1288 860 Ambrosius
1319 808 1467 877 (cap.
1498 805 1607 874 11),
1644 821 1758 859 non
1793 805 1979 875 potuit
2010 807 2143 859 ante
2173 809 2498 860 extremum
2528 803 2784 860 Valentis
2812 805 3125 878 imperium
3156 805 3447 876 accipere,
3481 804 3592 860 hoc
3641 811 3732 861 est

317 899 450 965 post
479 911 699 950 annum
727 893 853 962 376,
887 910 1001 965 quo
1030 893 1274 948 tradunt
1303 893 1562 949 historici
1597 893 1840 964 cmpisse
1868 891 2180 947 barbaram
2207 891 2358 947 hanc
2403 896 2634 964 gentem
2691 893 3073 949 innotescere.
3133 893 3280 948 Hinc
3337 894 3734 965 consequitur

315 981 564 1054 opellam
597 982 748 1038 hanc
775 981 1122 1036 intermedio
1149 981 1397 1053 tempori
1427 981 1582 1036 haud
1611 980 1860 1035 absurde
1882 979 2093 1035 ascribi
2125 996 2316 1052 posse,
2348 997 2414 1035 ac
2445 980 2639 1036 forsan
2669 997 2822 1037 anno
2851 981 2979 1049 377,
3000 981 3088 1037 vel
3121 981 3215 1036 alii
3238 981 3510 1053 cuipiam
3537 999 3568 1037 e
3597 1000 3731 1054 pro-

313 1069 467 1127 xime
499 1071 904 1142 sequentibus.
933 1070 1132 1141 Neque
1158 1070 1314 1124 enim
1347 1069 1513 1125 facile
1543 1068 1678 1141 quis
1705 1069 1902 1124 credat
1930 1066 2319 1141 episcopalem
2351 1069 2642 1125 Ambrosii
2675 1068 3033 1142 vigilantiam
3069 1069 3151 1127 ita
3206 1069 3606 1142 obtorpuisse,
3662 1077 3729 1124 ut

316 1177 433 1216 non
463 1160 565 1215 ubi
597 1159 853 1231 primum
885 1158 1132 1223 licuerit,
1166 1158 1224 1214 in
1257 1159 1648 1214 exscindendo
1676 1158 1814 1212 vitio
1845 1158 2000 1229 quod
2034 1158 2314 1230 regnabat
2343 1162 2506 1213 tanta
2533 1174 2668 1214 cum
2699 1159 2998 1214 atrocitate
3056 1175 3121 1214 ac
3178 1157 3521 1224 insolentia,
3556 1159 3732 1215 desu-

315 1249 500 1304 daret.
2596 1252 2608 1258 -

388 1337 760 1393 Arbitramur
789 1353 818 1392 e
849 1337 1160 1393 Catholicis
1191 1337 1312 1392 fore
1341 1336 1657 1404 neminem,
1691 1337 1790 1408 qui
1819 1335 2116 1393 Ambrosii
2139 1336 2411 1393 doctrinae
2445 1337 2515 1392 de
2545 1353 2725 1392 usura
2754 1336 2956 1393 libenti
2986 1337 3183 1392 animo
3217 1353 3334 1392 non
3365 1337 3730 1397 subscribat.

315 1443 452 1482 cum
486 1443 554 1482 ea
593 1443 708 1480 non
742 1426 914 1480 modo
948 1425 1143 1482 Basilii
1177 1430 1235 1480 et
1265 1425 1512 1480 aliorum
1548 1425 1806 1492 Patrum,
1841 1442 2042 1480 verum
2074 1424 2250 1481 etiam
2283 1442 2583 1482 sacrorum
2611 1425 2876 1482 codicum
2907 1426 3250 1482 auctoritate
3281 1427 3727 1482 muniaturSerl

315 1515 649 1586 cujusmodi
673 1513 966 1584 judicium
1003 1515 1254 1569 feremus
1284 1515 1356 1569 de
1387 1513 1458 1568 cl.
1494 1512 1782 1570 Salmasio
1813 1513 1937 1586 (lib.
1969 1515 2044 1569 De
2071 1516 2276 1580 usuris,
2305 1518 2362 1568 et
2391 1513 2493 1568 lib.
2525 1515 2601 1569 De
2627 1513 2783 1570 modo
2813 1531 2993 1581 usur.,
3023 1523 3075 1570 et
3129 1514 3350 1570 dissert.
3412 1516 3490 1570 De
3542 1517 3734 1586 fenore

314 1604 580 1676 Trapez.),
615 1609 674 1658 et
705 1602 867 1657 novis
898 1602 1257 1674 quibusdam
1289 1603 1554 1674 ejusdem
1594 1601 2023 1658 communionis
2054 1603 2410 1670 auctoribus,
2445 1603 2545 1674 qui
2602 1603 2820 1658 doctori
2854 1608 3052 1660 nostro
3111 1603 3407 1660 frontibus
3465 1603 3731 1660 adversis

312 1691 637 1766 pugnantia
667 1691 976 1747 defendere
1011 1692 1136 1746 ausi
1171 1697 1309 1748 sunt
1339 1691 1366 1746 ‘?
1397 1691 1699 1746 Enimvero
1730 1691 1898 1746 docet
1925 1691 2269 1747 Ambrosius
2299 1695 2450 1762 (cap.
2486 1692 2573 1755 14,
2604 1688 2769 1746 num.
2804 1694 2891 1758 48,
2923 1697 2980 1748 et
3008 1709 3134 1748 can.
3171 1694 3259 1757 15,
3294 1694 3581 1763 num.51)
3604 1709 3728 1748 cre-

315 1780 489 1837 ditori
520 1780 845 1852 quidquam
882 1785 1089 1850 praeter
1118 1785 1335 1834 sortem
1369 1780 1649 1850 accipere,
1682 1779 1909 1835 licitum
1941 1797 2056 1835 non
2087 1797 2217 1836 esse
2250 1796 2262 1834 :
2296 1779 2622 1836 Salmasius
2651 1780 2760 1837 hoc
2788 1781 2984 1854 ipsum
3041 1780 3214 1837 licere
3270 1786 3578 1836 asseverat
3635 1783 3732 1851 (De

319 1871 538 1941 Trapez.
569 1872 710 1940 fen.,
742 1869 962 1939 praefat.
999 1872 1055 1922 et
1085 1867 1265 1938 alibi).
1298 1869 1642 1924 Ambrosius
1674 1868 1902 1940 legibus
1931 1886 2064 1924 cum
2095 1868 2321 1924 Veteris
2355 1874 2478 1924 tum
2510 1869 2651 1925 Novi
2682 1870 3041 1926 Testamenti
3073 1871 3181 1925 hoc
3232 1887 3550 1942 nunquam
3612 1887 3728 1926 non

311 1957 554 2012 vetitum
591 1958 771 2013 fuisse
803 1957 1013 2013 asserit
1043 1961 1192 2029 (cap.
1230 1958 1315 2024 14,
1351 1958 1438 2022 15,
1471 1959 1604 2028 etc.)
1639 1976 1651 2013 :
1686 1958 2012 2013 Salmasius
2041 1957 2100 2012 id
2132 1957 2192 2013 in
2224 1958 2465 2030 antiquo
2494 1958 2707 2015 findere
2765 1957 3195 2016 intolerandum
3255 1959 3444 2014 fuisse
3489 1960 3730 2032 jugum,

313 2048 470 2119 quod
501 2049 560 2102 in
589 2063 733 2102 novo
766 2045 938 2100 fuerit
968 2063 1001 2100 a
1025 2045 1253 2101 Christo
1286 2045 1586 2101 sublatum
1617 2047 1826 2102 acriter
1853 2047 2154 2102 contendit
2182 2047 2277 2116 (De
2308 2048 2524 2118 Trapez.
2556 2049 2733 2117 fenor.
2769 2064 2898 2120 pag.
2942 2049 3019 2118 5).
3070 2047 3421 2102 Ambrosius
3482 2064 3725 2102 usuram

315 2135 573 2190 afﬁrmat
603 2135 822 2189 crimen
854 2149 982 2188 esse
1014 2133 1169 2188 haud
1200 2133 1384 2188 multo
1415 2133 1624 2198 levius,
1658 2134 1776 2189 imo
1807 2138 1864 2188 et
1895 2134 2328 2204 quodammodo
2359 2135 2617 2190 deterius
2648 2135 2965 2191 homicidio
2995 2140 3168 2207 atque
3200 2133 3542 2190 idololatria
3574 2137 3722 2206 (cap.

314 2229 367 2291 4,
403 2225 490 2292 14,
522 2229 631 2280 etc.
670 2229 687 2292 )
720 2221 1084 2278 :Salmasius
1115 2223 1209 2290 (De
1241 2223 1457 2293 Trapez.
1489 2224 1664 2293 fenor.
1702 2239 1830 2294 pag.
1862 2224 1987 2287 718)
2019 2239 2149 2278 eam
2181 2221 2433 2278 naturali
2457 2222 2592 2292 jure
2631 2238 2863 2294 semper
2893 2222 3074 2278 fuisse
3129 2223 3489 2294 permissam
3539 2224 3726 2294 jurat.

311 2311 656 2368 Ambrosius
687 2311 890 2367 inanes
921 2309 1464 2381 compensationum
1497 2315 1809 2382 praetextas
1835 2311 2021 2383 rejicit
2047 2312 2192 2383 (cap.
2228 2312 2284 2376 3,
2317 2327 2479 2366 num.
2515 2311 2602 2381 10)
2637 2327 2650 2364 :
2685 2310 3009 2367 Salmasius
3040 2311 3172 2367 illos
3203 2311 3469 2366 admittit
3502 2328 3572 2367 ac
3596 2329 3728 2384 pro-

313 2406 540 2473 pugnat
571 2401 665 2470 (De
697 2402 922 2470 Trapez.
953 2400 1174 2471 ἴδηαι).
1214 2400 1454 2454 Demum
1485 2398 1652 2454 alteri
1684 2417 1862 2455 usura
1892 2399 2412 2455 innumerabilium
2437 2398 2726 2454 malorum
2753 2399 3042 2471 scaturigo
3073 2404 3163 2455 est
3191 2400 3342 2471 (cap.
3378 2400 3437 2470 3,
3465 2406 3608 2468 etc.,
3665 2404 3720 2454 et

312 2505 364 2545 c.
399 2490 488 2554 12,
517 2490 587 2544 13
615 2489 751 2560 etc.)
783 2504 795 2541 :
829 2487 995 2543 alteri
1027 2493 1222 2543 autem
1254 2487 1414 2560 origo
1446 2493 1537 2543 est
1568 2493 1686 2543 tam
1721 2487 2161 2560 multiplicium,
2192 2488 2500 2554 bonorum,
2532 2492 2596 2542 ut
2625 2504 2693 2542 ea
2723 2487 2954 2542 sublata
2983 2494 3156 2559 neget
3187 2489 3284 2555 (De
3320 2489 3484 2544 Usur.
3520 2505 3633 2560 cap
3661 2491 3720 2542 21

311 2581 369 2634 et
397 2577 532 2634 alibi
568 2577 815 2650 imperia
843 2594 908 2632 ac
940 2576 1305 2648 respublicas
1335 2593 1507 2649 posse
1537 2577 1874 2632 consistere.
1911 2576 2056 2641 Quid
2093 2593 2342 2648 usquam
2374 2577 2679 2632 amborum
2711 2576 3018 2632 sententiis
3055 2577 3494 2647 discrepantius
3524 2577 3554 2632 ?
3603 2582 3722 2632 Non

310 2672 402 2724 est
431 2668 614 2723 nostri
645 2666 898 2722 instituti
932 2666 1040 2721 hoc
1070 2665 1195 2720 loco
1230 2666 1554 2720 doctrinam
1587 2665 1774 2722 sancti
1808 2666 2092 2722 antistitis
2121 2666 2567 2735 conﬁrmare,ac
2597 2665 2859 2735 ejusdem
2881 2681 3016 2720 cum
3048 2663 3297 2719 aliorum
3323 2665 3568 2720 Patrum
3606 2665 3722 2737 pla-

311 2756 442 2812 citis
475 2773 776 2812 summum
808 2755 916 2810 hac
950 2755 1004 2808 in
1039 2753 1282 2809 materia
1314 2770 1666 2810 consensum
1698 2771 2000 2826 exponere.
2037 2755 2150 2810 Hoc
2175 2755 2299 2826 jam
2333 2753 2681 2826 praestitium
2729 2758 2819 2809 est
2848 2771 2882 2808 a
2933 2754 3100 2809 docto
3133 2753 3390 2826 quodam
3453 2753 3724 2826 theologo

310 2844 372 2900 in
404 2848 657 2900 tractatu
691 2842 908 2898 Gallice
939 2843 1175 2913 scripto,
1210 2845 1266 2897 et
1294 2841 1532 2897 Parisiis
1577 2859 1729 2898 anno
1761 2845 1894 2899 1671
1929 2843 1986 2898 in
2017 2843 2208 2899 lucem
2238 2843 2391 2900 edito
2423 2843 2532 2898 sub
2563 2842 2671 2898 hac
2701 2842 3081 2914 inscriptione
3115 2860 3127 2897 :
3164 2844 3448 2898 Lactantii
3477 2843 3726 2913 defensio

309 2934 466 2988 circa.
495 2948 721 2986 usuram
751 2949 764 2986 :
798 2947 901 2985 nec
932 2947 1045 2985 non
1077 2947 1110 2984 a
1139 2930 1376 2984 domino
1405 2932 1488 2985 Du
1519 2931 1697 2986 Ter-tre
1727 2932 1784 2986 in
1817 2931 1964 2989 libro
1995 2931 2088 2987 cui
2119 2931 2326 2988 titulus
2359 2947 2372 2986 :
2413 2933 2588 2989 Usura
2616 2933 2864 3002 exposita
2891 2939 2943 2986 et
2973 2932 3336 2988 condemnata
3363 2948 3384 2991 .·
3427 2936 3724 3002 postremo

315 3020 532 3077 secutis
565 3019 736 3074 annis
769 3019 922 3090 quod
957 3023 1108 3074 esset
1139 3019 1196 3072 in
1229 3017 1337 3073 hac
1369 3019 1612 3075 materia
1636 3020 2095 3076 Christianorum
2128 3021 2384 3076 officium
2419 3019 2477 3075 in
2509 3019 2721 3076 ethicis
2741 3019 3099 3090 quibusdam
3123 3014 3725 3075 commentationibus

314 3109 669 3182 patefactum
701 3112 806 3163 est.
841 3107 1034 3162 Unum
1063 3106 1242 3180 igitur
1270 3107 1365 3161 hic
1395 3109 1605 3164 addere
1637 3109 1805 3165 nobis
1836 3109 1980 3164 satis
2007 3113 2097 3165 est
2130 3127 2143 3178 ;
2178 3109 2457 3164 nimirum
2487 3108 2858 3164 Ambrosium
2891 3113 3064 3180 atque
3095 3108 3241 3164 alios
3276 3108 3477 3163 Patres
3507 3109 3566 3162 in
3626 3125 3725 3180 pe-

313 3197 598 3254 netrando
628 3195 934 3267 Scriptum
966 3212 1140 3252 sensu
1186 3212 1298 3249 non
1333 3195 1527 3250 minus
1557 3202 1759 3253 acutos
1791 3199 1969 3253 fuisse
2001 3215 2178 3270 quam
2237 3197 2368 3254 illos
2418 3215 2608 3254 usuris
2638 3202 2937 3269 patronos,
2999 3197 3101 3269 qui
3161 3195 3308 3252 nihil
3378 3198 3498 3252 fere
3553 3197 3722 3252 aliud

317 3301 494 3358 quam
527 3283 928 3341 cavillationes
955 3283 1170 3356 quibus
1198 3285 1490 3361 Ambrosii
1522 3290 1780 3358 tempore
1812 3288 2162 3345 feneratores
2193 3289 2530 3353 utebantur,
2557 3285 2725 3359 quasi
2758 3286 3118 3360 frigefactam
3150 3285 3458 3342 crambem
3490 3301 3723 3343 recoxe-

313 3377 472 3429 runt.
505 3397 509 3402 τ

382 3464 530 3528 Quid
567 3462 826 3518 restabat
857 3461 1013 3518 aliud
1050 3463 1178 3518 istis
1210 3463 1621 3536 trapezitarum
1653 3464 2018 3538 apologistis,
2050 3465 2163 3521 nisi
2196 3469 2261 3520 ut
2291 3466 2363 3521 ad
2397 3465 2781 3520 minuendum
2815 3463 3340 3520 Ambrasianorum
3400 3479 3726 3536 argumen-

309 3555 507 3608 torum
537 3567 849 3606 numerum
882 3568 1106 3606 sacram
1140 3550 1271 3606 libri
1298 3553 1490 3608 Tobiae
1521 3554 1922 3609 auctoritatem
1957 3554 2017 3608 in
2049 3554 2226 3609 dubio
2259 3552 2593 3626 ponerent?
2622 3553 2740 3609 Hoc
2770 3552 2811 3607 ii
2840 3569 3057 3624 magna
3086 3552 3270 3608 fecere
3301 3568 3436 3607 cum
3453 3553 3721 3608 audacia.

311 3641 528 3697 Verum
558 3640 793 3713 quidem
826 3645 916 3697 est
943 3641 1215 3696 eumdem
1247 3641 1463 3696 librum
1496 3659 1528 3697 a
1557 3643 1828 3715 Patribus
1859 3642 2165 3699 nonnullis
2209 3643 2508 3714 (Athenas.
2538 3642 2597 3698 in
2628 3647 2834 3713 Synop.
2864 3657 2884 3703 ;
2915 3640 3084 3714 Greg.
3114 3642 3249 3697 Naz.
3313 3644 3442 3697 Car.
3499 3641 3567 3695 de
3623 3641 3722 3694 tib.

310 3745 404 3785 sae
437 3748 450 3798 ;
485 3729 679 3785 Melite
709 3733 765 3783 et
793 3729 1025 3801 Origen.
1063 3731 1218 3800 apud
1249 3731 1458 3786 Euseb.
1493 3731 1627 3786 Hist.
1656 3731 1755 3786 lib.
1787 3749 1862 3800 IV,
1896 3749 2024 3804 cap.
2054 3730 2145 3798 26,
2177 3736 2235 3787 et
2274 3730 2376 3787 lib.
2411 3748 2488 3797 vr,
2520 3747 2570 3786 c.
2629 3732 2701 3786 25
2733 3747 2746 3795 ;
2805 3729 2957 3785 Coac
3017 3729 3275 3798 Laodic.)
3335 3727 3601 3802 catalogo
3659 3729 3718 3783 in

316 3835 489 3890 quem
523 3817 833 3874 canonicos
859 3819 1086 3874 codices
1119 3819 1462 3884 retulerunt,
1495 3819 1842 3891 inscriptum
1870 3837 1998 3877 esse
2030 3839 2042 3888 ;
2071 3821 2226 3892 quod
2275 3819 2544 3876 videlicet
2578 3819 2638 3874 in
2696 3819 2935 3874 Hebrao
2984 3825 3208 3873 canone
3263 3818 3718 3873 desideraretur.

312 3907 420 3962 Sed
453 3907 552 3978 qui
576 3906 923 3962 nominatim
957 3905 1101 3961 illud
1133 3907 1322 3978 operis
1345 3908 1626 3978 rejecerit,
1657 3909 1751 3964 vix
1781 3925 2140 3981 quemquam
2168 3909 2448 3965 invenias.
2482 3910 2756 3965 Testatur
2785 3906 3001 3963 alicubi
3028 3906 3418 3979 Hieronymus
3447 3907 3533 3978 (In
3565 3905 3719 3961 Prol.

314 3994 439 4052 Gal.
473 3995 636 4051 Praef.
674 3996 728 4049 in
767 3995 865 4050 lib.
899 3995 1198 4063 Salomon)
1231 3995 1286 4050 in
1321 4013 1540 4051 canone
1571 3997 1815 4054 Judaico
1849 3998 1991 4054 illud
2017 3999 2164 4055 inter
2189 4001 2482 4054 canonica:
2511 3999 2821 4070 Seripturas
2851 4013 2966 4052 non
2999 3996 3232 4052 admitti
3266 4013 3280 4050 :
3339 4012 3544 4051 verum
3603 3994 3716 4062 alio

314 4081 439 4138 loco
459 4082 677 4156 ipsum,
708 4085 823 4150 llis,
856 4084 1050 4155 inquit
1077 4081 1263 4152 (Praef.
1301 4085 1359 4139 in
1390 4084 1580 4156 T0b.),
1607 4101 1732 4156 quae
1752 4087 2086 4157 agiographa
2107 4094 2430 4151 memorant,
2458 4086 2650 4143 Judaei
2675 4086 3085 4156 manciparunt.
3119 4084 3276 4139 Idem
3310 4083 3576 4154 ejusdem
3611 4083 3716 4137 Pa-

314 4171 423 4228 tris
454 4173 790 4228 testimonio
822 4173 1052 4244 publice
1083 4173 1140 4227 in
1175 4173 1428 4229 Ecclesia
1460 4176 1782 4246 legebatur,
1811 4191 2035 4232 necnon
2066 4175 2434 4247 usurpabatur
2461 4178 2530 4230 ab
2556 4175 2938 4230 ecclesiasticis
2967 4174 3103 4228 viris
3133 4172 3318 4242 (Praef.
3350 4171 3410 4226 in
3465 4171 3721 4240 Jonam}.

316 4259 481 4316 Unde
511 4261 732 4333 liquido
759 4263 1168 4333 cognoscimus
1199 4262 1355 4318 hunc
1387 4263 1599 4319 librum
1631 4263 1688 4318 id
1723 4265 2002 4336 temporis
2032 4264 2292 4320 nondum
2323 4265 2396 4319 ab
2426 4263 2686 4320 Ecclesia
2713 4263 2771 4317 in
2807 4261 2924 4318 ullo
2957 4261 3222 4330 concilio,
3257 4265 3323 4316 ut
3357 4265 3561 4331 postea
3609 4259 3721 4314 fac-

314 4352 440 4403 tum
473 4354 579 4416 est,
615 4350 924 4421 probatum
950 4350 1129 4407 fuisse
1164 4368 1176 4412 ;
1212 4356 1270 4405 at
1303 4353 1559 4422 quodam
1592 4353 1764 4408 tacito
1797 4369 2084 4409 consensu
2121 4353 2469 4410 admissum.
2503 4351 2852 4408 Ambrosius
2885 4349 3054 4406 illum
3084 4367 3188 4422 pro
3219 4347 3413 4405 divino
3445 4354 3502 4404 et
3546 4363 3723 4403 cano-

317 4437 446 4492 nico
480 4436 594 4508 (hic
620 4454 746 4509 cap.
786 4439 834 4494 1.
866 4457 1030 4494 num.
1059 4441 1110 4508 1,
1141 4446 1198 4494 et
1229 4443 1506 4510 Hexaem,
1540 4440 1640 4496 lib.
1674 4458 1748 4507 v1,
1785 4458 1833 4496 c.
1868 4443 1919 4513 4)
1953 4458 2255 4513 nunquam
2286 4430 2407 4498 non.
2434 4440 2663 4508 habuit,
2689 4441 2782 4495 cui
2803 4439 2911 4495 hac
2941 4439 3002 4494 in
3033 4455 3093 4494 re
3125 4436 3429 4510 suﬁ'ragati
3460 4453 3490 4492 e
3519 4436 3717 4492 veteri-

317 4525 430 4579 bus
462 4525 730 4581 Patribus
761 4528 930 4595 (lren.
968 4527 1007 4581 l.
1042 4545 1082 4598 ι,
1118 4545 1168 4584 c.
1201 4530 1270 4583 34
1305 4529 1639 4601 ;Polycarp.
1699 4531 1868 4601 Epist.
1901 4529 1972 4585 ad
1999 4531 2270 4603 Phillipp.
2316 4549 2329 4596 ;
2361 4530 2630 4603 Cyprian.
2663 4529 2735 4585 ad
2767 4529 3006 4597 Quirin..
3043 4527 3080 4582 1.
3110 4544 3194 4593 ιιι,
3229 4543 3280 4582 c.
3313 4527 3382 4582 46
3410 4530 3464 4583 et
3518 4526 3609 4589 32,
3666 4530 3716 4579 et

317 4611 457 4666 alibi
493 4629 506 4666 :
541 4612 742 4679 Hilar.,
775 4615 1096 4687 Chrysost.,
1129 4616 1307 4672 Clem.
1340 4617 1523 4685 Alex.,
1556 4620 1772 4691 Augu.,
1795 4623 1927 4685 etc.)
1959 4619 2130 4691 longe
2161 4619 2401 4691 plurimi
2433 4619 2672 4691 synodis
2703 4635 2738 4674 a
2767 4617 2986 4689 quibus
3013 4616 3072 4670 in
3087 4617 3288 4672 album
3307 4629 3607 4670 sacrorum
3627 4628 3716 4667 co-

319 4699 517 4755 dicum
552 4707 817 4771 receptus
847 4703 976 4768 fuit,
1011 4703 1300 4774 prazivere.
1339 4705 1516 4775 Adjici
1544 4706 1719 4761 etiam
1753 4706 1846 4761 hic
1874 4711 2063 4778 potest
2090 4706 2270 4762 videri
2302 4713 2573 4762 sanctum
2604 4706 2929 4762 antistitem
2990 4703 3127 4758 huic
3184 4703 3374 4759 eidem
3423 4701 3574 4756 libro
3607 4715 3714 4755 non

318 4788 498 4844 alium
541 4790 884 4861 scriptorem
918 4791 1258 4858 attribuere,
1293 4809 1468 4864 quam
1504 4794 1700 4865 ipsum
1730 4794 1972 4850 Tobiam
2005 4799 2250 4866 patrem.
2283 4794 2390 4861 Qui
2421 4799 2838 4868 argumentum
2865 4792 2972 4848 hoc
3025 4795 3428 4847 tractaverunt
3485 4804 3714 4844 accura-

318 4877 460 4946 tius,
496 4878 688 4951 prima
716 4895 790 4933 xu
825 4879 1014 4950 capita
1045 4879 1191 4950 patri
1225 4880 1816 4950 ascribunt(Serrar.,
1849 4883 2064 4956 Huet.),
2095 4883 2216 4939 filio
2247 4884 2361 4939 duo
2393 4883 2636 4955 reliqua,
2664 4880 2916 4952 exceptis
2949 4878 3181 4936 ultimis
3211 4879 3445 4935 duobus
3468 4876 3711 4933 versicu—

320 4965 392 5022 lis
425 4967 526 5039 qui
557 4968 629 5023 ab
663 4972 897 5023 auctore
922 4967 1197 5039 quopiam
1228 4968 1446 5041 ignoto,
1480 4974 1536 5025 et
1567 4971 1761 5043 aliquo
1795 4972 2057 5041 fortasse,
2090 4972 2386 5044 inquiunt,
2417 4989 2487 5027 ex
2517 4972 2711 5027 Tobiae
2740 4969 3072 5042 nepotibus,
3107 4968 3293 5024 additi
3345 4971 3502 5023 sunt.
3564 4964 3713 5020 Unus

318 5070 348 5109 e
373 5056 794 5112 recentioribus
823 5056 989 5128 (Ilay)
1023 5063 1412 5112 memoratum
1444 5058 1662 5114 librum
1694 5061 1764 5114 ab
1797 5065 2047 5132 utroque
2077 5061 2278 5130 simul,
2312 5065 2476 5132 patre
2506 5061 2785 5116 nimirum
2818 5063 2874 5114 et
2904 5056 3042 5124 filio,
3077 5061 3350 5113 autumat
3377 5072 3506 5112 esse
3562 5067 3711 5108 com-

317 5144 597 5214 positum.
633 5135 742 5201 Sed
768 5162 900 5200 cum
934 5163 1112 5218 super
1142 5146 1249 5202 hoc
1281 5147 1426 5202 nihil
1461 5149 1791 5221 usquedum
1825 5150 2286 5221 pronuntiaverit
2318 5148 2592 5216 Ecclesia,
2629 5147 2721 5204 hic
2752 5147 3068 5217 unicuique
3101 5146 3351 5202 liberum
3383 5143 3555 5201 estin
3601 5156 3712 5197 sen-

316 5246 386 5285 su
418 5233 651 5304 proprio
684 5235 1004 5289 abundare.
