3866 6212
186 422 300 488 797

827 739 1652 929 SANCTI

1542 423 1774 491 usus
1816 423 1921 490 ne
1963 422 2226 491 TOBIA.
2318 498 2328 511 ,

1844 743 2935 909 AMBROSH

3469 427 3587 492 798

1348 1020 1980 1082 MEDIOLANENSIS
2024 1021 2382 1081 EPISCOPI

1301 1198 1562 1324 DE

1739 1191 2439 1326 TOBIA

1593 1420 1880 1494 LIBER
1918 1419 1990 1483 (ί)
2042 1420 2287 1493 UNUS

514 1702 759 1760 589-9
774 1707 807 1761 Ι
869 1704 1102 1763 CAPUT
1158 1705 1464 1762 PRIMUM.

173 1794 436 1866 Proponit
490 1811 553 1850 se
580 1794 647 1849 de
679 1795 855 1852 Tobite
882 1798 1175 1852 virtutibus
1204 1813 1337 1863 quas
1368 1796 1619 1852 historice
1670 1795 1816 1853 Scri-

229 1872 397 1937 ptura
437 1874 846 1930 commemorat,
896 1868 1109 1924 brevius
1158 1868 1433 1924 dicturum
1463 1886 1481 1921 :
1538 1872 1588 1923 et
1642 1883 1821 1937 primo

239 1938 332 2007 qui
358 1938 761 2011 captivitatem,
796 1944 849 1994 et
878 1940 937 1995 in
969 1942 1089 2011 ipsa
1115 1940 1183 1995 ob
1225 1939 1530 1996 exhibitam
1586 1939 1826 2011 sepultu-

235 2024 380 2071 ram,
411 2009 680 2081 exsilium
707 2010 919 2067 tulerit.
951 2009 1162 2066 narrat.
1197 2010 1401 2066 Deinde
1428 2009 1691 2081 quomodo
1729 2025 1818 2065 re-

236 2095 421 2135 versus
449 2080 524 2135 ab
553 2080 736 2136 eodem
765 2084 943 2151 ofﬁcio
974 2099 1083 2138 non
1106 2082 1373 2138 destiterit
1405 2080 1449 2135 :7
1471 2082 1567 2137 ubi
1623 2089 1674 2136 et
1727 2080 1825 2136 hoc

239 2160 481 2207 mortuos
510 2151 813 2223 sepeliendi
840 2170 1041 2209 munus
1067 2154 1428 2227 praedicatur.

240 2259 289 2313 1.
318 2259 494 2315 Lecto
531 2259 865 2331 prophetico
896 2258 1047 2316 libro
1077 2260 1175 2333 qui
1210 2259 1551 2316 inscribitur
1606 2258 1820 2314 Tobias

174 2347 267 2419 (2),
298 2347 573 2420 quamvis
604 2347 772 2419 plene
813 2348 978 2405 vobis
1006 2348 1249 2405 virtutes
1288 2349 1477 2404 sancti
1528 2347 1821 2419 prophetae

173 2436 469 2508 Scriptura
500 2436 910 2503 insinuaverit,
943 2442 1138 2493 tamen
1198 2436 1639 2509 compendiario
1674 2434 1823 2490 mihi

186 2540 450 2581 sermone
487 2526 565 2580 de
594 2526 722 2596 ejus
753 2526 975 2582 meritis
1016 2526 1386 2582 recensendis
1443 2528 1501 2581 et
1551 2524 1827 2595 operibus

184 2614 332 2683 apud
363 2630 465 2670 vos
498 2615 785 2670 utendum
816 2616 1066 2671 arbitror
1098 2632 1111 2679 ;
1148 2618 1302 2670 utea
1342 2631 1470 2685 quis
1526 2613 1828 2685 Scriptura

184 2699 456 2759 historico
480 2720 646 2759 more
683 2703 929 2775 digessit
956 2703 1153 2770 latius,
1187 2720 1294 2759 nos
1347 2703 1608 2759 strictius
1664 2718 1821 2757 com-

182 2790 640 2862 prehendamus,
670 2791 953 2848 virtutum
984 2793 1113 2863 ejus
1144 2808 1356 2865 genera
1382 2790 1542 2848 velut
1571 2790 1825 2864 quodam

181 2878 459 2937 breviario
486 2880 850 2952 colligentes.

244 2970 297 3023 2.
332 2969 460 3024 Fuit
491 2969 584 3023 vir
604 2969 826 3039 justus,
856 2970 1210 3036 misericors,
1244 2969 1577 3041 hospitalis,
1611 2975 1669 3025 et
1716 2968 1826 3025 hoc

1846 1712 1900 1777 Α
1931 1707 2119 1773 sidiis,
2155 1708 2339 1764 misso
2368 1706 2511 1773 tilio,
2560 1710 2861 1781 quaerebat
2915 1715 3242 1768 consortem
3310 1713 3579 1781 convivii,

1932 1796 2083 1852 Dum
2115 1798 2354 1852 conviva
2385 1798 2724 1865 accersitur,
2759 1798 3044 1854 nuntiatis
3073 1798 3349 1871 insepulti
3378 1816 3582 1873 corpo-

1933 1886 2015 1941 ris
2046 1885 2331 1958 reliquiis,
2381 1886 2709 1943 convivium
2769 1888 3120 1945 deserebat:
3182 1906 3287 1945 nec
3339 1890 3593 1962 putabat,

1935 1975 2117 2043 pium,
2152 1980 2215 2031 ut
2246 1976 2369 2048 ipse
2402 1975 2598 2031 cibum
2631 1982 2905 2032 sumeret.
2940 1996 3076 2034 cum
3106 1977 3166 2033 in
3198 1978 3430 2051 publico
3463 1996 3587 2037 cor-

1932 2067 2277 2137 pusjaceret
2310 2066 2573 2122 exanime
2604 2067 2751 2136 (Tob.
2787 2084 2847 2129 11.
2884 2067 3028 2133 2-7).

2002 2155 2061 2208 5.
2103 2154 2219 2209 Hoc
2248 2152 2332 2208 illi
2367 2154 2778 2225 quotidianum
2810 2172 2980 2227 opus,
3012 2161 3071 2211 et
3102 2172 3383 2229 magnum
3409 2174 3580 2230 opus,

1934 2249 1991 2298 et
2020 2259 2300 2315 magnum
2330 2243 2583 2315 quidem.
2616 2245 2762 2299 Nam
2793 2244 2843 2300 si
2873 2245 3130 2301 viventes
3151 2244 3374 2316 operire
3392 2247 3583 2303 nudos

1938 2333 2026 2387 lex
2059 2332 2334 2404 praecipit,
2365 2337 2584 2403 quanto
2617 2332 2805 2405 magis
2836 2333 3120 2390 debemus
3141 2334 3365 2406 operire
3385 2335 3584 2391 defun-

1937 2420 2101 2475 ctos?
2132 2421 2189 2476 Si
2221 2421 2444 2477 viantes
2500 2422 2570 2476 ad
2629 2421 2895 2491 longiora
2956 2423 3241 2479 deducere
3298 2421 3580 2491 solemus,

1936 2513 2156 2579 quanto
2190 2508 2378 2580 magis
2408 2508 2466 2563 in
2497 2507 2659 2564 illam
2691 2515 2965 2565 aeternam
2999 2511 3239 2566 domum
3292 2511 3581 2582 profectos

1936 2597 2035 2667 (7),
2065 2597 2219 2652 unde
2241 2598 2368 2668 jam
2402 2614 2517 2652 non
2549 2602 2911 2653 revertantur
2935 2598 2964 2653 ?
2998 2620 3025 2648 ‹‹
3057 2599 3195 2670 Ego,
3229 2598 3420 2669 inquit
3448 2599 3581 2666 Job,

1938 2700 2115 2756 super
2143 2701 2376 2740 omnem
2408 2685 2711 2740 infirmum
2745 2686 2871 2741 flevi
2905 2687 3040 2756 (Job.
3072 2703 3202 2752 xxx,
3233 2687 3346 2758 25).
3380 2709 3408 2737 ››
3443 2688 3583 2753 Quis

1936 2771 2226 2827 inﬁrmior
2252 2773 2547 2840 defuncto,
2592 2774 2662 2829 de
2693 2791 2807 2846 quo
2842 2774 2981 2829 dicit
3036 2774 3336 2846 Scriptura
3393 2775 3532 2832 alibi
3567 2793 3581 2832 :

1936 2861 2124 2932 Super
2154 2865 2457 2916 mortuum
2491 2861 2653 2934 plora
2682 2863 2869 2933 (Eceli.
2902 2880 3043 2930 χχιι,
3108 2862 3163 2932 Ο)
3191 2862 3220 2918 ?
3247 2885 3274 2913 »
3304 2862 3583 2919 Ecclesia-

1938 2958 2056 3005 stes
2088 2956 2283 3005 autem
2317 2951 2397 3006 ait
2430 2968 2442 3006 :
2478 2974 2506 3000 ‹‹
2540 2950 2650 3007 Cor
2677 2951 3008 3024 sapientum
3039 2951 3094 3006 in
3130 2951 3302 3008 domo
3344 2950 3540 3009 luctus
3569 2968 3583 3009 :

177 3056 453 3114 virtutum
487 3038 771 3130 praeditus
802 3059 997 3129 choro,
1029 3059 1212 3114 subiit
1240 3059 1316 3131 (3)
1349 3038 1673 3115 aerumnam
1731 3076 1827 3114 ca-
1860 3081 1906 3145 Β
1938 3055 2039 3145 ff"
2293 3038 2589 3145 ξίυῖονξιητ.
2612 3039 2671 3095 in
2703 3041 2877 3145 don-‘0
2909 3039 3586 3145 epulanfiumnwccle-wf

179 3144 477 3216 ptivilatis,
514 3162 696 3217 quam
726 3148 946 3204 ferebat
975 3147 1275 3203 humiliter
1304 3152 1477 3219 atque
1518 3148 1821 3219 patienter,

182 3249 557 3292 communem
592 3236 780 3297 magis
811 3236 1107 3308 injuriam,
1159 3252 1337 3308 quam
1395 3236 1680 3309 privatam
1732 3238 1828 3293 do-

182 3322 306 3380 lens
336 3326 481 3395 (Tob.
520 3342 561 3393 1,
591 3326 880 3394 2-15),nec
910 3325 1021 3382 sibi
1052 3326 1335 3381 virtutum
1369 3324 1648 3398 suffragia
1680 3324 1827 3380 nihil

183 3412 467 3484 profuisse
498 3412 835 3487 deplorans,
866 3415 965 3470 sed
995 3413 1184 3487 magis
1215 3430 1342 3469 eam
1374 3413 1485 3469 sibi
1531 3418 1828 3470 contume-

181 3499 313 3557 liam
344 3503 638 3559 minorem
671 3507 1039 3575 peocatorum
1079 3519 1320 3559 suorum
1355 3502 1541 3575 pretio
1600 3501 1827 3558 illatam

182 3591 495 3648 arbitratus
527 3592 675 3661 (Tob.
711 3608 795 3648 ιιι.
833 3591 973 3664 1-6).

247 3685 297 3735 3.
331 3680 551 3737 Meruit
581 3680 833 3736 edictum
867 3681 964 3751 (4),
997 3697 1069 3736 ne
1098 3680 1230 3752 quis
1256 3697 1324 3735 ex
1355 3680 1493 3737 filiis
1524 3681 1825 3752 captivita-

180 3767 253 3822 tis
278 3769 351 3839 (5)
381 3772 686 3825 mortuum
714 3768 1027 3840 sepultura;
1052 3768 1218 3823 daret
1246 3769 1389 3840 (Tob.
1421 3786 1459 3836 1,
1492 3768 1605 3839 22).
1639 3770 1710 3825 At
1731 3771 1827 3828 ille

179 3854 479 3914 interdicto
514 3873 630 3913 non
664 3858 1041 3913 revocabatur
1086 3856 1274 3929 magis
1301 3873 1479 3928 quam
1537 3857 1826 3915 incitaba-

178 3947 287 4012 tur,
318 3963 390 4003 ne
419 3948 691 4003 deserere
721 3946 980 4002 officium
1012 3946 1265 4018 pietatis,
1299 3946 1507 4002 mortis
1538 3951 1698 4003 metu
1731 3948 1824 4003 vi-

177 4032 445 4102 deretur;
480 4039 609 4091 erat
637 4034 793 4090 enim
824 4035 1236 4090 misericordiae
1276 4034 1551 4106 pretium.
1613 4037 1821 4091 mortis

179 4136 359 4191 pana.
392 4122 560 4180 Talis
592 4122 795 4195 ﬂagitii
826 4123 1228 4195 deprehensus
1258 4139 1416 4193 reus,
1443 4122 1537 4178 vix
1585 4125 1823 4182 tandem

179 4226 277 4281 per
302 4213 564 4268 amicum
596 4214 786 4284 potuit
814 4212 1040 4282 direpto
1084 4210 1434 4284 patrimonio
1492 4228 1711 4284 egenus
1766 4218 1825 4270 et

178 4298 329 4355 exsul
362 4299 596 4357 restitui
629 4301 774 4356 suis.

245 4389 413 4448 592.
449 4390 737 4445 4.1terum
769 4390 829 4445 in
863 4390 955 4446 his
994 4390 1335 4446 versabatur
1365 4390 1573 4468 officiis
1608 4408 1621 4461 ;
1658 4394 1716 4448 et
1771 4393 1820 4449 si

1936 3128 2011 3198 5).
2052 3150 2078 3176 ››
2110 3127 2264 3182 Nihil
2298 3127 2407 3183 hoc
2438 3129 2628 3184 ol‘licio
2661 3130 3056 3201 praestantius,
3090 3128 3140 3184 ei
3171 3130 3433 3186 conferre
3484 3131 3585 3201 qui

1935 3214 2041 3269 tibi
2065 3216 2191 3286 jam
2228 3233 2338 3270 non
2368 3216 2559 3288 possit
2599 3218 2858 3284 reddere,
2891 3218 3192 3273 vindicare
3248 3235 3282 3274 a
3336 3217 3586 3275 volatili-

1936 3303 2067 3368 bus,
2101 3304 2394 3360 vindicare
2424 3321 2459 3360 a
2484 3304 2686 3361 bestiis
2733 3311 3063 3362 consortem
3123 3309 3369 3373 natura,
3428 3307 3584 3362 Ferae

1937 3390 2088 3447 hanc
2117 3392 2546 3449 humanitatem
2577 3393 2870 3450 defunctis
2901 3393 3244 3466 corporibus
3303 3392 3585 3452 detulisse

1938 3481 2286 3551 produntur,
2317 3480 2588 3537 homines
2618 3483 2991 3554 denegabant
3018 3482 3030 3537 l

2586 3570 2816 3627 CAPUT
2873 3571 2941 3627 ΙΙ.

1939 3657 2061 3726 Qua
2094 3663 2307 3715 ratione
2338 3662 2525 3717 Tobias
2554 3662 2853 3719 caecitatem
2881 3660 3092 3727 tulerit,
3132 3676 3203 3716 ne

2008 3730 2394 3787 admitteretur
2425 3735 2647 3799 caverit,
2671 3736 2723 3788 et
2760 3731 3159 3788 commodatum
3191 3730 3385 3788 Gabelo
3419 3748 3583 3803 pecu-

2006 3804 2160 3857 niam
2199 3820 2311 3857 non
2364 3806 2662 3875 repetierit,
2714 3804 2827 3859 nisi
2868 3805 3018 3860 senio
3072 3805 3245 3874 fessus
3272 3821 3294 3857 .·
3350 3803 3585 3875 denique

2004 3875 2351 3947 abhorruerit
2381 3874 2630 3947 a’l'enore
2656 3878 2822 3947 mata,
2852 3891 2977 3930 eum
3030 3874 3384 3931 detestatione
3440 3876 3580 3947 ejus-

2004 3945 2145 4000 dem.
2179 3954 2230 4000 et
2254 3946 2380 4001 boni
2408 3945 2898 4003 commendatione.

2003 4033 2057 4087 6.
2091 4035 2235 4088 Tam
2267 4039 2471 4090 sancto
2503 4035 2694 4091 fessus
2726 4036 2916 4090 officio
2950 4033 3233 4105 propheta
3292 4033 3431 4087 dum
3485 4049 3578 4089 re-

1933 4120 2182 4192 quiescit
2210 4120 2269 4175 in
2302 4122 2570 4177 cubiculo
2601 4139 2728 4190 suo,
2760 4123 3003 4177 cadente
3034 4123 3105 4177 de
3137 4138 3447 4193 passerum
3488 4121 3578 4176 ni-

1933 4209 2006 4263 do
2027 4209 2301 4279 albugine
2323 4210 2398 4279 (8)
2420 4211 2735 4266 caecitatem
2760 4210 2963 4266 incidit
2984 4211 3124 4281 (Tob.
3161 4227 3222 4275 ιι,
3247 4210 3333 4275 10,
3362 4210 3582 4281 ll).nec

1934 4298 2086 4354 593
2117 4302 2472 4369 conquestus
2501 4298 2810 4369 ingemuit,
2845 4314 2948 4354 nec
2979 4298 3160 4354 dixit:
3189 4298 3319 4354 Haec
3350 4314 3573 4355 merces

1934 4386 2199 4442 laborum
2228 4403 2513 4443 meorum.
2546 4388 2824 4443 Fraudari
2859 4387 3046 4460 magis
3077 4404 3139 4443 se
3168 4386 3354 4442 doluit
3409 4387 3575 4443 obse-

3296 3659 3390 3716 uid
3446 3662 3585 3726 furti

177 4478 308 4547 quid
340 4477 604 4535 alimenti
641 4478 807 4544 foret,
848 4478 1223 4551 peregrinum
1255 4494 1389 4533 cum
1430 4462 1565 4551 'quo
1623 4479 1819 4537 cibum
1854 4443 1896 4511 Ο
1936 4475 2209 4546 quiorum
2242 4491 2419 4546 quam
2452 4474 2756 4532 oculorum
2789 4492 3029 4532 munere
3060 4492 3073 4530 ε
3125 4493 3229 4533 nec
3260 4476 3575 4534 caecitatem

175 4572 443 4633 sumeret,
479 4567 795 4638 quaerebet.
817 4566 1020 4639 Itaque
1051 4582 1186 4621 cum
1220 4566 1414 4622 fessus
1443 4584 1477 4622 a
1504 4568 1817 4638 sepulturas

172 4653 502 4710 revertisset
528 4654 605 4726 (6)
631 4670 893 4711 munere.
926 4653 1210 4727 appositis
1259 4654 1371 4711 sibi
1404 4656 1611 4712 edendi
1674 4658 1820 4715 sub-

238 4813 311 4887 (1)
341 4814 611 4887 Scriptus
630 4813 971 4887 ifortecirca
1002 4831 1097 4870 an.
1121 4814 1246 4887 377A.

171 4953 203 5007 4
240 4885 314 5009 (ξ)
344 4885 514 5012 ἥδε..
552 4886 724 4943 Tobis.
764 4885 909 4942 Vide
939 4890 1139 4942 notam
1170 4885 1241 4942 ad
1275 4885 1313 4942 l.
1346 4903 1403 4941 VI
1450 4889 1730 4954 Hexaem.,
1763 4906 1814 4945 ο.

210 4994 225 5018 ,
257 4971 309 5009 ιι.
346 4971 434 5012 1⁷1.

238 5025 313 5097 (3)
342 5027 491 5084 Edit.
527 5043 731 5084 omnes
778 5043 914 5082 cum
966 5026 1114 5084 Vict.
1177 5028 1329 5091 cod.,
1394 5028 1538 5083 etab
1596 5032 1819 5087 virtutes

206 5097 362 5169 uibus
391 5098 658 5167 praeditus
682 5101 884 5169 fuerat,
912 5098 1105 5165 subiit,
1167 5104 1275 5155 etc.
1336 5098 1528 5155 Codex
1584 5101 1813 5169 Thuan,

213 5168 320 5223 tab
347 5171 618 5243 virtutum
646 5168 877 5243 quorum
905 5169 1175 5243 praeditus
1219 5169 1407 5243 subiit,
1468 5175 1604 5237 etc.,
1650 5168 1814 5229 men;

172 5234 306 5294 dose
338 5257 352 5308 ;
379 5246 442 5297 at
470 5240 579 5297 hoc
608 5234 815 5297 vitium
847 5234 1163 5297 emendant
1192 5234 1403 5308 reliqui
1435 5258 1579 5300 mss.

239 5307 315 5383 (4)
340 5307 611 5367 Latinius
643 5312 956 5383 legendum
987 5312 1242 5383 conjicit,
1304 5307 1489 5368 Metuit
1554 5313 1810 5371 edictum.

173 5376 368 5457 gadet
398 5398 542 5439 mss.
574 5388 629 5439 et
656 5376 797 5457 edit.
855 5389 912 5439 et
968 5376 1182 5457 sensus
1229 5376 1364 5455 ipse
1404 5384 1809 5457 refragantur.

170 5448 417 5527 Edictum
445 5458 638 5511 autem
669 5455 825 5511 idem
849 5459 939 5512 est
966 5454 1123 5527 quod
1154 5448 1420 5527 sequenti
1449 5448 1619 5512 versu
1642 5459 1811 5512 inter-

171 5517 388 5609 dietum‘
398 5530 583 5592 vocat,
615 5542 825 5609 nempe
855 5517 1015 5598 prem
1027 5517 1420 5609 ulgata'ﬁregis
1474 5527 1808 5609 prohibitio.

240 5593 316 5665 (5)
347 5593 561 5653 Omnes
590 5593 873 5664 edit.,'ne'
897 5614 1059 5670 quem
1093 5593 1201 5670 ea
1238 5593 1373 5670 ﬁlii}
1427 5593 1760 5670 captivitatis
1788 5619 1811 5665 ,-

172 5675 370 5743 omnes
399 5683 565 5743 mea,
595 5686 689 5743 ne
694 5671 835 5743 quis.
868 5666 976 5725 etc.
1010 5666 1656 5743 Undeintelligas'regio
1687 5670 1806 5727 edi-

174 5736 259 5790 cto
288 5751 401 5793 non
427 5736 616 5797 solum
645 5736 887 5799 Tobiam
925 5756 1053 5797 esse
1083 5736 1596 5811 comprehe'nsum'.

1931 4580 2184 4635 poenam,
2212 4564 2311 4618 sed
2339 4563 2821 4633 impedimentum
2846 4565 3331 4636 putabat.Etcum
3352 4565 3571 4640 victum

1931 4653 2193 4708 mercede
2224 4652 2439 4708 levaret
2454 4653 2744 4726 conjugis,
2768 4670 2841 4710 ne
2860 4654 2999 4726 quid
3026 4656 3305 4723 furtivum
3331 4656 3575 4711 domum

2000 4815 2074 4885 (6)
2100 4814 2183 4868 Ita
2213 4813 2351 4869 edit.
2386 4818 2495 4888 vet.
2555 4831 2621 4870 ac
2678 4831 2820 4871 mss.
2882 4815 3161 4888 quinque.
3213 4815 3329 4869 Alii
3380 4820 3575 4888 autem

1927 4886 2067 4958 duo,
2097 4901 2222 4958 cum
2252 4902 2285 4940 a
2339 4887 2623 4957 sepultura
2675 4889 2846 4958 fessus
2898 4886 3265 4943 reverteretur
3320 4886 3573 4941 meridie.

1928 4956 2094 5012 Rom.
2130 4956 2362 5025 edit...,.
2394 4956 2705 5014 revertisset
2730 4975 2844 5013 una
2872 4958 2978 5013 die.

1998 5026 2074 5101 (ἶ)
2108 5026 2271 5101 Bern.
2293 5028 2446 5101 _edit.
2482 5071 2519 5097 ,.
2554 5032 2615 5083 in
2645 5030 2804 5082 illam
2834 5037 3039 5083 terram
3062 5026 3352 5101 profectos,
3393 5030 3502 5083 etc.

1998 5097 2075 5163 (8)
2108 5096 2487 5171 Edit.7f_lom.,
2519 5101 2985 5171 juxtaparietem
3037 5096 3183 5171 aulae
3235 5097 3578 5171 cadenteude

1922 5183 2205 5239 passerum
2220 5169 2350 5224 nido
2369 5167 2620 5235 stercore,
2653 5167 2936 5237 albugine,
2970 5174 3080 5225 etc.
3140 5168 3331 5224 Codex
3386 5167 3573 5239 Colb.;

1923 5239 2148 5295 cadente
2168 5238 2238 5312 de
2264 5242 2496 5312 stercore
2529 5255 2817 5312 passerum
2844 5240 2994 5307 nido,
3054 5240 3356 5308 albuginis,
3388 5243 3522 5312 getc.
3559 5238 3574 5309 ς

1926 5328 1994 5366 ex
2027 5325 2141 5381 qua
2167 5308 2411 5365 lectione
2444 5308 2557 5366 non
2590 5311 3029 5367 incommodum
3063 5328 3304 5367 sensum
3354 5308 3572 5381 elicies,

1924 5381 2284 5455 transposita
2314 5381 2520 5455 vocula
2547 5382 2773 5455 depost
2821 5399 3020 5438 vocem
3068 5391 3317 5439 stercore.
3377 5382 3577 5455 Neque

1924 5458 2124 5526 tamen
2160 5453 2213 5526 ei
2240 5457 2351 5526 vet.
2385 5453 2536 5526 edit._
2564 5452 2823 5526 aliosque
2866 5471 3071 5510 omnes
3129 5470 3273 5526 mss.
3335 5452 3575 5526 postpo-

1926 5523 2151 5597 nendos
2182 5522 2479 5597 duximus.
2516 5524 2574 5580 In
2608 5524 2698 5579 his
2730 5522 2927 5581 autem
2958 5526 3163 5597 albugo
3186 5522 3418 5582 videt—ur
3447 5522 3576 5597 esse

1923 5596 2252 5668 ipsummet
2282 5595 2475 5668 avium
2507 5602 2965 5665 excrementum,
2999 5595 3332 5654 sic‘dictum
3365 5614 3398 5651 a
3429 5595 3577 5668 colo-

1920 5666 1983 5723 re
2020 5685 2034 5737 ;
2063 5667 2222 5751 unde
2254 5667 2409 5750 apud
2441 5667 2660 5737 Horat,
2695 5668 2795 5725 lib.
2829 5687 2869 5739 1,
2923 5674 3031 5726 sat.
3065 5670 3121 5740 8,
3181 5668 3297 5724 albi
3351 5666 3572 5739 epithe-

1927 5744 2056 5796 tum
2128 5743 2365 5797 mvemt.

1956 5755 2056 5796 um
2128 5753 2365 5796 mvemt.
