3866 6212
298 352 419 419 799

1758 353 1824 421 Β.
1866 352 2244 422 AMBROSII

3563 352 3670 425 800

300 509 468 550 suam
500 491 737 549 cavebat
770 492 837 563 ’9,
876 508 889 547 :
923 508 1068 548 uxor
1095 488 1326 547 hzedum
1357 505 1461 563 pro
1493 488 1757 547 mercede
1786 506 1945 548 acce-
1969 493 2024 562 Α
2053 491 2227 550 sitate
2254 489 2629 564 constrictus,
2688 496 2791 553 aut
2834 510 2940 570 pro
2994 509 3238 552 suorum
3292 491 3668 569 redemptione

300 589 465 655 perat
496 601 510 645 ;
545 589 602 639 at
636 583 753 649 ille,
785 582 919 656 plus
952 583 1239 637 honestati
1273 598 1449 654 quam
1475 580 1673 653 pietati
1734 598 1942 636 Consu-

303 671 447 727 lens.
475 693 501 719 τ·
533 676 563 725 ιι
612 692 765 729 mam
799 673 1045 728 debebat
1075 672 1435 728 alimoniam.
1499 670 1946 725 Commendam-

304 780 387 817 I‘dt
421 764 683 835 proximo
707 780 811 817 suo
844 762 1146 834 pecuniam
1179 761 1499 832 quamdam
1520 775 1697 831 quam
1722 764 1840 814 toto
1862 758 1942 813 vi-

303 856 372 905 ta:
404 869 521 906 sua:
556 851 888 923 temporein
924 856 1085 905 tanta
1114 850 1440 922 indigentia
1487 866 1600 904 non
1658 846 1942 919 poposcit.

303 940 407 995 Vix
430 942 525 995 ubi
550 957 610 993 se
633 942 851 995 fessum
872 941 1038 1001 vidit.
1073 945 1129 994 et
1151 939 1479 1009 depositum
1505 941 1824 1001 senectute,
1848 935 1944 990 in-

304 1029 559 1085 sinuavit
577 1030 715 1093 tilio,
740 1048 852 1084 non
880 1036 997 1083 tam
1012 1031 1254 1099 cupiens
1278 1028 1753 1083 commendatum
1782 1040 1944 1097 repo-

301 1133 481 1184 scere,
514 1134 691 1188 quam
727 1117 1013 1171 sollicitus
1047 1134 1115 1171 ne
1146 1117 1439 1171 fraudaret
1469 1115 1778 1170 haeredem.

367 1208 422 1259 7.
457 1207 617 1271 Quod
654 1207 832 1275 igitur
863 1206 1293 1260 commendavit
1349 1205 1680 1275 pecuniam,
1711 1207 1768 1257 et
1826 1219 1940 1257 non

303 1295 767 1365 feneravit,justi
801 1295 1051 1349 servavit
1081 1295 1359 1348 officium.
1395 1293 1611 1348 Malum
1645 1297 1735 1346 est
1781 1291 1938 1346 enim

300 1384 471 1439 fenus
503 1401 617 1455 quo
649 1390 996 1456 quaeruntur
1030 1402 1215 1438 usura:
1252 1401 1263 1438 :
1298 1383 1396 1437 sed
1434 1399 1543 1436 non
1578 1381 1719 1435 illud
1771 1382 1941 1435 fenus

303 1472 545 1537 malum,
575 1474 646 1526 de
677 1489 790 1542 quo
821 1472 1106 1543 scriptum
1147 1478 1235 1525 est
1269 1488 1281 1524 :
1317 1492 1344 1517 ‹‹
1406 1470 1621 1524 Feuera
1679 1468 1939 1539 proximo

300 1565 401 1615 tuo
433 1560 488 1614 in
524 1565 782 1632 tempore
814 1559 1178 1614 necessitatis
1210 1558 1368 1613 illius
1399 1582 1419 1606 ι
1458 1559 1643 1611 (Eccli.
1677 1574 1827 1622 χχιχ,
1860 1557 1935 1627 2).

297 1649 441 1704 Nam
474 1654 531 1704 et
561 1649 737 1704 David
769 1648 886 1703 ait:
925 1672 950 1697 α
982 1649 1191 1703 Justus
1237 1648 1544 1702 miseretur
1572 1651 1628 1701 et
1676 1662 1938 1700 commo-

295 1739 395 1795 dat
424 1739 596 1807 (Psal.
629 1755 740 1805 exn,
771 1740 847 1809 5).
888 1762 913 1786 ››
945 1737 1117 1792 Aliud
1153 1738 1317 1792 fenus
1348 1742 1436 1791 est
1469 1737 1594 1805 iure
1613 1734 1938 1790 exsecrabi-

295 1827 370 1893 le,
403 1828 541 1884 dare
574 1828 631 1883 in
665 1839 906 1883 usuram
936 1827 1266 1898 pecuniam,
1315 1826 1470 1897 quod
1528 1825 1619 1879 lex
1672 1822 1939 1894 prohibet

294 1919 471 1987 (Deut.
504 1931 662 1982 χχιιι,
700 1918 807 1987 19).
853 1916 961 1971 Sed
992 1917 1202 1971 Tobias
1262 1915 1370 1969 hoc
1432 1913 1777 1985 refugiebat,
1837 1912 1935 1983 qui

292 2006 569 2062 monebat
595 2004 802 2069 tilium,
837 2023 907 2060 ne
933 2010 1281 2076 praeceptum
1317 2004 1545 2059 Domini
1598 2001 1934 2073 praeteriret,

294 2100 359 2151 ut
390 2112 458 2151 ex
488 2093 818 2149 substantia
847 2111 955 2148 sua
982 2094 1411 2165 eleemosynam
1445 2092 1676 2155 faceret,
1709 2107 1822 2145 non
1847 2107 1939 2161 pe-

292 2182 525 2240 cuniam
558 2184 862 2249 feneraret,
899 2199 1012 2237 non
1047 2185 1327 2236 averteret
1376 2180 1582 2235 faciem
1641 2195 1808 2233 suam
1863 2178 1935 2232 ab

291 2272 412 2329 ullo
440 2288 692 2345 paupere
723 2272 862 2341 (Tob.
908 2287 982 2339 IV,
1012 2271 1158 2339 6-9).
1221 2269 1350 2324 Haec
1406 2269 1504 2339 qui
1552 2271 1768 2331 monet,
1799 2283 1936 2323 con-

294 2362 531 2417 demnat
561 2376 772 2415 usuras
802 2359 1042 2423 fenoris,
1074 2375 1143 2413 ex
1171 2374 1287 2429 quo
1320 2357 1486 2411 multi
1531 2363 1821 2429 quaestum
1855 2356 1934 2411 fe-

293 2454 515 2517 cerunt,
550 2453 605 2505 et
637 2448 839 2504 multis
868 2448 1238 2503 commodare
1288 2446 1564 2519 pecunias
1620 2444 1935 2517 negotiatio

293 2538 421 2595 fuit.
458 2544 523 2593 Et
554 2538 791 2610 quidem
824 2554 950 2592 eam
980 2536 1407 2608 prohibuerunt
1438 2534 1645 2591 sancti.

370 2630 423 2683 8.
453 2629 575 2694 Quo
602 2627 837 2699 gravius
868 2625 1089 2681 malum
1122 2627 1290 2681 fenus
1315 2630 1427 2691 est,
1458 2642 1525 2679 eo
1584 2622 1938 2679 laudabilior

292 2716 391 2790 qui
422 2715 567 2771 illud
601 2716 833 2787 refugit.
869 2715 949 2771 Da
982 2714 1290 2787 pecuniam
1322 2714 1369 2769 si
1407 2713 1607 2780 habes,
1633 2711 1817 2784 prosit
1837 2710 1935 2766 alii

296 2823 426 2878 qua:
457 2805 562 2860 tibi
596 2806 783 2860 otiosa
806 2809 913 2859 est.
948 2805 1031 2860 Da
1074 2804 1241 2875 quasi
1277 2820 1391 2858 non
1452 2805 1810 2874 recepturus,
1872 2805 1938 2855 ut

293 2893 458 2950 lucro
489 2894 674 2957 cedat,
708 2894 756 2949 si
789 2892 1015 2948 reddita
1036 2892 1228 2946 fuerit.
1262 2891 1367 2955 Qui
1402 2908 1517 2946 non
1548 2889 1739 2945 reddit
1763 2905 1934 2961 pecu-

294 2981 476 3049 niam,
511 2982 700 3036 reddit
729 2980 978 3053 gratiam
1016 2998 1028 3035 :
1062 2980 1109 3034 si
1135 2979 1422 3035 fraudaris
1444 2978 1709 3051 pecunia,
1738 2978 1935 3049 acqui-

294 3072 378 3128 ris
397 3071 696 3143 justitiam
730 3072 970 3142 ;justus
998 3073 1087 3124 est
1145 3068 1301 3124 enim
1360 3067 1461 3142 qui
1516 3068 1825 3123 miseretur
1881 3072 1938 3121 et

293 3157 643 3215 commodat.
677 3156 735 3212 Si
768 3157 1058 3212 amittitur
1087 3155 1351 3229 pecunia,
1401 3158 1775 3226 comparatur
1825 3153 1934 3208 mi-

293 3246 627 3305 sericordia.
661 3246 956 3319 Scriptum
989 3249 1078 3302 est
1102 3245 1257 3301 enim
1293 3260 1306 3300 :
1346 3265 1373 3297 α
1403 3244 1507 3309 Qui
1540 3244 1679 3300 facit
1708 3243 1932 3299 miseri-
1966 3229 2008 3296 C

291 3336 573 3401 cordiam,
604 3334 827 3391 fenerat
856 3334 1116 3408 proximo
1147 3335 1332 3406 (Eccli.
1367 3351 1521 3401 xxix,
1548 3333 1622 3404 1).
1660 3354 1687 3382 ››

928 3441 1159 3499 CAPUT
1207 3442 1300 3497 Ill.

296 3533 610 3589 Ambrosius
638 3534 1007 3603 feneratorum
1055 3532 1521 3603 inhumanitatem
1547 3533 1605 3585 in
1647 3546 1935 3603 pluperes,

368 3608 419 3660 et
446 3602 643 3659 eorum
662 3606 808 3657 artes
836 3604 1033 3669 quibus
1080 3604 1203 3657 illos
1256 3602 1365 3657 sibi
1418 3602 1696 3668 addicunt,
1757 3602 1938 3658 oculia

364 3676 587 3746 subjicit
617 3694 638 3740 ;
667 3690 732 3728 ac
760 3675 986 3729 demum
1012 3676 1069 3728 in
1101 3675 1311 3729 eosdem
1340 3674 1639 3729 invehitur.

365 3782 419 3835 9.
456 3778 621 3835 Multi
650 3778 943 3851 dispendii
975 3783 1131 3834 metu
1163 3796 1280 3835 non
1304 3780 1584 3847 fenerant,
1616 3780 1757 3835 dum
1782 3780 1936 3835 frau-

298 3870 431 3926 dem
462 3873 755 3925 verentur.
790 3869 860 3924 Et
888 3867 997 3924 hoc
1025 3873 1115 3923 est
1146 3870 1299 3940 quod
1331 3868 1663 3940 petentibus
1693 3886 1938 3926 consue-

295 3962 505 4015 verunt
534 3958 766 4013 referre.
802 3957 1022 4013 Horum
1052 3956 1367 4029 unicuique
1396 3957 1612 4014 dicitur
1642 3975 1655 4014 :
1686 3981 1712 4008 «
1759 3960 1940 4015 Perde

298 4048 608 4120 pecuniam
671 4054 905 4118 propter
953 4046 1193 4101 fratrem
1251 4049 1307 4101 et
1372 4047 1649 4109 amicum,
1712 4051 1769 4101 et
1824 4030 1951 4101 non.

297 4136 624 4192 abscondas
657 4135 815 4191 illam
849 4136 960 4191 sub
989 4134 1181 4206 lapide
1210 4135 1268 4189 in
1325 4135 1731 4207 perditionem.
1788 4135 1940 4190 Pone

294 4225 637 4281 thesaurum
671 4229 839 4279 tuum
875 4224 929 4277 in
967 4224 1268 4295 praeceptis
1296 4222 1603 4292 Altissimi,
1636 4229 1694 4279 et
1732 4224 1940 4297 prode-

296 4314 372 4369 rit
402 4313 505 4369 tibi
537 4312 725 4386 magis
752 4328 928 4385 quam
962 4328 1171 4367 aurum
1231 4312 1386 4383 (Ibid.
1456 4313 1537 4374 13.
1599 4313 1705 4381 14).
1742 4334 1770 4362 ››
1828 4312 1940 4368 Sed

296 4403 734 4460 obsurduerunt
784 4418 954 4458 aures
1005 4401 1313 4457 hominum
1371 4402 1443 4457 ad
1481 4405 1603 4457 tam
1659 4400 1942 4458 salutaria

297 4495 603 4564 praecepta,
635 4494 694 4545 et
725 4490 977 4545 maxime
1007 4490 1214 4545 divites
1245 4507 1355 4544 aere
1386 4489 1485 4544 illo
1514 4507 1632 4545 sum
1682 4490 1940 4561 pecuniae

2057 582 2364 651 sollicitus,
2394 600 2542 656 quos
2579 584 2837 657 captivos
2893 584 3179 641 barbarus
3233 583 3446 652 vendit,
3484 601 3666 657 rogare

2056 673 2311 743 empti-rit,
2346 674 2542 728 statim
2569 674 2732 730 dives
2759 673 2986 729 vultum
3029 674 3254 740 avertit,
3276 677 3536 727 naturam
3568 690 3664 728 non

2056 762 2437 832 recognoscit,
2468 762 2867 820 humilitatem
2922 762 3230 834 suppliciis
3277 778 3393 817 non
3449 761 3664 819 misere-

2056 852 2153 903 tur
2182 850 2589 907 necessitatem
2622 852 2774 909 δη
2805 869 2921 908 non
2979 851 3261 919 sublevat,
3321 850 3663 924 fragilitatem

2054 953 2427 994 communem
2460 957 2573 995 non
2606 940 2955 1005 considerat,
2988 946 3103 995 stat
3131 939 3480 1005 inﬂexibilis,
3519 957 3664 994 resu-

2054 1025 2250 1098 pinus,
2274 1045 2385 1082 non
2412 1029 2683 1100 precibus
2705 1029 3039 1096 inclinatur,
3065 1046 3179 1083 non
3202 1027 3471 1101 lacrymis
3492 1044 3665 1083 move-

2052 1118 2167 1181 tur,
2196 1133 2312 1171 non
2343 1116 2660 1186 ejulatibus
2692 1117 3000 1190 frangitur,
3020 1119 3231 1189 juraus
3262 1117 3417 1188 quod
3455 1115 3661 1183 habeat,

2053 1203 2172 1259 imo
2202 1211 2256 1259 et
2290 1206 2412 1276 ipse
2443 1206 2827 1262 feneratorem
2887 1207 3164 1278 requirat,
3212 1211 3275 1261 ut
3334 1206 3661 1261 necessitati-

2052 1292 2166 1348 bus
2193 1295 2502 1350 subveniat
2530 1295 2675 1351 suis.
2710 1295 2857 1361 Quid
2888 1296 3057 1351 addis
3087 1294 3314 1349 duritiaa
3345 1299 3401 1349 et
3437 1293 3662 1349 avaritia:

2050 1384 2163 1437 tua
2194 1388 2626 1439 sacramentum
2657 1384 2686 1438 ‘?
2722 1384 2845 1439 Non
2884 1384 3201 1440 absolveris
3250 1383 3522 1455 perjurio,
3576 1384 3662 1437 sed

2050 1468 2273 1543 ligaris.

2056 1566 2067 1575 ‘
2124 1562 2208 1615 10.
2241 1564 2313 1616 At
2344 1561 2442 1617 ubi
2477 1578 2789 1618 usurarum
2822 1563 3039 1618 mentio
3071 1561 3220 1617 facta
3247 1560 3441 1626 fuerit,
3472 1564 3565 1615 aut
3592 1560 3662 1631 pi-

2049 1650 2272 1721 gnoris,
2296 1654 2437 1706 tunc
2466 1651 2691 1722 dejecto
2721 1650 3033 1723 supercilio
3066 1650 3357 1706 fenerator
3385 1649 3603 1716 arridet,
3618 1652 3665 1704 et

2048 1754 2225 1809 quem
2257 1744 2391 1794 ante
2420 1739 2530 1795 sibi
2562 1739 2859 1810 cognitum
2892 1739 3234 1811 denegabat,
3268 1738 3533 1795 eumdem
3552 1741 3664 1792 tan-

2048 1843 2227 1899 quam
2259 1833 2562 1899 paternam
2603 1829 2924 1885 amicitiam
2956 1828 3295 1884 recordatus
3345 1825 3537 1882 osculo
3579 1842 3664 1880 ex-

2048 1914 2207 1989 cipit,
2240 1917 2613 1974 hereditariis
2645 1919 2864 1991 pignus
2888 1916 3194 1973 charitatis
3248 1914 3519 1989 appellat,
3549 1914 3665 1970 flere

2047 2006 2334 2076 prohibet.
2371 2007 2727 2073 Quaeremus,
2756 2006 2966 2079 inquit,
2997 2005 3156 2061 domi
3215 2005 3265 2060 si
3324 2004 3461 2077 quid
3516 2003 3661 2059 nobis

2047 2096 2307 2165 pecuniae
2336 2101 2445 2160 est,
2478 2096 2743 2167 frangam
2776 2100 3014 2168 propter
3042 2099 3099 2150 te
3155 2099 3463 2173 argentum
3495 2096 3660 2164 pater-

2046 2199 2189 2238 num
2224 2185 2376 2256 quod
2411 2185 2794 2241 fabrefactum
2825 2189 2935 2251 est,
2967 2183 3293 2257 plurimum
3322 2181 3517 2238 damni
3544 2179 3659 2235 erit:

2046 2287 2174 2343 quae
2198 2290 2389 2329 usurae
2418 2273 2883 2345 compensabunt
2914 2272 3336 2329 emblematum
3393 2272 3442 2339 (1
3484 2270 3544 2341 )?
3567 2269 3661 2325 Sed

2045 2377 2150 2432 pro
2180 2362 2368 2417 amico
2398 2361 2772 2434 dispendium
2804 2378 2918 2417 non
2953 2361 3369 2428 reformidabo,
3403 2375 3529 2414 cum
3557 2356 3663 2411 red-

2045 2448 2285 2515 dideris,
2320 2451 2597 2507 reﬁciam.
2632 2451 2833 2523 Itaque
2875 2455 3192 2522 antequam
3249 2450 3372 2517 det,
3432 2447 3658 2519 recipere

2044 2536 2282 2593 festinat
2312 2556 2326 2593 :
2358 2543 2415 2594 et
2443 2539 2543 2611 qui
2574 2539 2633 2594 in
2666 2556 2901 2596 summa
2928 2538 3238 2595 subvenire
3270 2554 3336 2594 se
3365 2536 3515 2603 dicit,
3548 2552 3659 2591 usu-

2045 2642 2140 2681 ras
2170 2626 2363 2699 exigit.
2388 2626 2684 2695 Kalendis,
2716 2628 2929 2701 inquit,
2970 2643 3185 2683 usuras
3241 2626 3415 2682 dabis
3446 2643 3459 2681 :
3514 2625 3657 2679 fenus

2046 2715 2157 2785 (12)
2179 2714 2439 2782 interim,
2460 2716 2510 2773 ei
2534 2734 2649 2772 nou
2672 2716 2948 2773 habueris
2968 2717 3125 2772 unde
3146 2716 3561 2780 restituas,non
3585 2729 3659 2767 re-

2046 2803 2236 2874 quiro.
2263 2805 2346 2859 Ita
2372 2809 2556 2860 semet
2576 2806 2693 2872 det,
2717 2807 3050 2877 frequenter
3077 2804 3354 2877 exagitat,
3380 2808 3435 2860 et
3456 2817 3658 2873 semper

2045 2891 2158 2947 sibi
2188 2892 2399 2949 debere
2427 2894 2622 2950 efficit.
2657 2894 2775 2950 Hac
2802 2900 2927 2950 arte
2958 2898 3171 2949 tractat
3224 2894 3440 2948 virum.
3486 2892 3660 2960 Itaque

2045 2980 2212 3052 prius
2239 2998 2374 3038 eum
2402 2981 2806 3056 chirographis
2825 2981 2990 3054 ligat,
3016 2987 3073 3037 et
3097 2981 3378 3054 astringit
3396 2978 3541 3036 vocis
3560 2994 3659 3033 suae

2044 3069 2311 3127 nexibus.
2336 3072 2691 3128 Numeratur
2713 3070 2979 3144 pecunia,
3003 3071 3299 3126 addicitur
3317 3070 3562 3132 libertas,
3582 3064 3662 3120 ab-

2045 3158 2292 3215 solvitur
2320 3160 2500 3216 miser
2530 3161 2754 3217 minore
2782 3160 2998 3227 debito,
3033 3160 3253 3230 majore
3284 3159 3513 3231 ligatur.

2124 3250 2206 3304 11.
2239 3248 2402 3305 Talia
2429 3254 2568 3305 sunt
2595 3256 2805 3316 vestra,
2846 3249 3074 3316 divites,
3135 3248 3437 3303 beneﬁcia.
3492 3244 3659 3301 Minus

2046 3336 2220 3403 datis,
2251 3342 2309 3393 et
2337 3338 2470 3409 plus
2501 3338 2752 3411 exigitis.
2785 3336 2946 3395 Talis
2975 3337 3339 3405 humanitas,
3370 3340 3436 3391 ut
3472 3331 3659 3407 spolie-

2046 3425 2122 3481 tis
2154 3424 2333 3482 etiam
2363 3442 2499 3482 cum
2530 3427 2873 3483 subvenitis.
2926 3425 3234 3482 Fecundus
3293 3424 3456 3481 vobis
3507 3422 3659 3478 etiam

2046 3530 2269 3587 pauper
2298 3520 2390 3571 est
2419 3516 2491 3571 ad
2523 3520 2834 3588 quaestum.
2870 3515 3184 3571 Usurarius
3211 3518 3305 3570 est
3320 3525 3660 3586 egemus,co-

2046 3603 2321 3675 gentibus
2350 3604 2534 3670 vobis,
2562 3604 2740 3661 habet
2768 3605 2924 3677 quod
2955 3603 3158 3659 reddat
3190 3619 3202 3658 :
3254 3602 3414 3675 quod
3464 3601 3660 3671 impen-

2048 3692 2169 3759 dat,
2203 3708 2319 3749 non
2350 3692 2544 3749 habet.
2577 3692 2987 3750 Misericordia:
3020 3691 3189 3765 plane
3218 3692 3350 3757 viri,
3382 3706 3546 3764 quem
3577 3685 3659 3743 alii

2048 3780 2373 3848 absolvitis,
2401 3781 2569 3838 vobis
2598 3781 2889 3838 addicitis.
2922 3780 3144 3837 Usuras
3173 3779 3370 3848 solvit,
3401 3777 3497 3851 qui
3527 3776 3658 3831 victu

2046 3869 2287 3943 indiget.
2318 3872 2406 3926 An
2438 3870 2761 3943 quidquam
2789 3868 3022 3944 gravius
3052 3869 3080 3923 ‘t
3139 3868 3236 3924 Ille
3299 3868 3661 3925 medicamen-

2048 3963 2178 4015 tum
2205 3959 2433 4031 quierit,
2459 3975 2562 4015 vos
2591 3959 2812 4015 offertis
2839 3975 3127 4015 venenum
3164 3974 3177 4011 :
3213 3973 3421 4030 panem
3474 3951 3660 4025 implo-

2049 4051 2159 4115 rat,
2191 4047 2453 4121 gladium
2486 4048 2784 4121 porrigitis
2813 4064 2827 4104 :
2862 4046 3192 4103 libertatem
3249 4047 3529 4111 obsecrat,
3559 4057 3659 4097 ser-

2046 4136 2293 4192 vitutem
2327 4135 2596 4210 irrogatis
2630 4154 2643 4192 :
2686 4135 3116 4192 absolutionem
3166 4139 3453 4206 precatur,
3507 4129 3661 4186 infor-

2049 4225 2164 4281 mis
2194 4224 2385 4296 laquei
2419 4225 2641 4281 nodum
2671 4223 2982 4297 stringitis.

2677 4328 2905 4385 CAPUT
2965 4329 3053 4385 IV.

2052 4420 2169 4489 Qua
2200 4420 2412 4475 ratione
2438 4420 2769 4490 feneratores
2796 4416 2955 4473 Iudae
3007 4420 3059 4472 et
3108 4416 3323 4490 diabolo
3368 4425 3656 4490 comparea-

2117 4494 2209 4546 tur
2239 4509 2259 4555 ,-
2288 4492 2339 4546 et
2368 4481 2498 4562 quid
2524 4488 2868 4562 signiﬁcetur
2890 4488 3207 4544 nominibus
3255 4481 3549 4547 creditoris,
3594 4481 3657 4549 fe-

297 4595 471 4636 aures
499 4578 732 4634 clausas
761 4579 999 4635 habent.
1036 4583 1193 4634 Dum’
1243 4578 1549 4650 pecuniam
1609 4559 1911 4635 numerant

2119 4564 2293 4628 noris,
2323 4559 2489 4617 sortis
2515 4559 2877 4616 ac'debitoris.

299 4684 582 4741 responsa
608 4684 720 4723 non
754 4667 1001 4722 audiunt
1032 4668 1162 4738 (10).
1198 4666 1381 4723 Simul
1418 4671 1480 4722 ut
1507 4667 1721 4739 aliquis
1745 4684 1942 4726 neces-

368 4812 444 4881 (9)
474 4809 690 4865 Omnes
720 4825 863 4881 mss.
899 4825 963 4863 ac
996 4812 1107 4864 vet.
1139 4808 1370 4881 edittin
1405 4809 1592 4881 prima
1621 4809 1800 4880 hujus
1829 4810 1940 4867 loci

298 4886 464 4954 parte
493 4880 865 4954 conveniunt,
898 4896 1072 4954 quam
1106 4880 1243 4934 edit.
1280 4880 1444 4954 Rom.
1479 4881 1713 4954 invertit
1743 4899 1809 4937 ac
1840 4883 1944 4937 de-

300 4951 551 5009 curtavit
608 4953 667 5007 in
722 4952 878 5007 hunc
918 4951 1172 5006 modum
1209 4969 1222 5006 :
1268 4953 1331 5005 Et
1385 4968 1454 5024 ne
1488 4952 1620 5023 quid
1665 4955 1943 5024 furtivum

298 5024 517 5081 domum
546 5042 703 5080 suam
733 5029 985 5088 intraret,
1015 5024 1236 5078 cavebat
1268 5039 1281 5077 :
1326 5023 1418 5077 scd
1471 5023 1674 5078 victum
1702 5025 1944 5081 mercede

298 5098 544 5169 conjugis
576 5096 805 5151 levabat.
838 5096 1077 5169 Denique
1104 5112 1126 5159 ;
1155 5094 1228 5149 ab
1261 5093 1367 5169 hac
1399 5095 1780 5169 veroultima
1808 5114 1943 5153 voce

300 5166 430 5223 cum
464 5166 652 5223 tribus
713 5185 853 5222 mss.
914 5168 993 5221 ita
1054 5166 1444 5239 prosequitur,
1497 5167 1622 5239 plus
1675 5169 1947 5224 honestati

301 5256 467 5310 quam
512 5241 823 5296 necessitati
876 5238 1180 5302 consulens,
1231 5239 1323 5292 cui
1376 5238 1505 5292 sua]
1535 5238 1778 5306 deerant,
1834 5241 1943 5295 ali-

300 5312 543 5380 moniam
599 5310 1029 5365 commoduverat
1094 5310 1348 5380 proximo
1428 5325 1527 5364 suo
1583 5326 1772 5380 quam,
1831 5316 1940 5366 etc.

301 5378 456 5451 Alite
488 5380 624 5451 edit.
663 5398 750 5451 Aac
810 5383 1059 5451 potiores
1095 5378 1273 5435 _mss.
1338 5384 1402 5433 ut
1458 5380 1517 5434 in
1588 5378 1771 5449 textu,
1830 5384 1942 5438 nisi

304 5449 461 5519 quod
492 5449 627 5503 edit.
661 5449 894 5515 habent,
925 5453 1014 5505 cui
1041 5467 1143 5505 sua
1172 5451 1416 5516 deerant,
1451 5455 1508 5505 et
1563 5451 1726 5508 solus
1782 5453 1941 5509 Colb.

306 5520 537 5590 prmfert
561 5523 847 5597 pecuniam
887 5522 1199 5597 quamdam:
1259 5521 1503 5597 Videtur
1558 5529 1752 5597 autem
1815 5530 1948 5597 post

304 5604 503 5643 vocem
528 5590 865 5655 alimoniam,
896 5590 1482 5661 subintelligendum,
1511 5596 1729 5666 nequid
1798 5590 1945 5652 urti-

308 5675 496 5713 vum...
534 5657 767 5714 (vivebat.
812 5663 1069 5723 Denique
1126 5662 1224 5717 ubi
1284 5663 1419 5718 edit.
1481 5662 1611 5719 Gill.
1664 5672 1721 5722 et
1772 5599 1942 5723 item.

308 5675 496 5713 vum...
534 5657 767 5732 cavebat.
812 5663 1069 5732 Denique
1126 5657 1235 5717 ubi
1284 5663 1419 5718 edit.
1470 5657 1619 5719 'Gill:
1664 5672 1721 5722 et
1772 5657 1942 5723 Rom.

308 5729 758 5795 commodavcrat,
804 5729 1226 5790 commodatum.
1287 5734 1663 5805 commodavit,
1698 5738 1776 5793 ibi
1819 5738 1942 5794 alia:

2123 4670 2210 4725 12.
2244 4667 2403 4724 Hanc
2432 4667 2721 4739 praecipue
2750 4665 3103 4737 injustitiam
3134 4664 3397 4738 deplorat
3450 4660 3658 4718 sanctus

2047 4812 2186 4869 edit.
2221 4827 2286 4865 ac
2317 4826 2462 4873 mss,
2488 4804 3656 4873 omnes.commendaverat,commendatum_.

2047 4868 2540 4952 commendavitIAt
2560 4896 2676 4936 non
2695 4880 2928 4936 videtur
2949 4868 3505 4952 praetermittendum
3524 4868 3651 4944 quod

2050 4959 2117 5011 ut
2143 4953 2385 5010 verbum
2415 4950 2647 5010 δανειζιιν
2676 4952 2830 5023 apud
2863 4948 3001 5007 LX'X
3030 4956 3084 5007 et
3104 4949 3376 5022 Aquilam
3401 4949 3457 5003 in
3475 4948 3659 5023 bonst?

2051 5010 2118 5083 ac
2147 5024 2363 5080 malam
2394 5026 2619 5096 partem
2641 5010 2928 5096 accipitur
2958 5040 2974 5096 _:
3028 5023 3115 5079 sio
3167 5010 3418 5093 fenerare
3475 5016 3562 5071 hic
3600 5010 3657 5066 ab

2050 5097 2253 5153 Ambr.
2286 5099 2344 5150 et
2373 5093 2446 5149 ab
2474 5096 2720 5166 August.
2754 5093 2813 5150 in
2847 5093 2994 5166 psal.
3027 5110 3197 5166 xxxvi
3218 5095 3548 5166 usurpatur.

2123 5113 2253 5152 nor.
2286 5113 2344 5150 et
2373 5113 2446 5149 an
2474 5113 2720 5166 august.
2754 5113 2813 5150 1n
2887 5113 2994 5150 san.
3027 5113 3197 5149 xxxv:
3224 5113 3369 5149 usur
3409 5113 3548 5146 atur.

2123 5169 2236 5239 (10)
2271 5168 2567 5239 Πθδρυπδαι
2587 5168 2827 5239 χρησμρὶ,
2847 5113 2970 5221 Ibeo
2992 5169 3086 5239 est
3115 5164 3321 5220 divina.-
3360 5113 3655 5239 Scriptura).

2050 5232 2196 5366 ggde
2220 5232 2710 5310 quae'notavimus
2740 5237 2841 5293 lib.
2875 5238 2945 5293 De
2968 5235 3110 5310 fuga
3139 5251 3261 5291 sa’c.
3292 5250 3418 5305 cap.
3450 5232 3499 5287 4.
3522 5239 3656 5283 num.

2124 5354 2236 5453 (11)
2267 5378 2633 5453 Embtemata,
2668 5378 2867 5453 figure
2920 5382 3072 5453 sunt
3117 5383 3290 5453 atque
3345 5370 3658 5453 ornament}!

2124 5395 2236 5453 (ιι)
2267 5395 2633 5445 ωποιειηαια,
2668 5395 2707 5433 ιι
2753 5396 2867 5435 ιιιιω
2920 5395 3061 5434 sunt
3117 5395 3290 5450 atque
3345 5395 3658 5445 ornament:-

2053 5452 2176 5532 vasi
2202 5395 3215 5532 cuipiam_superagdit_a_qua3facile
3242 5465 3311 5505 ex
3338 5446 3532 5504 eodem
3566 5452 3660 5494 en-

2054 5524 2136 5580 mi
2166 5520 2414 5595 possint,
2446 5520 2602 5595 dicta
2628 5520 2725 5569 άπδ
2750 5524 2839 5570 τοῦ
2870 5520 3156 5595 διίδάλλειν·
3285 5589 3295 5595 -
3386 5594 3391 5595 ν
3464 5592 3474 5595 -
3534 5581 3544 5593 ο

2126 5577 2446 5669 (1⁸2)⁷⁷Ρεη-ᾠ
2475 5592 2571 5669 hic
2601 5609 2704 5664 pro
2733 5577 2907 5669 sorte.
2934 5591 3195 5665 ponitur,
3251 5589 3481 5669 sicu_t_et
3531 5577 3657 5669 ἱηζξξ

2056 5684 2107 5723 c.
2129 5649 2235 5732 ‘12,’
2265 5682 2324 5720 ιι.
2356 5665 2446 5733 39,
2488 5649 2755 5720 thmus
2798 5649 2983 5733 datur,
3013 5649 3195 5732 fenus,
3232 5659 3547 5735 appellatur.
3594 5649 3656 5703 Ba

2055 5743 2255 5796 tamen
2284 5753 2393 5793 vox
2421 5736 2637 5809 sapius
2665 5752 2909 5794 usuram
2939 5740 3128 5793 sonat.
