3866 6212
233 394 343 455 801

1593 384 1826 459 LIBER
1872 394 1972 458 DE
2018 388 2281 460 TOBIA.

3534 404 3652 467 802

236 527 412 584 David
448 528 689 584 dicens:
719 526 887 583 «Vidi
912 527 1277 601 iniquitatem
1299 530 1887 588 etcontradictionem
1918 534 1973 599 Α
2003 531 2416 587 diversitatem.
2451 532 2655 589 Debita
2684 533 2953 605 quamvis
2985 535 3223 591 diversae
3284 536 3652 607 quantitatis,

236 618 293 672 in
324 616 609 673 civitate:
641 620 699 673 et
727 632 840 673 non
872 616 1080 673 defecit
1103 617 1175 673 de
1206 616 1416 689 plateis
1453 618 1583 689 ejus
1614 636 1796 675 usura
1834 624 1891 676 et

234 705 403 761 dolus
436 705 607 778 (Psat.
644 724 752 775 LIV,
786 706 874 771 l0,
910 706 1017 775 l2).
1052 707 1251 778 Itaque
1309 723 1445 763 cum
1503 708 1890 780 proditionem

232 794 395 851 Iudae
410 795 727 867 subjecerit
766 796 897 865 (13),
916 818 943 845 ››
968 795 1077 851 hoc
1097 795 1399 867 praemisit,
1428 797 1546 853 sive
1567 799 1721 871 quod
1738 798 1891 855 ultra

234 883 527 956 sacrilegii
596 884 901 953 invidiam,
960 884 1285 955 conjuratis
1349 885 1664 942 Dominicis
1733 888 1892 944 necis

234 973 449 1028 fenoris
485 973 707 1028 crimen
740 973 1044 1044 accideret,
1077 972 1195 1030 sive
1226 974 1381 1046 quod
1405 979 1635 1031 tantum
1657 975 1891 1032 sacrile-

236 1061 395 1134 gium
428 1062 577 1117 satis
632 1062 984 1135 abundeque
1016 1079 1197 1118 usura
1236 1062 1454 1120 fenoris
1511 1063 1701 1120 ultum
1758 1064 1889 1121 iret.

237 1149 368 1205 Mali
396 1150 756 1206 feneratores
786 1150 888 1223 qui
918 1151 1207 1207 dederunt
1236 1152 1544 1224 pecuniam
1576 1156 1644 1207 ut
1671 1152 1892 1209 interﬂ-

239 1242 435 1295 cerent
467 1243 765 1296 auctorem
799 1238 1007 1296 salutis
1033 1256 1047 1294 :
1096 1238 1238 1296 mali
1269 1244 1327 1297 et
1356 1239 1476 1304 isti.
1518 1240 1618 1314 qui
1648 1241 1793 1297 dant
1830 1245 1897 1297 ut

241 1329 598 1385 interficiant
636 1329 1023 1385 innocentem.
1055 1330 1125 1385 Et
1151 1328 1264 1386 iste
1303 1346 1535 1402 quoque
1565 1330 1666 1403 qui
1723 1347 1894 1403 pecu-

240 1418 398 1473 niam
432 1418 744 1491 acceperit,
769 1422 836 1474 ut
857 1418 1158 1490 proditori
1168 1418 1332 1485 udas,
1357 1417 1566 1490 laqueo
1589 1435 1651 1475 se
1666 1423 1723 1476 et
1770 1419 1897 1491 ipse

242 1505 574 1578 suspendit.
621 1506 821 1579 Ipsum
890 1522 1122 1579 quoque
1166 1505 1382 1562 Judam
1441 1506 1550 1563 hoc
1588 1507 1897 1564 maledicto

244 1595 392 1652 595
419 1595 793 1667 putavitesse
808 1594 1202 1651 substantiam
1218 1595 1391 1668 (Psal.
1424 1612 1583 1664 cvm,
1605 1597 1730 1667 ll);
1764 1597 1900 1669 quia

242 1684 394 1756 quod
432 1684 782 1757 proscriptio
802 1688 1208 1757 tyrannorum,
1242 1689 1343 1741 aut
1371 1683 1664 1741 latronum
1687 1702 1899 1741 manus

240 1774 467 1846 operari
500 1772 783 1844 solet,hoc
815 1773 941 1829 sola
975 1773 1319 1830 feneratoris
1351 1774 1615 1847 nequitia
1652 1791 1901 1831 consue-

243 1861 573 1918 vitinferre.
594 1862 882 1918 Doctiores
910 1866 1105 1918 autem
1126 1864 1322 1934 ipsum
1344 1863 1674 1919 fmneratori
1694 1869 1903 1936 putant

243 1950 545 2007 diabolum
579 1956 1001 2025 comparatum,
1036 1952 1134 2024 qui
1167 1968 1259 2008 res
1290 1950 1519 2018 animos,
1552 1957 1608 2008 et
1636 1953 1901 2024 pretiosis

244 2040 457 2097 mentis
489 2040 915 2113 patrimonium
949 2041 1146 2097 fenore
1172 2041 1430 2113 quodam
1462 2040 1741 2098 usurarius
1790 2042 1900 2097 ini-

245 2129 485 2201 quitatis
519 2129 742 2197 evertit,
775 2129 858 2185 sic
917 2134 1159 2202 sumptu
1215 2130 1373 2203 capit
1428 2131 1563 2201 (14),
1634 2130 1716 2185 sic
1759 2148 1901 2187 auro

245 2216 431 2286 illicit,
498 2217 587 2275 sic
650 2222 814 2275 reatu
891 2217 1148 2286 involvit,
1218 2218 1303 2275 sic
1369 2223 1546 2291 caput
1628 2219 1903 2275 thesauro

252 2308 526 2380 reposcit.

318 2424 406 2478 l3.
439 2422 593 2487 Quid
624 2423 787 2479 vobis
817 2422 1100 2495 iniquius,
1133 2423 1234 2495 qui
1269 2439 1373 2479 nec
1394 2423 1477 2479 sic
1510 2424 1717 2497 capitis
1746 2425 1902 2481 solu-

250 2512 401 2568 tione
459 2512 605 2569 estis
651 2513 953 2568 contenti?
1008 2512 1155 2577 Quid
1213 2513 1376 2569 vobis
1426 2513 1709 2584 iniquius,
1803 2515 1904 2587 qui

251 2600 563 2673 pecuniam
598 2600 771 2667 datis,
805 2607 860 2656 et
884 2600 1062 2657 vitam
1095 2599 1369 2673 obligatis
1385 2606 1440 2657 et
1457 2602 1908 2673 patrimonium?

248 2689 529 2762 Accipitis
550 2706 761 2747 aurum
785 2695 1211 2760 argentumque
1233 2705 1335 2760 pro
1354 2690 1614 2762 pignore,
1638 2695 1694 2746 et
1713 2691 1905 2747 adhuc

252 2778 418 2835 illum
451 2779 780 2835 debitorem
813 2779 1025 2845 dicitis,
1050 2777 1330 2850 quivobis
1352 2779 1484 2852 plus
1504 2780 1751 2836 credidit
1771 2783 1904 2855 (15),

256 2885 434 2940 quam
467 2867 694 2939 accepit
723 2868 983 2923 avobis?
1009 2867 1125 2922 Vos
1155 2867 1470 2924 creditores
1492 2870 1771 2936 asseritis,
1807 2872 1907 2944 qui

254 2956 510 3029 amplius
542 2956 799 3013 debetis:
836 2973 958 3025 vos,
994 2956 1259 3027 inquam,
1320 2956 1512 3013 dicitis
1568 2959 1905 3030 creditores,

256 3046 354 3118 qui
385 3063 502 3101 non
534 3044 784 3115 homini,
815 3045 915 3101 sed
949 3044 1177 3118 pignori
1193 3045 1542 3103 credidistis.
1567 3048 1717 3104 Bene
1741 3050 1909 3106 fenus

257 3133 587 3207 appellatur
613 3134 767 3206 quod
799 3134 970 3201 datis,
1005 3136 1083 3190 ita
1113 3133 1225 3191 vile
1255 3150 1321 3190 ac
1353 3134 1587 3193 feneum
1622 3142 1728 3195 est.

1999 637 2184 675 unum
2217 620 2431 676 habent
2465 638 2699 685 nomen,
2732 639 3080 679 unumonus
3100 640 3281 679 unum
3306 623 3652 695 periculum.

2000 709 2196 765 Nescit
2224 726 2359 782 ergo
2391 710 2535 782 quid
2568 716 2769 782 poscat
2797 711 3016 781 infelix,
3049 712 3149 783 qui
3173 713 3477 785 pecuniam
3516 712 3659 785 petit

2002 802 2309 854 mutuam:
2343 799 2484 870 quid
2518 800 2783 871 accipiat,
2820 801 3072 871 ignorat.

2678 905 2914 962 CAPUT
2946 910 3013 962 V.

2003 994 2245 1067 Pecunia
2300 995 2675 1063 feneratorum
2734 997 2879 1049 mari
2925 998 3306 1067 comparatur:
3366 996 3508 1052 hanc
3565 995 3661 1051 ubi

2073 1066 2198 1134 quis
2233 1067 2459 1134 accepit,
2489 1068 2676 1119 statim
2706 1066 3055 1121 nebulonum
3092 1068 3306 1122 turbam
3350 1068 3419 1136 ad
3475 1084 3530 1122 se
3576 1075 3658 1123 at-

2073 1135 2247 1190 trahit
2266 1152 2286 1196 ;
2315 1137 2409 1190 ubi
2437 1142 2487 1191 et
2511 1136 2575 1191 de
2593 1137 2829 1192 sortibus
2853 1140 3133 1209 utrius,ue
3152 1139 3493 1194 Testamenti.
3517 1138 3663 1193 Con-

2073 1214 2288 1278 sumpta
2315 1224 2417 1279 per
2440 1208 2921 1279 intemperantiam
2956 1208 3052 1262 illa
3107 1211 3360 1279 pecunia,
3395 1210 3659 1264 miserum

2075 1278 2513 1350 adprendendum
2558 1278 2947 1350 supellectilem
2996 1282 3274 1350 fenerator
3303 1279 3502 1350 adigit,
3563 1288 3662 1335 aut

2076 1349 2330 1404 inducias
2386 1349 2646 1414 concedit,
2696 1350 2789 1405 sed
2837 1349 3047 1404 bellicis
3132 1352 3265 1419 ipsis
3352 1349 3619 1406 tristiores
3639 1368 3659 1404 .-

2076 1421 2323 1492 seguitur
2351 1420 2573 1477 demum
2598 1423 2767 1476 nimis
2796 1439 2921 1476 sera
2950 1424 3208 1480 stultitiae
3233 1424 3583 1494 poenitentia.

2082 1508 2169 1564 16.
2200 1509 2325 1564 Non
2358 1509 2517 1565 novit
2548 1510 2793 1581 pecunia
2850 1510 3193 1566 feneratoris
3256 1526 3372 1565 uno
3434 1509 3660 1565 diutius

2009 1597 2133 1653 loco
2164 1602 2339 1663 stare,
2374 1597 2546 1652 solita
2586 1598 2832 1653 transire
2892 1615 2993 1670 per
3045 1598 3350 1670 plurimos.
3409 1599 3532 1655 Uno
3580 1603 3663 1655 te-

2013 1686 2137 1741 neri
2173 1685 2405 1742 sacculo
2440 1687 2644 1749 nescit,
2679 1687 2895 1742 versari
2956 1705 3023 1742 ac
3073 1687 3372 1743 numerari
3405 1687 3661 1759 expetit:

2010 1792 2184 1830 usum
2217 1776 2477 1847 requirit,
2515 1781 2577 1830 ut
2624 1775 2889 1847 acquirat
2940 1793 3202 1832 usuram.
3237 1775 3473 1832 Fluctus
3527 1776 3665 1848 qui-

2012 1866 2147 1921 dam
2178 1869 2267 1919 est
2325 1864 2524 1929 maris,
2587 1881 2702 1919 non
2764 1866 3007 1921 fructus.
3064 1865 3319 1921 Pecunia
3359 1882 3663 1937 nunquam

2012 1952 2278 2025 quiescit.
2313 1953 2575 2019 Labitur,
2629 1951 2791 2007 velut
2850 1952 3094 2024 scopulo
3151 1954 3306 2010 596
3354 1951 3527 2017 illisa,
3586 1952 3668 2007 ita

2011 2041 2298 2114 gremium
2331 2040 2610 2097 debitoris
2645 2042 2908 2112 percutit,
2946 2048 3003 2096 et
3052 2042 3329 2098 continuo
3387 2040 3668 2097 relabitur

2011 2147 2077 2186 eo
2108 2130 2262 2186 unde
2295 2131 2593 2202 processit.
2628 2130 2773 2185 Cum
2797 2148 3102 2185 murmure
3142 2131 3316 2198 venit,
3377 2147 3511 2185 cum
3563 2146 3664 2201 ge-

2015 2220 2160 2274 mitu
2208 2223 2532 2275 revertitur.
2598 2218 2946 2289 Frequenter
2978 2222 3171 2274 tamen
3229 2217 3527 2291 placidum
3554 2222 3671 2275 stat

2013 2308 2200 2364 ventis
2232 2324 2412 2375 mare,
2444 2324 2675 2379 semper
2705 2306 2921 2363 fenoris
2954 2307 3111 2362 unda
3131 2308 3409 2378 jactatur.
3460 2306 3670 2379 Mergit

2018 2397 2348 2468 naufragos,
2381 2397 2615 2467 exspuit
2646 2396 2855 2465 nudos,
2888 2396 3126 2452 vestitos
3166 2396 3345 2458 exuit,
3406 2395 3669 2467 insepul-

2014 2490 2103 2541 tos
2145 2484 2442 2555 relinquit.
2478 2484 2799 2540 Nummum
2828 2500 2966 2557 ergo
2998 2484 3167 2557 petis,
3206 2487 3263 2540 et
3292 2484 3670 2556 naufragium

2015 2574 2283 2644 suscipis.
2322 2573 2464 2627 ilinc
2494 2573 2816 2645 Charybdis
2848 2572 3300 2645 circumstrepit,
3331 2572 3468 2628 hinc
3513 2572 3671 2627 Sire-

2015 2680 2102 2717 na:
2133 2679 2258 2733 qum
2318 2660 2633 2733 voluptatis
2684 2661 2894 2733 specie,
2945 2665 3003 2719 et
3057 2678 3281 2717 canora
3336 2660 3672 2717 dulcedinis

2017 2750 2298 2807 suavitate
2334 2751 2390 2805 in
2421 2750 2567 2806 vada
2587 2752 2866 2807 deductos
2887 2767 3054 2816 cinca,
3080 2753 3404 2822 repetendae
3427 2750 3663 2813 domus,

2019 2846 2082 2895 ut
2142 2840 2334 2896 ferunt
2383 2840 2610 2908 fabulae,
2669 2857 2770 2913 spe
2828 2846 2885 2896 et
2940 2840 3260 2912 cupiditate
3316 2839 3673 2894 fraudabant

2017 2932 2237 2999 (Homer
2263 2930 2441 2999 odyss.
2477 2931 2563 3000 ω).

2092 3019 2177 3073 17.
2216 3017 2425 3073 Statim
2455 3017 2783 3073 venditores
2841 3018 3081 3091 ungenti
3119 3018 3231 3090 (10)
3290 3022 3347 3074 et
3414 3016 3671 3074 diversa-

2018 3124 2149 3163 rum
2181 3106 2507 3180 specierum
2539 3107 2789 3175 irruunt,
2816 3106 2971 3162 velut
3001 3106 3240 3179 quidam
3278 3124 3451 3164 canes
3483 3105 3677 3180 sagaci

2019 3198 2224 3270 prmdas
2256 3196 2523 3269 vagantis
2561 3196 2736 3251 odore
2778 3196 3438 3267 perstricti,venatores,
3490 3196 3678 3268 pisca-

328 3259 412 3315 14.
446 3260 679 3315 Sortem
711 3257 903 3314 dicitis
934 3260 1089 3330 quod
1144 3258 1407 3315 deb’etur.
1458 3261 1688 3319 Etenim
1748 3264 1842 3322 vel

2081 3303 2191 3354 res,
2225 3301 2500 3357 aucupes,
2528 3300 2820 3356 caupones
2851 3301 3086 3356 quoque
3147 3284 3463 3341 miscentes
3512 3300 3676 3339 inero

258 3365 401 3404 urna
432 3346 601 3403 ferali
637 3347 852 3403 misera
882 3364 1009 3403 sors
1038 3346 1306 3414 volvitur,
1340 3350 1583 3421 perituri
1632 3353 1912 3414 debitoris

255 3437 479 3493 luenda
524 3436 832 3509 supplicio.
891 3437 1056 3492 Stant
1112 3436 1395 3508 pallentes
1452 3439 1532 3495 rei
1591 3443 1663 3497 ad
1738 3449 1913 3504 sortis

259 3526 687 3583 eventum.Non
719 3525 803 3581 sic
828 3525 1126 3598 trepidant
1155 3527 1227 3583 de
1256 3543 1506 3599 quorum
1538 3530 1914 3593 damnatione

257 3631 381 3671 sors
410 3615 689 3671 ducitur:
725 3631 841 3669 non
881 3614 964 3668 sic
994 3614 1200 3684 dejecti
1230 3632 1295 3671 ac
1327 3620 1599 3690 suspensi
1628 3621 1909 3693 pavitant,

258 3704 326 3759 de
375 3719 634 3775 quorum
670 3702 1008 3774 captivitate
1037 3707 1372 3777 expectatur
1427 3708 1603 3763 sortis
1646 3716 1907 3769 eventus.

258 3791 376 3848 Illic
406 3791 572 3847 enim
604 3791 781 3847 unius
806 3790 1130 3863 captivitas,
1164 3792 1258 3848 hic
1312 3792 1633 3866 plurimum
1694 3800 1909 3856 addici-

256 3885 366 3936 tur.
400 3882 478 3937 Et
535 3881 784 3936 fortasse
815 3880 943 3936 ideo
991 3898 1141 3949 sors,
1202 3881 1340 3954 quia
1393 3882 1455 3938 in
1506 3890 1715 3943 eventu
1771 3894 1912 3945 sunt

257 3968 613 4041 patrimonia
643 3985 771 4041 quae
799 3969 906 4024 sub
938 3969 1045 4025 hac
1078 3973 1233 4027 sorte
1254 3969 1565 4029 volvuntur
1593 3975 1706 4047 (16)
1782 3976 1909 4033 Ma-

258 4074 440 4130 gnum
462 4062 519 4113 et
546 4057 923 4114 memorabile
953 4057 1300 4115 beneﬁcium
1315 4060 1410 4117 Dei
1421 4061 1911 4135 .Hocspecialiter

259 4163 355 4203 ore
394 4145 739 4221 prophetico
761 4146 1130 4220 praedicatur,
1165 4147 1396 4220 quodin
1413 4154 1606 4222 patres
1636 4152 1905 4223 contulit,

260 4238 396 4309 quia
412 4260 445 4288 ‹‹
472 4253 539 4292 ex
554 4236 753 4292 usuris
771 4240 827 4292 et
842 4236 1149 4308 iniquitate
1164 4235 1430 4294 liberavit
1444 4255 1543 4297 eos
1564 4241 1734 4312 (Psal.
1756 4260 1906 4313 Lxxt,

260 4325 364 4393 44).
391 4349 418 4377 ››
450 4325 518 4380 Et
549 4324 779 4397 proprie
810 4324 908 4381 ait:
926 4348 953 4374 ‹‹
978 4325 1057 4379 Ex
1088 4324 1285 4380 usuris
1311 4325 1572 4384 liberavit
1590 4346 1749 4398 eos,»
1772 4331 1911 4403 quia

257 4429 448 4471 usurae
482 4413 741 4470 inferunt
762 4413 1122 4469 servitutem.
1156 4414 1329 4477 Quasi
1370 4415 1606 4483 diceret,
1638 4436 1707 4476 ex
1737 4420 1912 4476 servi-

263 4503 401 4559 tutis
433 4502 669 4558 vinculo
700 4507 931 4575 ereptos
962 4501 1214 4558 reddidit
1243 4502 1518 4562 libertati.

2023 3392 2259 3449 aquam,
2303 3374 2405 3447 qui
2428 3372 2790 3429 nobilitatem
2820 3374 3031 3429 vetusti
3080 3374 3312 3445 generis
3341 3380 3399 3429 et
3455 3371 3679 3446 patrias,

2021 3471 2080 3521 et
2122 3463 2373 3520 natalem
2431 3463 2586 3518 diem
2650 3462 2769 3517 vini
2802 3461 3256 3517 circunsonont:
3293 3461 3682 3518 circumstan-

2021 3559 2109 3609 tes
2141 3561 2376 3625 repente
2405 3550 2645 3623 parasiti
2678 3566 2851 3622 quem
2883 3556 3016 3606 ante
3073 3550 3342 3607 solebant
3372 3570 3676 3626 spernere,

2021 3642 2301 3708 salutant,
2332 3641 2648 3705 deducunt,
2682 3639 2753 3695 ad
2780 3637 3040 3695 laetitiam
3066 3645 3399 3712 provocant,
3425 3645 3495 3698 ad
3519 3661 3680 3700 sum-

2021 3736 2189 3804 ptum
2220 3730 2467 3785 incitant
2496 3729 2791 3785 dicentes:
2829 3751 2855 3779 ‹‹
2888 3728 3112 3795 Venite,
3138 3734 3195 3785 ct
3252 3730 3517 3787 fruamur
3572 3733 3674 3789 bo-

2020 3821 2114 3877 nis
2145 3837 2272 3892 quze
2312 3824 2471 3888 sunt,
2505 3822 2561 3873 et
2590 3822 2829 3874 utamur
2852 3823 3118 3875 creatura
3161 3822 3442 3891 tanquam
3495 3822 3553 3876 in
3577 3822 3676 3892 ju-

2019 3914 2252 3966 vcntute
2281 3908 2579 3965 celeriter:
2621 3908 2753 3964 vino
2812 3909 3064 3980 pretioso
3094 3913 3150 3963 et
3194 3911 3512 3981 unguentis
3569 3926 3675 3967 nos

2019 3999 2388 4072 impleamus,
2416 4002 2473 4053 ct
2504 4014 2617 4053 non
2674 4001 2977 4068 praetereat
3034 4014 3141 4051 nos
3203 3997 3311 4052 ﬂos
3368 3998 3673 4070 temporis,

2018 4088 2376 4143 Coronemus
2406 4103 2513 4143 nos
2562 4086 2710 4141 rosis
2767 4090 3083 4156 antequam
3118 4091 3499 4153 marcescant,
3550 4086 3677 4142 nul-

2016 4176 2140 4231 lum
2174 4179 2405 4249 pratum
2441 4175 2518 4229 sit
2548 4174 2702 4244 quod
2742 4190 2858 4227 non
2892 4176 3253 4244 pertranseat
3284 4172 3517 4228 luxuria
3571 4191 3675 4230 no-

2019 4271 2177 4332 stra;
2212 4264 2429 4335 ubique
2462 4262 2865 4333 relinquamus
2896 4261 3065 4333 signa
3097 4260 3331 4323 laetitiae,
3394 4263 3674 4333 quoniam

2019 4355 2140 4410 Ι]ωο
2172 4358 2259 4409 est
2288 4369 2443 4425 pars,
2476 4356 2534 4406 et
2562 4350 2684 4405 haec
2708 4354 2798 4405 est
2828 4367 2956 4405 sors
2988 4354 3188 4404 nostra
3218 4351 3367 4422 (Sap.
3414 4368 3474 4419 ιι,
3526 4352 3671 4422 6-9).

2020 4444 2089 4499 Et
2135 4458 2265 4498 vere
2304 4457 2431 4496 sors
2465 4438 2660 4495 omnis
2711 4438 2946 4494 illorum
2998 4438 3152 4493 facta
3205 4443 3328 4494 est:
3362 4442 3424 4494 tu
3474 4445 3673 4496 autem

2022 4548 2289 4588 remanes
2319 4546 2486 4586 exors
2508 4529 2818 4583 bonorum.

324 4618 412 4675 45.
448 4618 632 4675 Grave
651 4617 997 4675 vocabulum
1035 4618 1386 4677 debitorum.
1420 4622 1628 4680 Debita
1673 4630 1910 4698 peccata
1939 4632 1987 4697 Ι)
2098 4621 2177 4677 l8.
2212 4620 2338 4675 Non
2370 4617 2517 4674 tales
2556 4624 2741 4673 sortes
2793 4617 2898 4673 tibi
2948 4615 3249 4690 Scriptura
3302 4604 3672 4674 monstravit.

257 4705 552 4763 dicuntur.
576 4706 879 4763 Debitores
911 4723 1143 4779 quoque
1173 4707 1475 4766 criminosi
1504 4711 1903 4784 appellantur:

256 4795 340 4852 sic
367 4796 526 4853 enim
542 4800 598 4851 et
627 4795 725 4852 isti
756 4796 908 4852 sicut
929 4800 986 4853 et
1011 4795 1097 4852 illi
1128 4797 1200 4853 de
1219 4797 1408 4871 capite
1427 4799 1541 4873 (l7)
1559 4802 1902 4859 decernunt.

257 4882 446 4957 Culpas
476 4888 673 4941 tamen
702 4883 918 4940 habent
935 4884 1241 4940 nominum
1263 4892 1598 4957 suorum,ut
1620 4888 1906 4946 factorum

325 5008 437 5080 (l3)
470 5007 750 5065 Fimirum
782 5010 1167 5086 sequentibus
1198 5011 1464 5083 ejusdem
1495 5012 1707 5086 psalmi
1723 5016 1906 5073 versi-

257 5076 385 5147 bus,
420 5076 570 5149 quos
600 5085 862 5137 consule.

326 5149 581 5225 (μηνίει.
615 5152 778 5220 edit.,
804 5153 1252 5223 comparandum,
1285 5155 1383 5225 qui
1436 5170 1522 5212 res
1568 5157 1804 5224 animm,
1856 5166 1907 5214 et

254 5224 501 5296 pretiosa
522 5225 726 5279 mentis
764 5226 1165 5296 patrimonium
1217 5224 1449 5295 fenerat,
1506 5227 1739 5296 quodam
1769 5245 1905 5284 usu-

256 5294 427 5369 raria?
447 5294 774 5369 iniquitatis
792 5298 872 5352 sic
898 5304 1119 5367 sumptu
1146 5294 1310 5369 capit,
1332 5300 1446 5354 etc.
1486 5294 1653 5353 Dom.
1685 5315 1902 5369 compa-

257 5363 512 5438 randum,
543 5363 640 5438 aui
666 5368 808 5438 vires
838 5363 1064 5434 animae,
1102 5363 1221 5423 etcf
1270 5368 1417 5424 Huic
1448 5370 1733 5425 accedunt
1787 5363 1903 5427 duo

260 5449 400 5491 mss.
446 5436 520 5510 in
552 5436 768 5510 'verbis
794 5440 894 5510 qui
920 5440 1064 5510 vires
1123 5441 1350 5506 anim,
1406 5443 1526 5496 tres
1582 5446 1779 5498 autem
1842 5443 1903 5498 in

258 5520 411 5583 voce
423 5509 661 5583 fenerat.
697 5508 907 5583 Melius
938 5508 1035 5564 alii
1088 5526 1238 5583 quos
1269 5511 1460 5583 secuti
1482 5528 1713 5569 sumus.

328 5576 437 5645 (l5)
492 5578 575 5634 Ita
626 5596 770 5636 mss.
812 5582 1067 5643 Thuan,,
1106 5576 1344 5647 'Laud.,
1407 5582 1592 5638 ltion..
1626 5589 1684 5640 et
1738 5584 1898 5642 Colb.

261 5647 366 5729 alii
393 5653 609 5729 autem,
642 5668 709 5708 ac
739 5668 946 5710 omnes
975 5654 1142 5729 edit._,
1176 5656 1275 5729 qui
1301 5654 1451 5711 vobis
1489 5654 1621 5729 plus
1644 5655 1896 5729 reddidit.

263 5716 448 5783 Minus
477 5716 623 5783 bene
652 5740 666 5795 ;
700 5739 834 5782 cum
867 5728 1076 5805 agatur
1099 5716 1440 5803 d'o‘pignore
1467 5716 1626 5806 quod
1655 5743 1689 5789 a
1740 5728 1902 5789 debi~

2016 4712 2141 4767 Non
2174 4710 2325 4765 inter
2353 4705 2498 4763 tales
2528 4710 2715 4763 sortes
2740 4706 2919 4762 David
2953 4711 3192 4763 sanctus
3220 4712 3505 4763 memorat
3540 4708 3674 4763 dor-

2017 4800 2319 4857 miendum
2353 4798 2552 4853 dicens
2579 4813 2591 4852 :
2618 4819 2645 4846 «
2680 4796 2740 4851 Si
2772 4796 3079 4852 dormiatis
3110 4796 3261 4852 inter
3291 4796 3515 4852 medias
3547 4813 3673 4852 sor-

2015 4895 2103 4947 tes
2135 4889 2303 4963 (Psat.
2340 4905 2510 4953 van,
2564 4887 2670 4958 14).
2709 4908 2737 4936 ››
2769 4886 2915 4941 Nam
2974 4885 3023 4941 si
3071 4886 3130 4941 in
3182 4886 3376 4940 medio
3438 4884 3671 4940 illarum

2013 5020 2137 5071 tore
2166 5013 2420 5068 traditur
2460 5010 2788 5066 feneratori.

2084 5085 2196 5155 (16)
2228 5082 2641 5155 Omnes_edit.,
2691 5097 2817 5155 quae
2860 5079 2961 5135 sub
3020 5078 3122 5135 hac
3178 5087 3294 5134 arte
3348 5081 3671 5135 volvuntur.

2016 5151 2224 5212 Melius
2254 5153 2457 5224 scripti
2487 5153 2613 5207 cod.
2642 5151 2715 5224 ut
2743 5151 2803 5224 i_n
2847 5156 3027 5206 textu.

2084 5227 2197 5299 (ΓΖ)
2230 5219 2510 5299 Lusii-sin
2542 5222 2713 5299 verbo
2739 5222 3026 5299 dera/nite,
3089 5222 3245 5299 quod
3295 5219 3545 5277 relatum
3596 5223 3666 5299 a_d

2014 5292 2360 5353 criminosas
2383 5294 2534 5348 idem
2570 5297 2661 5347 est
2690 5309 2755 5366 ac
2787 5293 2856 5366 de
2886 5292 3020 5366 vita,
3056 5292 3158 5348 seu
3190 5293 3261 5348 de
3312 5310 3482 5365 poma
3513 5294 3673 5366 capi-

2013 5370 2148 5425 tali:
2182 5367 2433 5424 relatum
2490 5381 2643 5436 vero,
2679 5365 2751 5419 ad
2810 5363 3100 5436 debitores
3161 5381 3263 5436 pro
3316 5363 3501 5429 sorte,
3564 5363 3667 5421 seu

2015 5438 2246 5514 capitali
2271 5452 2507 5494 summa
2528 5434 2843 5509 accipitur;
2876 5439 2941 5491 ut
2960 5435 3137 5491 etiam
3164 5434 3291 5509 seq.
3316 5453 3469 5509 cap.,
3500 5455 3664 5493 num.

2013 5514 2345 5656 2O(l8)_Per
2400 5582 2781 5656 unguentum,_
2818 5576 3077 5656 intellige
3129 5578 3322 5636 oleum
3384 5578 3667 5656 aromatis

2015 5651 2591 5725 conditium;e_tper
2637 5651 3098 5725 species,odores
3155 5659 3338 5725 atque,
3384 5653 3666 5724 aromata,

2015 5728 2229 5808 quibus
2260 5725 2332 5786 ad
2362 5722 2601 5785 delicias
2632 5722 2957 5785 abutuntur
3009 5722 3364 5798 voluptuosi.
