3866 6212
233 287 353 348 803
438 240 443 245 ’

231 418 551 476 dormisscs
584 416 852 486 sortium,
888 416 943 472 id
976 420 1064 473 est
1092 416 1315 472 Veteris
1372 419 1431 471 ct
1483 414 1623 471 Novi
1682 415 1882 471 Testa-

232 507 435 575 menti,
481 524 599 563 non
662 511 719 562 te
777 506 1035 579 pecunia:
1094 504 1383 578 cupiditas
1431 503 1492 559 in
1547 504 1882 575 voraginem

229 595 531 653 deterrimi
562 596 778 651 fenoris
807 593 1200 660 demersisset,
1225 592 1414 667 gratia
1444 590 1726 665 spiritalis
1747 591 1882 647 ﬁdei

226 685 333 741 tibi
365 685 625 742 dedisset
653 688 979 756 argentum,
1011 686 1066 739 et
1114 682 1174 738 in
1206 682 1461 754 speciem
1514 680 1641 737 auri
1671 680 1883 736 divina:

226 773 525 847 sapientiae
575 771 941 828 institutione
989 771 1319 827 formasset.
1381 770 1611 826 Etenim
1662 769 1712 824 si
1773 785 1881 825 nos

224 880 409 917 unum
441 860 842 917 testimonium
876 859 1085 915 divinae
1116 859 1428 928 Scriptura;
1461 858 1790 931 posuimus,
1824 860 1882 913 et

221 950 586 1007 luxuriosum
622 948 767 1004 illud
799 948 1124 1004 convivium
1174 947 1619 1013 declinavimus,
1677 946 1879 1019 utique

220 1040 410 1112 potuit
438 1043 498 1095 et
527 1038 637 1095 iste
666 1036 899 1103 salvari,
933 1037 981 1091 si
1011 1036 1266 1092 oraculis
1317 1036 1654 1091 cmlestibus
1696 1034 1878 1089 inhae-

221 1129 415 1185 sisset.

299 1218 380 1272 19.
416 1216 797 1273 Revertamur
834 1219 1030 1271 tamen
1092 1215 1163 1271 ad
1225 1214 1574 1281 convivium,
1635 1230 1751 1270 non
1814 1218 1877 1268 ut

220 1307 350 1377 ejus
380 1307 761 1379 degustemus
792 1303 1013 1376 epulas,
1040 1304 1139 1359 sed
1172 1303 1458 1359 cavendas
1478 1302 1609 1357 aliis
1638 1302 1877 1357 demon-

220 1401 496 1451 stremus.
530 1397 817 1450 Oneratur
855 1409 1059 1448 mensa
1107 1392 1431 1464 peregrinis
1480 1396 1537 1446 et
1567 1390 1872 1463 exquisitis

218 1484 401 1540 cibis:
436 1483 789 1539 adhibentur
813 1482 1064 1537 nitentes
1097 1481 1373 1548 ministri,
1428 1496 1638 1554 magno
1690 1480 1869 1552 empti

217 1571 422 1645 pretio,
444 1574 687 1643 sumptu
715 1569 988 1641 pascendi
1014 1568 1255 1637 majori:
1291 1568 1515 1624 bibitur
1535 1568 1593 1623 in
1616 1572 1868 1635 noctem,

215 1662 337 1717 dies
397 1660 659 1716 convivio
698 1658 1011 1728 clauditur,
1070 1657 1333 1713 ebrietati
1382 1656 1595 1713 deficit.
1667 1658 1870 1729 Surgit

215 1749 315 1806 ille
342 1748 461 1805 vini
490 1748 720 1821 plenus,
753 1764 976 1803 vacuus
1032 1763 1232 1819 opum,
1283 1746 1499 1801 dormit
1535 1746 1589 1800 in
1653 1745 1865 1817 lucem,

212 1837 463 1911 vigilans
511 1836 815 1893 somnium
861 1841 1045 1909 putat.
1105 1834 1329 1890 Etenim
1386 1838 1449 1889 ut
1507 1835 1563 1888 in
1619 1833 1867 1889 somniis

216 1927 328 1983 sibi
357 1927 588 1983 videtur
635 1926 833 1981 subito
890 1925 1052 1980 dives
1110 1940 1177 1979 ex
1229 1939 1501 1996 paupere,
1565 1923 1647 1978 sic
1687 1922 1864 1977 etiam

213 2032 433 2087 egenus
465 2032 532 2070 ex
589 2014 784 2069 divite.
837 2015 980 2068 Dum
1031 2012 1235 2068 deﬂuit
1302 2012 1534 2067 interim
1596 2011 1861 2081 pecunia,

214 2121 394 2161 usura
413 2104 749 2177 superﬂuit;
782 2106 1017 2173 tempus
1042 2101 1349 2163 minuitur,
1374 2101 1545 2156 fenus
1572 2103 1820 2172 augetur
1852 2116 1866 2165 ;

213 2193 525 2250 thesaurus
557 2192 909 2259 exinanitur,
940 2207 1069 2244 sors
1093 2187 1537 2244 accumulatur:
1582 2187 1864 2260 paulatim

212 2281 462 2337 conviva
517 2297 580 2335 se
638 2279 1014 2342 subtrahunt,
1087 2293 1398 2349 sponsores
1469 2277 1860 2332 conveniunt:

213 2386 386 2425 mane
420 2370 709 2424 fenerator
752 2367 945 2437 pulsat
992 2367 1061 2421 ad
1114 2368 1350 2436 januas,
1413 2365 1681 2437 queritur
1736 2365 1861 2420 dies

211 2457 485 2514 solutioni
510 2457 820 2513 transiisse
851 2456 1239 2528 praescriptos,
1260 2454 1494 2525 injuriis
1523 2454 1860 2527 vigilantem

210 2546 474 2603 adoritur
502 2546 643 2618 (19):
698 2546 753 2599 in
790 2546 1011 2601 somnis
1041 2544 1426 2600 dormientem
1465 2543 1698 2599 excitat.
1735 2543 1859 2598 Non

212 2641 411 2691 noctes
437 2635 664 2709 quetiac.
700 2651 814 2689 non
866 2635 990 2689 dies
1045 2632 1240 2689 suavis
1291 2637 1399 2700 est,
1451 2650 1565 2688 non
1626 2631 1712 2686 sol
1761 2634 1858 2702 ju-

210 2725 459 2780 cundus.
490 2724 887 2780 Detrahuntur
930 2722 1213 2795 paulatim
1245 2722 1534 2777 deaurata:
1566 2737 1631 2776 ac
1663 2721 1857 2776 serica

207 2817 419 2877 vestes,
478 2819 534 2868 et
564 2815 818 2867 veneunt
857 2811 1103 2866 dimidio
1152 2810 1420 2866 minoris.
1501 2809 1669 2864 Ponit
1723 2825 1858 2864 cum

210 2900 484 2973 lacrymis
513 2903 860 2956 ornamenta
886 2898 1032 2955 597
1071 2900 1281 2970 conjux
1304 2900 1427 2969 jam
1458 2897 1699 2965 tristior,
1731 2913 1859 2953 em-

210 2994 310 3062 pta
372 2987 586 3055 carius,
647 2987 933 3043 vendenta
989 2987 1181 3042 vilius.
1253 2988 1313 3043 1n
1371 2986 1638 3042 auctione
1694 2986 1858 3058 pueri

209 3077 646 3134 constituuntur
670 3092 885 3131 menses
916 3075 1191 3139 ministri,
1240 3080 1294 3130 et
1320 3075 1468 3130 male
1499 3075 1714 3131 assueti
1745 3075 1857 3147 (20)

208 3170 531 3239 emptorem
583 3168 867 3220 avertunt.
927 3164 1178 3219 Olfertur
1247 3163 1493 3236 pecunia
1550 3163 1854 3218 creditori:

205 3254 339 3323 Vix,
369 3254 582 3327 inquit,
616 3253 737 3309 haec
769 3253 937 3308 solvit
969 3270 1230 3318 usuram,
1273 3257 1449 3325 caput
1478 3254 1673 3307 debes.

277 3344 366 3400 20.
412 3342 580 3399 Redit
634 3342 917 3397 exhausto
952 3342 1303 3414 patrimonio
1344 3342 1551 3414 capitis
1584 3358 1750 3408 reus;
1802 3344 1859 3396 et

210 3432 524 3488 imminuto
556 3433 772 3494 fenore,
806 3430 1018 3502 accipit
1062 3430 1340 3486 inducias
1394 3430 1680 3486 tristiores
1736 3429 1855 3484 bel-

207 3521 357 3589 licis,
391 3520 558 3591 quasi
583 3524 716 3591 post
749 3519 1415 3591 biduumpraaliaturus.
1454 3520 1511 3574 ln
1529 3517 1678 3575 bello
1699 3517 1855 3573 enim

208 3611 433 3665 incerta
482 3607 748 3667 victoria.
779 3607 874 3661 hic
901 3612 1056 3662 certa
1085 3607 1317 3679 inopia:
1373 3607 1489 3662 illic
1547 3624 1611 3663 se
1659 3606 1857 3679 clypeo

204 3697 367 3770 tegit,
401 3696 499 3751 hic
530 3695 729 3751 nudus
759 3697 1047 3751 occurnit:
1113 3696 1231 3750 illic
1287 3696 1466 3752 lorica
1522 3700 1724 3768 pectus
1768 3697 1856 3750 in-

208 3784 410 3852 cludit,
442 3783 538 3839 hic
564 3786 725 3838 totus
771 3800 997 3839 carcere
1051 3783 1411 3841 includitur:
1471 3784 1589 3839 illic
1645 3801 1858 3840 manus

206 3874 340 3931 telis
369 3878 590 3939 onerat,
625 3878 816 3928 armat
844 3872 1092 3944 sagittis,
1130 3872 1225 3928 hic
1254 3890 1363 3928 aere
1419 3890 1634 3929 vacuas
1688 3873 1859 3930 oti'ert

205 3962 456 4019 vinculis
514 3960 859 4033 alligandas.
912 3961 1156 4016 Ducitur
1210 3961 1559 4034 plerumque
1614 3965 1859 4034 uterque

206 4052 468 4124 captivus
502 4070 514 4108 :
549 4050 646 4107 ille
685 4050 859 4106 habet
888 4067 1060 4123 quem
1095 4054 1326 4107 accuset
1355 4052 1665 4107 adversum
1721 4050 1859 4107 belli

208 4145 500 4206 eventum,
535 4140 628 4195 hic
659 4144 867 4211 praeter
920 4155 983 4195 se
1013 4155 1187 4212 quem
1220 4144 1473 4206 accuset,
1506 4157 1621 4196 non
1660 4140 1854 4196 habet.

212 4229 365 4284 Nihil
400 4233 489 4285 est
517 4226 946 4285 intolerabilius
977 4228 1087 4285 hac
1116 4229 1375 4294 miseria,
1426 4246 1553 4302 quae
1596 4227 1860 4285 excusari

211 4334 327 4373 non
382 4323 590 4390 potest.
654 4317 901 4373 Acerbat
958 4317 1317 4373 conscientia
1390 4319 1621 4390 pondus
1703 4318 1859 4390 inju-

208 4406 324 4461 riae.

276 4498 366 4549 2!.
398 4494 559 4567 Tunc
589 4512 786 4550 secum
820 4498 1071 4568 reputat,
1102 4498 1239 4550 tunc
1280 4495 1615 4568 Scripturas
1665 4513 1859 4552 recor-

209 4584 404 4648 datur,
436 4586 573 4638 tunc
604 4584 782 4639 dicit:
814 4584 1014 4640 Nonne
1034 4584 1174 4639 mihi
1210 4584 1489 4656 scriptum
1514 4590 1633 4641 est:
1671 4609 1691 4635 α
1723 4585 1858 4640 Bibe

208 4687 423 4744 aquam
454 4670 524 4725 de
549 4670 666 4726 tuis
698 4672 876 4738 vasis,
906 4678 963 4726 et
991 4672 1060 4726 de
1090 4677 1328 4727 tuorum
1380 4678 1687 4745 puteorum
1734 4673 1857 4728 fon-

210 4761 369 4816 tibus
401 4760 580 4833 (Prov.
617 4776 671 4823 v,
706 4760 815 4830 15).
851 4780 880 4808 ››
910 4760 1057 4822 Quid
1089 4758 1233 4814 mihi
1264 4776 1397 4814 cum
1431 4765 1603 4832 puteo
1634 4761 1858 4818 fenera-

207 4849 373 4921 toris,
405 4848 506 4904 ubi
538 4854 596 4904 et
619 4863 771 4921 aqua
798 4846 1160 4902 includitur?
1189 4847 1471 4904 Suaviora
1500 4853 1665 4905 erant
1702 4849 1860 4906 olera

276 5028 390 5099 (19)
438 5028 566 5083 Era.
615 5031 671 5082 et
724 5025 863 5082 edit.
927 5041 1076 5099 seq.,
1119 5025 1337 5099 jurgiz's
1385 5027 1701 5098 vigilantem
1729 5029 1858 5083 ado-

205 5096 367 5154 ritur.
403 5099 637 5155 Amerb.
673 5114 805 5153 cum
840 5114 1008 5165 mss.,
1045 5096 1411 5167 injuriis,etc.

276 5171 385 5243 (‘20)
432 5171 570 5227 Male
613 5170 834 5231 assueti,
887 5169 993 5224 hoc
1044 5174 1154 5233 est,
1175 5184 1309 5243 _n_on
1369 5168 1556 5243 edocti
1603 5187 1635 5225 a
1691 5187 1857 5243 man:

206 5238 377 5312 gone,
407 5257 521 5313 quo
554 5248 720 5313 pacto
780 5244 1112 5313 emptorem
1139 5238 1371 5294 allicere
1425 5241 1708 5297 debeant:
1767 5241 1857 5297 vel

208 5309 349 5368 male
386 5309 613 5368 aisueti.
646 5312 755 5367 hoc
787 5309 895 5367 est
925 5309 1168 5378 deliciis,
1215 5328 1329 5366 non
1381 5316 1574 5367 autem
1617 5313 1857 5368 utiliori-

208 5382 844 5465 bu‘sa‘rti‘bus‘assueti.
985 5455 995 5465 ι
1057 5451 1097 5465 ᾗ
1474 5458 1485 5465 _
1532 5455 1541 5465 _

262 5451 392 5577 (2t)
420 5450 503 5505 Ita
530 5452 666 5533 edit.
716 5460 870 5534 Arn,
947 5455 1005 5507 et
1057 5451 1224 5507 Rom.
1260 5469 1420 5535 'cum
1470 5454 1660 5509 tribus
1708 5472 1853 5510 mss.

209 5522 275 5595 gi
304 5519 343 5586 l,
377 5535 510 5575 cum
540 5522 672 5595 aliis
700 5524 975 5595 totidem,
995 5538 1162 5595 quam
1188 5525 1369 5595 aheno
1391 5542 1500 5582 cere
1517 5527 1718 5595 epulaz,
1745 5532 1854 5583 etc.

207 5591 438 5656 Thuan.
471 5589 653 5665 solus,
700 5607 865 5677 quam
896 5589 1080 5654 aliena
1115 5594 1316 5667 apale,
1373 5599 1480 5656 etc.
1545 5589 1650 5657 Ubi
1708 5589 1856 5659 forte

1703 283 1766 341 S.
1801 275 2177 342 AMBROSII

1913 417 1964 480 Α
1997 431 2129 470 cum
2160 413 2492 479 securitate,
2518 430 2693 486 quam
2728 411 2926 468 aliena:
2954 412 3133 486 epulae
3165 414 3278 487 (2|)
3300 417 3483 486 pastae
3514 429 3663 469 cum

1995 502 2389 559 sollicitudine
2420 504 2601 573 (Prov.
2660 520 2753 570 xv,
2804 503 2914 575 17).
2957 503 3083 559 Non
3139 495 3401 576 cportu'it
3458 501 3662 558 aliena

1995 607 2271 664 quaerere.
2336 589 2555 647 Deinde
2624 590 2946 647 incideram
3016 592 3249 659 debita,
3319 592 3393 648 de
3502 588 3663 647 meis

1990 678 2250 750 oportuit
2329 678 2585 734 fontibus
2664 679 2986 736 remedium
3092 697 3371 753 quaerere.
3473 681 3665 735 Erant

1991 766 2149 824 domi
2233 784 2372 823 vasa
2441 767 2791 825 minutiora:
2879 768 3091 825 melius
3177 773 3301 825 erat
3386 768 3660 825 ministe-

1988 855 2143 911 rium
2174 856 2397 925 deesse,
2435 872 2612 928 quam
2645 857 2880 913 cibum:
2913 857 3127 913 melius
3142 862 3361 913 vestem
3378 856 3657 914 venalem

1988 961 2332 1017 proponere,
2365 962 2543 1018 quam
2575 945 2905 1002 libertatem
2955 946 3244 1002 addicere.
3303 946 3456 1011 Quid
3514 963 3654 1019 pro-

1986 1033 2095 1087 fuit
2125 1034 2276 1105 quod
2311 1033 2609 1105 publicare
2637 1038 3039 1107 paupertatem
3099 1051 3291 1090 meam
3362 1051 3653 1091 verecun-

1987 1121 2161 1178 datus
2191 1138 2323 1177 sum
2348 1126 2371 1177 ἓ
2398 1122 2544 1177 Ecce
2573 1122 2725 1179 alius
2758 1121 3094 1196 publicavit.
3146 1123 3264 1197 Ego
3311 1122 3478 1179 nolui
3527 1140 3652 1180 nu-

1986 1211 2215 1267 tritores
2247 1213 2355 1283 ('2?)
2418 1212 2684 1282 vendere,
2733 1229 2865 1268 ecce
2896 1212 3047 1267 alius
3070 1212 3388 1284 adjudicat.

2051 1303 2140 1354 22.
2203 1301 2341 1355 Sera
2390 1300 2511 1355 haec
2570 1301 2977 1368 consideratio,
3042 1302 3207 1358 Tunc
3264 1301 3464 1358 decuit
3520 1316 3648 1358 me—

1981 1387 2164 1444 tuisse
2185 1388 2323 1455 tuis,
2356 1405 2486 1444 cum
2521 1390 2813 1462 acciperes
2839 1389 3027 1445 aliena
3054 1408 3067 1446 :
3102 1394 3238 1446 tunc
3277 1391 3478 1447 decuit
3508 1405 3646 1446 suc-

1981 1493 2233 1543 currere,
2267 1494 2398 1533 cum
2424 1477 2663 1533 vulnera
2704 1478 2894 1550 prima
2937 1483 3363 1551 proserperent.
3429 1478 3648 1535 Melius

1979 1565 2164 1621 fuerat
2194 1567 2253 1621 in
2287 1566 2571 1638 principio
2594 1571 2833 1623 tenuare
2855 1572 3178 1638 sumptum,
3214 1572 3273 1624 et
3303 1568 3637 1624 necessita-

1976 1657 2093 1709 tem
2126 1654 2301 1708 debiti
2336 1654 2415 1709 rei
2444 1654 2759 1709 familiaris
2790 1656 3082 1728 angustiis
3140 1655 3413 1722 allevare,
3444 1673 3635 1730 quam

1978 1746 2043 1797 ut
2072 1743 2143 1798 ad
2170 1742 2369 1797 horam
2419 1743 2638 1798 ditatus
2687 1742 2913 1811 alienis,
2975 1750 3177 1817 postea
3226 1746 3527 1802 exuereris
3580 1751 3644 1802 et

1978 1831 2248 1903 praprﬁs.

2640 1938 2869 1995 CAPUT
2892 1939 2985 1994 VI.

1976 2028 2192 2095 Quanta
2248 2029 2550 2083 moliantur
2604 2029 2938 2099 feneratores
2995 2031 3054 2084 ut
3114 2030 3363 2086 incauto:
3417 2028 3634 2086 adoles-

2491 2105 2671 2155 ccnles
2698 2100 3101 2171 depraedentur.

2042 2187 2132 2240 23.
2194 2188 2552 2242 Accusamus
2601 2187 2921 2243 debitorom
2982 2188 3133 2261 quod
3194 2187 3638 2261 imprudentius

1973 2291 2035 2332 se
2062 2275 2346 2348 gesserit:
2408 2276 2508 2331 scd
2542 2280 2737 2332 tamen
2769 2276 2913 2331 nihil
2963 2277 3216 2350 nequius
3268 2277 3637 2333 feneratiori-

1971 2364 2106 2430 bus,
2157 2363 2255 2436 qui
2286 2362 2479 2419 aliena
2507 2364 2722 2420 damna
2754 2363 2917 2420 lucra
2948 2382 3053 2420 sua
3110 2364 3513 2434 arbitrantur;
3572 2371 3636 2423 et

1970 2452 2278 2524 dispendio
2329 2468 2437 2508 suo
2468 2452 2751 2526 deputant
2798 2453 3084 2525 quidquid
3117 2453 3189 2509 ab
3248 2453 3379 2509 aliis
3435 2455 3634 2526 possi-

1971 2540 2158 2595 detur.
2192 2542 2575 2613 Aucupantur
2601 2540 2861 2598 heredes
2906 2559 3106 2611 novos,
3163 2542 3633 2599 adolescentulos

1970 2628 2177 2684 divites
2220 2633 2522 2702 explorant
2552 2646 2654 2703 per
2682 2647 2844 2699 suos,
2878 2631 3209 2704 adjunguut
3230 2646 3312 2699 se,
3339 2630 3636 2688 simulan-

1970 2723 2057 2773 tes
2088 2722 2386 2790 paternam
2418 2725 2474 2775 et
2504 2720 2716 2776 avitam
2768 2719 3114 2789 amicitiam,
3163 2719 3368 2776 volunt
3425 2721 3626 2777 dome-

1969 2806 2145 2863 sticas
2193 2824 2390 2864 eorum
2446 2825 2792 2881 cognoscere
2876 2810 3276 2867 necessitates.
3337 2810 3399 2865 Si
3449 2826 3628 2882 quam

1968 2912 2205 2952 causam
2265 2897 2609 2965 invenerint,
2674 2903 2953 2954 accusant
3010 2898 3447 2967 verecundiam,
3512 2916 3625 2971 pu-

1969 2985 2164 3040 dorem
2197 2990 2474 3058 arguunt,
2524 2987 2680 3058 quod
2732 3003 2845 3042 non
2878 2990 3013 3043 ante
3061 2988 3131 3044 de
3185 3004 3248 3044 se
3314 2992 3623 3060 apemtum

1971 3073 2334 3146 fueritatque
2367 3081 2812 3148 prtesumptum.
2848 3076 2945 3132 Sin
2988 3094 3122 3132 vero
3154 3075 3349 3132 nullos
3380 3075 3629 3149 laqueos

1889 3148 1931 3215 C
1970 3161 2219 3233 alicujus
2251 3163 2614 3219 necessitatis
2644 3164 3010 3233 offenderint,
3048 3166 3314 3220 intexunt
3362 3148 3620 3233 tabulas,

1967 3250 2133 3306 aiunt
2163 3250 2357 3307 nobile
2388 3252 2668 3323 praedium
2701 3269 2829 3308 esse
2845 3253 3328 3326 venale,amplam
3349 3254 3615 3310 domum:

1965 3339 2346 3395 accumulant
2389 3345 2711 3411 proventus
2732 3342 3047 3408 fructuum,
3098 3358 3327 3398 annuos
3391 3343 3616 3398 reditus

1965 3432 2332 3501 exaggerant,
2366 3427 2681 3485 hortantur
2711 3433 2775 3484 ut
2830 3436 3117 3485 coemant.
3180 3430 3466 3486 Similiter
3532 3431 3617 3487 fa-

1966 3518 2130 3572 ciunt
2158 3516 2445 3589 pretiosas
2474 3522 2690 3590 vestes,
2737 3523 2794 3574 et
2825 3518 3089 3574 monillia
3132 3518 3355 3576 nobilia
3412 3520 3618 3592 praadi-

1965 3609 2184 3661 cantes.
2216 3606 2440 3678 Negant
2492 3622 2553 3660 se
2610 3606 2823 3663 habere
2889 3607 3220 3679 pecuniam,
3255 3608 3409 3664 598
3464 3608 3620 3682 inge-

1966 3698 2104 3749 runt
2149 3711 2317 3749 suam
2364 3695 2656 3750 dicentes:
2705 3695 2877 3751 Utere
2917 3704 2978 3751 ut
3018 3701 3156 3752 tua:
3207 3696 3279 3753 de
3332 3696 3618 3752 fructibus

1967 3787 2174 3856 empta:
2208 3784 2600 3855 possessionis
2631 3785 2883 3857 pretium
2917 3785 3619 3857 multiplicabis,debitam

1966 3873 2195 3928 reddes.

2034 3962 2125 4016 24.
2159 3960 2532 4017 Przetendunt
2569 3960 2789 4018 alienos
2850 3963 3063 4019 fundos
3120 3962 3497 4030 adolescenti,
3556 3967 3619 4020 ut

1966 4066 2101 4106 eum
2133 4050 2259 4105 suis
2290 4050 2648 4123 cxspolient:
2689 4052 2941 4108 tendunt
2971 4052 3135 4122 retia,
3168 4051 3345 4109 simul
3372 4056 3438 4109 ut
3462 4053 3621 4109 inda-

1966 4140 2101 4213 gine
2132 4139 2320 4195 cincta
2352 4140 2539 4213 spatia
2570 4141 2742 4196 fuerit
2770 4141 3093 4215 ingressus,
3148 4146 3368 4214 cogunt
3397 4158 3531 4196 eum
3562 4140 3618 4196 in

1968 4229 2111 4284 retia
2132 4229 2492 4298 cautionum,
2508 4229 2745 4302 laqueos
2768 4247 3111 4299 usurarum;
3136 4234 3349 4303 petunt
3367 4229 3611 4304 obligari

1968 4317 2184 4374 avitum
2250 4319 2582 4391 praetorium
2639 4319 2775 4392 (23),
2831 4324 3140 4392 paternum
3224 4318 3613 4392 sepulcrum:

1968 4406 2354 4478 praestituitur
2385 4407 2508 4464 dies
2537 4406 2835 4475 solutioni,
2870 4408 3280 4464 dissimulatur
3295 4407 3618 4473 conventio,

1891 4515 1935 4579 Β
1968 4496 2201 4567 quando
2231 4500 2421 4568 potest
2450 4495 2661 4552 solutio
2684 4496 2960 4553 sustineri
2991 4515 3005 4563 ;
3041 4497 3138 4553 ubi
3171 4496 3317 4553 satis
3348 4511 3617 4555 securum

1966 4584 2345 4651 reddiderint,
2403 4591 2638 4657 repente
2685 4587 2991 4659 ingruunt,
3054 4591 3113 4642 et
3161 4586 3389 4642 instant
3450 4585 3620 4643 vehe-

1968 4673 2243 4738 mentius,
2277 4674 2541 4729 causanti
2572 4674 2925 4730 incumbunt
2971 4673 3255 4730 dicentes:
3304 4674 3391 4729 Tu
3444 4673 3623 4747 possi-

1965 4762 2069 4817 des
2096 4765 2198 4816 tua
2230 4761 2464 4832 praedia,
2488 4778 2596 4817 nos
2627 4767 2897 4818 nostram
2929 4762 3238 4835 pecuniam
3293 4779 3411 4818 non
3443 4761 3620 4818 habe-

1967 4866 2136 4905 mus:
2171 4866 2381 4904 aurum
2411 4849 2701 4919 dedimus,
2733 4850 2960 4923 lignum
3002 4854 3273 4908 tenemus
3329 4850 3446 4923 (24)
3474 4868 3487 4906 :
3520 4848 3621 4904 tibi

1967 5024 2524 5098 subiutelligendum
2555 5027 2855 5096 domicilio,
2894 5027 2983 5085 vel
3031 5029 3299 5085 convivio.

2037 5097 2152 5168 (22)
2180 5097 2486 5172 Nutritores
2525 5100 2702 5169 servi,
2760 5100 2926 5172 queis
2977 5100 3296 5156 liberorum
3347 5099 3616 5156 commit-

1967 5169 2202 5225 tebatur
2229 5168 2515 5226 educatio.

2038 5240 2150 5311 (23)
2179 5242 2512 5314 Ρναῖιονίιιγη
2543 5241 2652 5296 hoc
2676 5241 2800 5297 loco
2826 5243 3082 5299 sumitur
3110 5259 3225 5298 non
3275 5257 3388 5314 pro
3448 5242 3615 5314 domo

1966 5311 2252 5395 praetoris,
2280 5317 2393 5395 aut
2415 5313 2556 5395 ejus
2576 5314 2674 5395 qui
2707 5318 2980 5395 praeesset
3009 5311 3309 5383 exercitui,
3359 5313 3463 5368 sed
3519 5327 3615 5384 pro

1967 5382 2144 5457 domo
2172 5383 2291 5437 ruri
2315 5382 2425 5457 _ad_
2445 5382 2685 5457 delicias
2710 5382 3043 5451 aediﬁcata;
3095 5400 3209 5457 quo
3266 5382 3446 5440 sensu
3506 5382 3612 5439 non

1967 5452 2146 5509 semel
2179 5453 2334 5524 apud
2362 5453 2559 5509 Titum
2584 5455 2813 5512 Livium
2834 5452 3148 5512 invenitur.

2038 5524 2152 5610 (2ί)
2184 5522 2299 5610 lico
2331 5530 2439 5608 est,
2485 5524 2709 5610 ligneas
2748 5527 2979 5610 tabulas
3019 5543 3166 5610 ‘cera
3221 5526 3526 5594 obductas,
3556 5522 3607 5580 in

1967 5596 2183 5674 quibus
2215 5596 2432 5657 fenoris
2462 5596 2657 5658 cautio
2685 5598 2864 5659 scribi
2895 5598 3135 5659 solebat.
