3866 6212
156 284 276 363 8ρό

1519 281 1751 354 LIBER
1793 290 1896 352 DE
1939 279 2198 354 'I‘OBIA.

3445 291 3564 362 806

158 420 462 476 fructuum
493 419 889 491 emolumenta
919 424 1263 497 procedunt,
1299 424 1467 480 nobis
1499 425 1643 480 nihil
1703 443 1796 481 ac-
1829 426 1887 491 Α
1916 423 2030 480 scis
2064 424 2161 494 qui
2193 422 2420 480 fuscina
2450 422 2623 481 fuerit
2652 423 2887 496 infixus,
2940 442 3288 499 quocunque
3350 431 3566 503 fugerit

158 508 374 565 crescit
402 508 681 581 pecunia.
715 510 913 577 Otiosa
940 511 1199 569 causatio
1228 516 1339 580 est.
1372 512 1579 570 saltem
1634 532 1803 570 reno-

154 601 327 653 vetur
354 596 837 672 chirographum.

159 758 337 849 0"?!"
360 757 599 849 ξοιέίσὲιε
623 688 1186 849 ῖθξιςῆξιῗξὲἷῖαξὲιξὶ
1200 761 1435 849 ἀφείθην
1452 766 1509 847 ,ει
1531 764 1803 849 εειλαξτηο·

229 979 326 1027 tur
351 971 372 1025 ,³
402 988 467 1027 ac
492 971 715 1028 tendum
737 974 990 1029 omnibus
1034 974 1322 1031 destitutus
1349 971 1404 1031 et
1458 977 1530 1032 ad
1583 971 1808 1035 vincula

225 1045 458 1114 paratus
488 1043 549 1097 in
575 1043 1008 1115 desperationem
1036 1044 1259 1103 incidat.

228 1131 324 1186 25.
359 1130 559 1204 Itaque
588 1132 730 1188 dum
758 1132 1015 1205 primum
1045 1134 1384 1192 adolescens
1436 1136 1582 1193 nihil
1641 1141 1808 1211 putat

155 1219 231 1277 de
263 1219 528 1276 vestibus
560 1219 705 1286 suis,
763 1226 865 1278 aut
917 1222 1095 1278 etiam
1144 1224 1620 1297 possessionibus
1677 1243 1808 1285 esse

152 1308 556 1375 vendendum,
599 1308 669 1364 ad
702 1308 824 1365 haec
881 1309 1145 1367 facienda
1200 1312 1387 1385 poscit
1441 1313 1801 1371 dilationem.

155 1398 367 1454 Usuraa
394 1396 766 1471 applicantur
784 1398 854 1453 ad
879 1405 1116 1469 sortem,
1140 1401 1546 1459 accumulatur
1562 1404 1804 1461 centesi-

152 1503 281 1543 ma.
307 1485 437 1541 Jam
466 1486 767 1558 suscipare
788 1486 1013 1560 incipit,
1037 1488 1164 1559 jam
1190 1488 1414 1546 malum
1436 1508 1609 1548 suum
1628 1509 1805 1566 agno-

154 1591 347 1631 scere.
385 1574 484 1630 Dic
514 1591 581 1631 ac
608 1580 778 1631 nocte
806 1592 1046 1633 usuram
1081 1577 1298 1650 cogitat
1330 1594 1344 1634 :
1376 1580 1654 1653 quicquid
1710 1599 1806 1639 oc-

152 1664 432 1729 currerit,
465 1665 848 1720 feneratorem
881 1669 1049 1737 putat
1080 1683 1092 1722 :
1152 1666 1437 1740 quidquid
1493 1672 1804 1742 crepuerit,

150 1768 364 1809 vocem
399 1752 511 1808 sibi
544 1752 773 1808 videtur
831 1754 1172 1810 feneratoris
1228 1756 1433 1812 audire
1480 1758 1539 1813 Si
1600 1758 1804 1827 habes,

150 1859 266 1897 cur
292 1858 408 1897 non
442 1839 666 1897 solvis?
689 1841 746 1896 Si
780 1857 895 1896 non
952 1841 1157 1909 habes,
1210 1859 1315 1900 cur
1368 1844 1591 1902 malum
1650 1848 1806 1905 malo

151 1930 463 2003 adjungis,
496 1933 552 1986 et
581 1929 652 1984 de
700 1928 938 1986 vulnere
991 1932 1315 1989 remedium
1374 1936 1640 2007 quieris?
1695 1938 1811 1993 Cur

150 2018 428 2092 quotidie
457 2017 819 2074 obsidionem
850 2019 1067 2091 pateris
1114 2020 1477 2090 feneratoris,
1508 2040 1809 2098 expugna-

153 2109 385 2164 tionem
416 2106 588 2162 times
617 2106 645 2161 ?
673 2107 853 2164 Vetus
879 2108 1169 2164 sententia
1196 2114 1285 2166 est
1316 2126 1329 2167 :
1363 2112 1724 2170 Feneratoris
1755 2118 1811 2170 et

153 2193 451 2251 debitoris
480 2194 589 2251 sibi
671 2195 1125 2260 occurrentium,
1179 2204 1549 2271 prospectum
1608 2203 1809 2259 ambo-

126 2300 299 2341 rum
332 2283 468 2340 facit
496 2282 780 2340 Dominus
833 2285 1012 2356 (Prov.
1034 2301 1187 2355 xxrx,
1248 2287 1358 2359 13).
1415 2288 1576 2345 Alter
1640 2293 1811 2365 quasi

159 2373 334 2429 canis
366 2372 622 2445 przedam
654 2372 918 2445 requirit,
950 2373 1096 2430 alter
1123 2376 1291 2448 quasi
1322 2376 1443 2434 fera
1480 2380 1810 2451 praedonem

156 2461 427 2518 declinat
456 2478 471 2516 :
503 2460 603 2518 ille
633 2462 800 2533 quasi
829 2461 918 2517 leo
948 2463 1159 2535 quaerit
1187 2480 1362 2536 quem
1394 2467 1647 2536 devoret,
1702 2469 1812 2528 iste

157 2550 338 2623 quasi
371 2549 479 2605 bos
504 2548 860 2620 juveuculus
890 2551 1181 2623 praedonis
1214 2552 1500 2626 impetum
1545 2556 1810 2613 reformi-

156 2640 268 2707 dat
302 2637 443 2713 :‘ille
468 2637 636 2710 quasi
668 2638 945 2710 accipiter
975 2640 1295 2712 unguibus,
1328 2641 1549 2700 olorem
1607 2646 1815 2718 quaerit

152 2727 439 2783 invadere
472 2744 485 2793 ;
519 2725 649 2793 iste,
680 2726 850 2797 quasi
886 2744 1060 2784 anser
1079 2733 1181 2785 aut
1210 2730 1406 2799 fulica,
1467 2733 1690 2789 mavult
1748 2752 1812 2792 se

156 2816 254 2871 vel
287 2815 347 2870 in
383 2819 673 2887 praerupta
702 2816 971 2886 dejicere,
1003 2816 1165 2873 velin
1199 2819 1489 2891 profunda
1517 2822 1815 2896 demerge-

157 2922 248 2974 ne,
281 2920 461 2976 quam
494 2903 672 2958 istum
705 2902 946 2959 humani
980 2906 1239 2981 corporis
1266 2909 1605 2981 accipitrem
1636 2914 1813 2968 susti-

158 3008 326 3048 nere.
360 2991 505 3057 Quid
537 2991 794 3064 quotidie
824 2992 978 3067 fugis
1007 2993 1035 3047 ?
1066 2977 1132 3050 Et
1160 2977 1209 3051 si
1240 3013 1354 3052 non
1393 2977 1682 3056 _occurrat
1733 3002 1813 3057 le-

158 3084 423 3148 nerator,
455 3080 707 3136 occurrit
734 3080 837 3136 tibi
867 3080 1068 3154 inopia
1094 3087 1377 3156 tanquam
1431 3086 1624 3145 bonus
1683 3105 1813 3146 cur-

1915 511 2126 568 vulnus
2154 511 2325 568 vehit.
2354 512 2420 567 Et
2446 529 2577 568 vere
2605 513 2784 585 piscis
2813 514 2909 570 ille
2939 515 2996 570 in
3029 532 3163 573 esca
3193 524 3435 574 mortem
3463 519 3563 576 de-

1912 604 2094 671 vorat,
2126 600 2224 656 ille
2253 601 2496 657 hamum
2528 601 2723 674 glutit,
2757 604 2898 659 dum
2930 604 3125 661 cibum
3159 607 3404 679 quaerit;
3456 610 3561 664 sed

1914 692 2109 745 tamen
2142 689 2385 745 hamum
2418 708 2529 745 non
2563 691 2728 756 vidit,
2776 709 2949 764 quem
3007 694 3152 766 tegit
3206 697 3400 768 praeda
3433 713 3445 752 :
3503 703 3565 753 tu

1914 777 2157 833 hamum
2188 779 2396 847 cernis,
2429 784 2486 834 et
2514 779 2714 853 glutis.
2773 780 2994 837 Hamus
3059 787 3198 839 tuus
3259 784 3427 840 fenus
3477 791 3569 841 est

1915 867 2217 924 creditoris
2250 884 2263 921 :
2296 868 2541 923 hamum
2572 885 2762 936 voras,
2794 870 2893 924 sed
2951 870 3166 926 vermis
3225 875 3281 927 te
3335 890 3568 946 semper

1915 955 2164 1011 obrodit.
2199 957 2332 1027 Ipsa
2353 960 2442 1012 est
2469 971 2603 1011 esca
2627 973 2753 1029 quzs
2803 957 3035 1029 decipit.
3093 960 3295 1032 Itaque
3344 965 3403 1017 et
3457 962 3567 1018 tibi

1916 1043 2131 1098 fenoris
2162 1060 2267 1098 nec
2297 1044 2461 1098 cibus
2487 1044 2622 1099 usui
2652 1049 2759 1111 est,
2791 1051 2847 1099 et
2897 1046 3109 1103 hamus
3166 1048 3416 1105 vulneri.
3477 1053 3566 1106 An

1912 1130 2150 1204 ignoras
2181 1131 2319 1204 quia
2349 1132 2524 1188 semel
2560 1132 2907 1206 illaqueatus
2943 1136 3113 1199 nodo,
3146 1153 3207 1192 se
3240 1139 3448 1211 magis,
3510 1140 3562 1196 si

1917 1219 2120 1293 fugiat,
2146 1220 2270 1293 ipse
2301 1220 2645 1295 constringit
2680 1240 2692 1289 ;
2728 1227 2785 1277 et
2815 1222 2969 1278 intra
2994 1225 3138 1279 retia
3189 1227 3413 1298 positus
3479 1226 3568 1283 fu-

1915 1308 2126 1380 giendo
2160 1308 2347 1381 magis
2379 1309 2578 1381 dejicit
2623 1327 2802 1383 super
2833 1329 2895 1368 se
2954 1313 3156 1369 retia?
3221 1314 3282 1370 In
3345 1316 3568 1388 plateas

1915 1396 2092 1470 iugis,
2125 1414 2259 1453 cum
2292 1397 2447 1452 intra
2475 1398 2723 1470 parietes
2756 1404 2917 1455 tutus
2950 1417 3078 1456 esse
3108 1418 3222 1458 non
3246 1404 3459 1475 possis.
3487 1405 3571 1461 ln-

1914 1484 2103 1541 veniet
2132 1489 2184 1541 te
2214 1502 2348 1542 cum
2374 1485 2620 1541 voluerit
2651 1486 2959 1545 fenerator.
2997 1489 3256 1562 Denique
3289 1492 3386 1548 ubi
3421 1496 3567 1549 tem-

1916 1591 2027 1645 pus
2058 1574 2409 1646 impleveris,
2443 1573 2595 1630 sicut
2623 1575 2834 1648 lupsus
2861 1580 3030 1632 nocte
3068 1577 3262 1649 irruit,
3316 1581 3575 1639 dormim

1920 1679 2033 1718 non
2065 1662 2226 1721 sinit.
2261 1667 2602 1736 exspectato
2636 1664 2726 1718 dir
2762 1666 2832 1718 ad
2868 1665 3170 1737 publicum
3196 1669 3376 1724 trahit
3433 1670 3569 1742 (25),

1918 1756 2019 1806 aut
2050 1751 2266 1807 tabulis
2297 1752 2648 1807 venditionis
2678 1754 2833 1827 cogit
2862 1754 3209 1813 suscribere.
3244 1756 3315 1812 Ut
3359 1758 3571 1816 fureris

1918 1840 2157 1914 pudoris
2186 1839 2582 1913 dispendium,
2615 1842 2942 1899 subscribis
2990 1842 3165 1913 illico,
3227 1846 3571 1903 venditurus

1920 1929 2138 1985 avitum
2191 1927 2547 2002 sepulcrum,
2608 1934 2856 2002 paternas
2910 1949 3049 1988 sane
3109 1938 3175 1989 ut
3223 1940 3574 2007 prmtexatur

1919 2017 2139 2090 aliquid
2169 2018 2527 2073 verecundiae
2560 2020 2670 2091 (26)
2706 2037 2719 2074 :
2750 2021 2964 2075 emitur
2995 2022 3290 2094 jejunium
3345 2024 3565 2094 solum,

1911 2107 2172 2179 jactatur
2200 2107 2353 2180 quod
2387 2106 2697 2163 infecunda
2724 2110 3397 2183 vendiderit,dispendiis
3429 2130 3571 2171 one-

1920 2196 2130 2251 raverit
2158 2196 2499 2262 debitorem,
2534 2201 2587 2251 et
2617 2198 2934 2270 superioris
2964 2201 3245 2272 temporis
3264 2202 3569 2259 ascribun-

1922 2290 2015 2340 tur
2037 2283 2359 2357 dispendiis
2390 2285 2606 2340 damna
2652 2286 2977 2358 praesentis.
3040 2288 3172 2344 Mox
3227 2292 3285 2345 et
3332 2288 3570 2350 laudata

1919 2374 2272 2441 vendantur,
2304 2377 2361 2428 et
2390 2372 2724 2430 inferuntur
2744 2375 2870 2446 jam
2903 2392 3019 2431 non
3050 2376 3568 2447 instrumenta,sed

1920 2461 2172 2516 vincula.

1990 2553 2081 2604 27.
2114 2551 2335 2605 Tamen
2367 2550 2559 2606 adhuc
2590 2552 2886 2623 querendi
2926 2553 3322 2625 ﬁdejussores,
3380 2556 3566 2614 tribu-

1922 2642 2102 2694 untur
2129 2638 2374 2694 inducim
2405 2655 2521 2695 non
2552 2643 2617 2695 ut
2646 2641 2900 2712 praedam
2946 2641 3234 2700 libertatis
3288 2645 3567 2715 inveniat,

1922 2726 2022 2783 sed
2058 2731 2123 2783 ut
2153 2732 2480 2783 consortem
2516 2729 2813 2786 servitutis
2842 2730 3149 2804 adjungat,
3184 2733 3282 2805 qui
3305 2750 3367 2791 se
3388 2735 3570 2792 societ

1921 2832 2270 2872 aerumnoso.
2305 2820 2380 2871 At
2412 2816 2550 2889 quid
2580 2819 2775 2888 iuvare
2807 2824 2999 2891 potest
3030 2820 3230 2877 aliena:
3262 2822 3566 2880 calamita-

1922 2904 1997 2960 tis
2028 2904 2280 2961 accessio
2309 2903 2337 2958 ?
2364 2904 2495 2960 Jam
2527 2911 2582 2961 et
2612 2906 2784 2962 amici
2815 2907 3070 2981 fugiunt,
3121 2911 3375 2967 convivas
3450 2928 3566 2969 non

1923 2992 2550 3066 recognoscunt:ipse
2607 3011 2840 3068 quoque
2896 3002 3246 3070 conspectus
3303 3000 3567 3057 omnium

1923 3082 2155 3154 refugit,
2186 3085 2242 3137 et
2272 3084 2338 3137 ut
2363 3082 2519 3156 pugil
2555 3082 2704 3139 ictus
2733 3084 2926 3140 varios
2955 3089 3437 3158 concertantium,
3487 3091 3570 3146 ita

159 3186 285 3227 sor.
318 3169 538 3225 Ambos
566 3185 703 3243 ergo
734 3170 887 3225 videt
929 3170 1235 3243 Dominus,
1294 3174 1699 3247 feneratorem,
1757 3183 1816 3235 et
1844 3156 1886 3224 C
1925 3171 2036 3226 iste
2067 3170 2442 3227 honestarum
2468 3171 2611 3227 vitat
2643 3188 2946 3243 occursus,
2999 3180 3057 3230 et
3102 3156 3431 3244 sollicitus,
3468 3178 3569 3235 ubi

161 3258 491 3315 debitorem
518 3274 531 3311 :
555 3262 925 3314 occurrentes
941 3258 1049 3314 sibi
1075 3264 1340 3333 spectant
1369 3264 1595 3333 ambos,
1646 3266 1813 3323 testis

163 3346 413 3403 alterius
431 3344 760 3418 iniquitatis
778 3345 1019 3402 alterius
1039 3347 1266 3420 injuria:
1290 3367 1303 3405 :
1331 3349 1486 3409 illius
1507 3353 1811 3411 avaritiam

160 3435 539 3502 condemnat,
565 3433 743 3506 hujus
764 3435 1095 3493 stultitiam.
1121 3436 1221 3493 Ille
1243 3454 1482 3512 gressus
1531 3442 1813 3501 debitoris

163 3521 439 3596 singulos
459 3526 748 3586 numerat,
772 3528 1100 3595 aucupatur
1118 3525 1376 3583 deflexus
1400 3545 1412 3583 :
1465 3528 1574 3585 iste
1622 3531 1776 3587 conti
1792 3564 1810 3574 -

163 3627 286 3667 nuo
304 3614 437 3682 post
457 3609 760 3667 columnas
784 3617 959 3683 caput
978 3612 1309 3672 obumbrat.
1333 3615 1507 3673 Nulla
1525 3618 1680 3675 enim
1713 3620 1811 3677 ha-

164 3700 265 3755 bet
285 3699 515 3754 debitor
533 3699 751 3754 auctori
761 3705 961 3756 tatem.
984 3702 1285 3760 Ambobus
1304 3705 1363 3760 in
1386 3705 1583 3779 digitis
1604 3726 1711 3765 usu
1722 3727 1811 3766 ra-

163 3804 300 3844 rum
323 3786 835 3860 repetitursazpius
855 3787 1179 3847 calculatio.
1201 3791 1310 3847 Par
1351 3810 1511 3863 cura,
1537 3797 1639 3852 sed
1689 3797 1809 3853 dis-

164 3893 275 3950 par
294 3875 557 3931 ail‘ectus.
584 3875 748 3932 Alter
766 3876 996 3933 laetatur
1016 3878 1376 3937 incremento
1406 3882 1642 3954 fenoris,
1667 3885 1813 3943 alter

163 3963 406 4020 cumulo
427 3963 742 4021 debitionis
763 3965 1038 4039 aﬂigitur.
1063 3966 1162 4024 Ille
1210 3973 1471 4043 quastus
1519 3979 1808 4043 numerat,

163 4053 262 4108 hic
294 4067 606 4109 aerumnas.

235 4142 330 4196 26.
364 4140 511 4207 Quid
544 4142 697 4215 fugis
727 4141 1027 4201 hominem
1058 4161 1233 4218 quem
1263 4154 1495 4219 poteras
1523 4153 1580 4206 et
1611 4166 1724 4206 non
1744 4151 1812 4207 ti-

164 4245 328 4286 mere
354 4228 384 4285 ?
410 4229 557 4293 Quid
592 4230 767 4305 fugis,
800 4236 904 4288 aut
931 4248 1238 4307 quousque
1280 4236 1469 4311 fugies
1497 4237 1526 4294 ?
1557 4239 1615 4296 Si
1673 4240 1808 4313 quis

165 4319 322 4375 599
354 4316 670 4390 pulsaverit
699 4325 885 4389 nocte,
917 4321 1300 4380 feneratorem
1332 4329 1525 4400 putas,
1559 4329 1670 4385 sub
1703 4328 1811 4387 lec-

163 4412 328 4463 ctum
367 4405 522 4464 illico
556 4425 570 4464 :
604 4407 652 4463 si
685 4425 858 4480 quem
892 4410 1087 4467 subito
1134 4412 1351 4470 intrare
1408 4418 1683 4489 senseris,
1746 4424 1810 4477 tu

1920 3258 1979 3313 in
2012 3258 2265 3331 aliquem
2296 3258 2623 3323 offenderit,
2655 3259 2919 3331 vigilanti
2949 3262 3066 3318 exit
3111 3265 3339 3321 obtutu.
3400 3268 3572 3323 Redit

1920 3350 2159 3419 paratus
2190 3348 2261 3402 ad
2293 3346 2545 3413 vincula,
2568 3348 2718 3403 redit
2739 3354 2983 3405 mortem
3026 3358 3254 3423 optans,
3303 3355 3569 3427 cogitans

1919 3452 2048 3491 eam
2072 3436 2181 3491 sibi
2204 3436 2252 3491 si
2281 3441 2623 3505 moreretur,
2639 3437 2895 3509 quietem
2920 3438 3151 3497 inferre.
3172 3442 3341 3497 Redit
3359 3445 3569 3501 misere

1919 3541 1980 3579 se
1997 3525 2120 3596 ipse
2141 3524 2729 3598 condemnans,quod
2754 3526 3003 3583 alienam
3028 3530 3331 3601 pecuniam
3356 3550 3468 3589 non
3485 3549 3569 3590 reo

1918 3614 2151 3683 fugerit,
2174 3618 2233 3669 et
2262 3614 2600 3669 feneratoris
2630 3631 2692 3670 se
2721 3632 2831 3671 aere
2862 3617 3201 3676 devinxerit.

1988 3704 2078 3758 28.
2111 3702 2155 3758 Ο
2185 3707 2437 3775 quantos
2485 3703 2733 3760 miseros
2790 3705 2976 3762 aliena
3033 3709 3295 3765 fecerunt
3349 3710 3504 3767 bona
3541 3712 3569 3768 ?

1916 3790 2085 3857 Quid,
2118 3791 2309 3863 inquit
2339 3792 2564 3864 (Jerem.
2601 3810 2661 3862 Il,
2695 3794 2806 3865 l8),
2857 3796 2963 3851 tibi
3005 3802 3069 3853 ut
3126 3799 3294 3855 bibas
3352 3816 3566 3872 aquam

1884 3914 1887 3917 ι
1918 3878 2076 3934 Geon
2109 3880 2137 3934 ?
2167 3880 2314 3944 Quid
2346 3880 2607 3952 inquam,
2634 3883 2759 3950 tibi,
2787 3891 2851 3938 ut
2880 3885 3109 3941 biberes
3140 3887 3376 3972 calicem
3408 3890 3569 3945 fene-

1917 3966 2128 4022 ratoris
2150 3967 2385 4033 ?Multi,
2417 3969 2630 4041 inquit,
2688 3972 2937 4027 mutuati
2988 3974 3059 4028 ad
3091 3966 3344 4047 tempus,
3376 3981 3434 4031 et
3463 3993 3568 4033 ne-

1917 4054 2289 4111 cessitatibus
2318 4057 2739 4114 consuluerunt
2762 4060 2908 4125 suis,
2961 4065 3020 4116 et
3074 4064 3381 4133 pecuniam
3440 4066 3567 4120 red-

1917 4143 2145 4198 derunt.
2174 4144 2245 4199 Et
2273 4146 2476 4216 quanti
2505 4162 2565 4201 se
2583 4151 2820 4218 propter
2840 4148 3009 4204 fenus
3029 4150 3564 4222 strangulaveruntl

1918 4230 2054 4287 lllos
2083 4232 2438 4289 consideras.
2467 4233 2572 4289 hos
2616 4251 2730 4290 non
2761 4252 3071 4293 enumeras
3097 4256 3109 4293 :
3173 4240 3570 4299 reminisceris

1917 4320 2169 4376 evasisse
2199 4320 2445 4393 aliquos.
2473 4339 2586 4378 non
2617 4324 3011 4381 reminisceris
3029 4328 3323 4400 oppetisse
3351 4346 3364 4384 :
3391 4347 3570 4386 num-

1918 4425 2046 4466 mos
2078 4409 2333 4465 redditos
2365 4410 2641 4483 imputas,
2674 4410 2914 4485 laqueos
2944 4416 3233 4487 appetitos
3262 4434 3379 4474 non
3410 4435 3569 4475 com-

164 4496 324 4552 foras
354 4494 574 4552 exsilis.
608 4498 781 4553 Canis
811 4497 1006 4567 latrat,
1038 4505 1096 4556 et
1123 4516 1224 4557 cor
1251 4505 1419 4559 tuum
1448 4504 1813 4579 palpitat,su-
1840 4524 1888 4589 D
1917 4502 2110 4589 Ρμῑαεξι
2145 4514 2291 4589 (I909
2323 4499 2676 4555 deformitati
2708 4505 2828 4558 tam
2859 4503 3217 4562 ἀθάθθοτοεεε
3239 4508 3569 4564 conventio-

162 4585 273 4641 dor
301 4584 641 4654 effunditur,
674 4585 967 4644 anhelitus
997 4588 1187 4660 quatit
1211 4595 1396 4659 artus,
1427 4594 1639 4666 quaeris
1670 4598 1810 4669 quid

162 4672 471 4729 mentiaris
500 4678 567 4730 ut
592 4675 971 4732 feneratorem
1003 4676 1276 4747 differas;
1308 4685 1367 4737 et
1405 4698 1538 4739 cum
1580 4684 1812 4743 dilatio-

161 4777 301 4817 nem
333 4761 756 4834 impetraveris,
788 4765 1031 4837 gaudes.
1067 4765 1286 4824 Fenore
1314 4771 1415 4825 tuo
1456 4770 1698 4830 simulat
1727 4775 1813 4830 fe—

162 4855 402 4909 nerator
429 4852 655 4923 gravari
694 4870 707 4908 :
739 4853 839 4909 sed
868 4852 1117 4911 libenter
1140 4854 1420 4929 impertit,
1452 4861 1614 4931 quasi
1646 4878 1814 4919 vena-

161 4943 257 4994 tor
286 4939 389 5010 qui
419 4939 603 4996 feram
633 4940 899 5012 cinxerit,
930 4959 1174 5001 securus
1207 4949 1295 5002 est
1324 4947 1549 5019 praedae.

233 5031 320 5082 Tu
350 5028 636 5085 oscularis
662 5035 857 5102 caput,
882 5032 1252 5106 amplecteris
1280 5049 1494 5108 genus,
1534 5040 1591 5092 et
1643 5039 1812 5111 quasi

162 5131 373 5172 cervus
402 5116 618 5189 sagilta
648 5117 902 5175 toxicata
947 5119 1122 5189 ictus,
1176 5120 1420 5194 paulum
1471 5125 1814 5197 procedens,

160 5204 405 5259 tandem
437 5204 629 5261 victus
658 5222 877 5264 veneno
909 5209 1245 5281 procumbis
1281 5227 1294 5266 :
1345 5214 1446 5267 aut
1501 5213 1668 5285 quasi
1728 5214 1813 5287 pi-

232 5375 347 5446 (25)
378 5375 530 5452 Edit.
559 5393 783 5452 omnes,
815 5394 884 5434 ex
913 5379 1046 5436 lecto
1065 5380 1137 5436 ad
1160 5381 1445 5452 publicum
1466 5384 1656 5440 trahit.
1688 5385 1813 5442 Non

159 5445 537 5503 incommode
568 5466 583 5516 ;
618 5449 719 5505 sed
751 5445 945 5507 tamen
976 5445 1178 5509 contra
1205 5468 1655 5512 communonem
1668 5473 1814 5515 mss.

158 5532 514 5577 consensum
525 5562 537 5575 .

230 5589 583 5669 (26)0mnes
634 5591 796 5666 edit.,
829 5601 892 5654 ut
911 5598 1182 5673 parcatur
1208 5595 1426 5676 aliquid
1454 5599 1812 5664 verecundia.

1922 4586 2015 4642 nis
2041 4585 2301 4660 plerique
2330 4589 2770 4645 verecundiores
2804 4591 2870 4647 ad
2905 4594 3344 4664 contumeliam,
3397 4595 3574 4670 fragi-

1921 4674 2097 4732 liores
2126 4676 2197 4731 ad
2230 4676 2529 4748 injuriam,
2561 4680 2810 4751 expetito
2867 4681 3107 4739 interitu
3168 4684 3570 4757 praetulerunt,

1923 4764 2275 4837 oppobrium
2305 4765 2432 4821 vitis
2460 4766 2716 4839 amplius
2745 4785 2923 4842 quam
2958 4773 3164 4829 mortis
3217 4773 3572 4847 supplicium

1923 4853 2416 4925 pertimescentes.

2421 4979 2577 5035 600
2631 4982 2866 5039 CAPUT
2919 4984 3071 5040 VIII.

1924 5064 2140 5120 Liberos
2174 5082 2276 5143 pro
2304 5069 2549 5143 paternis
2594 5067 2790 5143 debitis
2849 5087 2947 5143 per
2999 5088 3271 5128 summam
3326 5072 3573 5143 indigni-

1993 5142 2159 5190 tatem
2187 5137 2287 5190 sub
2317 5140 2483 5193 hasta
2511 5140 2702 5194 venire
2731 5157 2750 5193 :
2779 5137 2873 5196 sed
2922 5142 3051 5197 huic
3080 5144 3226 5199 malo
3282 5137 3576 5200 subvenire

1992 5222 2144 5277 posse
2193 5209 2497 5273 neminem,
2535 5224 2658 5263 cum
2688 5212 2907 5283 expleri
2961 5221 3196 5284 nequeat
3244 5216 3573 5286 feneratoris

1923 5372 2131 5455 aptius
2162 5383 2422 5455 mss.,_a_t
2447 5377 2812 5455 patenter,
2844 5384 2952 5435 etc.
2988 5380 3426 5455 Consequenter
3471 5403 3571 5441 au-

1923 5443 2240 5529 tem.Rom_.
2294 5443 2476 5529 edit,
2519 5443 2823 5521 dispendiis
2874 5443 3569 5529 oneraverit'emptorem:

1924 5515 2081 5574 haud
2114 5514 2288 5588 male,
2320 5516 2369 5573 si
2393 5514 2479 5577 vel
2511 5514 2667 5581 unus
2698 5536 2842 5580 mss.
2872 5521 2954 5580 illi
2986 5525 3302 5586 accederet.
