3866 6212
395 298 511 356 807

1970 293 2342 357 AMBROSll

3632 296 3724 365 eos

463 430 723 495 avaritia,
757 448 916 502 quam
950 446 1143 485 mrem
1171 434 1474 501 Scriptqu
1512 432 1657 483 locus
1709 430 2040 499 explicatur,
2074 430 2128 494 Α
2159 430 2327 500 quasi
2359 431 2669 485 feneratori
2700 445 2799 485 eos
2832 430 2939 499 (29;
2975 428 3147 484 aiicul
3177 429 3443 484 dominus
3490 431 3726 489 vendidis

462 504 733 574 simulque
762 502 1069 557 ostenditur
1098 505 1387 557 materiam
1412 504 1898 573 prm'aricatiom's
1930 516 2045 555 esse

460 575 881 645 fenerationem.

461 700 552 753 29.
585 698 717 753 Vidi
753 714 859 767 ego
891 697 1222 753 miserabile
1253 695 1676 768 spectaculum,
1708 694 1890 749 libros
1934 712 2039 766 pro

391 795 632 859 paterno
663 787 856 841 debito
881 787 934 840 in
970 788 1295 841 auctionem
1332 785 1564 850 deduci,
1597 791 1654 839 ct
1701 783 1884 838 teneri
1943 800 2038 837 ca-

393 875 674 931 lamitatis
708 876 984 939 bzrredes,
1017 875 1114 946 qui
1149 892 1264 929 non
1298 881 1493 929 essent
1532 873 1846 944 participes
1904 889 2036 927 suc-

385 965 665 1020 cessionis
701 983 714 1031 ;
748 969 802 1019 et
835 964 941 1018 hoc
973 970 1091 1017 tam
1138 964 1395 1018 immane
1427 964 1709 1035 ﬂagitium
1738 979 1853 1015 non
1912 977 2038 1015 eru-

386 1054 620 1109 bescere
651 1052 1017 1107 creditorem.
1051 1052 1254 1114 lnstet,
1286 1055 1473 1123 urget,
1502 1050 1741 1105 addicit.
1773 1050 1920 1119 Mea,
1952 1049 2037 1103 in-

385 1142 533 1214 quit,
566 1141 768 1197 nutriti
804 1141 1069 1213 pecunia,
1120 1157 1225 1213 pro
1256 1140 1532 1195 alimonia
1588 1138 1885 1193 servitium
1946 1154 2034 1192 re-

386 1234 847 1303 cognoscantpro
880 1234 1121 1301 sumptu
1156 1228 1535 1284 licitationem
1592 1228 1860 1281 subeant.
1896 1226 2033 1297 Agi-

387 1324 540 1375 tetur
569 1319 739 1374 basta
770 1319 839 1373 de
872 1318 1073 1390 pretiis
1105 1316 1495 1390 singulorum.
1550 1317 1674 1371 Non
1738 1316 2033 1371 immerito

382 1407 551 1463 hasta
580 1407 854 1479 agitatur,
887 1406 986 1462 ubi
1017 1411 1191 1478 caput
1223 1407 1539 1477 quaeritur:
1601 1422 1714 1460 non
1772 1406 2028 1460 immeri-

382 1500 440 1550 to
482 1496 551 1551 ad
614 1495 941 1551 auctionem
1005 1496 1357 1566 pervcnitur,
1419 1494 1517 1547 ubi
1570 1510 1697 1549 sors
1746 1494 2027 1564 poscitur.

380 1585 506 1640 Hice
537 1592 627 1641 est
684 1585 1027 1641 feneratoris
1083 1583 1511 1649 inhumanitas,
1577 1583 1697 1637 haec
1749 1583 2030 1637 debitoris

382 1673 654 1740 stultitia,
688 1678 751 1727 ut
784 1673 921 1728 ﬁliis
952 1674 1168 1743 quibus
1202 1690 1315 1726 non
1365 1671 1639 1742 relinquit
1696 1673 2027 1742 pecuniam,

378 1763 705 1818 libertatem
738 1764 983 1823 auferat,
1032 1778 1133 1833 pro
1166 1766 1514 1815 testamento
1573 1760 2028 1831 chirographum

380 1851 659 1913 dimittat,
693 1867 795 1921 pro
828 1849 1223 1904 emolumento
1251 1849 1606 1903 hmreditatis
1630 1848 2022 1921 syngrapham

380 1939 773 2012 obligationis.
816 1939 960 2004 Quid
986 1939 1095 1993 sibi
1129 1937 1250 1992 vult
1283 1938 1504 2010 paterni
1538 1939 1593 1992 in
1631 1938 1843 1991 liberos
1888 1937 2026 1991 scri-

378 2034 549 2101 ptura
578 2027 895 2092 maledicti,
928 2028 1025 2082 ubi
1063 2026 1225 2082 nulla
1252 2033 1339 2079 est
1372 2026 1537 2099 impii
1568 2026 1789 2081 otl‘eusa
1829 2042 2022 2097 pecca-

379 2118 421 2172 ti
455 2117 483 2171 ‘i
514 2122 601 2171 An
636 2121 821 2189 potest
871 2116 1079 2170 durius
1140 2115 1372 2185 aliquod
1436 2131 1564 2170 esse
1625 2115 2021 2181 maledictum,

380 2205 731 2279 graviusque
761 2205 1061 2261 servitium
1099 2206 1209 2274 (27‘)
1244 2204 1271 2257 ?
1303 2204 1369 2257 Et
1398 2202 1498 2257 illa
1530 2221 1677 2274 szrpe
1709 2208 1837 2274 post
1871 2222 2022 2257 mor-

377 2301 495 2349 tem
522 2294 697 2349 habet
727 2294 1035 2348 defunctus
1065 2292 1431 2364 compendia,
1462 2291 1613 2363 quod
1647 2309 1759 2347 non
1802 2297 2024 2364 spectat

380 2382 647 2438 miserias
678 2382 954 2437 filiorum.

447 2470 754 2527 30.Vendit
786 2470 1131 2543 plerumque
1162 2475 1214 2525 et
1250 2475 1413 2542 pater
1434 2469 1645 2524 liberos
1679 2470 2023 2525 auctoritate

376 2561 789 2635 generationis,
824 2560 921 2613 sed
957 2576 1069 2614 non
1103 2576 1239 2613 voce
1269 2558 1498 2631 pietatis
1533 2578 1545 2613 :
1581 2559 1651 2613 ad
1694 2559 2020 2615 auctionem

379 2650 723 2721 pudibundo
754 2649 914 2703 vultu
952 2650 1061 2719 (28)
1095 2649 1338 2702 miseros
1370 2648 1550 2702 trahit
1578 2646 1780 2702 dicens
1819 2666 1831 2702 :
1890 2649 2019 2703 Sol-

377 2740 512 2807 vite,
547 2738 671 2806 filii,
718 2738 868 2811 gulae
922 2754 1062 2793 meae
1119 2741 1445 2808 sumptum,
1505 2735 1709 2791 solvite
1767 2741 2020 2807 paternae

378 2844 591 2882 mensas
624 2827 874 2898 pretium
909 2842 922 2878 :
954 2824 1168 2879 vomite
1198 2826 1351 2896 quod
1386 2843 1499 2880 non
1519 2826 1859 2891 devorastis,
1893 2827 2020 2879 red-

378 2916 497 2971 dite
526 2915 680 2988 quod
713 2932 826 2968 non
862 2913 1167 2984 accepistis
1202 2913 1346 2979 ;hoc
1379 2913 1667 2978 meliores,
1702 2915 1855 2985 quod
1895 2931 2021 2969 ves-

377 3009 469 3061 tro
500 3004 684 3076 pretio
716 3001 1005 3057 redimitis
1037 3006 1282 3073 patrem,
1315 3007 1507 3057 vestra
1538 3003 1819 3058 servitute
1838 3008 2020 3073 pater-

379 3111 515 3150 nam
547 3092 743 3149 emitis
774 3091 1120 3146 libertatem.

2151 522 2239 573 set
2270 520 2453 589 digna
2504 535 2695 589 poena.
2754 518 3067 573 Dominum
3128 517 3507 589 relinquentes
3556 519 3725 576 habent

2151 607 2298 661 servi
2333 608 2484 677 quod
2518 606 2776 678 amplius
2805 624 2982 679 quam
3015 606 3262 662 carceris
3293 623 3482 680 pinnas
3509 608 3727 664 etvincu-

2150 695 2207 748 la
2233 695 2613 749 reformident
2645 713 2658 749 :
2696 696 2913 751 habent
2941 695 3108 751 liberi
3140 696 3292 767 quod
3323 700 3551 766 paveant
3573 713 3657 768 pro
3673 696 3725 751 li-

2150 783 2396 839 bertatis
2428 784 2669 840 incuria.

2220 874 2365 928 θοι
2402 874 2492 927 3'2.
2539 872 2729 928 Simul
2780 872 2927 928 illud
2986 874 3240 940 adverte,
3297 872 3447 945 quod
3501 872 3724 929 feneratio

2146 960 2635 1033 praevaricationis
2668 962 2914 1017 materia
2930 963 3198 1033 judicata
3227 962 3306 1016 sit
3338 979 3352 1027 ;
3410 961 3552 1033 quod
3577 961 3620 1017 is
3664 963 3725 1017 fa-

2144 1049 2253 1104 cile
2287 1051 2517 1105 recedat
2546 1068 2581 1105 a
2628 1051 2889 1118 domino,
2919 1052 3020 1123 qui
3075 1050 3384 1106 feneratori
3412 1067 3472 1105 se
3522 1050 3725 1122 potuerit

2143 1138 2420 1210 obligare.
2457 1140 2647 1194 Fcnus
2673 1139 2829 1195 enim
2860 1140 3022 1195 radix
3055 1140 3364 1205 mendacii,
3396 1156 3558 1195 causa
3589 1140 3724 1212 perti-

2143 1227 2249 1281 dize
2280 1233 2367 1283 est
2401 1246 2413 1283 :
2450 1252 2477 1276 ‹‹
2510 1229 2647 1300 Ego,
2678 1228 2890 1300 inquit,
2920 1246 3023 1283 vos
3053 1247 3167 1284 non
3196 1229 3427 1284 vendidi
3458 1247 3471 1293 ;
3501 1229 3590 1284 sed
3624 1244 3724 1300 per-

2142 1316 2287 1371 eatis
2313 1316 2524 1371 vestris
2544 1317 2761 1371 venditi
2785 1317 2927 1372 estis
2957 1317 3163 1389 (lbid.).
3202 1339 3229 1366 »ι
3258 1318 3403 1388 Ergo
3431 1316 3520 1388 qui
3541 1316 3727 1373 sefene-

2142 1404 2316 1458 ratori
2348 1404 2587 1476 obligat,
2621 1404 2744 1476 ipse
2775 1422 2837 1461 se
2865 1406 3064 1461 vendit
3097 1425 3109 1473 ;
3143 1411 3216 1473 et,
3250 1407 3405 1477 quod
3446 1406 3598 1477 pejus
3640 1410 3723 1471 est,

2138 1494 2340 1548 vendit
2369 1511 2429 1547 se
2460 1510 2576 1547 non
2609 1511 2738 1557 acre,
2770 1495 2870 1549 sed
2903 1494 3094 1567 culpa.

2139 1651 2358 1706 Peccali
2410 1583 3145 1722 fencralnremCAdIitlJb'gluﬁ.
3172 1670 3302 1717 esse,
3358 1658 3453 1725 qui
3501 1654 3727 1725 Saluatori

2207 1726 2373 1777 etiam
2402 1726 2626 1779 divitias
2654 1742 2781 1779 sim:
2811 1728 3112 1793 attentarit,
3145 1729 3202 1781 ei
3226 1723 3575 1796 feneratorem
3615 1723 3725 1780 haud

2060 1799 2107 1863 Β
2210 1797 2540 1857 absimilem.
2570 1800 2735 1865 atque
2784 1797 2985 1851 ibidem
3015 1798 3079 1852 de
3135 1800 3427 1853 centesima
3482 1814 3637 1851 usura
3679 1812 3726 1865 ac

2208 1869 2499 1920 centesima
2531 1862 2835 1939 ora—deque
2862 1869 3143 1923 creditoris
3201 1871 3422 1923 nomine
3472 1868 3599 1940 quod
3643 1862 3725 1919 sibi

2207 1939 2281 1990 im
2284 1954 2387 2007 pen
2399 1940 2441 1990 it
2475 1955 2627 1992 verus
2657 1948 2893 1993 exactor.

2201 2027 2290 2080 33.
2324 2027 2464 2091 Quis
2495 2027 2603 2082 iste
2637 2029 2854 2099 peccati
2885 2032 2975 2084 est
3029 2029 3339 2099 fenerator,
3399 2028 3508 2084 nisi
3561 2026 3723 2082 diabo-

2132 2114 2246 2184 lus,
2281 2131 2315 2169 a
2343 2131 2459 2186 quo
2488 2116 2604 2171 Eva
2632 2120 2900 2172 mutuata
2919 2121 3223 2189 peccatum
3258 2118 3517 2173 obnoxiae
3542 2131 3725 2171 succes-

2132 2203 2336 2269 sionis,
2370 2205 2566 2260 usuris
2595 2205 2949 2260 defeneravit
2976 2222 3148 2262 omne
3205 2222 3397 2278 genus
3450 2206 3723 2262 humanum

2132 2293 2276 2363 (Fid.
2310 2294 2367 2348 S.
2401 2296 2643 2365 August.
2677 2294 2777 2349 lib.
2812 2311 2828 2349 ι
2862 2294 3012 2361 Cant,
3068 2295 3178 2351 Jul.
3238 2296 3435 2365 Pelag.
3492 2311 3603 2367 cap.
3641 2291 3723 2360 3)?

2133 2382 2393 2453 Denique
2424 2383 2591 2454 quasi
2624 2383 2816 2438 malus
2848 2384 3136 2439 fenerator
3180 2383 3614 2457 chirographum
3660 2386 3722 2435 te-
3814 2402 3815 2469 ξ

2133 2472 2280 2537 nuit,
2315 2472 2467 2543 quod
2528 2477 2725 2543 postea
2782 2472 3067 2527 Dominus
3123 2489 3228 2528 suo
3284 2489 3487 2528 cruore
3536 2469 3718 2527 delevit.

2133 2560 2355 2614 Etenim
2390 2561 2543 2631 quod
2578 2561 2782 2616 mortis
2811 2565 2935 2616 erat
2960 2561 3239 2633 scripturn
3261 2562 3545 2634 apicibus,
3564 2558 3721 2615 debuit

2134 2654 2319 2704 morte
2352 2649 2605 2704 dissolvi.
2642 2650 2951 2706 Fenerator
2977 2667 3114 2723 ergo
3161 2649 3454 2706 diabolus.
3509 2647 3719 2718 Denique

2131 2738 2483 2803 ostendebat,
2501 2737 2781 2792 Salvatori
2814 2736 3043 2793 divitias
3074 2755 3213 2793 suas
3253 2737 3455 2794 dicens
3488 2754 3500 2792 :
3552 2759 3577 2786 α
3624 2734 3720 2790 Hec
3814 2756 3815 2763 η

2132 2825 2328 2881 omnia
2358 2825 2460 2880 tibi
2493 2826 2664 2891 dabo,
2698 2826 2744 2881 si
2779 2822 3716 2897 procidensadoraverisme(Matth.

2131 2930 2206 2982 Iv,
2237 2918 2314 2983 9).
2350 2937 2377 2965 ››
2410 2919 2483 2969 At
2512 2932 2643 2970 vero
2675 2914 2960 2970 Dominus
2988 2915 3120 2971 aeris
3149 2915 3376 2971 solutor
3427 2914 3606 2981 alieni,
3654 2911 3720 2966 ni-
3814 2930 3815 2945 ι

2131 3004 2214 3059 hil
2245 3004 2356 3076 ipsi
2383 3004 2649 3070 debebat,
2684 3003 2781 3076 qui
2813 3008 3037 3076 poterat
3092 3004 3281 3059 dicere
3317 3021 3331 3059 :
3366 3029 3393 3053 «
3426 3006 3557 3059 Ecce
3602 3000 3721 3056 venit
3814 3072 3815 3081 χ

2133 3094 2312 3164 hujus
2342 3092 2548 3148 mundi
2579 3093 2869 3165 princeps,
2900 3097 2955 3148 et
2985 3094 3044 3148 in
3075 3110 3168 3149 me
3198 3111 3378 3149 suum
3410 3109 3520 3149 non
3546 3085 3721 3146 invenit

447 3182 536 3238 3|.
574 3182 708 3236 Esto
738 3182 803 3234 ut
832 3178 1045 3250 aliquis
1074 3179 1170 3251 qui
1234 3180 1539 3236 subvenire
1597 3181 1802 3251 possit,
1861 3197 2020 3236 acce-
2053 3156 2095 3221 C
2134 3156 2279 3239 nihil
2311 3183 2421 3253 (30)
2448 3156 2622 3251 (Icari.
2658 3156 2914 3253 XI\‘,-3(l).
2953 3206 2979 3231 υ
3012 3182 3166 3237 Nihil
3196 3183 3465 3248 debebat,
3498 3181 3585 3237 sed
3633 3176 3719 3233 sol-

377 3273 493 3328 dat.
525 3270 665 3337 Quis
696 3274 919 3324 tantam
953 3267 1175 3341 expleat
1196 3269 1524 3341 Charybdin
1556 3270 1584 3324 ?
1614 3270 1746 3341 quis
1770 3269 2023 3326 rationes

376 3358 721 3417 feneratoris
752 3363 1032 3429 agnoscat
1061 3357 1089 3412 ‘l
1112 3358 1243 3430 quis
1274 3357 1575 3413 avaritiam
1612 3357 1785 3413 satiet
1813 3359 1841 3413 ?
1892 3376 2021 3430 quae

377 3467 494 3505 non
527 3449 636 3503 iste
669 3446 853 3519 pretia
885 3451 1210 3519 exaggerat,
1245 3463 1377 3501 cum
1419 3447 1631 3502 viderit
1689 3447 2023 3520 redempto-

376 3538 515 3593 res?
544 3536 668 3591 Non
698 3535 852 3589 enim
888 3552 992 3589 suo
1026 3533 1213 3607 magis
1244 3534 1404 3589 lucro
1436 3552 1611 3607 quam
1672 3536 1858 3589 alieno
1916 3536 2023 3590 de—

374 3627 651 3681 trimento
683 3623 960 3695 pascitur.
996 3624 1140 3678 Vera
1168 3624 1442 3693 profecto,
1490 3640 1625 3678 vera
1653 3628 1761 3693 est,
1821 3629 2022 3695 utpote

377 3713 500 3779 Dei,
533 3711 729 3767 divina
759 3711 1067 3775 sententia,
1102 3711 1199 3781 qui
1234 3727 1367 3765 cum
1390 3710 1575 3766 iratus
1604 3716 1756 3767 esset
1787 3718 2023 3783 propter

377 3800 737 3875 impietatem
772 3797 969 3871 populi
1001 3798 1361 3865 Judzeorum,
1397 3801 1551 3872 quod
1584 3805 1715 3872 post
1744 3801 1883 3856 deos
1906 3801 2022 3856 abi-

378 3896 465 3947 ret
495 3890 717 3947 alienos
745 3906 758 3943 :
795 3910 822 3937 ‹‹
853 3886 979 3952 Cui,
1011 3886 1224 3959 inquit,
1266 3888 1498 3943 vendidi
1556 3905 1656 3944 vos
1715 3889 2019 3945 feneratori

377 3982 503 4052 (Isa.
539 3996 588 4035 L.
626 3980 677 4051 1)
706 3978 734 4033 ?
768 3999 794 4025 ››
826 3976 1114 4031 Venditur
1143 3975 1298 4030 enim
1331 3975 1428 4047 qui
1460 3976 1751 4048 obligatus
1799 3978 2021 4034 fenera-

374 4069 485 4125 tori
519 4066 713 4137 fuerit,
745 4070 802 4122 et
829 4065 1101 4120 venditur
1131 4082 1245 4119 non
1278 4082 1394 4120 uno
1426 4066 1630 4137 pretio,
1665 4068 1765 4122 sed
1825 4067 2021 4139 quoti-

373 4158 549 4213 diano
582 4172 595 4211 :
628 4155 899 4209 venditur
947 4171 1062 4210 non
1124 4169 1258 4207 cum
1312 4153 1668 4218 definitione,
1728 4156 1827 4210 sed
1887 4173 2020 4211 cum

374 4246 707 4302 accessione
737 4244 1036 4299 diuturna.
1090 4243 1247 4297 Nova
1296 4259 1609 4299 usurarum
1668 4245 1862 4300 auctio
1921 4260 2024 4317 per

376 4350 605 4391 menses
636 4332 920 4403 singulos,
955 4348 1104 4387 nova
1154 4331 1265 4386 sub
1322 4331 1664 4403 quotidiana
1707 4332 2024 4389 licitatione

375 4421 649 4477 venditio.
684 4421 788 4485 Qui
825 4421 955 4492 plus
986 4419 1282 4485 obtulerit,
1317 4420 1497 4474 trahit
1522 4438 1775 4494 semper,
1798 4423 2023 4477 venalis

2129 3273 2299 3328 vehat
2328 3288 2431 3343 pro
2479 3271 2776 3336 omnibus,
2837 3270 2989 3327 sicut
3042 3272 3167 3343 ipse
3223 3274 3472 3327 testatur
3520 3268 3719 3325 dicens:

2134 3386 2159 3409 ‹‹
2195 3362 2327 3426 Quae
2360 3376 2470 3413 non
2503 3358 2691 3430 rapui,
2750 3362 2889 3413 tunc
2944 3357 3308 3414 exsolvcbam
3359 3357 3519 3431 (Psal.
3568 3369 3718 3419 umi,

2131 3452 2205 3504 5i.
2906 3496 2907 3499 η

2168 3449 2291 3593 )34.
2327 3538 2474 3600 Quid
2512 3536 2689 3591 distat.
2717 3496 2940 3591 malitia
2968 3535 3146 3606 hujus
3176 3534 3463 3607 principis
3507 3527 3722 3588 mundi?

2136 3629 2472 3682 Faenerator
2500 3624 2758 3697 pecunize
2816 3628 2991 3696 caput
3018 3623 3255 3696 obligat,
3319 3638 3551 3678 manum
3600 3619 3724 3674 tenet
3814 3666 3815 3703 Υ

2119 3716 2250 3796 ,(31)
2276 3718 2432 3769 sorte
2463 3712 2640 3768 ducit.
2673 3712 2718 3767 Ο
2750 3729 2960 3767 nomen
2990 3712 3153 3766 triste
3183 3711 3253 3766 dc
3312 3710 3466 3765 dulci
3497 3710 3510 3764 Ι
3565 3705 3721 3763 Domi-
3814 3740 3815 3796 ᾗ

2134 3822 2247 3859 nus
2277 3821 2441 3858 ovem
2474 3801 2854 3857 centesimam
2884 3800 3151 3856 liberavit
3176 3819 3189 3867 ;
3213 3799 3316 3854 illa
3347 3798 3642 3855 centesima
3657 3808 3723 3847 sa-
3814 3802 3815 3855 ξ

2131 3893 2292 3956 Iutis,
2324 3891 2447 3946 haec
2478 3890 2683 3945 mortis
2714 3894 2848 3945 est:
2906 3894 2963 3945 et
3014 3893 3168 3944 terra
3221 3889 3376 3943 bona
3432 3881 3721 3955 centuplum

2133 3983 2387 4038 fructum
2422 3979 2627 4036 reddit.
2660 3979 2755 4032 Vae
2785 3979 2869 4034 eis
2898 3979 2997 4050 qui
3039 3978 3240 4033 dicunt
3293 3977 3450 4049 quod
3499 3984 3720 4030 amarum
3814 3974 3815 4003 ³

2133 4076 2242 4137 est,
2274 4068 2442 4124 dulce
2479 4086 2491 4136 ;
2524 4073 2579 4122 et
2610 4069 2765 4140 quod
2797 4066 3257 4136 dulce,amarum
3291 4066 3304 4120 !
3339 4066 3484 4130 Quid
3514 4060 3725 4120 amarius

2134 4175 2335 4223 usura,
2369 4157 2508 4229 quid
2541 4156 2772 4211 dulcius
2802 4155 2987 4228 gratia
3015 4156 3043 4210 ?
3071 4156 3271 4211 Nonne
3301 4155 3413 4210 hoc
3468 4155 3585 4226 ipso
3632 4163 3723 4204 ser-

2132 4264 2306 4304 mone
2346 4263 2460 4318 quo
2493 4245 2873 4301 centesimam
2905 4243 3221 4317 appellant,
3271 4258 3536 4299 revocare
3585 4237 3725 4294 debe-
3763 4275 3775 4293 .

2132 4341 2263 4393 rent
2292 4336 2350 4390 in
2382 4333 2727 4390 memoriam
2754 4334 3176 4405 redemptorem
3212 4333 3312 4405 qui
3346 4332 3499 4386 venit
3525 4322 3723 4385 centesi-

2134 4442 2288 4480 mam
2322 4439 2486 4479 ovem
2521 4422 2894 4488 salvare,non
2926 4421 3167 4493 perdere
3197 4420 3225 4475 ?

376 4510 686 4576 addicitur,
756 4526 1059 4581 nunquam
1119 4510 1287 4580 quasi
1347 4510 1617 4564 venditus
1672 4510 2015 4566 aestimatur.
2050 4523 2096 4586 D
2197 4515 2285 4568 35.
2320 4512 2462 4577 Quis
2492 4510 2722 4584 gravior
2748 4515 2982 4567 exactor
3007 4515 3096 4566 est
3123 4510 3152 4563 7
3180 4509 3247 4563 Et
3294 4508 3407 4565 hoc
3459 4508 3609 4563 triste
3653 4513 3725 4554 n0-

377 4600 585 4670 Magna
616 4598 795 4669 igitur
848 4599 933 4652 vis
1002 4598 1251 4653 caelestis
1305 4598 1627 4653 sententias.
1689 4600 1813 4654 Non
1874 4601 2020 4657 satis

367 4686 657 4760 judicavit
690 4685 970 4741 Dominus
1000 4686 1189 4740 dicere
1223 4702 1235 4739 :
1274 4685 1427 4739 «Cui
1460 4687 1693 4742 vendidi
1717 4705 1836 4755 vos,
1864 4711 1892 4739 »
1919 4691 2019 4745 sed

377 4776 606 4832 addidit
630 4774 930 4847 feneratori
958 4776 983 4826 .9
1028 4773 1297 4829 Otl'ensus
1330 4773 1474 4828 nihil
1536 4775 1724 4846 potuit
1786 4778 2021 4849 gravius

374 4865 651 4930 invenire,
684 4880 800 4936 quo
844 4862 1166 4917 vindicaret
1221 4862 1280 4916 in
1339 4863 1611 4934 perfidos.
1702 4864 2022 4922 Derelictus

373 4953 723 5029 expostulat,
792 4968 899 5008 cur
971 4951 1053 5007 ita
1114 4951 1370 5024 fugerint
1434 4951 1641 5009 salutis
1696 4959 2017 5027 auctorem,

445 5117 556 5188 (‘27)
586 5116 752 5188 Rom.
785 5113 1100 5188 edit,sola,
1129 5116 1457 5188 graviusque
1482 5131 1649 5188 quam
1675 5118 1928 5172 servitus.

445 5186 557 5258 (28)
592 5187 809 5260 Omnes
858 5187 1025 5260 edit.,
1081 5186 1384 5258 furibundo
1440 5187 1643 5247 vultu;
1704 5203 2022 5260 omnesque

377 5276 546 5323 mss.,
574 5258 902 5330 pudibunda
930 5259 1108 5330 vultu.

446 5327 690 5399 (29)'Hic
719 5335 854 5397 vet.,
886 5329 1025 5384 edit.
1058 5344 1124 5383 ac
1156 5328 1322 5383 Rom.
1356 5327 1414 5383 in
1448 5343 1514 5383 eo
1562 5331 1793 5384 tantum
1851 5328 2022 5386 dissi-

377 5399 535 5463 dent,
570 5400 723 5469 quod
755 5399 885 5465 illas,
920 5400 1139 5455 omissa
1166 5415 1305 5455 voce
1346 5415 1456 5463 eos,
1489 5416 1727 5456 sensum
1787 5400 2019 5457 nonnisi

379 5474 513 5539 post
541 5485 735 5547 vocem
777 5472 1175 5547 relinquentes,
1208 5469 1563 5547 absolvunt._
1604 5471 1745 5547 Mss.
1773 5489 1927 5541 vero,
1962 5473 2020 5527 in

382 5540 618 5610 punctis
647 5540 893 5612 figendis
924 5540 1139 5612 parum
1159 5545 1515 5612 constantes,
1552 5542 1767 5599 habent
1818 5540 2018 5601 voCem

382 5609 489 5677 eos,
522 5623 655 5665 cum
685 5609 821 5665 edit.
856 5609 1020 5669 Rom.
1051 5610 1409 5669 Salus'Colb.
1444 5613 1524 5671 ita
1564 5612 1759 5675 locum
1788 5614 2021 5677 exhibet

2131 4620 2287 4658 men.
2318 4600 2578 4671 Denique
2607 4599 2894 4655 Dominus
2924 4599 3003 4654 ait
3035 4616 3049 4654 :
3087 4621 3108 4647 «ι
3145 4596 3403 4670 Populus
3435 4610 3607 4658 mens,
3632 4602 3724 4646 exa-

2130 4696 2318 4747 ctores
2347 4688 2523 4744 vestri
2556 4687 3015 4743 cirumscribunt
3042 4703 3144 4742 vos
3175 4686 3301 4758 (lsa.
3338 4703 3424 4751 ιιι,
3473 4683 3575 4754 l2).
3606 4703 3629 4728 ››
3673 4674 3723 4730 Et

2127 4780 2187 4834 in
2221 4777 2527 4847 Evangelio
2558 4776 2738 4831 habes
2770 4792 2783 4830 :
2815 4799 2843 4827 «
2879 4775 3027 4830 Dum
3057 4776 3221 4831 vadis
3253 4791 3387 4829 cum
3445 4763 3722 4829 adversario

2129 4874 2228 4925 tuo
2259 4868 2331 4923 ad
2364 4866 2797 4938 magistratum,
2831 4865 2907 4919 da
2935 4881 3169 4936 cperam
3225 4863 3462 4920 liberari
3491 4861 3559 4916 ab
3608 4854 3718 4915 illo;

2129 4958 2274 5013 forte
2305 4956 2587 5029 perducat
2615 4958 2671 5010 te
2701 4953 2771 5009 ad
2796 4953 3081 5024 judicem,
3128 4958 3185 5008 et
3233 4953 3419 5023 judex
3472 4946 3641 5005 tradat
3682 4944 3721 4994 te

2130 5117 2328 5172 forsan
2359 5131 2475 5169 non
2507 5113 2681 5179 male,
2711 5116 2874 5184 quasi
2899 5114 3201 5185 feneratori
3247 5127 3447 5168 eos.....
3488 5106 3722 5164 dentiam

2130 5188 2515 5261 relinquentis.
2549 5186 2756 5261 Habent
2785 5188 2950 5241 servi.
2984 5191 3096 5261 etc.
3228 5258 3236 5261 _
3533 5251 3560 5261 η
3588 5248 3612 5261 η
3660 5245 3672 5261 ,

2193 5248 2306 5330 (30)
2339 5258 2555 5330 Omnes
2584 5257 2721 5325 edit,
2752 5273 2816 5312 ac
2844 5273 2987 5312 mss.
3022 5255 3263 5327 aliquot,
3293 5269 3456 5330 suum
3481 5248 3612 5330 eihi!
3634 5248 3719 5330 "ia,-

2128 5311 2240 5385 ηἱὶί
2266 5311 2670 5401 (antiquiores
2708 5311 2879 5394 'vero,
2920 5311 3261 5401 suum‘neii
3310 5324 3538 5401 inuenit
3589 5311 3718 5401 nihil:

2132 5403 2316 5466 Quam
2351 5388 2686 5465 lectionem,
2715 5388 3060 5455 Ambrosius
3090 5396 3337 5470 esplicat
3368 5395 3468 5450 lib.
3500 5394 3570 5448 De
3613 5388 3719 5460 fuga

2129 5473 2339 5537 sazculi,
2373 5488 2422 5526 c.
2460 5475 2510 5525 4.
2543 5488 2704 5526 num.
2737 5472 2826 5527 24.
3299 5535 3315 5540 _
3506 5534 3521 5540 _
3557 5531 3570 5540 _
3593 5528 3624 5540 ,,
3685 5520 3694 5540 ,

2202 5531 2568 5619 (mihienim;
2593 5544 2759 5607 tenet,
2816 5541 2874 5597 id
2906 5544 2994 5599 est
3047 5535 3439 5619 syngrapham
3491 5531 3718 5591 debitoris

2132 5614 2311 5675 manu
2341 5614 2756 5691 subscriptam.
