3866 6212
81 377 188 439 809

80 508 325 575 evactori,
360 512 417 563 et
446 511 673 564 exactor
702 507 899 563 mittat
927 510 980 563 te
1011 507 1068 561 in
1102 522 1388 562 carcerem
1420 506 1563 559 Luc.
1596 522 1696 569 κη,
1730 505 1781 569 ,χ

79 602 223 669 56).-
272 596 408 662 Quis
472 597 582 652 iste
635 596 712 651 sit
767 600 1001 653 exactor
1049 611 1318 669 agnosce,
1370 594 1471 665 qui
1529 594 1699 649 etiam

81 687 444 744 novissimum
482 685 869 757 quadrantem
899 684 1096 758 exigit,
1127 687 1183 739 et
1211 683 1367 739 idem
1398 699 1462 737 se
1517 681 1701 737 credi-

79 783 243 835 torem
270 777 453 841 vocat,
483 777 657 846 atque
686 773 746 829 in
777 773 886 829 hoc
928 773 1103 828 etiam
1145 770 1381 828 nomine
1439 770 1702 826 fraudem

84 865 231 921 facit:
272 868 333 919 ut
364 862 467 935 qui
522 861 729 918 veneni
760 860 971 933 pocula
1037 859 1206 917 melle
1238 859 1433 927 illinit,
1481 863 1539 914 et
1594 858 1703 913 sub

80 958 224 1026 grato
252 951 424 1009 odore
483 967 642 1006 mors
686 949 881 1018 lateat,
934 954 1110 1021 atque
1168 947 1314 1003 illita
1360 947 1558 1003 calicis
1605 964 1707 1002 ora

78 1042 179 1094 vim
207 1037 423 1093 fraudis
455 1037 834 1093 abscondant.
883 1036 1145 1093 Creditor
1174 1034 1508 1108 praetexitur
1537 1034 1707 1105 quasi

82 1126 268 1196 ﬁdelis,
298 1130 354 1181 et
382 1124 548 1198 quasi
579 1123 937 1191 incredulus,
997 1123 1068 1179 ad
1129 1140 1303 1195 quem
1360 1122 1553 1179 ﬁdelis
1610 1139 1707 1197 op-

80 1214 342 1289 pignorat.

627 1303 781 1359 602
809 1301 1036 1357 CAPUT
1069 1301 1135 1357 Χ.

75 1393 429 1460 Γίιιηθναιονίης,
486 1408 555 1447 ne
608 1390 867 1446 debitoris
912 1389 1145 1445 cadaver
1216 1390 1287 1445 ad
1358 1390 1708 1461 sepulturam

403 1463 712 1533 e/ferrelur,
729 1461 1066 1532 prohibentis
1097 1460 1350 1516 historia.

136 1552 216 1607 36.
247 1550 481 1617 Quoties
509 1550 627 1606 vidi
659 1565 693 1605 a
717 1548 1158 1605 faeneratoribus
1192 1548 1374 1604 teneri
1404 1549 1709 1605 defunctos

75 1658 166 1712 pro
193 1640 447 1713 pignore,
481 1643 538 1695 et
568 1637 766 1710 negari
804 1636 1122 1705 tumulum,
1143 1639 1283 1693 dum
1315 1638 1504 1694 fcenus
1534 1655 1708 1710 expo-

74 1731 277 1785 scitur?
339 1729 564 1793 Quibus
608 1745 713 1800 ego
752 1726 1011 1799 acquievi
1062 1727 1333 1793 libenter,
1396 1731 1461 1782 ut
1523 1743 1704 1781 suum

75 1820 517 1891 constringerent
541 1817 882 1885 debitorem,
920 1820 982 1871 ut
1008 1815 1189 1871 electo
1245 1833 1333 1883 eo,
1394 1816 1710 1888 ﬁdejussor

77 1908 354 1973 evaderet;
389 1906 475 1961 hae
511 1910 649 1961 sunt
669 1904 823 1959 enim
858 1904 1220 1960 fceneratoris
1245 1904 1422 1976 leges.
1452 1903 1705 1959 Dixiita-

80 1997 448 2066 que:Tenete
509 2010 672 2049 reum
722 1997 1002 2060 vestrum,
1067 1997 1124 2048 et
1182 2010 1252 2048 ne
1309 1991 1474 2047 vobis
1523 1992 1709 2064 possit

77 2084 223 2146 elabi.
254 2084 495 2139 domum
529 2080 1000 2147 ducitc,clandite
1029 2081 1088 2136 in
1120 2081 1310 2137 cubilo
1339 2085 1555 2150 vestro,
1589 2098 1709 2136 car-

80 2174 320 2228 nificibus
348 2172 618 2228 duriores
642 2189 655 2238 ;
689 2171 965 2242 quoniam
990 2187 1165 2242 quem
1190 2187 1290 2225 vos
1324 2170 1555 2234 tenetis,
1587 2187 1707 2225 car-

80 2279 159 2316 cer
177 2279 283 2317 non
304 2260 576 2332 suscipit,
602 2264 831 2314 exactor
851 2258 1133 2313 absolvit:
1172 2262 1543 2330 peccatorum
1581 2276 1711 2315 reos

79 2357 190 2420 post
217 2354 457 2405 mortem
486 2365 684 2403 carcer
704 2348 935 2413 emittit,
999 2364 1099 2400 vos
1146 2346 1447 2414 clauditis;
1514 2346 1707 2417 legum

79 2439 355 2494 severitate
418 2437 733 2492 defunctus
808 2433 1148 2501 absolvitur,
1222 2435 1387 2490 vobis
1457 2440 1707 2491 tenetur.

77 2528 217 2584 Certe
236 2526 326 2582 hic
356 2530 579 2582 sortem
610 2540 778 2578 suam
803 2524 929 2593 jam
963 2529 1329 2578 memoratur
1391 2523 1671 2594 implesse
1696 2547 1709 2594 ;

81 2633 177 2671 non
224 2615 445 2670 invideo
515 2617 734 2679 tamen,
786 2611 1001 2683 pignus
1062 2615 1322 2666 vestrum
1390 2618 1701 2668 reservate.

78 2703 209 2760 Nihil
237 2704 477 2759 interest
541 2701 692 2756 inter
746 2700 922 2755 funus
973 2703 1031 2755 et
1073 2701 1281 2767 fmnns,
1341 2698 1488 2755 nihil
1555 2700 1712 2757 inter

81 2799 298 2849 mortem
325 2793 508 2848 distat
537 2794 595 2845 et
640 2793 892 2845 sortem:
935 2793 1226 2860 personat,
1286 2793 1559 2862 personat
1617 2791 1707 2855 fu-

82 2882 289 2938 nebrem
329 2878 627 2937 ululatum
661 2877 897 2934 faenoris
924 2894 1123 2933 usura.
1156 2877 1320 2932 Nunc
1348 2894 1480 2934 vere
1519 2878 1709 2951 capite

82 2972 322 3026 minutus
342 2971 453 3041 (32)
472 2972 568 3024 est
588 2983 761 3039 quem
781 2966 1104 3023 convenitis
1131 2984 1144 3033 ;
1176 2965 1715 3022 vehementioribus

82 3065 252 3115 tamen
284 3059 531 3115 nexibus
564 3056 818 3128 alligato,
848 3072 919 3110 ne
944 3055 1184 3110 vincula
1213 3061 1405 3111 vestra
1434 3072 1549 3111 non
1582 3072 1713 3110 sen-

84 3150 201 3205 tiat:
231 3149 408 3204 durus
451 3151 512 3202 et
542 3145 765 3217 rigidus
795 3150 885 3198 est
913 3143 1159 3210 debitor,
1192 3149 1245 3199 et
1277 3144 1375 3215 qui
1416 3160 1530 3199 non
1584 3147 1711 3215 jam

1425 369 1655 435 LIBER
1697 370 1800 433 ne
1843 328 2102 433 roma.

1738 1869 1785 1933 B

3340 377 3459 435 810

2442 507 2674 562 CAPUT
2714 508 2805 562 XI.
2870 530 2873 533 ·

1816 580 1985 633 (lauru
2019 580 2185 631 etiam
2214 576 2282 629 ab
2311 576 2645 633 alcatorilms
2672 580 2943 647 exigitur,
2978 593 3210 648 quorum
3242 581 3297 632 in
3338 580 3462 632 lusu.

1882 650 2040 703 varia
2082 652 2306 717 fortuna
2351 656 2445 714 est,
2509 650 2601 703 sed
2658 651 2874 705 lucrum
2924 649 3063 704 cedit
3114 650 3459 718 faeneratori.

1886 721 2052 788 Hujus
2092 720 2153 774 in
2180 720 2306 774 illos
2343 729 2549 790 quanta
2577 724 2854 791 tyrannis,
2893 725 2944 775 et
2972 737 3092 791 qua
3123 722 3265 787 leges
3312 722 3464 776 alea-

1881 794 2081 864 torum.
2156 792 2431 864 Poslremo
2478 792 2835 848 barbarorum
2881 793 3239 864 quorumdam
3308 794 3466 863 furor

1888 864 1947 916 iu
1977 863 2155 915 aleam
2183 861 2538 917 describitur.

1884 933 1971 987 38.
2013 931 2183 986 Aliud
2228 949 2344 987 non
2378 916 2621 989 minoris
2652 916 2985 990 acerbitatis
3042 934 3302 1007 accipite.
3349 933 3461 989 Ob-

1817 1024 2050 1075 servant
2080 1020 2176 1076 isti
2208 1020 2528 1076 aleatorum
2588 1023 3008 1089 conventicula,
3065 1028 3121 1079 et
3163 1022 3461 1096 perdentis

1817 1125 2143 1164 aerumnam
2166 1109 2639 1167 commoditatem
2655 1127 2822 1167 suam
2830 1112 3103 1182 judicant
3127 1129 3140 1177 ;
3172 1112 3465 1182 spondent

1817 1215 1920 1268 pro
1947 1197 2218 1270 singulis.
2251 1197 2456 1253 Varios
2489 1199 2679 1270 primo
2712 1216 2839 1255 sors
2869 1198 3021 1254 ludit
3069 1203 3330 1268 eventus,
3390 1199 3463 1255 ad

1818 1286 2078 1342 diversos
2138 1303 2290 1359 smpe
2337 1287 2687 1345 transfertur
2738 1287 2996 1353 victoria,
3055 1287 3464 1361 stipendiaque

1819 1377 1947 1444 ejus
2004 1374 2265 1430 vicissim
2314 1380 2491 1446 atque
2547 1394 2807 1432 aerumna
2866 1382 3198 1432 mutantur:
3262 1393 3467 1435 omnes

1818 1464 2131 1518 vincuntur
2168 1467 2224 1518 et
2277 1463 2539 1532 vincunt,
2600 1464 2911 1520 faenerator
2950 1463 3112 1520 solus
3170 1465 3463 1535 acquirit:

1818 1569 1995 1624 penes
2025 1550 2169 1607 alios
2199 1550 2371 1606 inane
2404 1569 2614 1607 nomen
2644 1554 2800 1625 quod
2832 1553 3095 1623 vicerint,
3144 1569 3319 1626 penes
3373 1552 3469 1607 fa;-

1819 1645 2149 1695 noratorem
2173 1638 2363 1695 solum
2395 1638 2621 1696 fructus
2651 1644 2759 1706 est,
2792 1656 2905 1695 non
2941 1658 3193 1705 annuus,
3214 1641 3312 1697 sed
3345 1657 3470 1697 mo-

1820 1727 2182 1785 mentarius:
2246 1726 2330 1782 illi
2391 1727 2497 1783 soli
2558 1729 2781 1785 faciunt
2835 1728 3065 1785 lucrum
3106 1729 3165 1784 in
3205 1729 3468 1785 omnium

1819 1817 2189 1883 detrimento,
2222 1815 2339 1872 illis
2373 1815 2514 1872 solis
2546 1820 2634 1871 est
2664 1834 2845 1873 usura
2902 1816 3151 1872 victoriae
3205 1817 3339 1887 (34).
3372 1817 3469 1872 Vi-

1817 1906 1956 1960 deas
1980 1905 2234 1977 reliquos
2260 1905 2454 1960 subito
2478 1910 2736 1977 egentes,
2760 1910 2995 1978 repente
3017 1906 3245 1972 divites,
3262 1906 3471 1962 deinde

1819 1994 2029 2061 nudos,
2072 1992 2322 2065 singulis
2344 1993 2601 2063 jactibus
2642 1999 2863 2050 statum
2933 1996 3084 2051 603
3145 1999 3467 2051 mutantes.

1820 2083 2098 2138 Versatur
2127 2083 2281 2137 enim
2329 2099 2529 2137 eorum
2579 2083 2715 2147 vita,
2779 2088 2844 2139 ut
2903 2088 3162 2150 tessera;
3222 2082 3475 2139 volvitur

1820 2188 2031 2228 census
2063 2171 2119 2226 in
2151 2170 2369 2234 tabula,
2403 2171 2469 2226 lit
2498 2171 2675 2228 ludus
2709 2172 2777 2227 de
2810 2172 3089 2243 periculo,
3122 2176 3179 2227 et
3209 2173 3279 2230 de
3336 2172 3474 2228 ludo

1823 2260 2145 2331 periculum
2173 2276 2184 2314 :
2221 2265 2362 2330 quot
2393 2261 2842 2331 propositiones,
2875 2264 2960 2316 tot
2999 2262 3471 2333 proscriptiones.

1822 2349 2053 2403 Clamor
2078 2348 2503 2419 plautleutium,
2538 2350 2708 2404 fletus
2752 2349 3231 2421 (lcspoliatorum,
3293 2352 3476 2423 gemi-

1821 2442 1917 2492 tus
1947 2435 2395 2509 deplorantiurn.
2428 2438 2599 2494 Sedet
2648 2438 2798 2493 inter
2830 2438 2936 2494 hos
2966 2439 3218 2495 creditor
3253 2444 3316 2495 ut
3381 2443 3470 2510 ty-

1825 2543 1883 2581 ra
1895 2544 2064 2591 unus,
2098 2526 2386 2582 damnans
2406 2526 2513 2595 ‘35)
2537 2543 3020 2599 unumquemque
3043 2532 3202 2584 sorte
3219 2526 3477 2599 capitali,

1823 2615 2003 2687 agitat
2029 2613 2250 2683 hastas,
2286 2613 2523 2669 feralem
2555 2614 2811 2670 instituit
2841 2616 2912 2670 de
2944 2616 3311 2688 singulorum
3340 2632 3481 2671 exu-

1820 2704 1929 2759 viis
1958 2703 2326 2759 auctionem:
2361 2702 2508 2758 alios
2570 2704 2983 2775 proscriptioni
3042 2704 3282 2772 addicit,
3334 2704 3479 2760 alios

1820 2792 2118 2849 servituti:
2158 2808 2274 2847 non
2309 2790 2451 2847 tanti
2484 2792 2659 2848 occisi
2692 2793 2803 2848 sub
2838 2793 3105 2864 tyrannis
3139 2796 3300 2849 sunt.
3334 2793 3476 2849 Vitis

1822 2880 2003 2953 igitur
2036 2880 2187 2936 hanc
2220 2879 2408 2935 aleam
2440 2880 2654 2936 rectius
2677 2881 2945 2948 dixerim,
2980 2898 3159 2953 quam
3191 2881 3472 2954 pecunia:

1819 2970 1929 3025 sub
1982 2973 2280 3027 momento
2334 2969 2534 3037 fertur,
2600 2970 2757 3041 quod
2806 2970 2994 3026 valeat
3049 2971 3109 3026 in
3160 2975 3466 3028 aeternum.

1820 3059 2080 3114 Ebrietas
2101 3057 2351 3128 judicat,
2382 3063 2437 3113 et
2466 3058 2663 3115 nullus
2693 3058 2965 3131 appellat.
3003 3060 3189 3116 Habet
3235 3065 3292 3116 et
3346 3061 3471 3118 alea

1817 3165 1955 3205 suas
1982 3147 2158 3219 leges,
2192 3163 2340 3219 quas
2382 3147 2489 3202 fori
2512 3147 2651 3217 jura
2681 3164 2795 3204 non
2819 3148 3064 3204 solvant.
3098 3149 3365 3218 Notatur,
3418 3150 3469 3207 si

86 3237 281 3292 noverit
309 3237 673 3291 erubescere.
721 3233 908 3289 Unum
941 3249 1081 3289 sane
1125 3238 1216 3289 est
1272 3233 1428 3303 quod
1486 3249 1600 3287 non
1632 3233 1703 3287 ti-
1736 3231 1778 3297 C
1820 3237 1973 3291 credi
2007 3241 2197 3307 potest
2229 3234 2491 3303 infamia,
2525 3237 2623 3306 qui
2674 3236 2961 3307 putaverit
2991 3235 3383 3302 renitendum,
3417 3242 3476 3293 et

86 3340 219 3381 mere
246 3326 499 3397 possitis,
540 3322 679 3394 quia
710 3336 949 3394 poscere
979 3338 1094 3376 non
1117 3320 1275 3375 novit
1295 3320 1591 3377 alimenta.

141 3416 220 3470 37.
244 3414 399 3471 Jussi
431 3413 616 3487 igitur
643 3410 821 3467 levari
872 3427 1101 3483 corpus,
1135 3414 1192 3465 et
1220 3410 1290 3465 ad
1341 3409 1702 3466 fmneratoris

88 3501 297 3560 domum
345 3500 764 3574 exsequiarum
817 3498 1079 3554 ordinem
1137 3498 1309 3554 duci:
1366 3500 1467 3555 sed
1523 3500 1699 3554 etiam

85 3590 194 3646 inde
220 3592 552 3649 clausorum
602 3589 834 3662 mugitu
864 3588 1004 3644 talia
1033 3588 1425 3660 personabant
1454 3589 1586 3661 (33).
1618 3589 1701 3644 Ibi

84 3694 282 3753 quoque
310 3682 485 3737 funus
546 3696 673 3734 esse
711 3678 994 3742 crederes,
1052 3677 1131 3733 ibi
1186 3682 1448 3734 mortuos
1503 3677 1701 3751 plangi

85 3772 325 3836 putares:
358 3786 461 3825 nec
495 3766 736 3824 fallebat
767 3766 1055 3822 sententia
1088 3809 1100 3833 ,
1136 3766 1245 3821 nisi
1289 3767 1443 3838 quod
1504 3766 1703 3839 plures

83 3857 369 3925 constabat,
431 3856 554 3912 illic
587 3871 713 3911 esse
756 3854 1088 3911 morituros.
1145 3854 1345 3910 Victus
1403 3854 1701 3928 religionis

85 3947 471 4003 consuetudine
504 3945 816 4000 faenerator
846 3944 1003 4015 (nam
1038 3942 1176 3997 alibi
1208 3943 1427 4015 suscipi
1458 3943 1703 4015 pignora

84 4033 228 4090 etiam
252 4036 359 4091 ista
385 4033 689 4105 dicuntur)
718 4036 886 4106 rogat
913 4035 977 4087 ut
1006 4032 1076 4088 ad
1107 4030 1318 4087 tumuli
1368 4030 1562 4087 locum
1614 4050 1700 4088 re-

85 4118 251 4193 liquiaa
270 4126 646 4182 deferantur:
672 4126 811 4177 tunc
832 4124 1059 4178 tantum
1082 4121 1192 4178 vidi
1219 4120 1508 4176 humanos
1525 4120 1701 4175 frene-

87 4215 274 4267 ratores
296 4213 522 4287 gravari
547 4228 671 4267 me:
696 4215 891 4267 tamen
917 4226 1023 4283 ego
1050 4226 1248 4265 eorum
1273 4210 1700 4265 humanitatem

90 4303 444 4358 memorabam
478 4300 833 4374 prospicere,
869 4316 939 4355 ne
970 4302 1172 4371 postea
1201 4316 1262 4353 se
1320 4301 1703 4372 quererentur

90 4385 349 4448 lraudatos
380 4407 529 4458 esse,
577 4390 760 4445 donec
815 4388 1021 4444 feretro
1073 4388 1221 4443 cella
1268 4387 1538 4459 subjecti,
1590 4388 1701 4460 ipsi

91 4475 391 4536 defunctum
425 4481 496 4537 ad
556 4478 823 4552 sepulcra
851 4478 1222 4549 deducerent,
1256 4477 1502 4551 graviori
1559 4494 1698 4533 moe-

92 4579 196 4620 rore
222 4567 531 4625 detinentes
561 4568 819 4641 pecuniae
847 4585 963 4624 suae
1007 4568 1201 4623 funus.

150 4682 245 4755 (3:2)
278 4684 461 4755 Capite
504 4683 913 4755 minutus,7hoc
952 4688 1061 4749 est,
1094 4682 1419 4755 nobilitatis
1440 4682 1709 4755 dejectus

95 4750 271 4875 gradu,
303 4750 473 4827 atque
514 4756 573 4811 in
619 4754 979 4828 plebeiorum
1031 4755 1293 4810 ominum
1325 4750 1590 4810 ordinem
1624 4770 1712 4809 re-

130 4836 292 4875 acus.

130 4836 292 4880 301118.

155 4893 253 4968 (33)
292 4897 454 4953 Rom.
488 4898 651 4965 edit.,
684 4899 994 4953 clausorum
1040 4897 1280 4967 mugitus
1327 4895 1396 4950 ad
1454 4896 1569 4950 alta
1590 4911 1715 4968 per-

98 4964 349 5039 sonabant.
382 4972 447 5023 At
477 4964 787 5024 nobiseum
838 4974 951 5024 vet.
1002 4964 1224 5024 edit'et
1279 4984 1447 5039 mss.
1475 4964 1715 5022 consen-

99 5036 250 5112 tiunt,
280 5038 386 5094 nisi
420 5041 576 5112 quod
610 5040 723 5096 illa:
747 5038 1047 5112 scriptoris
1079 5038 1215 5094 vitio
1247 5054 1369 5109 pro,
1403 5038 1716 5112 clausorum

102 5100 312 5183 habent,
338 5100 679 5183 plausorum.
716 5100 891 5183 Porro
916 5115 1047 5183 post
1094 5100 1280 5172 voces,
1332 5100 1480 5183 talia
1529 5124 1713 5180 perso-

100 5176 299 5259 nabant,
329 5176 558 5259 videtur
586 5176 1172 5255 subintelligendum,
1216 5182 1404 5253 qualia
1459 5176 1544 5235 in'
1570 5196 1715 5235 exse-

105 5257 232 5320 ίίηξιης
246 5257 546 5320 personant.

164 5316 473 5389 (3i)Omnes
505 5324 666 5393 edit.,
718 5341 899 5379 usurae
954 5326 1224 5389 victoria;
1274 5340 1418 5379 mss.
1474 5322 1590 5377 fere
1644 5321 1716 5376 ad

108 5399 266 5444 unum
282 5408 462 5451 usurae
493 5398 755 5453 victoriae.

165 5460 294 5539 (35)Δ
327 5463 727 5539 Edi‘t.__Rom.,
785 5467 888 5524 Sed
940 5468 991 5539 et
1016 5465 1129 5521 hos.
1166 5507 1177 5518 .
1215 5463 1556 5539 ._damnal._
1590 5467 1716 5539 Vet,

107 5526 300 5609 edib‘et
340 5535 620 5609 coduVat.
656 5526 886 5592 et'Vict.
926 5537 1207 5593 .‘lumnam.
1239 5535 1490 5609 Thuan‘._,
1534 5526 1715 5609 Laud;

109 5603 154 5650 et
190 5600 362 5661 υἱοῦ..
395 5608 496 5662 Sed
524 5614 573 5664 ct
623 5614 783 5664 ister.
829 5613 987 5666 lius...
1022 5610 1310 5663 damnans.
1365 5600 1522 5662 Colb.
1558 5605 1721 5663 solus

109 5673 367 5745 praetulit,
427 5683 490 5734 ut
560 5682 883 5737 scribarum
960 5680 1191 5755 lapsum
1246 5693 1718 5753 agnosceremus,

403 5804 661 5877 Panos.
708 5807 871 5878 XIV.

1813 3325 2127 3380 inl‘amium
2173 3324 2462 3379 sententia
2509 3325 2745 3395 gravius
2784 3341 2962 3394 quam
3023 3340 3271 3379 censura
3308 3324 3470 3394 judi-

1811 3412 2036 3471 dicialis
2062 3414 2242 3468 inurit
2261 3412 2642 3484 opprobrium
2680 3430 2692 3467 :
2718 3412 2997 3483 quoniam
3018 3412 3120 3483 qui
3155 3411 3478 3483 apudjudi-

1812 3520 1937 3558 cem
1970 3503 2346 3566 damnantur,
2380 3501 2535 3572 apud
2563 3499 2694 3555 illos
2710 3498 2948 3571 gloriosi
2981 3503 3157 3556 sunt:
3183 3500 3283 3572 qui
3316 3501 3471 3573 apud

1807 3591 1944 3657 illos
1999 3590 2373 3656 damnantur,
2410 3590 2561 3660 apud
2606 3588 2874 3659 judicem
2923 3588 3227 3644 criminosi
3310 3594 3468 3646 sunt.

1811 3680 2015 3737 Nobile
2043 3677 2349 3734 constituit
2382 3677 2609 3749 Moyses
2639 3677 2939 3734 seniorum
2965 3677 3252 3746 judicium
3277 3678 3470 3750 (Exod.

1809 3787 1969 3835 xvm,
2017 3768 2239 3837 24-26):
2291 3765 2347 3820 hi
2396 3770 2590 3822 tamen
2642 3767 2714 3822 de
2760 3766 3077 3822 levioribus
3122 3767 3473 3838 judicabant

1809 3859 2047 3913 verbum
2082 3872 2272 3927 grave,
2308 3854 2415 3909 hoc
2449 3856 2633 3910 estde
2667 3856 2994 3927 potioribus
3017 3856 3263 3928 negotiis
3286 3856 3471 3928 Moysi

1801 3944 2030 4019 judicio
2063 3959 2355 3999 reservare
2388 3948 2834 3999 consueverant.
2869 3943 2970 3999 Hic
3002 3943 3250 4000 dicitur:
3301 3943 3468 4000 Aleo-

1812 4051 1951 4089 num
1993 4032 2307 4087 consilium
2348 4032 2656 4100 judicavit,
2709 4037 2767 4087 et
2796 4031 2933 4103 plus
2980 4048 3181 4086 eorum
3232 4031 3473 4087 timetur

1814 4120 2090 4195 potentia,
2128 4136 2303 4192 quam
2336 4118 2572 4175 leonum
2603 4121 2734 4190 (36).
2771 4120 2926 4174 Inter
2962 4119 3070 4175 has
3118 4119 3272 4175 feras
3324 4119 3469 4175 vivis

1814 4212 2322 4279 l'mneratoratque
2358 4209 2629 4263 versaris.
2667 4208 2768 4263 His
2795 4207 2992 4262 bestiis
3039 4207 3234 4262 cibum
3267 4209 3470 4286 eripis,

1812 4301 1907 4356 his
1936 4298 2139 4354 tetrior
2170 4296 2499 4364 aestimaris,
2535 4296 2628 4352 his
2659 4296 2950 4353 crudelior
2984 4297 3117 4369 plus
3151 4297 3395 4355 timeris.

1878 4390 1966 4443 39.
2008 4389 2219 4443 Ferunt
2248 4386 2586 4442 Chunorum
2619 4384 2863 4458 populos
2915 4387 3190 4443 omnibus
3240 4388 3457 4447 bellum

1810 4479 2024 4550 inferre
2058 4474 2385 4531 rationibus
2421 4475 2555 4545 (37),
2605 4474 3049 4531 fceneratoribus
3093 4479 3286 4532 tamen
3343 4494 3472 4535 esse

1734 4600 1782 4665 Β
1811 4566 2126 4637 subjectos,
2148 4568 2203 4618 et
2233 4579 2364 4617 cum
2391 4562 2517 4618 sine
2555 4562 2783 4635 legibus
2841 4563 3055 4631 vivant,
3103 4564 3238 4621 aleae
3288 4566 3473 4623 solius

1818 4697 2015 4766 vocem
2045 4679 2185 4736 sedet
2217 4679 2273 4733 in
2307 4678 2440 4733 aliis
2473 4695 2616 4734 mss.
2669 4678 2727 4732 in
2760 4679 2911 4735 duas
2968 4686 3160 4751 partes
3210 4682 3470 4739 dividen-

1820 4760 2002 4895 migii)
2053 4820 2480 4895 Cunctze_edit.,
2519 4839 2677 4895 quam
2710 4820 3037 4895 dwmouum.
3070 4824 3273 4895 Guncti
3323 4840 3465 4879 mss.

1821 4892 1993 4967 quam
2019 4895 2257 4967 leonum.
2291 4892 2519 4963 Oplium
2555 4911 2567 4959 ;
2605 4894 2665 4967 ﬁt
2687 4894 2850 4967 enim
2878 4893 3086 4967 allusio
3116 4894 3265 4949 inter
3302 4910 3469 4967 voces

1821 4964 2077 5022 aleonum
2109 4969 2166 5019 et
2194 4965 2429 5027 leonum,
2464 4981 2589 5033 quae
2622 4966 2809 5035 figura
2837 4964 2895 5018 in
2918 4964 3027 5019 hoc
3075 4968 3324 5020 tractatu
3364 4966 3469 5019 fre-

1824 5035 2215 5110 quentissima
2241 5040 2350 5088 est.

1895 5108 2006 5188 (37)
2055 5104 2648 5188 Sicumss.”Thuan,n
2694 5108 2751 5159 et
2799 5103 2931 5188 alii:
2996 5109 3218 5188 cuncta}
3254 5108 3468 5188 ‘aut’em

1823 5173 1993 5247 edit,,
2012 5175 2259 5232 omnibus
2298 5173 2505 5229 bellum
2527 5176 3125 5247 __inferre__naliouibus,
3160 5175 3327 5232 Male.
3360 5175 3469 5239 Qui

1825 5243 1981 5305 enim
2013 5246 2288 5301 omnibus
2319 5243 2656 5300 nationibus
2692 5244 2910 5300 bellum
2944 5246 3155 5302 inferre
3201 5247 3294 5302 hic
3354 5247 3469 5303 dici

1826 5319 2053 5393 possint
2083 5317 2122 5371 ii
2156 5316 2377 5393 populi,
2408 5331 2657 5393 quorum
2681 5317 2979 5393 Ambrosii
3006 5317 3467 5393 temporalevem

1827 5386 2145 5463 admodum
2157 5386 2554 5463 cognitionem
2570 5386 2751 5463 fuisse
2767 5387 2827 5443 in
2841 5386 3242 5463 eont'essoest?
3260 5390 3473 5463 Legen-

1827 5463 1967 5519 dum
2002 5457 2265 5533 itaque":
2298 5457 2622 5533 rationibus,
2661 5458 2768 5514 hoc
2799 5464 2909 5531 est,
2941 5460 3218 5533 omnibus
3259 5457 3469 5520 mo'dis.

1828 5527 2151 5607 Siquidem,
2184 5531 2289 5589 Am
2346 5527 2687 5607 Marcellino,
2734 5527 2902 5587 teste'
2928 5530 3175 5604 aliisque
3233 5533 3473 5590 histori-

1828 5602 1933 5673 cis,
1953 5605 2198 5676 hujusce
2215 5602 2407 5676 gentis
2423 5617 2550 5655 mos
2574 5606 2698 5657 erat
2716 5620 2973 5675 pugnare
2995 5602 3206 5676 partim
3231 5607 3476 5661 circum-

1828 5675 2164 5756 equitaudo,
2194 5675 2408 5748 partim
2437 5676 2792 5731 excurrendo
2821 5680 2878 5733 et
2906 5675 3230 5750 opportune
3286 5681 3474 5737 retro~

3079 5802 3158 5868 26
