3866 6212
122 330 237 396 813

1436 332 1661 394 LIBER
1711 334 1810 393 DE
1854 334 2085 395 'l‘OBlA
2102 379 2114 393 .

3355 337 3473 398 8M

117 470 284 524 dolore
311 463 503 535 incipit
522 468 579 519 et
636 463 707 518 ab
742 463 1147 537 obligatione?
1204 465 1453 537 Lepores
1513 467 1707 521 ferunt
1738 470 1789 534 Α
1840 468 2021 521 utitur
2052 467 2162 523 nisi
2196 467 2266 521 ad
2288 466 2661 538 dispendium
2696 485 2708 522 :
2760 467 2878 522 illic
2935 469 3254 526 multorum
3314 469 3471 527 cam-

117 558 211 628 (ili)
228 568 483 627 generare
504 551 679 607 simul
701 556 758 607 et
778 553 1050 621 educare,
1065 556 1122 608 et
1159 552 1436 609 continuo
1458 557 1625 625 partu
1636 554 1709 608 ri-

118 662 193 700 re:
214 643 329 698 istis
349 657 573 713 quoque
595 639 1030 714 anaglyphariis
1054 659 1370 697 usurarum
1402 647 1721 715 generatur

118 736 127 803 ζ
140 735 206 802 45)
224 735 275 786 et
292 735 770 801 supergeneratur
793 747 991 797 usura,
1018 731 1313 786 enutritur
1333 748 1397 786 ac
1434 732 1714 799 nascitur,

118 827 161 876 et
177 826 292 875 nata
305 819 424 889 jam
446 817 714 890 parturit.
734 817 980 873 Radices
1002 836 1234 890 quoque
1272 820 1548 876 arborum
1596 820 1706 892 pri-

118 926 192 964 mo
208 908 522 979 plantantur
540 912 603 961 ut
624 907 910 978 prendanl
934 924 1095 973 ;cum
1120 906 1714 980 prinderint,tunc'vi-

118 1010 302 1052 rescere
330 994 628 1066 incipiunt,
664 1000 866 1066 postea
896 995 1187 1067 pullulare
1223 1012 1236 1049 :
1271 1002 1330 1051 at
1362 1012 1493 1051 vero
1540 1013 1713 1068 pecu-

116 1087 193 1140 nia
218 1085 471 1139 faenebris
498 1084 592 1137 vix
650 1083 906 1155 plautata
957 1086 1086 1155 jum
1150 1084 1420 1156 pullulat.
1480 1086 1717 1141 Semina

116 1180 334 1245 tempore
373 1177 706 1243 erumpunt,
768 1173 1050 1227 animalia
1108 1178 1370 1245 tempore
1427 1175 1708 1245 pariunt:

116 1264 394 1333 «Tempus
423 1260 578 1315 enim
629 1260 914 1331 pariendi,
974 1266 1031 1317 et
1076 1265 1311 1334 tempus
1373 1263 1659 1318 moriendi
1695 1282 1709 1331 ;

111 1360 308 1422 tempus
337 1348 654 1422 plantandi,
689 1353 745 1404 et
775 1354 1009 1421 tempus
1041 1350 1323 1406 evellendi
1360 1350 1709 1421 plantatum;

110 1446 308 1510 tempus
335 1438 653 1504 occidendi,
687 1442 745 1493 et
775 1442 1008 1510 tempus
1041 1440 1291 1495 sanandi
1324 1441 1518 1510 (Eccle.
1571 1457 1653 1508 ιιι,
1677 1444 1712 1494 2

105 1529 164 1595 3).
197 1550 220 1576 ››
247 1527 476 1582 Etintra
511 1545 523 1583 :
563 1547 589 1578 α
628 1528 886 1600 Tempus
945 1529 1308 1599 acquirendi,
1366 1533 1423 1583 et
1476 1533 1709 1602 tempus

104 1616 347 1672 reddendi
377 1634 389 1671 :
418 1620 651 1686 tempus
700 1616 1090 1683 custodiendi,
1123 1621 1180 1671 et
1236 1621 1467 1689 tempus
1516 1617 1706 1689 expel-

102 1705 230 1761 lendi
265 1705 413 1777 (Ibid.
442 1706 519 1775 6),
560 1728 580 1752 υ
617 1709 681 1758 ut
710 1704 1091 1760 Ecclesiastes
1119 1704 1199 1760 ait
1232 1724 1244 1761 :
1307 1706 1556 1778 pecunia
1612 1708 1708 1761 fce-

102 1794 263 1850 nebris
293 1793 459 1849 hodie
489 1793 837 1861 seminatur,
870 1809 999 1848 cras
1047 1794 1368 1849 fructificat
1401 1813 1413 1849 :
1476 1810 1709 1867 semper

98 1882 237 1954 parit,
266 1886 320 1938 et
346 1898 651 1953 nunquam
685 1880 915 1936 interit:
951 1897 1183 1953 semper
1236 1882 1553 1954 plantatur,
1610 1882 1704 1938 vix

97 1971 341 2026 evellitur.
372 1969 510 2025 Vult
543 1986 774 2041 semper
823 1969 1137 2026 faenerator
1167 1970 1490 2043 acquirere,
1547 1989 1702 2027 nun—

98 2076 241 2130 quam
319 2060 607 2132 perdere:
668 2075 973 2129 nunquam
1037 2061 1337 2116 custodire
1394 2061 1701 2133 pecuniam

94 2165 251 2217 suam,
282 2165 510 2220 semper
555 2147 837 2219 expellere
906 2148 1068 2219 (46);
1136 2165 1439 2221 nunquam
1496 2167 1702 2205 sanare

95 2252 288 2308 semper
314 2237 594 2293 occidere.

146 2401 220 2454 44.
251 2405 311 2456 Et
337 2398 475 2470 quia
501 2399 696 2454 bonus
744 2398 813 2453 ad
865 2398 1061 2453 omnia
1085 2398 1368 2471 magister
1393 2398 1701 2455 Ecclesias-

90 2488 309 2544 lesliber
326 2492 413 2543 est
432 2486 791 2552 Salomonis,
815 2484 1118 2558 paulisper
1146 2485 1257 2558 ipsi
1307 2486 1699 2543 inhaereamus

89 2578 195 2648 (t7):
216 2577 365 2632 «Non
388 2574 704 2632 satiabitur
724 2574 952 2642 oculus,
976 2575 1188 2646 inquit,
1211 2575 1478 2643 videndo,
1502 2580 1559 2631 et
1581 2593 1696 2632 non

87 2666 360 2721 satiabitur
379 2665 544 2721 auris
563 2664 768 2719 auditu
793 2663 985 2735 (Eccle.
1026 2682 1065 2731 1,
1088 2666 1164 2732 8).
1195 2686 1223 2714 ‹‹
1275 2681 1380 2720 nec
1413 2664 1699 2721 fenerator

87 2754 316 2827 cupletur
365 2754 728 2826 accipiendo,
762 2769 868 2809 nec
898 2753 1143 2809 affectus
1173 2755 1301 2825 ejus
1354 2753 1695 2825 quotidiana

85 2844 395 2900 numerandi
417 2842 554 2898 ieris
574 2841 825 2898 satiatur
842 2842 1067 2897 auditu.
1096 2843 1163 2897 Et
1182 2842 1394 2897 iterum
1422 2860 1435 2898 :
1460 2864 1487 2892 ‹‹
1511 2843 1695 2899 Omne

80 2934 206 3003 quod
231 2934 353 3001 fuit,
378 2934 580 3005 ipsum
598 2936 685 2987 est
707 2931 863 3003 quod
885 2931 995 2985 erit
1026 2931 1186 3002 (Ibid.
1232 2930 1287 3002 9)
1346 2950 1359 2987 :
1395 2954 1423 2981 «
1479 2932 1696 2987 Crescit

77 3040 274 3096 semper
300 3021 576 3095 pecunia,
597 3020 781 3076 otium
800 3020 983 3075 nescit
1004 3020 1265 3086 avaritia,
1297 3020 1482 3075 nescit
1514 3038 1694 3076 usura

76 3114 238 3168 ferias.
270 3135 295 3163 «
329 3112 578 3177 Omnes,
612 3109 821 3181 inquit,
853 3113 1140 3164 torrentes
1171 3109 1389 3164 vadunt
1416 3109 1476 3164 in
1508 3127 1690 3175 mare,

1832 556 2072 611 modum
2104 559 2213 624 est,
2242 555 2337 610 hic
2368 555 2773 612 universorum
2806 558 3201 631 naufragium.

1902 646 1989 700 45.
2026 643 2210 699 Multa
2240 649 2378 700 sunt
2408 645 2729 700 animantia
2760 663 2887 718 qua:
2919 645 3031 702 cito
3062 663 3338 720 generare
3387 648 3475 703 in-

1831 733 2076 804 cipiunt,
2110 734 2209 788 sed
2251 734 2363 787 cito
2395 734 2569 789 etiam
2629 751 2904 806 generare
2960 735 3297 791 desistunt:
3350 751 3477 793 sors

1829 822 1942 876 cito
1973 827 2233 893 generat,
2267 827 2323 877 et
2354 839 2656 893 nunquam
2686 824 2919 893 desinit,
2954 824 3070 881 imo
3120 842 3255 881 cum
3309 842 3475 881 exor-

1826 910 1989 965 dium
2023 910 2321 966 crescendi
2382 911 2689 983 acceperit,
2747 912 2806 967 in
2866 913 3163 969 inﬁnitum
3217 914 3476 971 extendit

1828 1004 2234 1070 augmentum.
2263 999 2448 1053 Omne
2473 999 2684 1055 deinde
2714 1003 2869 1070 quod
2917 1002 3143 1069 crescit,
3204 1020 3337 1059 cum
3399 1004 3470 1059 ad

1824 1094 2045 1142 naturae
2074 1104 2193 1143 sua:
2220 1090 2469 1142 formam
2502 1093 2678 1158 atque
2711 1105 3049 1144 mensuram
3112 1091 3469 1162 magnitudi-

1827 1194 2079 1247 nemque
2111 1176 2453 1248 pervenerit,
2485 1188 2652 1232 vaoat
2694 1177 3052 1233 incremento
3088 1196 3100 1243 ;
3129 1181 3229 1233 sed
3288 1179 3466 1235 faene-

1826 1271 2084 1319 ratorum
2118 1263 2363 1336 pecunia
2394 1270 2654 1336 tempore
2687 1281 2919 1337 semper
2938 1271 3205 1338 augetur,
3231 1272 3289 1322 et
3316 1267 3471 1323 ultra

1824 1354 2072 1407 formam
2106 1360 2381 1409 materna:
2413 1352 2587 1407 sortis
2617 1354 2901 1408 excedens
2932 1355 3174 1410 modum
3209 1372 3323 1410 non
3385 1364 3467 1412 le-

1821 1445 1939 1495 uet.
1978 1440 2257 1511 Pleraque
2288 1440 2463 1495 etiam
2497 1440 2884 1496 animantium
2920 1459 3055 1497 cum
3096 1444 3373 1514 coeperint
3402 1459 3471 1499 ea

1820 1545 1947 1600 quae
1978 1545 2047 1583 ex
2077 1528 2167 1584 his
2198 1533 2325 1583 orta
2364 1533 2524 1595 sunt,
2585 1545 2880 1600 generare,
2942 1535 3222 1602 tanquam
3281 1531 3469 1588 effetis

1816 1617 2040 1672 viribus
2073 1633 2249 1672 usum
2283 1616 2680 1688 generationis
2709 1618 2990 1672 amittunt
3022 1637 3034 1673 :
3089 1634 3217 1675 sors
3273 1624 3467 1676 autem

1816 1706 2052 1761 faenoris
2085 1722 2216 1760 cum
2252 1705 2423 1761 fuerit
2452 1706 2850 1762 crescentibus
2876 1712 3176 1779 exaequata
3216 1709 3466 1764 centesi-

1818 1796 1951 1860 mis,
1985 1799 2041 1850 et
2071 1799 2417 1850 vetustatem
2452 1795 2544 1849 sui
2576 1799 2833 1865 renovat,
2893 1799 2950 1851 et
3005 1801 3208 1868 partus
3261 1797 3465 1854 solitos

1818 1883 2191 1955 adjunctione
2225 1882 2592 1955 multiplicat.

2417 1971 2646 2027 CAPUT
2700 1972 2845 2028 XIV.

1817 2045 2048 2117 Usuram
2072 2043 2353 2117 prohiberi
2372 2044 2500 2117 lege
2526 2043 2737 2109 divina,
2770 2045 2915 2117 unde
2942 2050 2994 2117 et
3044 2049 3327 2117 sumptum
3384 2054 3460 2102 est

1884 2115 2045 2169 illud.
2089 2114 2328 2182 Catonis,
2362 2115 2643 2170 faenerare
2674 2119 2764 2170 est
2823 2115 3122 2172 hominem
3164 2114 3457 2172 occidere.

1888 2186 2270 2258 Yestimentum
2296 2187 2843 2258 pignori‘acceplum
2897 2190 3026 2242 ante
3080 2192 3292 2244 noctem
3340 2188 3464 2244 red-

1882 2257 2116 2312 dendum
2150 2274 2264 2311 esse
2294 2257 2315 2317 ρ·
2374 2273 2438 2312 ac
2493 2257 2721 2327 faenoris
2769 2261 2991 2313 nomine
3044 2259 3463 2330 intelligendum

1883 2329 2150 2399 quidquid
2176 2332 2381 2398 praeter
2408 2333 2610 2403 sortem
2638 2332 2890 2397 exigitur
2916 2348 2940 2394 ;
2961 2338 3080 2400 post
3108 2329 3237 2400 qua?
3255 2333 3461 2403 sequi-

1883 2404 1974 2454 tur
2002 2403 2377 2455 extorsionum
2392 2399 2656 2455 divitibus
2684 2399 3056 2471 famiiiariam
3087 2399 3458 2472 reprehensio.

1881 2488 1968 2543 .46.
2004 2488 2126 2543 Non
2160 2504 2371 2543 novum
2401 2504 2505 2544 nec
2552 2489 3013 2560 perfunctorium
3070 2490 3180 2545 hoc
3235 2489 3458 2546 malum

1808 2582 1915 2645 est,
1950 2578 2103 2648 quod
2137 2576 2347 2632 veteris
2380 2581 2553 2648 atque
2584 2577 2794 2632 divina:
2825 2579 3161 2651 praescripto
3191 2578 3337 2651 legis
3368 2580 3454 2634 in-

1809 2665 2058 2720 hibetur.
2086 2665 2342 2737 I’opulus
2373 2665 2473 2737 qui
2509 2665 2931 2737 despoliaverat
2958 2665 3290 2738 .Egyptum,
3351 2667 3452 2738 qui

1807 2755 1950 2825 pede
1982 2754 2292 2810 transierat
2324 2771 2505 2821 mare,
2528 2758 2798 2809 monetur
2836 2771 2871 2809 a
2920 2753 3158 2810 fmnoris
3206 2753 3454 2826 pecunia

1805 2859 2006 2898 cavere
2028 2842 2353 2915 naufragia.
2378 2844 2600 2898 Etcum
2626 2843 2698 2898 de
2719 2842 2849 2898 aliis
2870 2843 3125 2914 peccatis
3146 2841 3327 2898 semel
3352 2846 3454 2898 aut

1806 2931 2059 2987 multum
2107 2933 2217 3004 (48)
2275 2931 2485 2987 iterata
2551 2931 2949 2988 admonitione
3006 2932 3451 3004 praescripserit,

1803 3021 1873 3076 de
1926 3022 2143 3076 fumare
2200 3020 2412 3092 saepius
2464 3019 2778 3077 intimavit.
2842 3022 3029 3077 Habes
3082 3021 3141 3076 in
3207 3021 3449 3077 Exodo:

1802 3135 1827 3157 ‹‹
1863 3110 2025 3176 Quod
2049 3109 2097 3164 si
2128 3109 2432 3180 pecuniam
2467 3109 2835 3165 fmnoraveris
2885 3108 3129 3181 pupillo,
3163 3109 3447 3181 orphano,

80 3206 282 3256 etmare
304 3217 415 3256 non
435 3197 799 3271 adimpletur
819 3197 975 3269 (Ibid.
1000 3198 1079 3267 7).
1110 3221 1129 3245 ι»
1158 3198 1315 3253 Mare
1338 3199 1490 3255 istud
1516 3200 1685 3255 fcene-
1717 3202 1759 3268 C
1796 3199 2059 3271 pauperi,
2093 3198 2246 3269 apud
2280 3202 2334 3252 te
2367 3215 2480 3252 non
2507 3197 2820 3254 sut‘fucabis
2843 3214 2998 3264 eum,
3023 3215 3139 3253 non
3174 3198 3444 3267 imponas

79 3296 210 3344 ratar
260 3294 386 3358 est;
448 3286 718 3344 omnium
777 3287 930 3342 006
988 3287 1340 3359 patrimonia
1405 3291 1688 3359 tanquam

80 3376 264 3433 fluctus
283 3378 582 3444 absorbet,
604 3378 661 3431 et
682 3374 805 3447 ipse
833 3374 1020 3431 nescit
1047 3374 1282 3447 expleri.
1319 3376 1461 3431 Mari
1493 3380 1688 3432 tamen

76 3465 304 3540 plerique
334 3469 589 3523 utuntur
618 3464 689 3519 ad
741 3468 1052 3536 quaestum,
1117 3464 1461 3520 fcnneratore
1519 3482 1688 3522 nemo

74 3594 341 3663 margine;
375 3598 436 3649 at
466 3594 524 3647 in
554 3607 699 3657 mss,
724 3590 1079 3661 quibusdam
1103 3590 1430 3661 ignorantia
1451 3591 1690 3662 scripto-

73 3680 179 3738 rum
205 3665 418 3738 aliquid
440 3662 575 3738 _vitii
594 3662 871 3738 obrepsit,
893 3679 943 3738 v.
969 3663 1131 3738 g.,_in
1175 3664 1353 3717 Laud.
1382 3679 1493 3738 pro
1531 3663 1687 3738 lugu-

74 3736 146 3808 bre
161 3732 315 3803 cens};
340 3734 692 3808 legituruno
714 3732 886 3789 verbo
908 3732 1310 3808 lugubresccre,
1345 3732 1498 3804 quod
1543 3735 1689 3808 qui-

72 3805 178 3861 dem
210 3805 789 3879 apertc'mendosum
822 3808 928 3859 est.

70 3894 224 3932 caiisa
245 3876 588 3934 obscuritas
637 3880 995 3940 amoveatur,
1054 3876 1292 3930 observa
1343 3876 1438 3930 hic
1470 3876 1587 3947 agi,
1621 3877 1692 3930 de

72 3951 320 4005 vocabulo
347 3967 544 4013 usura,
595 3950 765 4017 cujus
822 3947 1011 4017 prima
1070 3947 1259 4001 littera
1325 3965 1361 4002 τι
1418 3946 1690 4002 eumdem

71 4019 184 4075 alim
201 4039 409 4077 sonum
429 4019 689 4090 habebat
702 4035 877 4090 quem
900 4017 1096 4090 Graeca
1118 4017 1693 4090 diphtongusomquo

74 4093 369 4171 etiamnum
401 4092 477 4171 ab
508 4089 694 4171 Italis,
718 4088 1024 4146 Germanis
1048 4088 1294 4171 aliisque
1314 4088 1545 4161 populis
1564 4088 1695 4171 pro-

74 4164 368 4219 nuntiatur.
404 4165 459 4219 ls
492 4166 690 4217 autem
725 4177 904 4216 sonus
936 4177 1066 4214 cum
1103 4160 1329 4215 noctuae
1346 4160 1542 4216 vacem
1561 4160 1693 4215 imi-

74 4237 222 4302 tetur,
255 4236 475 4290 dicitur
504 4232 776 4304 lugubris
808 4248 909 4287 seu
934 4231 1128 4287 feralis
1163 4250 1175 4299 ;
1210 4232 1365 4286 unde
1394 4236 1482 4287 est
1538 4231 1695 4287 istud

71 4303 119 4359 in
145 4307 375 4363 Ausonii
407 4303 838 4376 TecnOpeegnio
872 4319 887 4359 :

291 4420 566 4486 CecrOpiis
597 4419 777 4483 ignota
802 4418 947 4467 sonis
977 4416 1140 4466 ferale
1172 4430 1449 4467 sonans...

72 4519 276 4592 \‘idesis
306 4520 358 4575 J.
396 4517 579 4592 Lipsii
603 4516 704 4592 lib.
739 4516 809 4570 de
840 4519 996 4592 recta
1027 4514 1455 4592 Pronunt._Lat.
1488 4514 1698 4587 linguae

72 4573 159 4644 ubi
178 4573 376 4666 agitur
406 4573 489 4645 de:
514 4588 863 4666 haclittera.
898 4586 1057 4650 Quod
1081 4587 1334 4666 vero-ad
1370 4573 1778 4666 vaccatum-1D

70 4678 153 4719 rze.
175 4658 325 4719 idem
350 4679 421 4717 ea
451 4660 609 4716 valet
637 4660 747 4714 hoc
768 4658 914 4723 loco,
949 4674 1013 4712 ac
1046 4658 1093 4712 si
1138 4658 1491 4713 scriberetur
1537 4659 1710 4713 cerati

69 4732 269 4798 codicis,
304 4740 411 4791 aut
468 4731 825 4795 tabellarum,
860 4746 975 4800 quo
1034 4746 1210 4783 sensu
1271 4730 1494 4799 passim
1553 4729 1708 4801 apud

71 4806 326 4867 probatos
359 4810 639 4861 auctores
672 4801 987 4872 invenitur.
1022 4804 1219 4872 Itaque
1252 4800 1411 4856 locus
1440 4816 1509 4855 ex
1560 4800 1709 4855 sale-

70 4876 222 4949 broso
254 4877 477 4949 planus
507 4873 700 4949 ﬁe_t,_si
728 4889 859 4927 eum
892 4871 1014 4949 hoc
1066 4871 1237 4927 mado
1267 4872 1664 4949 interpreteris
1694 4888 1707 4927 :

72 4943 478 5002 Prima'littera
508 4943 854 5001 tabellarum
889 4943 946 4997 in
1005 4960 1253 5014 quarum
1314 4943 1461 4997 ceris
1515 4959 1707 4997 usurae

68 5033 159 5072 vox
190 5019 516 5074 inscrbitur
544 5016 791 5087 lugubre
822 5019 1010 5069 sonat.
1044 5016 1166 5077 Quo
1191 5018 1334 5069 forte
1367 5030 1543 5069 sensu
1576 5030 1704 5084 cap.

72 5088 459 5163 10_num.35,
493 5088 716 5163 dictum
770 5092 858 5163 est
890 5102 902 5139 :
938 5090 1220 5152 Personat,
1276 5088 1535 5157 personat
1617 5088 1708 5156 fu-
1781 5100 1856 5163 \g

72 5159 279 5216 nebrem
311 5160 596 5217 ululatum
621 5159 1063 5230 fwyzorisgttsura.

132 5231 239 5300 (44)
269 5232 433 5296 Quod
464 5230 561 5285 hic
590 5225 660 5285 de
691 5228 988 5300 leporibus
1018 5244 1087 5283 ex
1114 5226 1311 5300 Basilii
1346 5225 1503 5300 hom.
1563 5227 1709 5300 2.Ain

70 5297 214 5367 Psal,
244 5321 361 5367 xxv,
398 5301 489 5357 uti
522 5300 635 5356 alia
675 5297 975 5372 permulta
1012 5297 1315 5372 transtulit
1369 5298 1713 5372 Ambrosius

70 5378 275 5441 noster,
308 5376 365 5430 id
397 5369 695 5444 praecipue
722 5369 1012 5444 cuniculis
1045 5369 1329 5440 convenit,
1392 5370 1565 5444 unde
1605 5386 1713 5444 na-

72 5452 182 5499 tum
217 5440 307 5501 eet
338 5440 617 5515 adagium
658 5462 670 5498 :
704 5442 930 5507 Smpius
964 5444 1411 5515 pnriunt.quam
1432 5440 1712 5515 cuniculi.

134 5518 242 5587 (45)
295 5512 489 5595 Rom:
525 5517 684 5595 e_d_it.,
745 5517 862 5595 Istis
911 5530 1120 5595 quoque
1174 5512 1510 5595 Ioroglpphis
1566 5529 1719 5595 gena:

69 5583 255 5660 fatur,
295 5594 435 5653 etc.,
502 5587 597 5641 ubi
653 5584 852 5660 procul
904 5583 1082 5641 dubio
1143 5583 1396 5656 respexit
1443 5583 1514 5638 ad
1574 5583 1715 5640 illud

74 5655 285 5727 Basilii,
349 5682 437 5717 και
531 5667 625 5722 τοῖς
654 5655 670 5660 ⁷
709 5662 1026 5733 τοκογλύφοις
1111 5664 1172 5711 τὰ
1246 5655 1515 5728 ίχρήματα
1594 5660 1717 5731 ὁμοῦ

1021 3820 1149 3859 orro
1184 3808 1249 3858 ut
1304 3804 1691 3875 corruptidnis
1728 3815 1735 3821 '

1800 3287 1885 3342 illi
1909 3304 2146 3343 usuram
2190 3286 2378 3358 (Exod.
2430 3303 2566 3355 xxxi,
2623 3288 2733 3357 25).
2772 3309 2798 3335 ››
2858 3285 3121 3341 Ostendit
3170 3286 3309 3356 quid
3369 3284 3448 3339 sit

1800 3376 2105 3443 suffocare,
2148 3375 2204 3429 id
2239 3380 2346 3444 est,
2408 3391 2649 3430 usuram
2711 3375 3058 3446 imponere;
3112 3373 3445 3445 strangulat

1799 3465 1979 3535 enim,
2013 3469 2069 3519 et
2097 3465 2249 3535 quod
2280 3465 2445 3535 pejus
2479 3468 2585 3531 est,
2621 3465 2878 3519 animam
2909 3462 3156 3535 laqueus
3187 3462 3437 3518 credito-

3294 3586 3440 3642 nihil

1800 3590 2066 3648 δανείζεται
2145 3590 2228 3635 καὶ
2299 3591 2547 3650 γεννᾶται,
2612 3590 2694 3635 καὶ
2746 3588 3029 3652 ὑποφύεται.
3090 3588 3199 3643 Sed

1797 3668 1885 3717 est
1924 3677 2111 3716 causze
2138 3677 2240 3713 cur
2271 3676 2412 3715 mss.
2449 3666 2622 3731 atque
2653 3661 2789 3714 edit.
2824 3660 3086 3715 omnium
3136 3659 3442 3715 lectionem

1801 3733 2160 3797 abdicemus,
2195 3749 2325 3786 cum
2362 3748 2493 3787 vace
2521 3730 2938 3803 anaglyphuriis
2966 3731 3113 3803 idem
3140 3730 3444 3803 aptissimo

1801 3804 2212 3875 signiﬁcetur;
2267 3807 2511 3875 utraque
2540 3801 2855 3858 enimnvox
2914 3803 2979 3857 fit
3034 3802 3130 3850 ἀπὸ
3178 3801 3445 3875 ῖῖοῦ-γλιξτ

1800 3870 1923 3939 (ξεῖν,
1956 3875 2013 3928 id
2045 3880 2152 3943 est,
2186 3870 2437 3945 scnlpec',
2472 3891 2571 3930 seu
2597 3874 2813 3942 fodere,
2846 3874 3000 3945 unde
3044 3870 3447 3943 anaglypharii

1799 3946 1912 3999 dici
1946 3952 2197 4017 possunt
2223 3944 2330 4015 qui
2353 3947 2682 4000 debitorum
2717 3945 2957 4017 nomina
2988 3944 3199 3998 iterum
3227 3947 3329 3996 aut
3349 3957 3448 3996 sae-

1805 4016 2023 4087 piusin
2052 4016 2283 4087 tabellis
2315 4017 2438 4071 suis
2470 4017 2617 4087 slle
2649 4016 3018 4087 insculpunt.
3456 4050 3457 4053 η

1874 4035 1934 4070 us
1967 4035 2023 4070 ιιι
2052 4035 2283 4071 taneuis
2315 4035 2438 4071 suns
2470 4035 2517 4071 ει
2567 4035 2617 4072 ιο
2649 4035 3018 4087 insculpunt.
3456 4050 3457 4053 η

1874 4088 1985 4158 (46)
2009 4086 2156 4141 Ειιὶι.
2192 4091 2310 4141 ant.
2346 4105 2479 4141 cum
2521 4035 2693 4143 i‘orn.
2739 4087 2889 4153 cod.,
2947 4087 3236 4158 pecuniam
3261 4098 3469 4158 _§wim.

1802 4152 2014 4229 semper
2058 4158 2313 4235 explere.
2368 4162 2540 4235 _Ro_m.
2579 4201 2602 4235 ._
2630 4201 2641 4212 .
2671 4200 2682 4211 .
2708 4199 2732 4235 Α.
2771 4200 2791 4235 ._
2822 4198 2835 4221 ,
2874 4152 2909 4235 ._
2944 4152 3201 4235 funderet
3261 4152 3450 4235 Magis

1806 4224 2110 4285 commode
2138 4224 2626 4300 aliiqscripticod.
2660 4233 2729 4300 ut
2779 4229 2837 4300 in
2896 4224 3075 4281 textu.
3136 4224 3241 4279 Hic
3289 4224 3445 4300 enim

1804 4303 2004 4356 Ambr.
2040 4298 2293 4369 respexit
2325 4296 2401 4353 ad
2430 4299 2573 4354 illud
2606 4298 2995 4363 Ecelesiastis,
3022 4302 3237 4369 tempus
3262 4296 3451 4369 expeti

1806 4372 1958 4426 tendi
1978 4377 2037 4426 et
2066 4364 2174 4427 hoc
2225 4372 2621 4442 significatum
2675 4370 2858 4425 voluit
2912 4364 3241 4442 faeneratori
3301 4364 3451 4421 nihil

1806 4449 1925 4519 tam
1959 4443 2113 4498 cordi
2146 4439 2305 4519 esse,
2326 4446 2591 4519 quarunt
2622 4442 2930 4519 pecuniam
2950 4456 3130 4519 suam
3164 4439 3333 4519 foras
3363 4453 3455 4492 ex-

1810 4514 2007 4587 pellat,
2039 4530 2164 4569 eam
2200 4511 2402 4568 faeno—ri
2427 4511 2781 4583 collocando,
2814 4530 2881 4568 ne
2933 4511 3092 4567 domi
3123 4511 3310 4566 otiosa
3367 4525 3456 4564 re-

1813 4590 2061 4641 maneat.

1890 4658 2002 4727 (47)
2033 4657 2137 4721 Qui
2173 4673 2341 4711 secus
2375 4657 2684 4721 senserint,
2705 4672 2837 4711 eum
2860 4655 3075 4710 librum
3097 4652 3185 4709 vel
3213 4652 3462 4727 Ezechias

1819 4723 1904 4783 vel
1938 4723 2117 4794 Isaiae,
2148 4728 2235 4782 vel
2265 4728 2601 4783 Zorol‘mbeli
2634 4726 3182 4796 attribuentes,vide
3212 4724 3366 4796 apud
3400 4723 3460 4777 Ρ.

1824 4806 1963 4876 pan.
1981 4871 1993 4876 _
2004 4802 2041 4876 I_l_
2054 4800 2272 4876 uetium
2285 4872 2295 4876 _
2309 4803 2374 4876 in
2397 4802 2873 4876 _l)emon.st_r_atione_
2898 4799 3237 4876 evangelica,
3277 4809 3460 4876 prop.

1821 4871 1945 4953 litae
1976 4871 2072 4953 lib.
2108 4871 2450 4953 ecclesiastis,
2486 4888 2616 4953 pag.
2652 4873 2787 4952 192,.
2814 4871 3171 4953 ubi-eorum.
3206 4870 3463 4953 rationes

1819 4941 2148 5007 diluuntur,
2184 4958 2248 4995 ac
2279 4936 2592 4997 Salomoni
2609 4942 2891 4997 asseritur
2920 4941 3075 4995 idem
3114 4937 3209 4992 hic
3268 4936 3412 4989 liber
3444 4950 3458 5000 ;

1819 5013 1989 5081 cujus
2014 5012 2185 5067 etiam
2212 5012 2475 5083 dignitas
2504 5013 2817 5068 confutatis
2873 5008 3337 5066 adversariorum
3369 5022 3460 5060 ar-

1861 5084 2117 5137 umentis
2144 5082 2358 5136 ibidem
2393 5083 2741 5137 vindicatur.

1891 5154 2002 5224 (48)
2038 5153 2300 5207 Latinius
2332 5152 2645 5223 legendum
2677 5156 2864 5224 putat,
2898 5151 3062 5224 semel
3086 5153 3147 5204 ut
3201 5149 3460 5224 multum.

1822 5217 1931 5280 Sed
1966 5217 2099 5279 cum
2132 5224 2270 5277 edit.
2304 5217 2578 5279 omiaibus
2609 5217 2811 5278 omnes
2859 5223 3096 5276 omnino
3152 5236 3296 5274 mss.
3356 5217 3466 5273 hoc

1821 5297 1945 5351 loco
1976 5294 2368 5351 consentiunt.
2406 5295 2520 5349 Nec
2551 5311 2692 5349 sane
2723 5295 2865 5349 adeo
2895 5298 3092 5364 inepta
3120 5297 3209 5347 est
3237 5294 3471 5364 recepta

1822 5368 2015 5432 lectio,
2049 5372 2113 5421 ut
2135 5383 2245 5438 non
2281 5365 2427 5420 scite
2457 5366 2731 5438 explicari
2764 5362 3023 5438 possitin
3047 5363 3202 5419 hunc
3225 5362 3470 5438 modum

1825 5440 1945 5495 sive
1994 5435 2175 5494 semel
2229 5440 2482 5501 tantum,
2529 5433 2662 5494 sive
2717 5433 3016 5492 miiltotios
3074 5439 3273 5489 cratera
3334 5433 3475 5489 vitia

1826 5510 1914 5566 lex
1946 5509 2330 5583 prohibuerit,
2366 5510 2579 5583 smpius
2614 5517 2803 5565 tamen
2838 5526 3013 5564 usura
3045 5524 3219 5583 quam
3245 5505 3361 5564 illis
3384 5507 3472 5561 in-

1826 5582 2077 5640 terdixit.
