3866 6212
382 299 500 358 815

392 520 595 576 formis
627 520 846 575 nodum
879 520 1084 576 mortis
1113 519 1413 593 expressit.
1450 542 1477 568 «
1506 519 1669 586 Quod
1719 538 1765 571 si
1820 519 2029 589 pgnas

390 609 683 681 acceperis
710 609 1123 667 vestimentum
1182 608 1495 681 propinqui
1542 608 1649 679 tui,
1708 612 1841 662 ante
1892 604 2031 661 solis

391 712 663 755 occasum
698 699 970 755 restitues
999 697 1140 753 illud
1179 716 1192 753 :
1237 703 1325 754 est
1355 697 1510 753 enim
1566 696 1676 752 hoc
1731 698 2032 766 cooporto-

390 786 549 844 rium
583 788 712 858 ejus
743 790 995 853 tantum,
1029 789 1176 843 607
1214 787 1321 842 hoc
1342 787 1754 842 vestimentum
1788 784 2035 855 turpitu~

391 874 550 932 diuis
570 876 698 948 ejus
720 875 778 932 in
811 893 927 948 quo
948 875 1391 940 dormiet.Quod
1424 876 1471 931 si
1494 876 1690 946 itaque
1712 872 2034 945 proclama-

388 964 537 1022 verit
566 964 638 1020 ad
669 980 786 1036 me,
817 966 1126 1021 exaudiam
1156 982 1289 1020 eum
1326 965 1484 1035 (Ibid.
1514 966 1606 1031 26,
1665 965 1776 1033 27).
1836 985 1863 1011 ››
1922 966 2038 1015 Au-

392 1053 587 1120 distis,
618 1053 1018 1121 fceneratores,
1050 1053 1192 1125 quid
1226 1054 1339 1109 Lex
1367 1054 1544 1119 dicat,
1598 1052 1669 1107 de
1725 1068 1841 1123 qua
1896 1049 2040 1104 dixit

392 1142 682 1201 Dominus
709 1160 723 1198 :
758 1165 787 1190 ‹‹
813 1141 938 1197 Non
967 1142 1097 1198 veni
1130 1143 1335 1214 Legem
1369 1141 1608 1207 solvere,
1633 1141 1731 1196 sed
1756 1138 2035 1210 adimple-

396 1248 458 1288 re
488 1232 709 1301 (Matth.
746 1248 799 1295 v,
826 1231 913 1301 47)
944 1231 972 1285 ?
1000 1254 1027 1279 ››
1060 1232 1245 1296 Quam
1276 1230 1559 1286 Dominus
1586 1247 1700 1285 non
1732 1229 2037 1295 solvit,vos

397 1319 621 1376 solvitis
648 1319 678 1374 ?
708 1319 977 1385 UsuI-am,
1011 1320 1218 1391 inquit,
1250 1324 1464 1391 petere,
1495 1320 1779 1374 sutl‘ocare
1808 1317 2038 1372 est.lloc

398 1424 631 1480 quoque
651 1407 796 1463 foris
823 1425 951 1464 sero
981 1413 1070 1463 est
1097 1408 1319 1464 dictum
1352 1426 1384 1463 a
1424 1408 1778 1477 quibusdam
1837 1423 2037 1461 eorum
2063 1421 2068 1426 '

397 1496 790 1570 prudentibus
824 1513 838 1552 :
870 1496 1021 1563 Quid
1052 1502 1141 1552 est
1186 1497 1446 1553 fenerare
1478 1496 1506 1551 ‘?
1563 1497 1894 1565 Hominem,
1952 1494 2038 1548 in-

396 1584 523 1658 quit
553 1585 790 1657 (Cicero,
822 1585 923 1640 lib.
959 1603 997 1641 n
1049 1586 1227 1658 omn,
1262 1588 1325 1640 in
1369 1588 1528 1656 ﬁne),
1587 1585 1868 1641 occidere.
1930 1584 2039 1638 Sed

400 1676 600 1747 utique
631 1692 745 1731 non
775 1675 912 1729 Gaio
942 1676 1100 1746 prior
1130 1693 1307 1746 quam
1368 1674 1614 1747 Moyses,
1675 1675 1773 1745 qui
1834 1673 2041 1743 Legem

401 1764 637 1836 accepit.
675 1763 852 1818 Multo
886 1762 981 1819 ille
1012 1764 1317 1835 posterior.

472 1854 557 1907 47.
596 1876 621 1901 α
654 1853 707 1906 Si
742 1852 953 1924 pignus
985 1854 1274 1924 acceperis
1334 1853 1746 1907 vestimentum
1806 1850 2039 1922 propin-

402 1942 498 2013 qui
532 1942 638 2005 tui,
674 1947 805 1995 ante
835 1940 975 1995 solis
1004 1958 1272 1996 occasum
1309 1942 1580 1995 restitues
1614 1940 1777 2006 illud,
1810 1957 1880 1993 ue
1935 1958 2039 1993 nu-

402 2029 520 2086 dati
552 2034 830 2103 appareat
854 2029 1088 2101 turpido
1114 2030 1305 2101 (5.00/1.
1342 2048 1478 2099 xxii,
1510 2032 1579 2083 2t}
1609 2032 1657 2084 ct
1844 2052 1868 2075 η
1928 2028 2043 2082 Vos

399 2132 534 2175 vero
617 2117 851 2174 exuiltis
936 2123 1111 2190 atque
1169 2119 1432 2185 nudatis,
1493 2124 1549 2173 et
1607 2135 1720 2173 non
1780 2117 2040 2182 redditis,

401 2198 603 2264 Videte
636 2222 706 2263 ne
736 2194 821 2261 sol
854 2207 1078 2262 occidat
1107 2224 1284 2278 super
1315 2207 1616 2262 avaritiam
1647 2211 1922 2273 vestram,
1974 2223 2044 2261 ne

404 2286 491 2352 sol
514 2284 756 2365 justitiae
787 2295 949 2351 vobis
970 2295 1214 2365 occidat,
1247 2314 1363 2368 qua
1386 2297 1681 2368 justitiam
1723 2314 1835 2351 non
1890 2300 2043 2350 tene-

404 2384 502 2454 tis,
528 2384 629 2439 aut
653 2383 740 2440 sol
773 2384 1100 2456 iniquitatis
1131 2402 1307 2457 super
1336 2386 1557 2458 ﬂagitia
1586 2390 1775 2440 vestra
1832 2386 2044 2441 conda-

408 2481 523 2529 tur.
557 2472 693 2530 Dies
723 2490 957 2546 quoque
974 2474 1125 2546 perit
1148 2475 1347 2542 invito,
1368 2491 1477 2530 nox
1506 2475 1675 2529 irruit
1695 2473 2044 2540 sicutJudaa,

404 2562 509 2636 qui
539 2578 673 2618 cum
705 2561 975 2618 diabolus
1000 2580 1063 2618 se
1095 2563 1349 2619 misisset
1382 2564 1439 2618 in
1472 2580 1571 2618 cor
1600 2565 1751 2635 ejus,
1797 2562 2046 2618 surrexit

406 2652 477 2708 ad
507 2650 919 2725 proditionem,
950 2656 1003 2705 et
1039 2652 1187 2707 facta
1218 2657 1304 2706 est
1336 2668 1486 2719 nox;
1519 2651 1603 2708 sol
1625 2652 1781 2707 enim
1804 2651 2047 2722 justitiaa

405 2740 698 2797 occiderat
728 2739 804 2808 ei,
833 2745 891 2795 et
921 2741 1267 2795 recubuerat
1293 2758 1469 2811 super
1496 2758 1652 2795 eum.
1683 2740 1790 2804 Qui
1825 2741 1883 2795 in
1923 2758 2047 2795 cor-

406 2830 536 2901 ejus
566 2829 828 2897 intravit,
860 2828 997 2884 fecit
1026 2828 1108 2882 illi
1139 2830 1428 2895 tenebras,
1463 2833 1526 2884 ut
1550 2828 1699 2885 lucis
1728 2846 1845 2884 non
1890 2830 2049 2884 vidc-

408 2922 495 2974 ret
524 2920 838 2973 auctorem.
872 2917 956 2972 Ibi
990 2916 1168 2972 miser
1200 2917 1370 2989 periit
1404 2917 1462 2972 in
1522 2917 1620 2973 illo
1671 2918 1932 2974 convivio
1990 2918 2049 2973 in

408 3022 525 3079 quo
546 3005 647 3062 alii
668 3005 989 3062 salvantur.
1015 3005 1257 3062 Reddite
1296 3006 1476 3079 igitur
1522 3008 1937 3063 vestimentum
1959 3008 2056 3063 de-

409 3095 605 3162 bitori,
636 3094 695 3151 in
727 3110 844 3167 quo
867 3094 1121 3150 dormiat
1150 3100 1206 3151 et
1236 3095 1471 3166 quietus
1493 3097 1587 3151 sit.
1628 3120 1646 3145 -
1686 3097 1743 3151 Si
1788 3096 2050 3152 nolueri-

1846 296 1911 356 S.
1955 292 2329 355 AMBROSII
3622 292 3713 354 8l6

389 429 465 485 ris
502 448 514 485 :
551 446 667 502 quo
697 447 966 488 sermone
998 435 1053 486 et
1095 432 1380 503 praedonis
1424 431 1755 483 violrw‘.tiam
1816 436 1864 479 et
1930 430 2024 479 de-
2065 436 2105 496 λ
2148 427 2298 479 (li-tat
2342 442 2352 479 :
2390 456 2395 467 ε

2454 427 2649 495 Neque
2682 441 2945 489 usuram,
2979 424 3190 495 inquit,
3222 440 3474 479 escarum
3499 427 3712 497 accipies,

2146 534 2327 585 neque
2360 515 2625 570 omnium
2646 531 2844 569 rerum
2874 529 3259 586 quascunque
3284 513 3714 572 fceneraverisfra-

2143 604 2218 659 tri
2253 609 2373 659 tuo.
2409 629 2431 656 ι
2470 604 2652 659 Fraus
2684 605 2839 659 enim
2876 604 2987 658 ista
3017 607 3074 659 et
3104 602 3545 675 circumscriptio
3584 604 3717 677 Legis

2144 699 2254 758 est,
2289 710 2405 748 non
2438 692 2723 749 custodia.
2760 694 2827 748 Et
2855 696 3028 765 putas
3064 697 3118 747 te
3152 691 3245 765 pie
3302 691 3494 760 facere,
3537 693 3651 765 quia
3693 712 3718 749 a

2146 782 2499 853 negotiatore
2531 782 2691 837 velut
2721 799 2940 836 munus
2971 782 3225 853 suscipis
3256 781 3365 853 (-59)
3390 780 3416 835 ζ)
3442 781 3563 837 Inde
3599 783 3718 838 frau-

2147 872 2278 925 dem
2314 870 2407 925 ille
2439 870 2575 925 facit
2604 872 2660 925 in
2695 870 2974 926 mercium
3005 870 3210 943 pretio,
3244 870 3395 925 unde
3444 871 3540 925 tibi
3587 871 3720 927 solvit

2146 978 2411 1015 usuram.
2447 960 2691 1015 Fraudis
2725 960 2881 1015 illius
2912 964 2975 1013 tu
3006 966 3229 1024 auctor,
3262 964 3323 1014 tu
3355 958 3721 1030 particeps,tibi

2148 1049 2376 1120 proiicit
2405 1049 2693 1120 quidquid
2736 1047 2833 1103 ille
2890 1047 3263 1103 fraudaverit.
3303 1048 3372 1102 Et
3423 1064 3540 1103 esca
3580 1064 3723 1104 usura

2148 1144 2255 1203 est,
2289 1143 2343 1193 et
2376 1138 2550 1193 vestis
2586 1156 2765 1192 usura
2795 1142 2920 1192 est:
2952 1141 3007 1191 et
3047 1137 3434 1208 quodcunque
3484 1137 3605 1193 sorti
3651 1153 3722 1192 ac‘

2148 1227 2319 1293 cedit,
2357 1244 2535 1282 usura
2566 1230 2655 1282 est
2687 1245 2699 1281 :
2730 1227 2884 1298 quod
2936 1225 3078 1280 velis
3120 1226 3171 1280 ei
3230 1241 3435 1280 nomen
3488 1225 3723 1297 imponas,

2152 1332 2331 1369 usura
2359 1320 2447 1370 est
2480 1332 2493 1368 :
2525 1315 2580 1369 Si
2613 1314 2837 1370 licitum
2872 1318 2977 1381 est,
3011 1331 3113 1369 cur
3166 1313 3502 1370 vocabulum
3530 1313 3725 1386 refugis,

2150 1420 2253 1457 cur
2282 1402 2549 1459 velamen
2581 1403 2802 1460 obtexis
2829 1403 2858 1457 ?
2879 1403 2938 1458 Si
2972 1402 3239 1458 illicitum
3283 1407 3390 1469 est,
3446 1420 3540 1458 cur
3580 1403 3726 1458 incre-

2152 1497 2414 1547 mentum
2451 1492 2698 1563 requiris
2727 1491 2755 1546 ?

2219 1584 2309 1636 50.
2345 1582 2505 1646 Quod
2536 1582 2705 1652 pejus
2740 1584 2846 1647 est,
2879 1581 2987 1637 hoc
3009 1580 3215 1636 vitium
3244 1579 3607 1653 plurimorum
3646 1585 3729 1647 est,

2152 1678 2205 1725 et
2240 1672 2488 1725 maxime
2522 1671 2788 1737 divitum,
2824 1671 3039 1741 quibus
3070 1669 3177 1725 hoc
3211 1670 3443 1726 nomine
3479 1675 3731 1725 struuntur

2153 1760 2407 1823 eellaria,
2440 1759 2659 1829 Siquis
2722 1760 3160 1815 instaurandam
3219 1760 3534 1814 convivium
3584 1764 3732 1831 putat,

2152 1850 2221 1902 ad
2259 1850 2674 1919 negotiatorem
2710 1850 2910 1915 mittit,
2947 1855 3007 1903 ut
3064 1849 3419 1921 absynthiati
3470 1850 3569 1919 (50)
3615 1846 3730 1902 ωδ

2151 1937 2437 2007 (-upellam
2474 1938 2581 1991 sibi
2614 1939 2796 2007 gratis
2828 1938 3050 1993 deferat
3087 1955 3098 1991 ε
3131 1939 3201 1992 ad
3227 1955 3541 2010 cauponem
3560 1936 3732 2008 dirigit,

2156 2034 2217 2081 ut
2251 2027 2525 2081 Picenum
2562 2028 2783 2095 vinum,
2820 2033 2921 2081 aut
2951 2029 3261 2098 Tyriacum
3294 2027 3574 2099 requirat:
3604 2026 3661 2080 ad
3677 2025 3734 2080 la-

2154 2117 2342 2182 nium,
2378 2122 2437 2169 ut
2468 2116 2696 2170 vulvam
2722 2117 2844 2171 sibi-
2864 2122 3131 2188 procuret
3164 2135 3177 2172 :
3210 2117 3280 2172 ad
3313 2117 3582 2184 alium,ut
3605 2130 3738 2188 poma

2153 2206 2264 2258 sibi
2314 2205 2573 2259 adornet.
2631 2205 2825 2275 itaque
2878 2204 3307 2260 humanitatem
3343 2207 3596 2277 judicent
3642 2220 3735 2274 quae
3824 2238 3825 2265 η

2154 2294 2318 2348 ίιὶριιο
2350 2292 2606 2364 periculo
2631 2297 2918 2359 constant,
2952 2294 3037 2348 Tu
3070 2294 3243 2359 bibis,
3286 2299 3347 2349 et
3378 2294 3519 2349 alius
3569 2290 3740 2348 difﬂuit

2154 2381 2425 2453 lacryinis
2456 2401 2469 2438 :
2505 2388 2564 2437 tu
2596 2380 2935 2453 epularis,et
2956 2381 3101 2437 alios
3132 2382 3260 2438 cibo
3292 2387 3393 2438 tuo
3423 2381 3736 2454 strangulas:

2157 2475 2215 2525 tu
2249 2470 2600 2543 symphonia
2626 2471 2932 2526 delectaris
2964 2476 3018 2526 et
3051 2470 3201 2526 alius
3232 2470 3545 2528 miserabili
3582 2467 3737 2542 deplo-
3824 2468 3825 2473 “

2157 2564 2245 2615 rat
2277 2559 2502 2615 ululatu
2539 2577 2550 2615 :
2582 2564 2644 2614 tu
2691 2578 2863 2632 poma
2918 2561 3215 2632 degustes,
3270 2566 3333 2617 et
3371 2560 3516 2617 alius
3556 2560 3739 2632 spinam

2157 2654 2335 2703 vorat.
2372 2648 2667 2719 Numquid
2700 2648 2981 2721 colligunt
3010 2650 3081 2704 de
3111 2650 3300 2721 spinis
3350 2668 3504 2720 uvas,
3557 2653 3646 2705 aut
3688 2647 3740 2701 de
3824 2688 3825 2695 η

2156 2738 2387 2793 tribulis
2423 2740 2563 2793 ﬁcus
2591 2738 2615 2792 ‘?
2646 2739 2827 2810 Spina
2856 2743 2966 2809 est,
2998 2739 3169 2810 spina
3198 2739 3514 2796 centesima
3546 2745 3637 2805 est,
3665 2738 3740 2792 tri-

2156 2828 2334 2882 bulos
2364 2832 2451 2883 est
2483 2834 2673 2893 tenus,
2725 2827 2873 2883 male
2898 2829 3032 2883 urit.
3088 2831 3394 2895 Quomodo
3443 2845 3569 2902 ergo
3616 2832 3742 2900 potes

2158 2916 2412 2972 fructum
2446 2917 2659 2972 habere
2690 2916 2759 2971 de
2790 2917 2977 2988 spinis
3005 2918 3033 2971 ἲ)
3060 2918 3119 2973 Si
3151 2918 3259 2974 iste
3290 2919 3517 2974 fructus
3545 2918 3609 2973 de
3653 2916 3740 2989 spi-

2160 3008 2251 3062 nis
2282 3024 2393 3061 non
2430 3006 2709 3070 nascitur,
2746 3005 2841 3061 ille
2872 3012 3147 3062 nascetur
3173 3013 3449 3065 internus.
3481 3009 3555 3063 De
3579 3022 3741 3062 terum-

2160 3096 2254 3152 nis
2283 3095 2508 3151 ditaris.
2543 3095 2612 3149 de
2641 3094 2914 3167 lacrymis
2971 3095 3201 3152 lucrum
3258 3098 3491 3169 quaeris,
3524 3098 3590 3153 de
3630 3096 3746 3151 fame

407 3184 484 3241 tis
514 3184 775 3253 reddere,
805 3184 1136 3252 exaudiam,
1168 3184 1376 3257 inquit,
1445 3202 1578 3241 cum
1613 3203 1626 3241 :
1682 3187 1821 3257 quia
1876 3186 2047 3242 mise-
2083 3174 2125 3241 C
2164 3183 2351 3239 aliena
2382 3183 2659 3255 pasceris,
2693 3184 2764 3238 de
2820 3185 3042 3239 exuviis
3099 3185 3550 3258 despoliatorum
3600 3182 3743 3240 homi-
3824 3224 3825 3231 η

410 3272 590 3329 ricors
620 3289 753 3329 sum
786 3272 944 3344 (Ibid.
978 3272 1092 3345 27).
1126 3296 1153 3321 ››
1191 3272 1250 3328 Si
1278 3290 1380 3329 vos
1413 3291 1526 3329 non
1586 3274 1895 3342 exauditis,
1946 3292 2052 3347 ego

408 3361 743 3428 exaudiam,
772 3378 878 3435 ego
909 3362 1249 3431 miserebor,
1283 3378 1389 3434 ego
1420 3380 1531 3418 non
1580 3363 1896 3434 despiciam
1926 3363 2050 3420 ino-

412 3451 504 3523 pis
534 3466 787 3523 precem.

485 3541 572 3595 48.
604 3540 666 3594 In
699 3540 1142 3596 Deuteronomio
1163 3556 1396 3614 quoque
1418 3541 1700 3614 scriptum
1724 3547 1813 3597 est
1844 3559 1856 3596 :
1887 3543 2051 3598 «Non

414 3628 870 3701 exigesafratre
897 3633 996 3685 tuo
1053 3647 1296 3685 usuram
1358 3631 1637 3702 pecuniis,
1697 3635 1755 3686 et
1813 3648 2052 3688 usuram

411 3731 704 3788 escarum,
735 3719 793 3771 et
815 3733 1057 3771 usuram
1098 3718 1360 3773 omnium
1421 3736 1615 3774 rerum
1672 3736 2055 3793 quascunque

412 3804 782 3861 fceneraveris
813 3804 976 3860 fratri
1032 3808 1150 3860 tuo.
1212 3807 1269 3861 Si
1330 3806 1663 3880 alienigenae
1714 3809 2053 3877 credideris,

410 3910 652 3951 usuram
684 3894 879 3966 exiges
911 3894 983 3948 ab
1013 3911 1115 3949 eo:
1150 3912 1183 3949 a
1212 3899 1384 3950 fratre
1418 3902 1610 3952 autem
1652 3902 1751 3952 tuo
1783 3915 1897 3953 non
1929 3897 2048 3952 exi-

407 3999 510 4057 ges
539 3984 719 4056 (Deut.
753 4000 914 4056 xxm,
946 3984 1033 4053 19,
1064 3985 1175 4053 20).
1213 4006 1239 4031 ››
1274 3984 1449 4040 Vides
1492 3990 1777 4058 quantum
1821 3987 2052 4058 pondus

408 4072 467 4128 in
498 4072 689 4129 verbis
720 4072 814 4128 sit.
848 4096 873 4121 ‹‹
909 4070 1055 4140 Noli,
1087 4072 1299 4145 inquit,
1331 4075 1557 4147 exigere
1592 4092 1831 4130 usuram
1864 4093 1897 4130 a
1935 4076 2047 4132 fra-

405 4165 494 4216 tre
523 4164 644 4230 tuo,
683 4185 709 4211 ››
733 4161 840 4217 hoc
874 4166 983 4229 est,
1016 4178 1149 4217 cum
1188 4179 1303 4234 quo
1360 4163 1575 4219 habere
1630 4163 1806 4219 debes
1855 4165 2054 4223 omnia

407 4252 763 4321 communia,
792 4250 863 4306 ab
897 4267 963 4307 eo
990 4255 1047 4305 tu
1075 4268 1315 4307 usuram
1371 4252 1600 4326 exigis?
1658 4254 1857 4309 Frater
1912 4258 2051 4311 tuus

408 4356 646 4401 consors
676 4344 895 4395 naturae
927 4345 984 4396 et
1013 4340 1269 4396 cohaeres
1299 4342 1517 4413 gratiae,
1566 4340 1683 4397 noli
1714 4343 1787 4397 ab
1819 4358 1885 4398 eo
1943 4343 2054 4401 exi-

409 4444 543 4501 gere
572 4428 845 4501 amplius,
881 4447 915 4484 a
946 4446 1061 4501 quo
1093 4430 1305 4485 durum
1338 4435 1425 4485 est
1454 4436 1715 4502 repetere
1748 4434 1901 4502 quod
1954 4433 2050 4490 dc-

408 4518 587 4584 deris,
621 4517 733 4573 nisi
768 4534 901 4573 cum
934 4517 1206 4574 habuerit
1235 4520 1388 4574 unde
1420 4520 1626 4576 solvat.

483 4606 569 4659 40.
594 4605 664 4661 Et
689 4607 829 4678 quia
857 4606 1119 4679 plerique
1160 4608 1513 4680 refugientes
1547 4615 1833 4681 praecepta
1881 4612 2052 4685 Legis

409 4692 758 4767 (lli,quzest.
810 4696 863 4749 3.
898 4710 947 4749 c.
1006 4696 1305 4769 Plerique),
1365 4714 1497 4751 cum
1556 4698 1818 4753 dederint
1877 4717 2052 4771 pecu-

410 4782 569 4840 niam
597 4782 1078 4857 negotiatoribus,
1132 4802 1245 4839 non
1279 4784 1336 4839 in
1385 4787 1636 4858 pecunia
1667 4804 1878 4843 usuras
1934 4790 2049 4845 exi-

408 4876 577 4947 gunt,
607 4872 710 4929 sed
742 4872 813 4929 de
844 4872 1135 4929 mercibus
1166 4889 1366 4929 eorum
1411 4878 1693 4946 tanquam
1735 4893 2049 4934 usurarum

407 4961 803 5019 emolumenta
832 4961 1208 5035 percipiunt:
1266 4962 1395 5019 ideo
1453 4963 1696 5019 audiant
1738 4965 1877 5037 quid
1940 4968 2053 5024 Lex

479 5124 591 5194 (59)
621 5123 837 5180 Omnes
868 5124 1005 5180 edit.
1038 5141 1102 5180 ac.
1136 5141 1278 5179 mss.
1305 5124 1439 5191 duo,
1473 5126 1619 5180 velut
1650 5131 1903 5182 mutuum
1941 5146 2053 5185 sus-

407 5197 566 5267 cipis.
603 5195 812 5252 Melius
843 5196 961 5261 alii,
990 5198 1137 5251 velut
1166 5213 1367 5251 munus
1395 5199 1646 5266 suscipis.
1683 5199 1748 5252 Et
1791 5199 1927 5255 hinc
1960 5201 2051 5256 in-

406 5266 785 5338 telligasjam
820 5272 943 5323 tum
978 5268 1369 5338 excogitatam
1395 5268 1573 5322 fuisse
1598 5267 1903 5325 hominum
1928 5289 2054 5328 ava-

410 5336 559 5414 ritiaf
600 5336 1032 5394 distinctionem
1097 5336 1277 5414 illam,
1338 5356 1453 5410 qua
1509 5338 1730 5414 aliquid
1791 5343 2054 5414 accipere

412 5410 618 5477 prmter
647 5413 863 5485 sortem
897 5426 999 5482 per
1028 5411 1267 5485 modum
1301 5409 1492 5485 usura:
1525 5409 1791 5485 illicitum
1825 5409 2050 5485 dicunt,

410 5492 694 5562 Μελχεί-ρ,
717 5480 766 5535 si
799 5479 1048 5562 per—mod
1062 5498 1158 5536 um
1191 5479 1809 5562 munerisaccipiatur.

483 5546 595 5632 (5(7),)
627 5546 1076 5632 Absgrithiatum,
1109 5556 1212 5632 _aut
1240 5557 1304 5632 ut
1332 5551 1471 5609 alibi
1502 5546 2052 5632 scribitur_,_absyn-

412 5616 682 5688 Minoam,
713 5616 916 5676 vinum
944 5626 1030 5680 est
1063 5616 1362 5697 'absyntho
1391 5623 1692 5682 conditum
1727 5641 1739 5684 :
1768 5616 2049 5686 Picenhm

2164 3291 2306 3330 num
2338 3273 2505 3329 cudis
2525 3278 2831 3346 argentum
2868 3279 2963 3328 :et
3007 3275 3242 3344 judicas
3272 3279 3333 3332 te
3388 3277 3626 3342 divitem,
3674 3271 3748 3344 qui

2165 3365 2377 3436 stipem
2421 3362 2674 3453 poscisa
2731 3379 2986 3453 paupere
3017 3364 3043 3417 ?
3082 3365 3191 3420 Sed
3251 3366 3394 3421 audi
3452 3366 3581 3437 quid
3632 3365 3751 3418 dicat

2164 3453 2426 3509 Salvator
2459 3469 2472 3507 :
2508 3476 2533 3501 ‹‹
2568 3451 2665 3506 Vae
2690 3452 2855 3507 vobis
2885 3452 3186 3521 divitibus,
3210 3454 3313 3526 qui
3346 3455 3567 3511 habetis
3590 3468 3752 3510 conso-
3824 3456 3825 3461 “

2165 3543 2439 3598 lationem
2471 3546 2721 3597 vestram
2751 3528 2895 3612 (L‘uc.
2927 3558 3006 3612 v1,
3035 3544 3156 3614 24)!
3198 3566 3224 3591 ››

2778 3630 3009 3687 CAPUT
3065 3632 3178 3686 XV.

2165 3724 2471 3793 Alicm’gam
2501 3739 2533 3777 α
2567 3739 2668 3792 quo
2726 3738 2924 3776 usuras
2981 3723 3107 3778 licet
3158 3725 3403 3792 exigere,
3458 3726 3619 3780 solum
3669 3736 3753 3793 esse

2234 3791 2378 3868 cuni,
2407 3810 2561 3865 quem
2580 3791 2719 3848 licet
2748 3795 3012 3860 occidere,
3038 3796 3273 3868 fratrem
3294 3812 3419 3852 vero
3438 3796 3656 3868 ejusdem
3690 3791 3751 3847 uel
3824 3792 3825 3809 ‘

2235 3867 2361 3933 ﬁdei
2388 3868 2473 3919 vel
2491 3868 2640 3936 juris
2668 3873 2968 3920 consortem
2996 3886 3016 3931 ,-
3045 3867 3349 3937 quamlibet
3374 3867 3588 3924 usuram
3632 3879 3752 3937 pros-

2232 3938 2391 3996 rrz'bz,
2425 3946 2475 3991 et
2502 3939 2567 3990 de
2601 3937 3064 4009 benedictionibm
3091 3938 3208 4007 ejus
3236 3942 3335 4009 qui
3379 3943 3450 3995 ab
3479 3941 3574 3993 illa
3622 3937 3752 4009 absti-

2234 4010 2437 4074 nueril,
2474 4025 2597 4061 cum
2625 4008 3005 4063 exhortatione
3032 4006 3561 4068 ad’miséricordiam
3588 4012 3633 4065 et
3656 4006 3757 4063 veri-

2233 4088 2414 4134 talem.

2231 4169 2321 4223 5t.
2359 4167 2467 4223 Sed
2503 4167 2644 4222 forte
2669 4167 2827 4223 dices
2859 4168 2999 4241 quia
3040 4169 3327 4241 scriptum
3385 4176 3473 4228 est
3506 4190 3519 4226 :
3573 4192 3599 4219 ‹‹
3645 4165 3756 4223 Alie-

2162 4258 2385 4331 nigencc
2419 4256 2728 4312 fmnorabis
2759 4258 2934 4331 (Deut.
2968 4275 3128 4325 xxm,
3159 4260 3251 4329 20)
3284 4278 3299 4329 ;
3337 4283 3366 4310 ››
3400 4267 3457 4317 et
3488 4278 3594 4316 non
3613 4254 3755 4314 consi-

2163 4330 2332 4402 deras
2364 4346 2504 4418 quid
2563 4330 2942 4418 Evangelium
3002 4347 3175 4414 dicat,
3208 4351 3368 4420 quod
3417 4355 3503 4407 est
3551 4345 3751 4422 plenius.

2164 4436 2272 4491 Sed
2305 4435 2412 4491 hoc
2444 4435 2677 4491 interim
2709 4442 3165 4507 scquestremus,
3200 4438 3375 4512 Legis
3402 4440 3580 4512 ipsius
3623 4432 3755 4491 verba

2087 4549 2131 4613 D
2164 4524 2468 4581 considera
2502 4544 2514 4581 :
2551 4549 2575 4573 ‹‹
2614 4526 2797 4581 Fratri
2834 4530 2954 4592 tuo,
2988 4526 3199 4598 inquit,
3235 4546 3351 4584 non
3388 4527 3673 4585 fmnerabis
3701 4520 3751 4575 ad

2165 4632 2430 4685 usuram,
2461 4614 2561 4669 sed
2595 4613 2981 4687 alienigenam
3012 4616 3205 4688 exiges
3252 4618 3420 4688 (Ibid.
3484 4620 3565 4685 19,
3624 4615 3752 4682 20f.»

2160 4702 2299 4767 Quis
2330 4706 2453 4758 erat
2485 4707 2621 4757 tunc
2654 4702 3121 4775 alienigena,nisi
3150 4706 3570 4773 Amaleehmisi
3594 4707 3753 4760 Amor-

2163 4792 2375 4858 rhmus,
2410 4792 2523 4847 nisi
2570 4790 2827 4847 hostes?
2882 4792 2987 4859 Ibi,
3046 4793 3258 4866 inquit,
3320 4812 3560 4852 usuram
3612 4791 3751 4863 exige-

2161 4880 2263 4937 Cui
2299 4881 2504 4935 merito
2536 4896 2740 4936 nocere
2784 4879 3101 4953 desideras,
3136 4884 3231 4938 cui
3277 4885 3417 4955 jure
3476 4883 3753 4940 inferuntur

2162 4986 2344 5039 arma,
2379 4967 2515 5024 huic
2541 4968 2799 5041 legitime
2830 4969 3165 5026 indicantur
3192 4989 3409 5030 usurae.
3445 4975 3615 5039 Quem
3641 4964 3753 5026 bello

2163 5134 2379 5195 autem,
2414 5135 2469 5185 et
2500 5129 2807 5205 Tliriacum
2839 5131 2923 5205 ita
2949 5130 3228 5189 dicuntur
3255 5151 3287 5205 a
3319 5133 3468 5191 locis
3500 5134 3554 5190 in
3584 5128 3754 5205 quibus

2165 5188 2505 5278 nasciintur.
2540 5188 2639 5255 Est
2669 5201 2822 5278 enim
2862 5203 3139 5278 Picenum
3174 5204 3332 5278 regio
3356 5188 3622 5278 quaedam
3672 5200 3753 5255 Ita-

2164 5274 2273 5339 liae,
2302 5274 2488 5346 Tyrus
2516 5289 2648 5346 vero
2684 5276 2822 5346 urbs
2858 5275 2921 5346 in
2947 5277 3106 5331 Asia.
3141 5274 3301 5342 Quod
3344 5274 3540 5333 autem
3595 5284 3754 5346 ρῐξῼνο·

2163 5362 2246 5411 ce,
2278 5345 2517 5419 vulvam,
2578 5344 2842 5419 Latinius
2876 5345 3221 5419 _legendum
3276 5349 3521 5419 conjicit
3570 5343 3754 5417 h'yllam.

2163 5433 2289 5487 qua:
2320 5433 2428 5470 vox
2447 5416 2515 5492 _i_n
2549 5416 2841 5492 ant._edit.
2876 5415 3179 5492 legebatur
3223 5415 3447 5475 frustra
3500 5415 3616 5492 est,
3654 5426 3755 5492 cuin

2162 5482 2365 5543 omnes
2395 5487 2539 5562 edit.
2564 5487 2891 5562 praeferant,
2921 5482 3159 5562 fuluam,
3209 5494 3266 5545 et
3288 5507 3384 5559 ea,
3420 5495 3485 5546 ut
3504 5561 3508 5562 ν
3528 5482 3659 5562 jam,
3686 5482 3753 5539 ἀί·

2161 5563 2321 5618 ctum
2350 5562 2459 5632 est,
2491 5557 2924 5633 ab'aucupibus
2955 5557 3295 5621 deliciarum
3330 5557 3576 5637 quaesita
3601 5557 3683 5615 sit.
