3866 6212
138 440 256 505 817

1484 431 1717 497 LIBER
1758 426 1861 499 DE
1902 430 2161 499 TOBIA.

3401 430 3523 501 818

154 592 256 634 non
287 576 439 648 potes
469 569 636 629 facile
663 570 914 642 vincere,
945 571 1016 629 de
1040 570 1151 629 hoc
1182 569 1293 629 cito
1320 575 1481 643 potes
1514 570 1758 625 centesi-
1793 568 1844 633 Α
1878 589 2018 639 rem,
2053 572 2136 627 vel
2169 571 2243 626 ἱιιί
2278 570 2351 627 sit
2395 569 2591 645 aliqua
2622 569 2810 645 gratia
2841 569 2974 645 (52),
3008 567 3108 629 ubi
3166 567 3328 629 nulla
3385 587 3519 643 spes

153 683 238 723 ma
263 662 544 722 vindicare
574 666 645 720 te.
675 662 761 719 Ah
791 661 900 719 hoc
930 678 1173 720 usuram
1204 662 1386 734 exige,
1422 678 1597 733 quem
1652 679 1764 717 non

156 757 224 814 sit
238 755 459 811 .crimen
485 753 765 810 occidere.
797 752 931 809 Sine
962 753 1112 809 ferro
1129 753 1371 809 dimicat
1402 751 1502 824 qui
1523 766 1765 808 usuram

153 845 403 918 ﬂagitat:
438 843 563 899 sine
601 842 796 916 gladio
850 859 912 899 se
941 842 1012 898 de
1067 842 1235 898 hoste
1281 841 1606 910 ulciscitur,
1666 840 1765 913 qui

149 933 303 991 fuerit
331 933 629 989 usurarius
659 936 891 987 exactor
926 930 1170 987 inimici.
1204 933 1351 1005 Ergo
1409 930 1509 986 ubi
1535 931 1633 1001 jus
1650 928 1768 985 hel-

147 1023 200 1089 li,
228 1023 300 1078 ibi
330 1023 500 1077 etiam
522 1023 624 1093 jus
654 1038 866 1077 usurae.
901 1021 1097 1076 Frater
1127 1025 1321 1075 autem
1379 1023 1518 1075 tuus
1550 1018 1763 1083 omnis,

146 1112 284 1179 ﬁdei,
315 1110 588 1183 primum,
620 1110 829 1166 deinde
861 1109 1106 1165 Romani
1131 1111 1283 1181 juris
1314 1113 1405 1165 est
1462 1107 1714 1180 populus
1748 1124 1760 1162 :

147 1225 171 1251 ‹‹
199 1200 443 1256 Narrabo
470 1216 682 1255 nomen
713 1204 882 1255 tuum
916 1200 1196 1255 fratribus
1254 1198 1420 1265 meis,
1455 1198 1513 1252 in
1573 1197 1764 1252 medio

144 1289 387 1345 Ecclesiae
419 1287 670 1344 laudabo
699 1291 756 1344 te
787 1289 957 1360 (Psal.
992 1306 1105 1349 xxx.
1141 1290 1251 1359 '23).
1289 1312 1315 1336 »

202 1380 285 1433 52.
316 1377 572 1449 Denique
627 1377 802 1433 etiam
865 1377 923 1432 in
985 1376 1234 1433 Levitico
1292 1375 1619 1448 praescribit
1674 1375 1765 1430 lex

145 1483 365 1522 usuram
395 1485 427 1521 a
458 1466 634 1521 fratre
681 1483 797 1521 non
853 1483 981 1522 esse
1036 1468 1409 1538 poscendam.
1460 1465 1553 1520 Sic
1606 1464 1761 1520 enim

141 1552 305 1611 habes
339 1571 350 1610 :
390 1578 408 1603 ι
445 1555 516 1610 Et
553 1554 703 1610 vivet
754 1555 934 1611 frater
988 1559 1127 1610 tuus
1183 1559 1396 1621 tecum,
1456 1555 1761 1626 pecuniam

141 1647 287 1701 tuam
317 1661 430 1698 non
463 1644 635 1700 dabis
667 1643 750 1698 illi
783 1643 840 1698 in
876 1661 1138 1713 usuram,
1172 1648 1227 1698 et
1256 1644 1312 1697 in
1361 1643 1617 1716 amplius
1669 1659 1761 1698 re—

141 1731 451 1805 cipiendum
484 1748 603 1787 non
636 1732 802 1788 dabis
838 1731 918 1787 illi
978 1749 1143 1788 escas
1198 1737 1329 1788 tuas
1388 1734 1575 1805 (Levit.
1631 1749 1760 1797 xxv,

138 1821 238 1892 3'5).
268 1845 294 1871 ν
327 1820 688 1877 Generaliter
727 1821 849 1876 haec
890 1821 1181 1877 sententia
1236 1821 1337 1876 Dei
1365 1838 1538 1877 omne
1586 1820 1762 1877 sortis

1877 661 2186 718 commodi.
2221 663 2288 718 Et
2317 661 2425 719 hoc
2458 662 2785 719 secundum
2815 660 3118 721 avaritiam
3149 665 3401 718 vestram
3433 660 3518 718 lo-

1876 768 2040 824 quon

2478 868 2709 924 CAPUT
2766 869 2911 924 XVI.

1872 976 1957 1031 Ea:
1983 976 2297 1050 evangelica
2324 983 2594 1050 praecepto
2632 975 3011 1050 faenerandum
3038 976 3169 1050 phis,
3224 992 3263 1050 _a
3316 976 3515 1050 quibus

1943 1048 2088 1102 nihil
2117 1044 2448 1116 expectetur,
2480 1044 2590 1102 imo
2621 1044 2791 1102 etiam
2828 1044 3072 1102 inimicis
3103 1062 3116 1101 :
3178 1044 3517 1102 uberrimum

1942 1122 2125 1191 faenus
2174 1120 2329 1174 illius
2380 1135 2515 1183 esse,
2545 1120 2643 1189 qui
2686 1119 2915 1191 Domino
2971 1119 3324 1191 [wneraverit
3352 1136 3371 1172 :
3421 1134 3521 1174 nec

1943 1190 2303 1258 difﬁdendum
2336 1192 2507 1262 ipsius
2546 1190 2864 1261 paupertati
2891 1204 3016 1262 quae
3069 1205 3223 1246 veras
3278 1190 3522 1261 largitur

1944 1262 2185 1318 divitias.

1942 1378 2035 1431 54.
2077 1378 2360 1431 Caeterum
2392 1375 2677 1432 Dominus
2708 1375 2765 1431 in
2799 1374 3111 1448 Evangelio
3143 1375 3358 1433 talibus
3405 1393 3522 1434 ma-

1876 1465 1969 1537 gis
1998 1465 2294 1521 existimat
2322 1466 2796 1533 foenerandum,a
2824 1464 3040 1536 quibus
3071 1464 3381 1522 redhibitio
3405 1474 3518 1522 nan

1873 1559 2163 1627 speretur.
2187 1556 2282 1610 Sic
2313 1555 2470 1610 enim
2502 1554 2584 1610 ait
2615 1572 2627 1610 :
2666 1576 2694 1605 «
2724 1556 2792 1610 Et
2821 1554 2870 1610 si
2917 1557 3193 1610 mutuum
3241 1554 3519 1611 dederitis

1874 1660 1907 1699 a
1937 1644 2152 1717 quibus
2182 1644 2427 1716 speratis
2458 1645 2734 1716 recipere,
2767 1661 2896 1716 quae
2941 1642 3105 1713 vobis
3135 1647 3225 1700 est
3279 1643 3521 1717 gratia?

1872 1733 2018 1789 Nam
2062 1739 2394 1806 peccatores
2456 1733 2862 1806 peccatoribus
2920 1732 3220 1797 fmnerant,
3255 1737 3321 1788 ut
3375 1733 3519 1789 reci-

1870 1822 2034 1895 piant
2066 1841 2079 1891 ;
2112 1827 2514 1879 verumtamen
2544 1826 2734 1879 amate
2763 1822 3034 1879 inimicos
3068 1825 3312 1890 vestros,
3336 1826 3395 1878 et
3421 1823 3516 1878 be-

139 1909 362 1987 exclusit
390 1914 794 1982 augmentum.
832 1909 992 1965 Unde
1022 1915 1078 1965 et
1108 1910 1286 1965 David
1318 1914 1373 1965 et
1390 1910 1761 1966 benedictum
1788 1938 1844 2008 Β
1874 1911 2119 1967 nefacite
2150 1912 2254 1980 eis,
2287 1915 2344 1967 et
2374 1916 2648 1968 mutuum
2707 1912 2841 1967 date
2902 1910 3051 1967 nihil
3106 1915 3429 1983 sperantes,
3461 1915 3519 1967 et

137 1984 505 2064 aestimavit-,et
535 1999 780 2069 dignum
812 1997 1168 2054 habitatione
1198 1999 1437 2064 ccelesti,
1463 1999 1560 2071 qui
1592 2016 1763 2071 pecu-

148 2086 290 2143 niam
320 2103 434 2142 non
467 2086 631 2141 dedit
655 2086 714 2141 in
748 2104 987 2142 usuram
1020 2088 1189 2160 (Psal.
1236 2106 1349 2155 xw,
1380 2090 1456 2156 5).
1515 2088 1571 2141 Si
1628 2104 1765 2160 ergo

139 2177 227 2249 qui
255 2194 366 2233 non
392 2175 575 2244 dedit,
608 2176 949 2233 benedictus
984 2195 997 2244 ;
1031 2178 1157 2233 sine
1185 2178 1363 2233 dubio
1396 2177 1763 2242 maledictus,

137 2265 226 2338 qui
255 2266 323 2321 ad
357 2282 603 2322 usuram
634 2266 814 2321 dedit.
847 2266 963 2321 Cur
990 2283 1126 2339 ergo
1160 2266 1631 2323 maledictionem
1664 2284 1765 2338 po-

144 2355 249 2412 tius
279 2354 465 2422 elipis,
505 2372 685 2426 quam
744 2355 1208 2411 benedictionem
1240 2357 1268 2411 7
1298 2355 1544 2411 Potestis
1597 2355 1767 2410 bene-

98 2442 444 2519 dictiesse,
510 2443 559 2498 si
618 2444 829 2512 velitis,
880 2445 1121 2516 potestis
1168 2445 1317 2516 justi
1375 2460 1523 2499 esse.
1582 2444 1765 2499 Homo

134 2531 275 2589 enim
297 2533 498 2603 justus
529 2532 854 2587 secundum
886 2532 1145 2587 Ezechiel
1177 2534 1388 2603 (Ezech.
1421 2550 1584 2598 xvm,
1606 2534 1661 2597 7,
1686 2534 1765 2600 8),

134 2621 222 2692 qui
253 2620 467 2692 pignus
494 2619 743 2676 debitori
775 2620 994 2688 reddet,
1024 2626 1080 2677 et
1109 2622 1415 2693 pecuniam
1476 2639 1644 2677 suam
1706 2622 1765 2676 in

133 2727 357 2765 usuram
384 2727 504 2767 non
538 2697 722 2775 dabit,
756 2714 813 2763 et
842 2710 1445 2781 superabundanliam
1476 2728 1588 2765 non
1622 2710 1766 2766 acci-

132 2798 259 2873 piet,
283 2800 434 2859 609
467 2803 528 2854 et
558 2799 629 2854 ab
663 2798 955 2868 injustitia
994 2803 1214 2854 avertet
1245 2816 1485 2855 manum
1545 2817 1713 2855 suam
1749 2818 1762 2856 :

132 2887 326 2965 Justus
353 2891 441 2944 est
470 2888 605 2953 iste,
632 2886 843 2958 inquit,
885 2887 1006 2943 vita
1060 2888 1232 2955 vivet,
1284 2888 1427 2944 dicit
1483 2887 1766 2944 Dominus

133 2977 279 3050 (Ibid.
311 2979 388 3049 9).
422 3000 451 3026 ››
487 2975 599 3041 Qui
630 2980 825 3031 autem
856 2976 1072 3049 pignus
1100 2994 1213 3032 non
1265 2977 1539 3041 reddidit,
1599 2981 1655 3032 et
1702 2975 1762 3031 in

130 3065 433 3123 simulacra
465 3064 743 3137 apposuit
767 3065 969 3121 oculos
1000 3082 1160 3131 suos,
1192 3064 1563 3137 iniquitatem
1609 3065 1762 3131 fecit,

131 3168 257 3207 cum
294 3169 475 3208 usura
506 3151 689 3217 dedit,
723 3155 779 3206 et
804 3153 1404 3223 superabundantiam
1423 3153 1765 3226 accepit,bic

129 3240 237 3296 vita
265 3258 378 3297 non
407 3241 581 3295 vivet.
616 3240 831 3295 Omnes
860 3239 1200 3313 iniquitates
1232 3243 1376 3296 istas
1396 3242 1547 3309 fecit,
1577 3246 1764 3298 morte

133 3329 445 3387 morietur:
486 3327 732 3399 sanguis
762 3329 891 3398 ejus
940 3345 1116 3399 super
1181 3329 1374 3399 ipsum
1435 3329 1562 3384 erit.
1618 3328 1766 3384 Vide

132 3419 409 3489 quomodo
442 3418 853 3473 fceneratorem
907 3434 1044 3472 cum
1103 3417 1412 3473 idololatra
1446 3417 1758 3489 copulavit,

132 3506 287 3578 quasi
315 3507 542 3562 crimen
569 3511 841 3577 equaret.
874 3505 1033 3577 Elige
1061 3522 1197 3579 ergo
1230 3507 1385 3578 quod
1429 3506 1599 3563 dulce
1655 3512 1763 3562 est.

191 3597 276 3652 53.
308 3596 423 3651 Cur
453 3610 691 3665 semper
717 3593 936 3661 tristes,
971 3610 1077 3649 cur
1106 3611 1337 3668 semper
1387 3594 1764 3661 amarissimi,

132 3700 226 3739 cur
252 3700 484 3756 semper
515 3680 751 3738 solliciti
781 3681 809 3737 ‘I
838 3682 1118 3737 Procedat
1172 3681 1488 3754 aliquando
1519 3701 1554 3738 a
1602 3684 1768 3738 vobis

134 3771 547 3838 misericordia,
582 3770 857 3841 procedat
884 3770 1101 3826 veritas
1135 3788 1147 3826 :
1183 3770 1474 3843 obligetur
1526 3772 1766 3827 menda-

132 3860 298 3930 cium,
331 3861 495 3921 fraus
522 3859 656 3915 odio
688 3857 783 3915 sit.
817 3858 1108 3915 Docuistis
1166 3861 1489 3931 perjurium
1525 3878 1537 3915 :
1591 3860 1766 3916 foene—

134 3949 404 4005 ratorium
437 3951 877 4005 sacramentum
908 3946 1140 4013 dicitur,
1173 3948 1269 4002 ubi
1306 3952 1545 4020 paratur
1582 3949 1773 4021 perju-

135 4037 300 4094 rium.
336 4035 601 4093 Parastis
631 4035 964 4107 frequenter
992 4036 1103 4107 (51)
1135 4052 1268 4091 cum
1323 4036 1550 4092 reddita
1598 4037 1772 4093 fuerit

131 4127 388 4198 pecunia,
420 4125 582 4198 quod
615 4123 949 4197 syngrapha
976 4141 1092 4179 non
1124 4128 1400 4197 appareat
1433 4143 1445 4180 :
1496 4126 1772 4198 pejeratis

130 4219 319 4287 postea
350 4215 510 4288 quod
546 4230 658 4269 non
692 4212 1025 4286 receperitis
1055 4214 1387 4284 pecuniam.
1419 4213 1606 4269 Nolite
1635 4230 1770 4285 ergo

130 4319 348 4376 semper
380 4302 585 4360 miseri
613 4319 760 4369 esse,
793 4318 1025 4374 semper
1053 4302 1230 4369 avari,
1265 4318 1498 4373 semper
1555 4303 1767 4358 Incesti.

129 4390 340 4449 Leones
372 4396 537 4461 sunt,
572 4397 626 4445 et
649 4390 936 4445 feritatem
960 4407 1127 4445 suam
1150 4394 1381 4445 mutant
1406 4407 1417 4444 :
1445 4414 1471 4440 «
1505 4391 1584 4446 De
1606 4408 1771 4446 man-

129 4480 389 4546 ducante,
422 4478 639 4551 inquit,
672 4477 842 4534 exivit
875 4495 1027 4543 esca,
1059 4484 1115 4531 et
1173 4479 1243 4532 de
1312 4479 1445 4533 forti
1504 4484 1562 4535 et
1618 4479 1767 4535 tristi

129 4567 289 4624 exivit
318 4567 491 4623 dulce
520 4567 725 4636 (ludio.
759 4584 873 4634 xw,
902 4567 988 4636 14)
1027 4584 1038 4629 ς
1072 4589 1098 4615 ››
1133 4565 1383 4633 ϐρίθους,
1411 4589 1439 4617 ι(
1470 4572 1526 4623 et
1556 4567 1705 4623 tristi
1744 4590 1769 4616 ››

1875 2001 1985 2056 erit
2013 2016 2237 2057 merces
2266 2005 2459 2057 vestra
2488 1999 2673 2057 multa
2703 2002 2762 2055 in
2795 1999 2960 2071 cmlo,
2991 2004 3050 2056 et
3101 2000 3267 2057 eritis
3290 1998 3395 2056 ﬁlii
3425 2001 3517 2057 Al-

1875 2088 2117 2153 tissimi,
2149 2089 2288 2160 quia
2316 2089 2442 2162 ipse
2470 2090 2762 2161 benignus
2793 2106 2971 2161 super
2999 2089 3262 2161 ingratos
3289 2093 3349 2145 et
3389 2090 3517 2145 ma-

1874 2177 1979 2234 los.
2015 2179 2211 2235 Estote
2240 2179 2670 2245 misericordes,
2701 2178 2857 2234 sicut
2886 2182 2943 2234 et
2972 2178 3140 2234 Pater
3164 2180 3357 2234 Vester
3400 2178 3517 2234 mi-

1876 2268 2124 2323 sericors
2152 2272 2241 2323 est
2296 2267 2445 2339 (Luc.
2483 2310 2496 2334 ,
2554 2285 2634 2332 vr,
2681 2267 2896 2339 34-36).
2932 2287 2960 2316 ››
3011 2266 3330 2323 Advertitis
3360 2267 3517 2338 quod

1874 2372 2088 2411 nomen
2120 2373 2155 2410 a
2184 2355 2431 2411 Domino
2478 2355 2791 2412 faenerator
2845 2355 3150 2427 acceperit,
3210 2356 3365 2427 quod
3421 2372 3517 2413 no-

1875 2460 2009 2499 men
2070 2443 2244 2499 etiam
2303 2443 2402 2515 qui
2462 2444 2666 2499 faenori
2721 2448 2913 2500 vestro
2970 2444 3146 2499 fuerit
3201 2443 3513 2517 obligatus.

1877 2556 1903 2582 ‹‹
1938 2533 2295 2599 Peccatores,
2327 2531 2541 2603 inquit,
2574 2531 2975 2604 peccatoribus
3009 2532 3313 2602 fcenerant,
3345 2526 3411 2588 ut
3436 2550 3507 2589 re-

1874 2621 2133 2693 cipiant:
2169 2644 2197 2670 ››
2229 2625 2475 2692 uterque
2505 2624 2791 2692 peccator,
2821 2625 2878 2677 et
2901 2621 3230 2689 faenerator,
3261 2625 3318 2678 et
3361 2622 3518 2678 debi-

1873 2713 1981 2765 tor.
2016 2711 2132 2766 Vos
2160 2716 2378 2775 autem,
2413 2709 2632 2782 “inquit,
2694 2714 2886 2766 amate
2943 2709 3214 2765 inimicos
3270 2714 3514 2767 vestros.

1874 2799 2000 2854 Non
2038 2799 2370 2855 discutiatis
2401 2800 2541 2870 quid
2574 2802 2912 2855 mereantur
2938 2798 3181 2868 inimici,
3217 2788 3317 2873 sed
3374 2796 3516 2872 quid

1873 2904 1976 2943 vos
2005 2887 2191 2943 facere
2220 2891 2500 2959 oporteat.
2544 2887 2684 2943 Date
2750 2891 3022 2942 mutuum
3078 2884 3153 2942 iis
3212 2904 3246 2942 a
3301 2887 3518 2969 quibus

1875 2994 1992 3032 non
2022 2977 2272 3048 speratis
2298 2991 2421 3040 vos,
2456 2977 2611 3048 quod
2650 2977 2853 3033 datum
2908 2974 3102 3043 fuerit,
3161 2964 3516 3049 recepturos.

1873 3062 2112 3120 Nullum
2144 3065 2239 3121 hic
2269 3065 2550 3120 damnum
2582 3069 2689 3131 est,
2725 3065 2824 3119 sed
2859 3058 3301 3141 compendium.
3343 3060 3520 3120 Mini—

1875 3170 2038 3208 mum
2065 3154 2241 3219 datis,
2274 3152 2524 3207 multum
2557 3151 2848 3224 recipietis
2880 3168 2893 3206 :
2928 3153 2985 3205 in
3022 3148 3174 3207 terra
3226 3152 3401 3221 datis,
3453 3148 3521 3221 'et

1876 3242 1933 3296 id
1965 3242 2127 3297 vobis
2158 3241 2414 3297 solvetur
2444 3240 2501 3295 in
2534 3240 2676 3295 coelo
2711 3256 2723 3294 :
2757 3240 2946 3294 fmnus
2980 3232 3273 3306 emittitis,
3305 3256 3518 3305 merce-

1878 3329 2007 3384 dem
2032 3346 2306 3402 magnam
2348 3328 2639 3384 habebitis
2673 3346 2685 3383 :
2746 3328 3118 3384 faeneratores
3161 3321 3330 3385 610
3388 3316 3520 3384 esse

1877 3419 2162 3484 desinitis,
2198 3417 2300 3473 filii
2333 3417 2494 3474 eritis
2515 3417 2801 3474 Altissimi
2835 3435 2847 3473 :
2891 3415 3052 3474 eritis
3110 3402 3518 3476 misericordes

1876 3507 1976 3579 qui
2005 3524 2108 3563 vos
2138 3506 2326 3563 Patris
2354 3507 2552 3562 aeterni
2585 3507 2842 3579 probetis
2872 3507 3150 3563 hmredes.
3300 3498 3303 3513 Γ
3414 3502 3417 3503 ⁷
3456 3496 3464 3517 ⁸

1945 3598 2035 3652 55.
2064 3596 2172 3652 Sed
2204 3596 2619 3651 faeneratorum
2649 3612 2751 3651 vos
2781 3594 3034 3652 delectat
3088 3599 3146 3651 et
3200 3610 3515 3659 usurarum

1876 3683 2247 3741 vocabulum.
2285 3685 2347 3740 Id
2375 3700 2608 3756 quoque
2638 3700 2753 3739 non
2785 3674 3033 3741 invideo.
3089 3676 3314 3741 Docebo
3336 3671 3345 3679 ’
3369 3672 3519 3758 quo-

1878 3775 2051 3828 modo
2105 3773 2241 3829 boni
2290 3773 2666 3829 faeneratores
2722 3790 2851 3829 esse
2906 3772 3167 3845 possitis,
3227 3766 3520 3848 quomodo

1878 3862 2062 3918 bonas
2092 3861 2362 3934 quaeretis
2393 3878 2624 3941 usuras.
2656 3860 2803 3917 Dicit
2840 3861 3115 3918 Salomon
3149 3877 3163 3916 :
3199 3882 3226 3911 «
3259 3852 3524 3941 Fmpnerat

1879 3951 2124 4006 Domino
2155 3950 2256 4022 qui
2287 3940 2599 4006 miseretur
2629 3949 2869 4022 pauperi
2903 3965 2916 4004 :
2958 3949 3284 4023 secundum
3315 3936 3520 4023 dia-tum

1880 4042 2075 4094 autem
2107 4039 2235 4108 ejus
2263 4036 2544 4092 retribuet
2569 4037 2619 4092 ei
2651 4038 2831 4108 (Prov.
2863 4054 2979 4103 xxx,
3013 4034 3122 4108 17).
3159 4056 3187 4085 ››
3218 4024 3363 4091 Ecce
3412 4022 3521 4117 bo-

1880 4143 2023 4182 num
2056 4126 2242 4180 foenus
2275 4126 2345 4180 de
2376 4124 2528 4179 malo
2558 4124 2777 4180 factum
2810 4127 2899 4179 est
2931 4140 2943 4178 :
2976 4140 3108 4179 ecce
3163 4122 3523 4195 irrepreh'en-

1880 4213 2071 4270 sibilis
2102 4214 2457 4268 faenerator:
2518 4228 2649 4267 ecce
2705 4228 2887 4267 usura
2942 4196 3280 4268 laudabilis.
3335 4209 3524 4267 Nolite

1879 4319 2016 4376 ergo
2042 4303 2162 4372 jam
2191 4300 2541 4357 invidentem
2601 4317 2695 4355 me
2740 4299 2949 4356 vestris
3001 4288 3339 4356 commodis,
3379 4300 3527 4357 esti-

1882 4408 2061 4447 mare.
2091 4389 2315 4446 Putatis
2342 4389 2499 4461 quod
2532 4387 2828 4444 hominem
2856 4387 3198 4445 subtraham
3230 4378 3394 4445 vobis
3425 4387 3523 4444 de-

1880 4482 2128 4538 bitorem
2158 4480 2186 4534 ‘I
2214 4479 2396 4534 Deum
2430 4477 2726 4549 provideo,
2770 4468 3069 4533 Christum
3127 4472 3402 4551 subrogo,
3460 4476 3528 4534 il-

1882 4569 2004 4625 lum
2036 4570 2374 4624 demonstro
2407 4566 2507 4637 qui
2537 4583 2638 4621 vos
2674 4566 2943 4623 fraudare
2973 4583 3089 4623 non
3147 4565 3352 4639 possit.
3404 4564 3525 4622 Fce-

130 4654 298 4711 habet
332 4674 346 4724 ;
382 4657 470 4711 sic
508 4655 862 4711 invenimus.
893 4655 1113 4710 Tamen
1147 4655 1217 4710 de
1247 4654 1378 4709 forti
1407 4655 1515 4711 hoc
1560 4656 1771 4711 intelli-
1802 4663 1850 4730 D
1884 4662 2080 4714 nerate
2112 4673 2247 4729 ergo
2276 4655 2524 4711 Domino
2559 4653 2863 4726 pecuniam
2920 4660 3170 4711 vestram
3228 4655 3288 4712 in
3347 4647 3527 4711 manu

129 4744 278 4816 gitur
309 4763 323 4813 ;
351 4746 496 4818 quia
526 4744 616 4799 leo
656 4744 831 4800 ‘fortis
863 4748 951 4799 est
1008 4744 1233 4798 feritate
1268 4761 1279 4798 :
1341 4749 1398 4798 et
1437 4746 1537 4816 qui
1595 4745 1773 4811 ferus,

128 4834 327 4890 tristis.
360 4835 432 4889 Et
458 4834 533 4888 de
563 4832 727 4888 vobis
758 4833 858 4904 qui
893 4833 1200 4905 pecuniam
1231 4837 1288 4888 et
1317 4833 1615 4888 avaritiam
1677 4834 1775 4889 de-

129 4922 357 4989 voratis,
408 4925 577 4977 exeat
634 4920 1086 4988 misericordia;
1147 4919 1267 4974 haec
1299 4920 1450 4974 enim
1510 4938 1643 4975 esca
1693 4928 1781 4977 est

130 5026 442 5082 egenorum
483 5027 503 5079 ε,
532 5014 587 5064 et
617 5010 688 5065 de
720 5009 872 5065 tristi
905 5013 1069 5064 exeat
1125 5008 1312 5075 dulce,
1351 5013 1413 5063 ut
1469 5009 1779 5065 dimittatis

129 5097 176 5151 ei
199 5099 295 5169 qui
321 5116 438 5154 non
462 5098 640 5153 habet
659 5097 811 5152 unde
836 5096 1133 5152 dissolvat.
1157 5096 1260 5160 Qui
1291 5096 1525 5152 trahitis
1548 5101 1782 5168 peccata

130 5193 191 5241 ut
212 5187 354 5243 fune
384 5185 565 5257 longe
596 5190 651 5242 et
674 5185 805 5257 jugi
838 5185 960 5240 loro
985 5185 1178 5240 vitula:
1206 5185 1233 5239 ‘I
1264 5185 1425 5251 Quod
1462 5186 1524 5239 tit
1554 5186 1776 5256 utique,

131 5291 260 5331 cum
291 5277 489 5332 foenus
522 5273 867 5345 producitis.
902 5274 1137 5331 Tenetis
1182 5291 1498 5347 pauperem
1558 5275 1778 5330 debito-

195 5454 309 5547 (m5l)
342 5451 682 5547 Erpurﬁil‘l.‘
704 5468 771 5547 ac
810 5452 1399 5547 Rommabivpa‘ralur
1429 5454 1779 5547 Lperjurium,

128 5523 809 5597 Perjurastz'sfrequenter
840 5544 859 5590 ;
909 5523 1098 5579 Codex
1120 5523 1271 5579 Vict.
1384 5523 1479 5580 ubi
1527 5523 1780 5597 perjura-

127 5594 233 5667 (uir.
257 5596 582 5667 Periurium
596 5594 835 5666 parastis
864 5598 1196 5667 frequenter,
1244 5594 1384 5667 Alii,
1419 5594 1594 5667 atque
1620 5594 1780 5653 'Am.

1883 4746 2180 4820 pauperis.
2218 4742 2315 4800 Ille
2346 4743 2700 4815 astringitur
2730 4747 2786 4799 et
2844 4748 3074 4799 tenetur
3107 4761 3119 4799 :
3178 4743 3273 4799 ille
3330 4743 3531 4799 Scribit

1883 4834 2167 4907 quidquid
2196 4850 2415 4905 egenus
2445 4831 2731 4903 acceperit
2766 4849 2778 4886 :
2811 4831 3187 4903 Evangelium
3238 4826 3367 4902 ejus
3389 4846 3526 4889 cau-

1852 4912 1853 4915 i
1884 4906 1964 4978 tio
1997 4906 2083 4977 est
2119 4939 2132 4976 :
2166 4921 2260 4976 ille
2292 4919 2579 4991 promittit
2625 4936 2727 4990 pro
2785 4919 3059 4974 omnibus
3108 4906 3529 4991 indigentibus,

1885 5010 1982 5065 ille
2016 5009 2157 5064 dicit
2187 5009 2361 5062 ﬁdem
2396 5025 2409 5074 ;
2446 5008 2587 5078 quid
2620 5005 2909 5060 dubitatis
2931 5004 3077 5060 dare
3103 5002 3132 5058 ?
3175 5004 3235 5060 Si
3267 5003 3400 5076 quis
3424 5023 3527 5083 vvo-

1885 5098 1975 5153 bis
2008 5098 2167 5153 dives
2195 5096 2372 5165 hujus
2403 5093 2600 5150 saeculi
2626 5086 2921 5158 offeratur,
2955 5092 3056 5163 qui
3086 5091 3199 5148 ﬂde
3227 5093 3532 5164 promittat

1888 5203 1996 5242 sua
2025 5182 2139 5256 pro‘
2166 5181 2361 5254 aliquo
2414 5179 2692 5248 debitore,
2726 5178 2926 5235 statim
2975 5176 3297 5255 numeratis
3355 5176 3532 5252 pecu-

1891 5276 2048 5331 niam
2082 5290 2095 5328 :
2134 5288 2353 5344 pauper
2385 5273 2473 5325 est
2500 5269 2664 5324 vobis
2695 5267 2980 5325 Dominus
3009 5267 3158 5337 caeli,
3190 5266 3248 5325 et
3267 5264 3533 5327 conditor

1963 5453 2074 5525 (52)
2106 5449 2517 5526 Edit._qmnes,_
2545 5445 2749 5526 etduo
2781 5462 2952 5526 mss,
2980 5446 3127 5526 velut
3303 5449 3378 5526 sit
3423 5449 3530 5504 ali-

1926 5516 1997 5580 ua
2023 5516 2220 5595 9mm.
2253 5518 2363 5574 Alii
2396 5516 2748 5589 probatioris
2780 5521 2949 5583 notae,
3010 5518 3091 5573 vel
3143 5518 3224 5573 ibi
3278 5521 3371 5586 sit,
3420 5526 3529 5578 et'c.

1892 5544 2000 5653 {lbi
2023 5596 2103 5650 vel
2129 5593 2281 5648 idem
2316 5593 2484 5647 sonat
2514 5605 2577 5644 ac
2607 5588 2819 5653 saltem,
2850 5604 2966 5653 quo
2999 5604 3175 5643 sensu
3202 5589 3275 5645 ab
3333 5595 3529 5647 aucto-

1944 5596 2000 5651 bi
2023 5588 2103 5650 vel
2129 5593 2281 5648 idem
2316 5588 2484 5647 sonat
2514 5605 2577 5644 ac
2607 5588 2819 5665 saltem,
2850 5604 2966 5660 quo
2999 5604 3175 5643 sensu
3202 5589 3275 5645 ab
3317 5595 3531 5665 (aucto-

127 5666 264 5722 edit.
294 5662 630 5740 nobiscum,
666 5666 764 5722 ubi
797 5662 1297 5739 subintelligenda
1324 5683 1454 5734 vox,
1474 5662 1785 5740 perjurium
1894 5667 2057 5723 ribus
2085 5682 2201 5721 non
2234 5680 2362 5721 raro
2392 5662 2731 5733 usurpatur.

129 5741 256 5810 post
279 5738 555 5803 verbum,
581 5740 842 5807 parastis.
