3866 6212
380 418 533 488 ⁵819

417 564 623 622 mundi
654 564 837 640 hujus
875 582 891 631 ς
923 570 981 624 et
1026 566 1216 624 adhuc
1262 566 1599 624 deliberatis
1653 584 1825 638 quem

416 672 537 709 rem
571 658 849 726 quaeratis
880 658 1304 728 fidejnssorem.

486 748 577 799 56.
608 749 717 801 Sed
750 747 1032 817 allegatis,
1062 750 1198 818 quia
1240 765 1460 819 panper
1517 760 1605 802 est
1656 748 1867 812 tactus,
1922 763 2055 800 cum

418 835 575 889 dives
608 841 782 889 esset.
815 835 1059 891 Vidistis
1088 853 1225 909 ergo
1247 840 1381 907 quia
1418 838 1561 891 fides
1593 840 1721 907 ejus
1756 836 1916 890 dives
1946 842 2057 900 est,

414 923 559 978 ﬁdes
586 924 714 993 ejus
744 923 953 979 idonea
983 930 1071 980 est
1103 942 1116 979 :
1152 942 1373 998 pauper
1402 933 1489 980 est
1524 926 1732 994 factus,
1764 942 1897 978 cum
1958 942 2059 995 pro

413 1014 587 1068 nobis
618 1013 889 1081 solveret,
922 1020 978 1069 et
1010 1015 1201 1069 adhuc
1232 1020 1549 1085 paupertas
1590 1015 1717 1086 ipsa
1748 1032 1862 1069 non
1907 1013 2057 1068 deci-

412 1102 547 1173 pit;
579 1103 737 1157 enim
768 1103 973 1157 divites
1007 1104 1160 1171 Iecit,
1194 1120 1343 1174 quos
1402 1121 1685 1174 pauperes
1741 1104 2058 1174 putabatis.

415 1189 569 1244 Dicit
598 1191 757 1244 enim
802 1190 1163 1261 Apostolus:
1209 1215 1235 1235 ι‹
1272 1192 1496 1263 Pauper
1550 1195 1735 1245 factus
1787 1196 1876 1246 est
1926 1207 2061 1245 cum

418 1277 580 1333 dives
608 1283 783 1343 esset,
820 1284 881 1332 ut
911 1279 967 1331 in
1004 1280 1159 1333 illius
1211 1278 1406 1351 inopia
1438 1298 1539 1334 vos
1598 1279 1933 1335 ditaremini
1994 1281 2062 1347 (II

418 1367 541 1423 Cor.
576 1383 693 1428 vm,
720 1368 755 1420 9
785 1410 799 1422 .
831 1392 858 1415 η
893 1368 1051 1422 Bona
1082 1368 1295 1440 impia,
1344 1386 1473 1440 qua:
1506 1369 1754 1441 largitur
1803 1370 2057 1423 divitias.

417 1455 608 1511 Nolite
637 1472 773 1527 ergo
802 1472 904 1509 vos
958 1463 1355 1527 paupertatem
1391 1458 1613 1521 timere,
1650 1464 1713 1511 ut
1744 1458 1873 1512 sitis
1911 1456 2064 1511 divi-

416 1549 527 1600 tes.
565 1545 701 1599 Date
731 1545 977 1599 otiosam
1013 1547 1341 1616 pecuniam,
1373 1552 1433 1600 et
1464 1546 1758 1617 recipietis
1807 1547 2061 1600 fructuo—

416 1647 544 1689 sam
574 1634 849 1704 gratiam,
881 1638 937 1688 et
970 1650 1291 1705 pauperum
1324 1634 1682 1690 subvenietis
1712 1635 2067 1689 necessitati-

416 1721 551 1783 bus,
583 1728 639 1776 et
668 1723 832 1777 vobis
863 1724 1141 1777 custodiae
1172 1723 1505 1779 sollicitudo
1560 1725 1877 1779 minuetur.
1938 1724 2062 1777 Non

416 1811 633 1882 peribit
660 1812 815 1881 quod
849 1828 1071 1883 panper
1097 1812 1383 1883 acceperit
1412 1817 1490 1868 :et
1516 1815 1679 1867 vobis
1710 1816 1866 1884 quod
1897 1814 2065 1867 dede-

419 1899 548 1954 ritis
580 1900 757 1971 inopi,
792 1901 919 1955 sine
950 1902 1191 1956 cuswde
1223 1903 1569 1957 servabitur.
1603 1902 1765 1965 Quod
1801 1903 1849 1956 si
1882 1902 2064 1955 incre-
2090 1935 2139 2000 Β

418 1993 681 2044 mentum
715 2006 1029 2044 usurarum
1076 1991 1357 2062 quazritis,
1389 1991 1449 2044 in
1510 1992 1657 2062 Lege
1715 1991 2059 2057 benedictio,

418 2077 481 2132 in
504 2077 813 2149 Evangelia
843 2078 1098 2133 caelestis
1154 2084 1243 2133 est
1299 2095 1571 2133 merces:
1631 2080 1772 2151 quid
1824 2080 2064 2134 suavius

419 2166 825 2222 benedictione
856 2186 870 2233 ;
906 2167 1042 2238 quid
1092 2167 1288 2237 majus
1317 2175 1405 2221 est
1435 2166 1581 2221 cmlo
1607 2168 1636 2221 ?
1686 2167 1744 2221 Si
1790 2184 2061 2223 escarum

418 2254 788 2309 desideratur
818 2272 1021 2319 usura,
1047 2272 1115 2309 ea
1147 2271 1381 2326 quoque
1414 2261 1623 2327 priesto
1649 2262 1757 2321 est,
1789 2257 1944 2311 sicut
1987 2256 2063 2310 le-

416 2342 617 2415 gimus
649 2361 662 2398 :
697 2368 723 2391 η
761 2344 813 2398 Is
854 2344 1009 2398 enim
1056 2345 1157 2416 qui
1214 2345 1529 2401 miseretur
1584 2345 1879 2418 pauperis,
1940 2345 2065 2417 ipse

419 2434 694 2504 pascetur
722 2434 905 2501 (Prov.
940 2450 1077 2499 xxn,
1110 2436 1185 2503 9).
1225 2458 1251 2481 ι»

1015 2522 1245 2577 CAPUT
1298 2522 1464 2578 XVII.

417 2608 739 2666 Occurritur
754 2612 1065 2682 objediom',
1097 2629 1203 2683 qua
1232 2614 1491 2667 nonnulli
1517 2617 1713 2682 negant
1740 2615 2070 2682 generaliter

485 2684 821 2755 prohibitum
850 2700 919 2747 ne
942 2686 1144 2754 pignus
1173 2686 1500 2751 retineatur,
1531 2685 1621 2739 sed
1650 2684 1720 2740 ad
1762 2700 2067 2755 pauperum

484 2756 720 2825 pignora
755 2753 927 2825 legem
945 2753 1321 2823 restringunt.

488 2842 580 2895 37.
607 2841 849 2897 Reddite
888 2859 1025 2913 ergo
1057 2844 1301 2915 pignora
1329 2860 1457 2914 qua:
1488 2845 1723 2913 tenetis,
1782 2844 2064 2915 quoniam

408 2928 831 2998 ,ﬁdejussorem
864 2930 1138 2986 idoneum
1172 2933 1490 3003 reperietis.
1553 2934 1660 2987 Sed
1720 2933 2063 2988 obmurmu-

382 3006 387 3011 ’
416 3020 557 3075 rant
572 3016 764 3073 adhuc
785 3018 1063 3084 dicentes,
1085 3019 1225 3091 quia
1244 3020 1377 3075 licet
1398 3025 1593 3077 tenere
1618 3021 1881 3093 pignora,
1899 3026 1955 3075 et
2002 3037 2066 3075 se

423 3104 573 3179 Lege
592 3106 935 3163 defendunt.
965 3108 1147 3164 Aiunt
1167 3109 1326 3163 enim
1354 3128 1367 3164 :
1392 3111 1686 3181 Scriptum
1707 3109 1875 3164 estin
1915 3109 2062 3165 Deu-

419 3196 783 3252 teronomio:
814 3220 839 3245 ‹‹
872 3197 930 3251 Si
964 3198 1139 3253 fuerit
1167 3197 1268 3252 tibi
1302 3198 1563 3254 debitum
1597 3215 1631 3252 a
1673 3198 1935 3270 proximo
1964 3203 2063 3253 tuo

1872 428 1939 494 8.
1984 424 2356 494 AMBROSII

1886 567 2053 620 .ilzio-
2085 567 2135 631 Α
2168 566 2547 639 scriptionem
2579 583 2759 640 quam
2793 567 2975 625 habui
3022 567 3303 625 adversus
3350 566 3579 641 aliquem
3607 571 3730 642 jun-

3638 436 3733 502 ’890

2171 663 2366 708 mento
2398 668 2759 725 conceptam,
2795 659 3110 730 imponens
3140 672 3405 712 coronam
3434 657 3671 731 legebam,
3692 670 3733 717 rt

2170 745 2217 798 si
2254 762 2366 799 non
2399 747 2677 801 SCIUdCﬂS
2704 764 2833 801 eam
2866 746 3119 811 reddidi,
3152 746 3299 800 nihil
3329 747 3589 819 accipiens
3612 767 3641 804 ι
3661 751 3734 806 de-

2171 834 2354 888 bitore
2386 836 2524 895 (Job.
2559 850 2713 899 nm,
2746 838 2836 904 2:5,
2868 839 2978 888 27:.
3017 860 3043 883 η
3075 838 3218 890 Cum
3256 835 3516 890 Dominus
3540 836 3657 892 nihil
3681 839 3732 893 ab

2168 922 2243 976 iis
2272 924 2489 993 quibus
2539 928 2813 978 mutuum
2869 924 3229 990 dederimus,
3269 923 3594 995 sperandum
3637 942 3733 982 esse

2170 1013 2467 1083 praecipiat
2496 1014 2649 1079 (Luc.
2682 1030 2757 1075 vi,
2779 1014 2851 1066 35
2879 1057 2895 1076 ,
2948 1014 3103 1083 quod
3162 1012 3409 1084 recipere
3462 1013 3737 1082 debeamus,

2170 1102 2461 1171 quomodo
2481 1103 2691 1172 pignus
2722 1102 3043 1155 secundum
3069 1102 3276 1174 Legem
3304 1105 3499 1173 putant
3515 1118 3623 1158 esse
3636 1104 3735 1157 reti-

2170 1190 2433 1244 nendum
2464 1190 2490 1243 ‘2

2739 1278 2970 1333 CAPUT
3026 1278 3222 1334 XVIII.

2175 1366 2235 1422 Ut
2265 1366 2642 1431 obiicimtibus
2674 1384 2772 1421 nos
2800 1370 2995 1422 dim’na
3027 1368 3143 1437 lege
3168 1367 3239 1421 ad
3266 1367 3615 1437 firmandam
3638 1370 3742 1424 inci-

2241 1444 2351 1491 tari
2381 1444 2477 1505 fiat
2509 1442 2660 1504 satis,
2692 1441 2998 1508 inquiritur
3024 1439 3158 1509 quid
3174 1449 3382 1509 justus,
3406 1457 3453 1495 υ.
3499 1457 3547 1505 g.
3594 1441 3741 1494 Pctus

2240 1513 2442 1578 [rrnori
2472 1510 2604 1563 dare
2635 1511 2804 1562 micat
2838 1526 2858 1567 ,'
2888 1511 3295 1583 ostcn‘lzlui'ilue
3325 1528 3440 1566 suos
3470 1510 3554 1565 illi
3584 1526 3741 1565 sernw.

2245 1597 2340 1633 ne:
2366 1597 2501 1645 esse,
2535 1597 2664 1650 quos
2693 1583 2944 1650 frenaret.

2243 1688 2332 1742 59.
2366 1688 2435 1741 At
2468 1704 2537 1740 ne
2570 1688 2691 1759 pari
2722 1688 3133 1743 recrudesmnt
3168 1688 3341 1742 modo
3374 1690 3496 1759 (fit),
3523 1692 3568 1743 et
3596 1687 3745 1743 dicant
3816 1692 3817 1727 ι

2173 1774 2346 1830 etiam
2382 1791 2443 1828 se
2474 1776 2542 1827 ad
2588 1776 2989 1831 {mnerandum
3048 1776 3276 1831 incitari
3305 1776 3471 1849 Legis
3522 1775 3743 1833 oraculo:
3816 1766 3817 1779 “

2174 1864 2313 1935 quia
2344 1864 2627 1937 scriptum
2658 1870 2749 1919 est
2781 1883 2795 1919 :
2828 1890 2854 1915 «ι
2891 1865 3220 1921 Foznerabis
3251 1864 3516 1939 gentibus
3574 1864 3745 1933 multis,

2168 1957 2230 2006 tu
2254 1957 2449 2007 autem
2482 1970 2600 2008 non
2632 1954 2997 2009 mutuaberis
3054 1956 3237 2021 (Deut.
3297 1972 3490 2020 xxviii,
3546 1954 3619 2023 l2)
3671 1971 3681 2016 ;
3727 1976 3745 1997 κ

2176 2047 2408 2113 tempus
2438 2047 2527 2096 est
2559 2041 2788 2114 plenius
2820 2049 2874 2098 et
2905 2044 3238 2115 expressius
3278 2044 3562 2116 disputare
3608 2046 3653 2098 et
3674 2041 3747 2096 do-
3816 2052 3817 2111 )

2174 2146 2301 2185 cere
2334 2131 2471 2201 quid
2510 2131 2934 2197 frenerandum,
2994 2136 3051 2185 et
3107 2131 3324 2204 quibus
3372 2132 3529 2205 Legi:
3579 2135 3749 2187 statuta

2176 2219 2594 2291 prmscribant;
2630 2221 2901 2292 przecedit
2931 2221 3087 2275 enim
3123 2220 3361 2276 fmnoris
3381 2237 3546 2275 causa
3593 2220 3746 2293 pign0~
3816 2222 3817 2237 ‘

2177 2307 2255 2361 ris
2287 2324 2547 2361 causam.
2584 2331 2611 2357 ‹‹
2645 2307 3028 2374 Mutuabitur,
3060 2310 3277 2380 inquit,
3311 2313 3580 2381 peccator,
3606 2312 3747 2363 etnon

2175 2395 2357 2450 solvet
2389 2414 2402 2450 :
2423 2397 2627 2469 justus
2657 2402 2850 2453 autem
2874 2396 3203 2465 miseretur,
3262 2404 3323 2452 et
3370 2398 3570 2454 tribuet
3616 2394 3747 2467 (Psal.
3816 2442 3817 2477 ι

2174 2502 2360 2549 xxxvi,
2392 2485 2502 2555 21).
2540 2509 2565 2533 ››
2599 2486 2808 2555 Audis,
2836 2487 3085 2551 debitor,
3117 2486 3257 2558 quid
3287 2486 3495 2543 debeas
3521 2483 3749 2541 derinare:
3816 2480 3817 2495 ‘

2177 2574 2373 2638 audis,
2422 2574 2692 2641 creditor,
2727 2575 2865 2646 quid
2924 2574 3139 2630 debeas
3196 2574 3439 2630 imitari.
3494 2575 3555 2629 Et
3602 2572 3749 2627 intra:
3816 2616 3817 2621 η

2178 2648 2203 2707 ί(
2235 2661 2473 2716 Juvenis
2504 2662 2605 2729 fui,
2639 2668 2695 2717 et
2724 2662 2909 2730 senui,
2942 2667 2999 2717 et
3031 2679 3145 2718 non
3176 2663 3290 2717 vidi
3320 2665 3543 2736 justum
3568 2658 3751 2716 derelic-
3816 2674 3817 2697 ξ

2174 2754 2323 2817 tum,
2357 2767 2462 2805 nec
2493 2768 2690 2805 semen
2720 2752 2848 2822 ejus
2878 2768 3144 2823 quarens
3174 2769 3405 2824 panem.
3437 2752 3569 2817 Tota
3593 2749 3665 2803 die
3681 2749 3755 2801 mi.

2175 2844 2402 2895 seretur
2429 2844 2485 2895 et
2538 2840 2965 2910 fmneratﬂbitl.
3024 2843 3137 2911 25).
3176 2864 3196 2888 ι
3257 2840 3424 2897 Unde
3474 2839 3594 2895 huic
3634 2838 3751 2908 justo
3816 2838 3817 2887 ἒ

2175 2928 2329 2999 quod
2362 2932 2482 2982 tota
2512 2929 2604 2983 die
2636 2931 2871 2984 fceneret
2899 2928 2928 2983 ?
2959 2929 3102 3001 Ergo
3134 2929 3295 2985 dives
3322 2932 3517 3001 justus
3565 2931 3675 2989 est;
3716 2931 3751 2976 et

2176 3024 2395 3087 quanto
2426 3018 2602 3071 ditior
2631 3017 3042 3088 unusquisque
3090 3017 3283 3085 fuerit,
3346 3022 3503 3074 tanto
3546 3013 3748 3088 justior:
3816 3036 3817 3047 ς

2175 3104 2273 3176 qui
2305 3105 2576 3160 habuerit
2606 3107 2759 3161 unde
2789 3106 3046 3175 romeret,
3079 3106 3204 3178 ipse
3260 3106 3375 3162 erit
3421 3105 3629 3178 justior.
3675 3100 3750 3155 Sed
3816 3142 3817 3147 η

2174 3193 2414 3248 difﬁcile
2443 3194 2602 3250 dives
2632 3194 2812 3249 intrat
2842 3194 2899 3249 in
2932 3210 3174 3267 regnum
3206 3194 3506 3251 cmlorum.

421 3284 835 3363 quodcunque,
856 3302 973 3341 non
1006 3286 1272 3342 introibis
1304 3287 1364 3342 in
1426 3287 1666 3342 domum
1727 3287 1916 3358 ipsius
1975 3286 2061 3360 pi-
2091 3292 2137 3357 (ς
2243 3283 2332 3337 60.
2365 3283 2512 3346 Quid
2545 3300 2681 3355 ergo
2714 3284 2970 3350 tmneret,
3002 3282 3096 3339 dic
3127 3282 3296 3350 mihi,
3361 3287 3554 3339 sancte
3601 3276 3752 3335 David.

421 3388 665 3444 gnerare
689 3374 927 3446 pignus,
959 3376 1059 3431 sed
1102 3375 1242 3430 foris
1298 3376 1504 3439 stabis,
1563 3381 1621 3430 et
1676 3376 1849 3431 homo
1906 3376 2060 3447 apud

423 3476 597 3531 quem
626 3467 717 3514 est.
743 3462 1005 3517 debitum
1036 3467 1228 3529 tuum,
1256 3465 1507 3535 proferet
1529 3463 1635 3519 tibi
1665 3463 1807 3519 foris
1826 3464 2061 3537 pignus.

423 3547 485 3603 Si
516 3553 711 3605 autem
741 3548 915 3606 homo
948 3549 1043 3606 ille
1074 3568 1291 3624 pauper
1320 3552 1515 3617 tuerit,
1544 3570 1657 3609 non
1717 3552 1974 3608 dormies
2006 3552 2062 3606 in

424 3636 666 3707 pignore
690 3636 880 3708 ipsius
913 3656 927 3704 ;
959 3639 1059 3694 sed
1108 3640 1432 3695 redditione
1488 3642 1694 3696 reddes
1752 3640 1802 3696 ei
1851 3642 2065 3713 pignus

421 3722 612 3793 ipsius
642 3724 712 3779 ad
746 3740 1016 3781 occasum
1047 3727 1211 3793 solis,
1244 3732 1299 3783 et
1330 3729 1580 3783 dormiet
1611 3730 1669 3784 in
1718 3728 2063 3784 vestimento

419 3827 549 3878 suo,
581 3816 638 3869 et
666 3813 968 3871 benedicet
996 3818 1071 3879 te,
1101 3819 1159 3870 et
1188 3815 1299 3871 erit
1337 3816 1396 3872 in
1428 3822 1485 3873 te
1534 3817 1936 3873 misericordia
1963 3835 2061 3873 co-

416 3915 547 3957 ram
576 3890 821 3959 Domino
853 3904 965 3957 Deo
999 3907 1095 3959 tuo
1135 3905 1308 3975 (Deut.
1341 3921 1494 3971 xxiv,
1545 3906 1751 3971 40-43).
1789 3928 1817 3955 »
1845 3907 1912 3961 Et
1966 3904 2065 3960 ali—

414 3987 496 4053 bl,
530 3988 827 4063 inquiunt,
853 3991 1135 4064 scriptum
1166 3997 1257 4048 est
1289 4009 1302 4049 :
1336 4016 1363 4044 «
1396 3993 1518 4049 Non
1552 3994 1887 4066 pignerabis
1909 3997 2053 4050 6“

338 4091 347 4100 '
413 4076 656 4149 molam,
688 4095 874 4151 neque
922 4079 1174 4153 lapidem
1232 4081 1593 4154 superiorem
1643 4082 1859 4149 molae;
1921 4100 2064 4154 quo-

410 4165 571 4221 niam
596 4167 698 4223 hic
726 4168 994 4241 pignerat
1023 4170 1179 4241 (Ibid.
1212 4171 1289 4239 6).
1328 4192 1354 4218 ι)
1386 4170 1457 4225 Et
1487 4170 1625 4225 alibi
1660 4187 1672 4224 :
1720 4193 1749 4221 ‹‹
1781 4172 1905 4226 Non
1965 4189 2054 4226 ac-

411 4252 591 4325 cipies
623 4255 837 4327 pignus
868 4258 1197 4313 vestimenti
1228 4257 1413 4312 vidua:
1448 4258 1605 4328 (Ibid.
1645 4259 1751 4328 17).
1808 4280 1835 4306 ››
1897 4256 2059 4313 Unde

410 4348 857 4414 argumentatur
878 4345 1017 4416 quia
1042 4345 1320 4418 specialia
1345 4346 1589 4418 pignora
1610 4346 2056 4401 sintinterdicta

415 4445 531 4485 non
555 4431 838 4495 omnia,id
861 4433 1251 4506 est,pauperis
1263 4439 1319 4488 et
1336 4434 1519 4489 vidua:
1536 4433 1883 4503 (53).Molam
1905 4451 2055 4506 quo-

407 4531 523 4589 que
539 4515 859 4589 etlapidem
882 4522 1243 4593 superiorem
1264 4519 1425 4576 mola:
1443 4520 1804 4594 prohibitum
1849 4521 2051 4595 pigne-

406 4619 521 4660 I'tﬂ‘l
533 4644 548 4660 ο

473 4694 563 4749 58.
597 4693 707 4750 Sed
766 4712 899 4752 cum
951 4712 1054 4767 per
1108 4697 1458 4754 Ezechielem
1520 4697 1863 4770 prophetam
1924 4700 2049 4771 ipse

402 4780 689 4839 Dominus
717 4783 872 4840 dicat
900 4785 1116 4855 (Ezech.
1150 4801 1313 4854 xvm,
1363 4788 1441 4857 7),
1494 4788 1729 4858 justum
1760 4803 1889 4843 esse
1947 4788 2045 4860 qui

398 4869 615 4944 pignus
642 4871 918 4939 reddidit,
953 4874 1240 4947 iujustum
1273 4874 1371 4946 qui
1404 4875 1591 4930 tenuit
1626 4891 1638 4928 :
1676 4876 1877 4948 utique
1927 4893 2043 4930 non

398 4956 651 5041 speciale
688 4959 961 5041 aliquod,
1022 4963 1122 5019 sed
1196 4963 1545 5034 generaliter
1601 4979 1774 5019 omne
1824 4965 2043 5037 pignus

396 5048 605 5106 suadet
635 5040 773 5107 esse
793 5052 1155 5109 reddendum
1190 5071 1202 5119 ;
1238 5069 1371 5107 cum
1405 5052 1560 5107 dicat
1581 5053 1691 5108 Job
1726 5070 1739 5109 :
1806 5074 1834 5103 ‹‹
1894 5053 2039 5111 Con-

464 5163 577 5233 (53)
610 5164 697 5221 Ita
725 5182 869 5223 mss.
898 5183 1103 5223 omnes
1130 5166 1274 5223 Gall.
1309 5183 1374 5222 ac
1403 5170 1515 5223 vet.
1550 5167 1715 5236 edit.,
1739 5166 1905 5224 Rom.
1952 5186 2040 5224 ve-

370 5251 458 5310 ro
488 5252 559 5291 ex
590 5252 703 5295 uno
731 5236 883 5305 Vat.,
919 5238 1066 5310 Umle
1113 5242 1532 5310 argumentatur
1584 5241 1818 5309 pignora
1870 5242 2038 5295 inter-

393 5304 673 5381 dictonon
705 5304 915 5381 omnia,
946 5308 1037 5364 sed
1064 5304 1382 5381 specialiter
1414 5304 1674 5381 pauperi}
1730 5320 1780 5365 et
1838 5311 2037 5378 m'duzr,

394 5376 609 5453 Aperta
632 5381 689 5431 et
717 5376 959 5453 minime
992 5376 1194 5453 coacta
1246 5376 1439 5453 lectio,
1501 5376 1598 5435 sed
1661 5397 1788 5453 quin
1844 5376 2037 5453 potius

362 5444 1027 5524 -yerborum_Ambrosii
1060 5444 1487 5523 paraphrasim,
1520 5444 1695 5523 quani
1730 5444 1861 5524 ipsa
1904 5462 2039 5508 Am-

399 5512 579 5591 brosii
609 5517 784 5591 Barba
806 5512 1198 5591 repraesentet.

467 5584 579 5653 (5i)
612 5580 758 5659 Edit.
794 5580 945 5653 Ani,
979 5593 1106 5645 Era.
1144 5608 1274 5645 cum
1329 5608 1469 5646 mss.
1534 5592 1784 5659 duobus,
1846 5596 1909 5649 At
1969 5613 2037 5650 ne

396 5666 590 5733 parere
619 5656 933 5733 erubescunt
945 5662 1144 5733 3110110.
1179 5661 1311 5715 Gill.
1346 5663 1647 5733 etﬂltomq
1708 5656 1862 5721 At'ne
1907 5669 2037 5733 pari

399 5722 915 5806 tiliﬂbﬁWftpUitQth,
945 5729 1196 5806 Domum
1232 5747 1374 5806 mss.
1406 5731 1534 5806 Yat.
1572 5722 1747 5797 unus,
1777 5740 1831 5806 et
1871 5722 2031 5806 quin-

402 5803 514 5857 que
543 5790 691 5846 Gali.
724 5797 787 5846 ut
811 5793 869 5849 in
903 5801 1082 5851 textu.
1107 5799 1207 5854 Est
1225 5803 1416 5855 autem
1436 5801 1529 5856 hic
1549 5819 1618 5857 ne
1637 5790 2030 5861 recrudcsiJant.

2079 4659 2127 4723 D

2174 3371 2386 3426 Contra
2418 3388 2509 3428 me
2537 3373 2752 3443 protuli
2784 3370 3207 3439 testimonium,
3240 3373 3359 3428 nisi
3409 3370 3545 3431 mihi
3595 3368 3756 3425 subve-

2174 3461 2287 3515 nis.
2311 3465 2516 3515 Petrus
2546 3460 2772 3516 dicebat
2796 3478 2807 3516 :
2831 3485 2857 3509 ‹‹
2883 3464 3203 3534 Argentum
3228 3465 3284 3518 et
3302 3477 3511 3519 aurum
3548 3475 3644 3515 non
3683 3454 3756 3507 lia-

2174 3550 2313 3604 beos
2332 3550 2675 3621 (Act.u1,6).»
2702 3549 2996 3621 numquid
3022 3566 3136 3605 non
3159 3552 3501 3622 eratjustus
3518 3552 3539 3603 Ρ
3557 3548 3629 3602 Τυ
3651 3540 3755 3597 mihi
3816 3612 3817 3617 γ

2173 3654 2309 3710 ergo
2341 3654 2561 3711 expone
2591 3638 2731 3709 quid
2765 3638 3022 3694 fmneret.
3061 3638 3261 3694 Dixisti
3296 3639 3454 3694 enim
3493 3654 3506 3694 :
3536 3657 3562 3685 ι(
3596 3633 3759 3689 Beatus

2173 3726 2261 3782 vir
2289 3726 2387 3797 qui
2423 3726 2734 3783 miseretur
2762 3730 2817 3781 et
2845 3722 3198 3788 commodat,
3231 3726 3502 3800 disponet
3519 3733 3758 3778 sermones

2174 3831 2313 3870 suos
2343 3814 2402 3869 in
2425 3813 2649 3885 judicio
2683 3815 2850 3888 (Psal.
2883 3832 2995 3883 cxx,
3026 3816 3103 3887 5).
3138 3838 3167 3863 ›ι
3199 3815 3401 3871 Inveni
3451 3811 3582 3888 quid
3625 3809 3758 3864 frene-

2172 3907 2261 3958 rat
2274 3904 2494 3974 justus.
2512 3902 2719 3960 Petrus
2740 3918 2971 3976 quoque
2992 3919 3086 3958 me
3105 3902 3313 3959 doceat
3334 3909 3393 3959 et
3414 3900 3534 3976 ipse
3554 3897 3671 3987 quid
3687 3896 3757 3950 fm-
3816 3970 3817 3987 χ

2171 3996 2353 4046 noret.
2375 3991 2475 4063 qui
2506 3991 2649 4047 dixit
2678 3992 2833 4064 inopi
2865 3991 3186 4048 attendenti
3233 3993 3307 4048 ad
3341 4009 3403 4047 se
3432 3996 3487 4047 et
3513 3989 3578 4046 ad
3626 3985 3757 4042 Joan-
3816 4004 3817 4015 π

2170 4096 2340 4133 nem:
2380 4103 2401 4129 ι
2436 4084 2760 4153 Argentum
2790 4085 2843 4136 et
2874 4096 3083 4136 aurum
3127 4096 3241 4136 non
3272 4080 3515 4135 habeo.»
3541 4074 3673 4131 Nihil
3697 4088 3759 4125 er-

2169 4184 2242 4241 go
2300 4168 2468 4223 dabis
2499 4169 2762 4241 pauperi,
2801 4167 3061 4240 apostole
3090 4168 3118 4221 ?
3147 4169 3261 4224 Das
3318 4173 3534 4232 tamen,
3564 4169 3615 4220 et
3661 4159 3756 4235 plus
3816 4180 3817 4185 η

2167 4257 2274 4311 das
2303 4273 2480 4329 quam
2515 4256 2610 4310 alii
2646 4275 2658 4312 :
2690 4257 2803 4315 das.
2826 4256 3006 4330 in0pi,
3040 4257 3195 4329 quod
3227 4256 3326 4312 alii
3361 4258 3499 4312 dare
3540 4270 3639 4310 non
3666 4265 3758 4322 pos-

2166 4349 2306 4401 sunt
2337 4363 2349 4400 :
2385 4344 2489 4399 das
2518 4345 2698 4417 inopi,
2731 4350 2864 4418 post
2895 4346 3048 4417 quod
3082 4361 3249 4417 egere
3278 4362 3394 4400 non
3428 4343 3640 4418 possit;
3681 4337 3754 4391 das

2164 4434 2345 4507 iunpi,
2377 4433 2531 4505 quod
2563 4434 2738 4489 etiam
2770 4434 2977 4490 divites
3024 4434 3285 4506 accipere
3344 4430 3753 4507 concupiscunt:

2164 4523 2269 4578 das
2298 4523 2477 4594 inopi,
2510 4523 2666 4594 quod
2700 4522 2739 4576 ii
2770 4522 2868 4594 qui
2912 4522 3070 4578 istud
3120 4526 3433 4597 argentum
3489 4525 3543 4576 et
3591 4527 3753 4573 aurum

2163 4611 2401 4680 habent,
2434 4612 2693 4666 conferre
2726 4628 2840 4667 non
2899 4610 3183 4676 noverint,
3217 4612 3358 4683 quia
3418 4606 3641 4665 avaritia
3683 4616 3755 4657 eos

2158 4699 2408 4773 impedit
2440 4718 2453 4755 :
2489 4700 2595 4755 das
2624 4699 2781 4770 inopi
2821 4699 2957 4767 (55),
3017 4699 3119 4771 qui
3149 4699 3233 4754 eis
3290 4699 3569 4754 divitibus
3614 4691 3750 4747 facias

2158 4787 2447 4844 ditiorem.
2484 4787 2749 4842 Incicasti
2782 4787 3046 4843 animum
3079 4804 3295 4853 meum,
3334 4780 3659 4858 concupisco
3675 4779 3752 4833 hoc

2155 4878 2375 4932 donum
2405 4881 2572 4932 tuum
2630 4875 2834 4943 Dicito,
2867 4891 3028 4948 rogo,
3060 4877 3213 4932 612
3236 4876 3380 4948 quid
3413 4877 3535 4931 des.
3559 4868 3667 4928 Noli
3687 4879 3751 4919 me

2152 4966 2251 5022 diu
2285 4982 2639 5037 suspensum
2671 4965 2933 5029 reddere,
2966 4965 3135 5038 cupio
3159 4965 3433 5038 petere,si
3458 4964 3564 5021 cito
3585 4956 3751 5016 solvas.

2162 5056 2272 5111 Sed
2308 5052 2533 5109 solvisti
2576 5055 2688 5108 cito
2714 5072 2727 5108 :
2752 5070 2865 5108 non
2891 5053 3175 5110 distulisti
3199 5048 3573 5127 inopem,non
3591 5047 3748 5114 despe-

2152 5171 2307 5225 idcm
2338 5187 2402 5226 ac
2436 5187 2505 5224 ne
2537 5170 2747 5226 iterum
2781 5185 2909 5226 sese
2938 5169 3271 5236 defendant,
3303 5169 3611 5240 Scriptura;
3644 5172 3744 5240 aut»;

2150 5241 2440 5297 toritatom
2474 5241 2859 5295 obtendentes
2892 5257 2905 5295 :
2939 5244 2997 5297 et
3026 5240 3134 5297 hoc
3194 5226 3269 5312 eo,
3316 5226 3578 5312 respicit,
3628 5226 3747 5304 quod

2149 5330 2326 5381 supra
2358 5312 2574 5385 dicitur
2607 5330 2619 5366 :
2653 5312 3135 5385 Sardinia-inurunt
3161 5310 3362 5385 adhuc,
3404 5310 3520 5385 etc.
3631 5375 3640 5385 .

2223 5364 2343 5455 ('55)
2378 5364 2523 5437 Mss.
2548 5364 2831 5437 nonnulli
2850 5364 2920 5455 at
2950 5364 3362 5455 amassint;
3380 5364 3481 5455 da;
3500 5364 3752 5455 inopiqygi

2146 5439 2272 5510 cuin
2303 5439 2564 5510 divitibus
2606 5456 2799 5523 faciat,
2857 5452 3075 5526 plures,
3131 5452 3303 5525 facias
3328 5439 3619 5526 Iditioreni.
3651 5439 3744 5526 Ἀρί)

2091 5555 2099 5562 ’
2147 5526 2447 5607 ωεξηάαξς
2681 5509 3213 5607 quo:
3264 5525 3518 5607 eis’
3541 5509 3746 5607 .B-ICI'JIP

2146 5582 2314 5651 sexto,
2336 5601 2528 5651 autem
2562 5582 2707 5651 casu,
2734 5582 3157 5651 estrelativum
3207 5582 3320 5667 qui,
3352 5582 3416 5649 et
3468 5582 3744 5667 subintelli-

2145 5669 2303 5739 gitur
2330 5669 2558 5793 ejugtpn
2571 5668 2837 5724 tocedcns
2866 5667 2976 5723 hoc
3008 5660 3339 5733 modofDas
3368 5665 3529 5736 ἰπορί
3554 5660 3613 5713 at
3650 5668 3743 5708 m-

2141 5756 2245 5795 nus
2276 5756 2394 5795 aut.
2514 5781 2525 5793 .

2276 5756 2394 5811 qui,
2429 5756 2525 5793 ac.
