3866 6212
320 339 445 411 823

323 479 641 539 invehebar
666 479 729 540 in
758 480 1149 552 fmneratores,
1176 482 1302 556 jam
1332 498 1576 557 provoco
1627 482 1965 537 debitorem.
2003 485 2049 546 Α

326 571 511 643 Hujus
545 589 679 645 ergo
707 574 1076 633 fameratores
1108 572 1360 645 pecunia:
1408 590 1509 627 vos
1541 590 1665 627 esse
1690 573 1975 635 detulere,

333 665 398 716 ut
436 662 507 717 ad
540 679 641 718 vos
673 662 772 734 qui
804 667 1075 717 mutuum
1108 666 1367 729 sumant,
1402 665 1607 733 sponte
1665 660 1973 715 festinent:

324 766 436 822 per
464 767 642 823 quam
673 768 787 806 non
822 768 1151 819 nummum,
1187 752 1287 806 sed
1319 767 1563 822 regnum
1596 749 1838 821 possitis
1885 765 1977 804 ac-

332 840 602 911 quirere:
638 858 740 912 per
767 858 944 912 quam
977 856 1091 895 non
1145 840 1457 895 maledicta
1514 838 1812 911 quan-etis,
1876 839 1979 893 sed

326 928 746 985 benedictionis
786 929 1055 1002 gratiam.

398 1019 493 1074 66.
518 1018 674 1073 Hanc
690 1019 1001 1091 pecuniam
1016 1018 1256 1073 faeneret
1270 1016 1519 1089 populus
1541 1016 1979 1089 nationum,qui

326 1105 493 1161 scivit
523 1123 775 1175 cernere,
810 1105 911 1177 qui
942 1106 1107 1161 scivit
1139 1111 1421 1160 excutere.
1456 1105 1754 1160 Recusasti
1782 1105 1982 1178 indiga

328 1195 567 1250 faenoris
598 1195 881 1266 spiritalis
913 1196 1044 1265 (57),
1078 1212 1245 1266 egere
1276 1194 1518 1265 ccepisti.
1559 1199 1632 1248 De
1662 1198 1718 1248 te
1749 1210 1884 1266 ergo
1948 1211 1979 1248 a

334 1283 431 1339 Dei
465 1283 605 1338 Filio
638 1284 856 1338 dictum
891 1289 977 1338 est
1003 1300 1015 1337 :
1043 1306 1069 1331 ‹‹
1104 1284 1836 1353 Mutuabiturpeccator,et
1867 1300 1978 1337 non

328 1371 510 1427 solvet
545 1373 713 1443 (Psal.
749 1390 938 1439 XXXVI,
961 1372 1076 1442 2|).
1109 1394 1136 1421 ››
1152 1371 1278 1427 Tibi
1303 1372 1515 1425 dicitur
1538 1389 1549 1425 :
1572 1395 1599 1420 ‹‹
1627 1372 1861 1427 Advena
1881 1371 1981 1443 qui

332 1464 423 1516 est
452 1461 607 1523 inte,
640 1461 913 1515 ascendet
944 1477 1120 1531 super
1150 1464 1236 1514 te:
1270 1464 1330 1514 tu
1366 1464 1559 1515 autem
1582 1460 1899 1516 descendcs
1920 1461 1978 1514 in

327 1548 515 1603 imum
548 1550 721 1619 (Deut.
752 1565 948 1613 xxvm,
990 1549 1099 1615 43).
1136 1569 1164 1596 ››
1198 1548 1391 1602 Nescit
1438 1548 1592 1603 enim
1654 1565 1978 1615 summum,

327 1638 426 1709 qui
460 1636 758 1693 Christum
794 1638 1058 1707 ignorat:
1103 1637 1159 1690 in
1187 1636 1411 1691 inferno
1441 1654 1672 1708 semper
1715 1642 1822 1705 est,
1878 1638 1978 1709 qui

329 1743 445 1783 non
477 1726 740 1782 ascendit
778 1727 847 1780 ad
879 1725 1176 1781 Christum
1223 1742 1235 1779 :
1270 1726 1328 1779 in
1361 1741 1594 1781 summo
1625 1731 1821 1782 autem
1874 1743 1976 1799 po-

327 1815 505 1914 pulus
536 1816 633 1886 qui
666 1816 908 1914 verbum
956 1814 1325 1914 recipit,'hic
1380 1814 1555 1871 habet
1602 1815 1973 1914 .fideipatri-
2008 1848 2056 1914 Β

327 1904 592 1960 monium
627 1919 817 1958 omne.
854 1904 933 1958 De
964 1903 1071 1958 hoc
1102 1902 1245 1958 dicit
1294 1904 1445 1959 Lex:
1497 1927 1523 1953 ‹‹
1577 1904 1679 1959 llic
1737 1905 1839 1959 tibi
1874 1905 1974 1960 fa:-

324 1992 571 2057 nerahit,
600 1996 659 2046 tu
688 1997 882 2046 autem
934 2008 1047 2046 non
1082 1992 1394 2046 foenerabis
1424 1993 1513 2047 ei:
1559 1992 1654 2047 hic
1701 1994 1809 2048 tibi
1867 1994 1979 2049 erit

324 2086 522 2153 caput,
544 2084 608 2135 tu
639 2084 832 2135 autem
882 2080 997 2135 eris
1054 2081 1241 2134 cauda
1273 2080 1431 2147 (Ibid.
1467 2082 1577 2151 44),
1617 2103 1644 2126 ιι
1700 2081 1809 2137 hoc
1865 2087 1973 2149 est,

322 2169 421 2228 ille
441 2169 547 2225 erit
579 2169 829 2241 primus,
864 2174 923 2223 tu
957 2168 1203 2224 ultimus
1256 2172 1313 2223 et
1365 2169 1653 2239 abjectus.
1703 2172 1975 2225 Auferam

325 2275 360 2312 a
386 2258 589 2313 Judaea
617 2262 792 2324 caput
820 2265 871 2311 et
913 2257 1181 2323 caudam,
1232 2256 1463 2312 initium
1496 2262 1551 2312 et
1582 2258 1754 2314 finem
1782 2276 1795 2313 :
1866 2260 1976 2313 ini-

324 2345 472 2403 tium
504 2346 823 2410 Christum,
857 2345 956 2417 qui
1006 2346 1403 2417 interrogatus
1459 2346 1593 2417 quis
1650 2352 1822 2415 esset,
1886 2365 1971 2402 re-

326 2434 603 2507 spondit:
664 2457 691 2483 ‹‹
751 2433 1011 2499 Initium,
1072 2432 1171 2505 qui
1226 2439 1281 2488 et
1328 2433 1536 2506 loquor
1579 2436 1743 2491 vobis
1793 2440 1974 2505 (Joan.

323 2539 419 2588 vn,
450 2524 580 2591 25}:
617 2544 645 2572 »
678 2524 852 2577 finem
909 2539 1140 2594 quoque
1196 2522 1496 2578 Christum
1545 2524 1723 2580 dicit:
1771 2547 1797 2575 ‹‹
1854 2526 1979 2599 ipse

325 2616 416 2667 est
444 2611 601 2667 enim
636 2611 773 2665 finis
832 2610 977 2683 legis
1031 2611 1101 2665 ad
1156 2611 1450 2682 justitiam
1499 2612 1661 2667 omni
1718 2614 1977 2669 credenti

320 2700 494 2771 (Rom.
524 2702 710 2769 x.,4).
757 2722 784 2749 n
816 2699 963 2771 Ergo
995 2700 1094 2770 qui
1140 2717 1254 2754 non
1296 2700 1481 2755 credit
1535 2701 1606 2755 ad
1658 2702 1975 2772 justitiam,

319 2805 423 2845 nec
454 2788 709 2857 initium,
742 2804 847 2843 nec
890 2790 1064 2843 tinem
1112 2788 1305 2855 habet,
1367 2790 1468 2843 sed
1521 2789 1646 2861 ipse
1692 2791 1827 2847 ﬁnis
1886 2793 1977 2848 sui

324 2881 433 2933 est.

329 3037 622 3091 Praemisso
675 3036 942 3106 pignoris,
999 3036 1381 3108 commendati,
1469 3053 1533 3091 ac
1587 3038 1820 3108 depositi
1864 3040 1977 3096 dis-

399 3108 651 3182 crimine,
716 3108 947 3182 ostendit
1016 3106 1311 3177 spirituale
1370 3109 1570 3178 pignus
1634 3106 1766 3177 esse,
1839 3112 1978 3182 quod

400 3178 559 3233 reddi
632 3177 745 3245 lege
782 3178 1083 3247 jubeatur;
1166 3177 1482 3249 corporeum
1557 3182 1741 3235 tamen
1809 3177 1975 3239 etiam

397 3249 552 3304 redin
580 3252 866 3319 aportere:
899 3251 995 3320 qui
1028 3249 1252 3304 verbum
1309 3252 1412 3304 Dei
1463 3249 1704 3306 audierit
1762 3253 1971 3309 debito-

397 3338 515 3376 rem
543 3337 677 3385 esse,
709 3337 811 3375 nec
836 3321 905 3374 ab
935 3337 998 3375 eo
1046 3323 1250 3390 pignus
1304 3321 1625 3376 tollendum.
1676 3323 1749 3377 De
1801 3340 1971 3379 evan-

391 3394 580 3467 geliris
610 3394 965 3467 vestimentis,
998 3397 1048 3446 et
1077 3392 1142 3447 de
1213 3394 1401 3467 tunica
1428 3409 1617 3464 quam,
1646 3408 1829 3467 omnes
1870 3398 1974 3467 ju-

393 3465 585 3519 bcmur
640 3464 888 3519 induere.
948 3468 1161 3518 Bonum
1214 3465 1477 3518 amictum
1533 3480 1645 3519 esse
1700 3466 1797 3520 Dei
1852 3464 1969 3522 uer-

392 3534 519 3608 [mm
544 3551 557 3600 ;
590 3549 704 3608 esse
729 3535 925 3604 pignus
955 3535 1251 3608 Dominicae
1281 3536 1463 3608 sortis,
1512 3552 1627 3589 esse
1680 3538 1974 3608 sapientiae

387 3607 769 3729 qestimentum
796 3621 815 3664 ;
886 3604 1104 3659 tandem
1166 3620 1278 3660 esse
1330 3606 1555 3660 verbum
1611 3604 1969 3679 coangustan-

428 3692 543 3729 um.

428 3692 543 3730 um.

389 3764 479 3816 67.
512 3762 901 3833 Cognovimus
932 3762 1119 3817 fcenus
1150 3762 1502 3832 legitimum,
1547 3780 1970 3836 cognoscamus

319 3855 377 3906 et
407 3851 623 3923 pignus
645 3851 796 3921 quod
834 3851 948 3905 Lex
970 3850 1133 3905 reddi
1147 3852 1318 3923 jubet
1340 3856 1471 3905 ante
1502 3852 1642 3907 solis
1674 3869 1967 3911 occasum.

320 3940 468 4006 Quid
495 3940 573 3995 sit
600 3938 753 3995 istud
789 3939 924 3994 audi
957 3938 1245 3994 dicentem
1303 3940 1681 4011 Apostolum:
1719 3966 1745 3991 ‹‹
1807 3943 1972 3999 Dedit

320 4028 472 4084 Deus
505 4029 719 4100 pignus
750 4028 1034 4099 Spiritum
1064 4027 1123 4082 in
1155 4028 1430 4083 cordibus
1480 4030 1694 4086 nostris
1748 4033 1819 4099 (II
1848 4033 1968 4087 Cor.

2005 3213 2048 3280 C

318 4134 359 4186 ι,
385 4118 474 4187 ‘22)
501 4139 528 4165 ››
560 4116 888 4188 Tripliciter
916 4121 1110 4171 autem
1151 4121 1208 4170 et
1262 4117 1499 4188 pignus,
1557 4123 1613 4172 et
1671 4135 1968 4176 commen-

316 4206 539 4272 datum,
573 4210 631 4260 et
650 4205 983 4277 depositum
1014 4204 1245 4260 dicitur.
1307 4205 1523 4277 Pignus
1577 4207 1782 4263 dicunt
1812 4209 1969 4281 quod

316 4310 419 4366 pro
469 4298 675 4349 mutuo
727 4311 835 4349 aere
889 4298 1226 4365 susceptum
1285 4301 1420 4350 est:
1491 4297 1966 4352 commendatum

312 4386 507 4438 autem
538 4388 594 4437 et
624 4383 954 4454 depositum
988 4383 1140 4451 quod
1177 4399 1281 4437 nos
1331 4384 1600 4439 custodite
1631 4385 1741 4455 (58)
1790 4402 1969 4442 causa

310 4470 484 4525 alicui
536 4471 965 4526 commisimus.
1002 4470 1163 4525 Unde
1200 4470 1282 4525 ait
1335 4470 1693 4542 Apostolus:
1758 4495 1785 4522 «
1837 4474 1966 4529 Scio

309 4557 405 4613 cui
436 4559 676 4626 credidi,
700 4562 757 4613 et
786 4562 981 4613 certus
1029 4574 1183 4625 sum,
1219 4557 1359 4628 quia
1406 4564 1613 4630 potens
1661 4566 1750 4616 est
1809 4577 1966 4616 com-
1999 4580 2043 4644 ο

309 4646 654 4702 mandatum
676 4662 876 4701 meum
897 4662 1125 4701 servare
1156 4647 1214 4700 in
1256 4645 1422 4700 illum
1481 4646 1635 4703 diem
1694 4649 1769 4719 (II
1827 4652 1961 4706 Tim.

307 4753 347 4801 1,
382 4734 468 4790 l2.
506 4758 531 4782 ι)
566 4734 905 4806 Depositum
966 4750 1195 4805 quoque
1228 4734 1382 4789 idem
1422 4736 1621 4791 docuit.
1651 4738 1805 4808 quod
1864 4756 1961 4795 es-

380 4876 489 5003 Siﬂ)
520 4881 656 4932 Mss.
692 4874 934 4960 aliquot.
958 4881 1142 5001 atque
1198 4891 1403 4957 omnes
1461 4877 1626 4945 edit.,
1684 4879 1963 4937 Recusasti

380 4957 513 5003 :zcta
571 4950 795 5003 faenoris
824 4956 1029 5003 snzrzta
1060 4963 1125 5001 ις.
1159 4945 1325 5001 D1011.
1352 4949 1611 5003 secunda
1667 4966 1868 5003 manu.
1904 4957 1961 5003 ot

308 4945 513 5023 indicta
568 4945 1125 5023 ﬁruoris'gn'rital'is.
1146 4945 1325 5023 ‘Dion.
1352 4949 1611 5003 secunda
1667 4966 1868 5023 manu,
1904 4957 1961 5007 et

305 5020 535 5102 (Ithuan,
568 5017 778 5102 prima,
831 5017 1107 5102 Recumsti
1136 5017 1345 5102 indiga,
1378 5022 1510 5083 etc.,
1552 5017 1916 5102 commodius
1943 5040 1956 5088 ;

304 5091 459 5148 idem
489 5089 646 5147 enim
679 5096 770 5147 est
794 5108 861 5146 ac
891 5091 939 5145 si
971 5089 1213 5154 diceres,
1235 5089 1568 5162 Synagoga
1597 5108 1698 5146 seu
1754 5094 1957 5148 Judaea

306 5164 597 5234 recusavit
648 5162 955 5234 pecuniam
1001 5159 1532 5234 _e\'angelicam,'eo
1582 5164 1736 5233 quod
1812 5180 1956 5234 gens

300 5232 402 5289 illa
431 5234 619 5290 foenus
648 5232 909 5306 spiritale
930 5232 1147 5306 solvere
1180 5248 1548 5305 nequaquam
1584 5232 1798 5306 posset.
1817 5232 1957 5292 Post

303 5321 511 5375 pauca,
564 5304 736 5363 Rom.
785 5306 924 5360 edit.
978 5304 1087 5360 ista
1146 5310 1503 5375 resccaverth
1548 5304 1597 5358 a'
1640 5306 1735 5359 Dei
1793 5308 1954 5373 Filio,

299 5373 386 5427 vel
421 5381 483 5430 ut
507 5380 619 5430 vet.
652 5375 813 5438 edit...
840 5377 936 5429 Dei
964 5377 1121 5430 Filio.
1166 5374 1347 5436 Male;
1411 5374 1556 5428 nihil
1618 5377 1773 5431 enim
1838 5377 1952 5432 sibi

298 5444 482 5518 voluit
512 5445 878 5518 Ambrosius,
903 5446 1014 5500 nisi
1044 5446 1315 5518 Davidem
1341 5445 1399 5499 in
1440 5445 1654 5518 Christi
1707 5464 1955 5518 persona

298 5512 792 5636 locutum_{uisse,
818 5532 993 5585 quam
1024 5516 1255 5571 dicendi
1288 5516 1536 5572 formam
1575 5512 1723 5573 alibi
1740 5520 1951 5591 saepius

304 5599 628 5636 usurpavi.

304 5599 628 5653 usurpavit.

374 5652 484 5719 (58’)
519 5653 601 5708 Ita
635 5652 801 5706 Rom.
835 5655 967 5709 odit.
1005 5656 1095 5709 cui
1127 5656 1409 5710 accedunt
1440 5671 1584 5712 mss.
1634 5658 1860 5715 Thuan.
1895 5665 1953 5717 et

1765 345 1830 410 S.
1875 344 2251 411 AMBROSII

2083 486 2190 547 set,
2225 481 2464 537 dicens:
2496 504 2523 530 «
2558 481 2783 538 Bonum
2806 481 3137 555 depositum
3179 482 3384 540 cusodi
3439 499 3538 556 per
3587 485 3696 558 Spi-

2090 573 2268 625 ritum
2300 577 2569 626 sanctum
2599 571 2702 643 qui
2746 570 2973 628 habitat
3030 572 3089 628 in
3147 571 3315 629 nobis
3362 572 3518 642 (Ibid.
3550 575 3646 646 14).
3675 598 3697 625 »ι

2086 659 2383 732 Numquid
2440 660 2693 731 Spiritus
2749 661 3140 716 commendati
3195 660 3326 716 auri
3390 663 3700 734 argentique

2088 753 2285 803 custos
2326 752 2453 813 est,
2512 752 2616 803 aut
2662 765 2765 821 per
2818 750 3102 821 Spiritum
3160 755 3431 805 sanctum
3487 754 3700 822 pecunia

2087 835 2462 891 custoditur?
2491 836 2758 908 Spiritale
2788 837 2968 910 igitur
3025 838 3238 911 pignus
3278 838 3596 894 custoditur
3640 841 3700 896 ab

2088 924 2330 997 Spiritu,
2363 942 2433 980 ne
2462 942 2596 981 aves
2624 925 2753 982 caeli
2797 927 3052 996 veniant,
3084 932 3141 983 et
3168 928 3439 983 auferant
3480 926 3609 983 illud
3642 928 3700 983 de

2089 1014 2363 1070 cordibus
2393 1014 2635 1069 nostris.

2158 1103 2246 1157 69.
2285 1104 2551 1159 Pctamus
2582 1120 2738 1176 ergo,
2782 1108 2846 1159 ut
2883 1104 3179 1159 custodiat
3233 1104 3293 1159 in
3352 1104 3517 1159 nobis
3564 1104 3699 1159 Chri-

2088 1196 2214 1247 stus
2248 1192 2353 1247 hoc
2386 1192 2599 1263 pignus
2631 1193 2786 1262 quod
2820 1192 2944 1265 ipse
3002 1192 3259 1259 donavit,
3292 1196 3351 1247 et
3404 1193 3699 1265 depositum

2090 1296 2264 1335 suum
2322 1282 2914 1353 commendatumque
2970 1285 3289 1337 conservet.
3362 1280 3511 1335 Nihil
3570 1282 3700 1337 enim

2089 1370 2241 1426 615
2301 1370 2522 1439 accepit
2571 1387 2605 1425 a
2661 1370 2852 1435 nobis,
2921 1370 3021 1425 sed
3080 1369 3204 1442 ipse
3261 1370 3434 1425 nobis
3492 1372 3701 1426 credidit

2089 1458 2243 1529 quod
2268 1461 2532 1512 nostrum
2567 1474 2679 1513 non
2710 1463 2850 1513 erat.
2880 1459 2950 1513 Et
2999 1457 3127 1513 ideo
3159 1458 3505 1514 detrimento
3552 1459 3702 1514 hone-

2088 1546 2257 1601 statis
2306 1546 2581 1617 afiicitur,
2640 1547 2739 1617 qui
2788 1546 3120 1619 depositum
3176 1545 3410 1602 violarit
3458 1546 3699 1603 alienum.

2088 1636 2144 1689 Si
2178 1634 2655 1691 commendatum
2686 1634 2943 1691 hominis
2973 1634 3137 1690 nulla
3183 1635 3469 1691 debemus
3528 1636 3700 1690 fraude
3760 1632 3767 1637 ’

2086 1722 2319 1791 violare,
2355 1727 2574 1795 quanto
2598 1723 2786 1796 magis
2825 1723 3088 1779 divinum
3118 1728 3175 1779 et
3204 1722 3466 1796 spiritale
3506 1724 3700 1796 deposi-

2087 1817 2215 1868 tum
2247 1813 2401 1869 bona
2430 1813 2542 1868 fide
2566 1828 2796 1869 servare
2835 1829 2942 1867 nos
2972 1813 3263 1885 congruit,
3315 1829 3389 1868 ne
3444 1812 3702 1869 existima-

2086 1901 2264 1956 tionis
2293 1906 2349 1955 et
2378 1900 2651 1956 utilitatis
2681 1901 2881 1973 gravia
2906 1900 3121 1956 damna
3151 1902 3504 1958 subeamus!

2156 1991 2245 2043 69.
2300 1990 2417 2044 Hoc
2471 1989 2650 2062 igitur
2695 1989 2911 2061 pignus
2958 1994 3050 2045 est
3106 1990 3265 2062 quod
3323 1990 3414 2046 lex
3472 1989 3699 2062 prohibet

2086 2077 2401 2150 pignerari,
2432 2082 2490 2133 et
2542 2076 2826 2132 violenter
2873 2078 3108 2134 auferri.
3169 2078 3266 2135 Sic
3324 2079 3478 2134 enim
3555 2078 3697 2134 habet

2086 2167 2417 2237 Scriptura:
2454 2190 2479 2216 ‹‹
2516 2166 2576 2221 Si
2605 2166 2866 2222 debitum
2919 2167 3025 2223 tibi
3058 2168 3233 2224 fuerit
3257 2184 3293 2223 a
3321 2168 3570 2241 proximo
3618 2172 3698 2222 tuo

2088 2256 2502 2327 quodcunque,
2535 2271 2649 2311 non
2682 2256 2954 2311 introibis
3008 2256 3068 2311 in
3128 2256 3374 2312 domum
3422 2256 3591 2328 ipsius
3634 2256 3698 2327 pi-

2088 2360 2332 2415 gnerare
2362 2344 2615 2416 pignus;
2649 2348 2704 2400 et
2735 2345 2909 2401 homo
2941 2346 3093 2417 apud
3146 2362 3323 2418 quem
3353 2350 3440 2402 est
3473 2346 3693 2403 debitum

2088 2440 2277 2500 tuum,
2312 2433 2563 2505 proferet
2592 2432 2696 2488 tibi
2739 2435 2895 2490 foras
2930 2434 3164 2507 pignus.
3199 2434 3263 2490 Si
3311 2440 3501 2491 autem
3555 2434 3695 2489 homo

2089 2520 2183 2576 ille
2210 2538 2431 2593 pauper
2476 2522 2669 2587 fuerit,
2703 2540 2818 2578 non
2851 2523 3105 2579 dormies
3154 2523 3212 2578 in
3246 2524 3482 2596 pignore
3521 2523 3692 2593 ipsius,

2087 2611 2187 2666 sed
2223 2610 2543 2666 redditione
2576 2612 2783 2666 reddes
2813 2612 2864 2667 ei
2898 2612 3113 2683 pignus
3141 2611 3333 2684 ipsius
3363 2612 3433 2667 ad
3458 2627 3690 2667 occasum

2086 2699 2254 2767 solis,
2305 2703 2362 2754 et
2435 2700 2685 2755 dormiet
2734 2699 2796 2754 in
2848 2700 3194 2756 vestimento
3273 2716 3402 2767 suo,
3450 2706 3507 2756 et
3551 2699 3689 2755 bene-

2088 2787 2240 2843 dicct
2290 2794 2366 2853 te,
2423 2793 2481 2843 et
2540 2788 2651 2843 erit
2706 2788 2764 2843 in
2792 2793 2847 2845 te
2896 2788 3305 2845 misericordia
3345 2789 3511 2861 (Deut.
3563 2804 3685 2851 xxiv,

2087 2876 2279 2947 40:3.)

2155 2966 2244 3020 70.
2279 2966 2445 3021 Dices
2475 2964 2670 3038 itaque
2739 2965 2883 3022 mihi
2918 2984 2931 3021 :
2964 2967 3108 3022 Ecce
3140 2966 3259 3023 Lex
3286 2966 3493 3022 auferri
3514 2964 3687 3037 pignus

2087 3053 2404 3127 prohibuit,
2438 3072 2554 3110 non
2586 3055 2841 3126 suscipi:
2866 3055 3109 3127 pauperi
3136 3058 3337 3112 autem
3350 3051 3684 3127 jussitreddi,

2087 3159 2199 3198 non
2250 3144 2541 3199 omnibus.
2574 3145 2645 3199 At
2668 3145 2739 3199 de
2774 3143 3172 3216 corporalibus
3230 3144 3463 3217 quidem
3516 3141 3686 3213 pigno-

2086 3232 2250 3287 ribus
2281 3237 2521 3288 sanctus
2552 3233 2729 3288 etiam
2762 3233 2974 3288 Esdras
3001 3233 3201 3288 docuit
3243 3250 3370 3302 nos,
3403 3230 3543 3303 quod
3562 3230 3683 3299 jam.

2081 3320 2476 3386 faeneratores,
2557 3321 2839 3377 adversus
2903 3326 3137 3393 patrum
3212 3324 3533 3377 vestrorum
3592 3330 3683 3369 non

2082 3410 2320 3482 possitis
2350 3410 2546 3465 venire
2577 3410 3021 3481 professionem.
3057 3410 3204 3465 Nam
3234 3425 3369 3465 cum
3386 3408 3684 3480 juberentur

2081 3499 2182 3570 qui
2214 3499 2629 3554 foeneraverant
2658 3503 2716 3554 et
2735 3503 3079 3570 acceperant
3111 3498 3306 3554 aliena
3347 3498 3587 3570 pignora,
3634 3494 3684 3545 ut

2080 3585 2453 3643 restituerent
2481 3603 2569 3652 ea,
2600 3587 2909 3642 dixerunt:
2944 3608 2975 3636 «
3017 3586 3363 3651 Reddimus,
3392 3590 3448 3640 et
3472 3583 3538 3638 ab
3566 3578 3682 3653 ipsis

2080 3674 2225 3730 nihil
2266 3674 2585 3746 qumrimus
2630 3677 2704 3746 (II
2753 3676 2909 3731 Esdr.
2970 3692 3025 3743 v,
3084 3676 3174 3743 12)
3224 3697 3254 3723 ››
3315 3673 3450 3730 Boni
3501 3674 3678 3742 patres,

2081 3763 2180 3835 qui
2210 3768 2545 3819 statuerunt
2565 3763 2810 3835 pignora
2839 3763 3168 3820 debitorum
3200 3778 3335 3820 esse
3389 3756 3676 3817 reddenda:

2080 3851 2216 3906 boni
2247 3849 2422 3906 etiam
2454 3851 2827 3906 feneratores
2857 3850 2956 3922 qui
2992 3852 3414 3923 responderunt
3464 3844 3597 3919 quod
3635 3846 3679 3895 et

2081 3940 2327 4011 pignora
2359 3939 2687 4004 redderent,
2719 3938 2771 3994 ei
2811 3939 3118 4011 pecuniam
3178 3956 3294 3995 non
3341 3936 3672 4009 requirerent.

2080 4044 2257 4098 quam
2309 4028 2628 4083 dedissent.
2682 4028 2749 4083 Et
2795 4028 3082 4084 sententia
3128 4045 3229 4083 vos
3283 4032 3520 4099 paterna
3568 4034 3672 4076 cen-

2079 4114 2262 4172 sionis
2284 4115 2375 4171 his
2408 4115 2700 4188 astringit,
2728 4120 2784 4171 et
2809 4116 3091 4187 professio
3131 4117 3497 4171 creditorum.

2144 4206 2235 4259 71.
2278 4203 2379 4259 Est
2409 4208 2604 4258 autem
2635 4208 2692 4259 et
2713 4202 2869 4260 aliud
2893 4204 3107 4277 pignus
3131 4205 3287 4276 quod
3315 4203 3401 4259 lex
3434 4194 3671 4273 spiritalis

2078 4292 2346 4364 prohibet
2377 4293 2627 4360 auferri;
2661 4296 2716 4348 et
2747 4293 2797 4347 si
2837 4293 3041 4348 datum
3098 4293 3293 4357 fuerit,
3342 4288 3493 4347 reddi
3533 4284 3671 4357 jubet

2078 4385 2211 4435 ante
2261 4379 2402 4436 solis
2450 4396 2765 4436 occasum:
2818 4382 2971 4453 quod
3014 4381 3186 4437 homo
3240 4379 3461 4437 debitor
3517 4369 3670 4430 reddit

2076 4470 2211 4540 (59),
2261 4473 2317 4523 et
2370 4469 2495 4541 ipse
2542 4468 2803 4540 protulit.
2851 4470 3087 4525 Debitor
3152 4474 3242 4526 est
3281 4472 3465 4525 autem
3515 4458 3670 4519 omnis

2077 4558 2177 4630 qui
2209 4557 2374 4613 audit
2402 4558 2644 4613 verbum
2690 4557 2853 4631 regni
2907 4562 2966 4615 et
3022 4575 3137 4615 non
3198 4556 3494 4628 intelligit:
3548 4545 3667 4604 venit

2079 4645 2290 4713 malus,
2327 4650 2383 4699 et
2416 4644 2735 4718 rapitquod
2761 4646 3115 4702 seminatum
3130 4650 3220 4703 est
3240 4646 3298 4700 in
3320 4642 3481 4700 corde
3497 4640 3663 4710 ipsius.

2070 4734 2197 4790 Noli
2230 4750 2365 4806 ergo
2398 4734 2638 4789 introire
2670 4734 2728 4789 in
2760 4735 2999 4792 domum
3030 4737 3180 4807 ejus,
3213 4738 3279 4790 ut
3321 4731 3454 4787 illud
3492 4727 3664 4800 pignus

2068 4876 2226 4950 Colb.
2264 4880 2469 4948 praeter
2498 4892 2713 4950 vocem‘
2752 4878 3033 4946 custodiae,
3085 4893 3187 4950 pro

2069 4947 2306 5013 habent,
2338 4949 2633 5003 custodiat.
2668 4947 2791 5004 Vet.
2825 4950 2961 5004 edit.
3017 4947 3231 5004 et'cod.

2067 5019 2257 5074 diatur
2287 5005 2451 5073 causa
2482 5020 2719 5088 alicujus
2777 5023 3073 5076 commissi.
3124 5020 3289 5076 Dion.
3337 5005 3459 5072 vero
3509 5005 3653 5070 solus:

2066 5090 2390 5165 quodnabis
2412 5090 2680 5165 custodia!
2704 5091 2822 5158 ille,
2856 5092 2954 5165 qui
2981 5093 3369 5165 commisimus.

3302 4893 3371 4931 ua
3433 4865 3658 4926 mendose

3302 4895 3371 4931 ιιιι
3433 4895 3657 4926 υιυιιυυξυ

3259 4895 3460 5008 lhaud,
3513 4936 3658 5008 ϐιζείθο

2073 5149 2087 5163 ’
2132 5162 2247 5285 Σᾷῦ)
2280 5159 2494 5216 Omnes
2553 5161 2688 5242 edit:
2750 5149 2820 5218 ac
2860 5149 3018 5219 'mss.
3070 5162 3310 5235 aliquot,
3357 5152 3484 5229 quod
3530 5149 3651 5202 homo

2064 5232 2128 5287 de
2166 5236 2305 5285 itum
2334 5231 2512 5286 redit:
2549 5232 2762 5290 melius
2794 5233 2913 5301 alii,
2972 5234 3185 5290 debitor
3215 5252 3229 5301 ;
3286 5220 3654 5301 consequenter

2064 5303 2220 5374 enim
2254 5302 2507 5374 ponitur,
2538 5304 2747 5359 debitor
2769 5314 2847 5360 est
2896 5292 3094 5374 autem,
3144 5292 3294 5369 etc.;
3359 5292 3497 5372 quod
3550 5298 3649 5374 νϐῐξίξ

2064 5370 2306 5438 dicitur,
2348 5382 2397 5429 et
2443 5370 2559 5445 ipse
2599 5377 2852 5446 protulit,
2910 5370 3187 5432 idem'est
3242 5370 3406 5446 atque
3456 5377 3547 5417 ηση

2062 5447 2171 5519 rim
2201 5462 2263 5500 eo
2313 5440 2560 5515 privatus
2599 5440 2699 5505 est.
2740 5440 3057 5519 referrique
3112 5446 3284 5502 debet
3317 5440 3402 5519 ad
3438 5450 3497 5490 εει
3547 5440 3644 5519 ρέα-εξ

2062 5509 2340 5589 leguntur
2388 5533 2566 5587 supra
2589 5535 2613 5589 :_
2655 5519 2892 5589 proferet
2961 5509 3068 5573 tibi
3113 5521 3273 5589 fora;
3315 5509 3642 5589 Ρίθπυὲηηξῖῗῗ

2064 5570 2179 5643 ἧδ’ῐι
2213 5588 2284 5642 ad
2316 5602 2385 5642 ea
2414 5570 2540 5658 quae
2597 5570 3182 5659 in'frarsequu'ntui‘v:
3217 5570 3275 5642 Si
3315 5570 3418 5639 ’.9ιῶ
3447 5570 3639 5631 stultitia

2067 5660 2338 5727 amiserit,
2389 5663 2496 5713 etc.
