3866 6212
154 378 257 451 888

1477 360 1711 446 usus
1752 368 1857 444 es
1899 376 2157 445 rem.

3398 380 3518 446 826

155 518 392 593 accipias.
421 515 513 572 Vm
551 515 709 573 enim
768 516 868 590 qui
927 514 1403 574 scandalizaverit
1456 534 1635 571 unum
1690 517 1759 569 de
1794 517 1839 581 Α
1874 515 2152 570 honorem
2181 514 2669 573 abundantiorem
2708 514 2944 585 habent,
2969 514 3108 587 quia
3152 532 3254 589 per
3294 514 3516 588 passio-

154 606 356 684 pusillis
383 606 507 664 istis
525 606 538 661 l
574 605 633 662 Si
656 623 764 662 sua
779 605 1030 663 stultitia
1044 607 1307 663 amiserit
1324 607 1538 679 pignus
1556 623 1753 671 suum,

154 704 206 754 tu
234 713 335 752 non
364 695 601 752 habebis
631 695 932 751 delictum.
969 696 1025 751 Si
1068 700 1263 751 autem
1294 712 1514 767 pauper
1562 694 1753 757 fuerit,

153 786 303 842 redde
324 784 531 857 pignus
564 788 699 840 ante
755 784 896 841 solis
944 801 1215 840 occasum
1243 803 1255 853 ;
1288 784 1503 857 pignus
1562 788 1757 838 autem

151 874 525 931 vestimentum
576 877 681 928 est.
743 873 802 928 Si
856 872 966 928 sibi
1002 874 1160 928 dives
1205 872 1455 938 videtur,
1513 872 1639 943 ipse
1696 886 1757 925 se

152 962 354 1034 decipit,
378 961 423 1016 si
452 962 668 1034 pignus
700 962 1005 1017 tradiderit
1034 978 1207 1017 suum
1237 979 1248 1015 :
1283 962 1333 1015 si
1384 965 1579 1016 autem
1610 976 1754 1030 pau-
1804 992 1813 999 -

154 1068 239 1122 per
264 1051 353 1122 qui
400 1067 511 1105 non
568 1050 780 1105 habeat
828 1050 1057 1105 divitias
1106 1050 1370 1122 spiritus,
1436 1048 1611 1104 redde
1668 1047 1754 1102 illi

153 1140 528 1196 vestimentum
562 1157 733 1195 suum
767 1143 900 1193 ante
930 1139 1069 1193 solis
1097 1156 1391 1193 occasum.

207 1231 285 1282 72.
308 1227 359 1281 Si
380 1229 445 1283 de
474 1227 758 1300 corporali
787 1230 1053 1299 ageretur
1081 1227 1340 1299 pignore,
1393 1227 1597 1299 utique
1630 1243 1755 1281 ma-

147 1318 224 1390 gis
243 1333 334 1389 per
378 1317 530 1372 diem
584 1318 945 1372 reddendum
974 1317 1103 1381 fuit,
1134 1334 1203 1371 ne
1252 1317 1554 1388 turpitudo
1615 1314 1757 1370 nudi

148 1404 375 1477 corporis
405 1406 614 1461 diurno
646 1403 866 1461 lumine
900 1406 1240 1477 proderetur
1273 1423 1285 1460 :
1319 1406 1570 1460 tenebrae
1601 1403 1756 1459 enim

146 1495 342 1550 nudum
375 1512 482 1550 non
517 1495 789 1566 produnt.
825 1497 902 1549 Ac
933 1494 982 1549 si
1014 1495 1122 1550 hoc
1154 1500 1408 1550 moveret
1456 1494 1611 1566 quod
1642 1510 1757 1548 non

142 1583 353 1639 haberet
376 1600 615 1655 pauper,
635 1600 748 1655 quo
770 1582 1065 1638 dormiens
1098 1583 1208 1655 tegi
1270 1587 1486 1655 posset,
1559 1582 1760 1653 utique

144 1671 564 1744 aut-stragulum
605 1676 706 1728 aut
744 1671 1024 1727 amictum
1056 1672 1276 1727 diceret
1325 1689 1453 1727 esse
1511 1672 1756 1726 redden-

141 1762 281 1815 dum.
313 1761 475 1816 Nunc
507 1764 702 1816 autem
734 1759 977 1816 dicendo
1012 1761 1448 1826 vestimentum,
1497 1760 1757 1815 tunicam

142 1834 306 1920 magis
342 1848 636 1920 signiﬁcat
690 1865 805 1919 quo
858 1847 1162 1903 induimur
1212 1854 1386 1919 atque
1455 1847 1756 1902 vestimur.

140 1935 312 1993 Redde
364 1954 502 2010 ergo
562 1938 805 2009 pauperi
862 1936 1125 1992 tunicam
1158 1953 1348 2004 suam,
1394 1941 1455 1991 ut
1512 1934 1765 1991 dormiat

139 2025 191 2080 in
217 2042 279 2080 ea
307 2031 502 2081 noctu.

197 2115 276 2167 73.
307 2114 507 2170 Nonne
536 2113 641 2169 tibi
663 2113 891 2169 videtur
923 2113 1086 2169 illum
1121 2130 1435 2186 pauperem
1471 2114 1767 2185 signiﬁca-

146 2218 218 2267 re,
239 2202 332 2273 qui
361 2220 496 2259 cum
536 2202 737 2258 tunica
768 2219 884 2257 una
904 2202 1149 2274 jubetur
1205 2219 1462 2275 pergere,
1525 2203 1764 2257 alteram

136 2305 237 2345 non
278 2292 597 2363 requirere,
629 2292 884 2347 emissus
913 2309 947 2346 a
1001 2291 1229 2347 Christo
1275 2292 1345 2346 ad
1395 2291 1768 2364 Evangelium

145 2380 569 2450 praedicandum
599 2379 808 2448 (Matth.
842 2397 898 2445 x,
932 2381 1012 2450 10)
1041 2379 1069 2434 ‘2
1090 2382 1220 2451 Ipse
1239 2385 1330 2435 est
1360 2379 1515 2435 enim
1548 2396 1772 2451 pauper

132 2468 343 2539 spiritu,
377 2470 477 2541 qui
514 2469 771 2524 dormire
828 2470 1046 2540 possit:
1084 2486 1218 2523 nam
1250 2467 1459 2524 satiato
1522 2467 1768 2537 divitiis,

135 2572 236 2611 non
255 2560 341 2612 est
360 2558 459 2629 qui
484 2557 645 2612 sinat
666 2573 800 2611 eum
825 2556 1098 2612 dormire.
1119 2557 1346 2612 Dormit
1365 2556 1525 2612 enim
1550 2574 1661 2629 pau
1672 2574 1773 2629 per

139 2660 397 2700 somnum
429 2645 906 2714 resurrectionis,
972 2662 1145 2717 quem
1178 2645 1338 2701 dives
1370 2646 1626 2701 dormire
1657 2662 1773 2700 non

138 2735 331 2804 potest,
365 2736 519 2792 613
556 2734 694 2806 quia
724 2732 944 2789 divitiis
975 2739 1031 2790 et
1086 2733 1480 2806 voluptatibus
1524 2734 1773 2790 suﬂ‘oca-

137 2824 240 2876 tur.
271 2822 495 2879 Dormit
526 2822 739 2878 Christi
771 2822 1046 2894 quietem,
1080 2822 1328 2878 dicentis
1361 2840 1374 2879 :
1411 2845 1439 2872 ‹‹
1487 2824 1605 2894 Ego
1651 2824 1777 2878 dor-

140 2909 268 2965 mivi
295 2916 351 2966 et
380 2912 598 2984 quievi,
631 2915 688 2966 et
743 2912 987 2977 surrexi,
1014 2912 1181 2981 (Psal.
1220 2929 1303 2979 III,
1335 2913 1409 2981 6).
1446 2934 1473 2960 ››
1532 2911 1661 2967 Haec
1679 2914 1767 2967 est

146 2999 334 3055 tunica
354 2999 452 3057 illa
484 3002 742 3072 desuper
757 3004 911 3055 texta
937 3017 1051 3072 qua
1073 3003 1196 3055 erat
1226 3000 1466 3056 indutus
1488 2999 1776 3066 Christus,

140 3102 302 3158 quam
326 3089 597 3146 scindere
616 3105 728 3143 non
754 3093 1071 3160 potuerunt
1098 3087 1181 3143 illi
1201 3087 1415 3144 milites
1429 3105 1575 3161 quos
1607 3105 1782 3160 agno-

139 3175 262 3230 scis.
314 3178 527 3235 Nullus
591 3178 748 3233 enim
819 3194 1021 3234 eorum
1096 3177 1512 3234 vestimentum
1564 3176 1775 3232 Christi

1871 622 2005 660 nem
2041 604 2271 660 Domini
2300 621 2546 678 regnum
2578 604 2747 663 nobis
2780 608 3022 678 paratur
3040 610 3321 661 aeternum
3348 623 3361 674 ;
3399 621 3516 678 quo

1868 693 2026 748 enim
2049 693 2180 764 quis
2223 695 2353 765 plus
2402 695 2741 767 peccaverit,
2796 712 2861 751 eo
2893 693 3027 768 plus
3061 694 3272 768 diligit.
3306 694 3519 751 Conse-

1868 782 2160 854 peliamur
2192 782 2371 853 igitur
2420 783 2666 839 Domino
2717 784 2885 852 Jesu,
2944 788 3008 838 ut
3060 785 3376 857 participes
3426 801 3514 839 re-

1867 870 2248 926 surrectionis
2315 872 2443 941 ejus
2509 889 2637 928 esse
2712 888 3064 938 mereamur,
3125 872 3518 944 exspoliemus

1865 965 2117 1013 veterem
2162 958 2460 1015 hominem
2516 976 2650 1015 cum
2711 960 2937 1017 actibus
2989 962 3140 1033 ejus,
3201 962 3518 1017 induamus

1866 1065 2101 1115 novum,
2130 1049 2187 1103 in
2230 1065 2344 1119 quo
2367 1053 2455 1103 est
2483 1049 2749 1105 remissio
2775 1056 3165 1122 peccatorum.

1934 1139 2023 1190 75.
2060 1137 2252 1192 Bonus
2296 1154 2429 1209 ergo
2462 1138 2930 1211 amictus1atque
2967 1139 3234 1208 vestitus,
3277 1141 3518 1195 verbum

1868 1225 1990 1281 Dei.
2026 1226 2143 1280 lloc
2169 1226 2382 1280 vestitu
2433 1225 2537 1280 lilii
2594 1227 2710 1282 Noe
2760 1227 3034 1299 pudenda
3064 1227 3251 1299 patris
3281 1245 3518 1300 operue-

1867 1318 2022 1381 runt,
2055 1314 2408 1387 accipientes
2436 1332 2615 1388 super
2644 1316 2923 1372 humeros
2978 1316 3421 1383 vestimentum,
3465 1322 3523 1372 et

1868 1407 2186 1458 retrorsum
2240 1408 2569 1475 pergentes,
2621 1420 2693 1459 ne
2755 1405 3022 1459 viderent
3079 1405 3271 1460 virilia
3314 1406 3518 1477 patris,

1868 1492 1976 1547 hoe
2007 1498 2117 1559 est,
2153 1508 2437 1565 corporea
2468 1511 2595 1564 quae
2626 1492 2843 1548 habent
2882 1494 3164 1564 pudorem
3207 1495 3521 1565 quemdam

1874 1581 2281 1652 generationis
2313 1581 2583 1636 humana:
2609 1598 2622 1636 :
2650 1586 2707 1635 et
2758 1581 2887 1637 ideo
2937 1581 3037 1652 qui
3091 1581 3288 1637 videre
3316 1582 3522 1648 voluit,

1869 1670 2226 1741 angustioris
2282 1670 2462 1724 animi
2496 1671 2733 1742 dignam
2795 1670 3120 1726 mercedem
3160 1671 3398 1742 recepit,
3459 1675 3525 1726 ut

1871 1775 2071 1813 servus
2107 1759 2303 1813 ﬁeret:
2337 1758 2530 1814 omnis
2570 1758 2727 1814 enim
2761 1759 2859 1830 qui
2896 1759 3031 1814 facit
3052 1763 3376 1831 peccatum,
3408 1775 3523 1815 ser-

1869 1864 1975 1901 vus
2004 1851 2091 1902 est
2122 1847 2363 1918 peccati.
2417 1848 2579 1903 Unde
2640 1847 2738 1903 ille
2796 1847 2855 1902 in
2908 1848 3157 1904 terrenis
3218 1849 3520 1905 remansit.

1879 1936 1993 1990 Hoc
2026 1937 2266 2007 pauperi
2300 1952 2470 1992 nemo
2528 1935 2693 1991 tollat
2737 1935 3188 2004 vestimentum;
3219 1941 3319 1992 aut
3348 1937 3397 1992 si
3428 1940 3522 1991 tu-

1876 2023 2025 2091 lerit,
2060 2023 2147 2080 sol
2172 2042 2282 2080 non
2316 2024 2539 2080 occidat
2571 2042 2748 2097 super
2777 2024 3164 2097 despoliatum
3191 2045 3210 2080 :
3232 2042 3365 2080 eum
3391 2029 3525 2081 ante

1878 2113 2168 2178 restituat,
2204 2131 2273 2168 ne
2304 2118 2604 2185 peccatum
2659 2114 2935 2187 pauperis
2983 2114 3291 2170 feneratori
3343 2112 3527 2186 possit

1878 2201 2127 2269 ascribi;
2164 2205 2355 2257 etnon
2389 2202 2579 2259 solum
2620 2220 2745 2269 suo,
2806 2204 2906 2259 sed
2962 2203 3139 2258 etiam
3188 2203 3377 2259 alieno
3436 2203 3526 2257 in~

1879 2289 2055 2361 cipiat
2084 2289 2346 2346 laborare
2378 2295 2630 2363 peccato.
2667 2292 2786 2346 Hoc
2826 2291 3041 2363 pignus
3096 2292 3155 2346 in
3187 2294 3296 2347 hac
3327 2289 3523 2347 saeculi

1882 2383 2046 2433 nocte
2087 2380 2381 2446 reddatur,
2436 2380 2543 2435 hoc
2572 2380 2915 2436 vestimento
2970 2381 3028 2435 in
3064 2380 3155 2435 his
3186 2380 3391 2436 mundi
3440 2383 3525 2435 te-

1881 2465 2077 2521 nebris
2100 2467 2398 2523 induatur.

1950 2556 2041 2610 76.
2076 2556 2191 2610 Hoc
2222 2556 2438 2628 pignus
2484 2555 2642 2611 illius
2700 2557 3014 2612 Dominicaa
3046 2558 3220 2613 sortis
3269 2562 3376 2623 est,
3410 2573 3525 2612 non

1882 2641 2041 2699 illius
2072 2643 2391 2699 contrarias.
2430 2644 2703 2717 Legimus
2741 2645 2898 2700 enim
2930 2646 3076 2701 duas
3108 2649 3296 2701 sortes
3328 2646 3387 2699 in
3430 2646 3530 2701 Le-

1883 2731 2076 2797 vitice,
2106 2734 2175 2787 de
2205 2733 2422 2804 quibus
2455 2734 2678 2789 dictum
2706 2739 2831 2790 est:
2894 2756 2922 2783 «
2950 2734 3136 2790 Unam
3168 2734 3281 2790 Deo
3328 2734 3525 2800 facies,

1887 2819 2131 2876 alteram
2164 2822 2568 2878 transmissori
2599 2824 2789 2894 (Lavit.
2823 2824 3099 2894 xv1,l8).»
3130 2822 3529 2879 Transmissor

1885 2914 2104 2965 sortem
2145 2927 2313 2965 suam
2371 2912 2442 2966 ad
2501 2911 2876 2968 fmneratores
2932 2911 3317 2967 transmittit:
3379 2911 3528 2967 servi

1887 2998 2119 3053 Domini
2145 2999 2203 3053 in
2227 3002 2382 3055 sorte
2404 3004 2544 3055 sunt
2574 3000 2808 3056 Christi.
2849 3002 2911 3055 In
2968 3000 3076 3055 hac
3107 3005 3261 3056 sorte
3306 3000 3529 3056 consti-

1887 3091 2052 3143 tutus
2084 3094 2298 3153 Aaron,
2334 3089 2635 3144 contraria:
2669 3089 2844 3144 sortis
2885 3088 3131 3144 exclusit
3183 3105 3528 3156 aerumnam,

1890 3193 2024 3231 cum
2055 3176 2206 3232 inter
2233 3177 2380 3232 duas
2406 3182 2601 3249 partes
2630 3177 2824 3249 pepuli
2860 3177 3236 3244 constitutus,
3279 3182 3527 3232 mortem

136 3265 354 3333 scindit,
389 3269 492 3324 sed
529 3267 736 3322 dividit
768 3284 781 3333 ;
843 3266 997 3322 sicut
1035 3267 1319 3338 scriptum
1355 3269 1478 3322 est:
1542 3290 1569 3317 «
1634 3266 1779 3321 Divi-
1808 3252 1850 3318 (ἶ
1885 3282 1918 3320 a
1948 3265 2239 3321 defunctis
2272 3282 2502 3337 serpere
2533 3268 2677 3321 617
2734 3266 2791 3320 in
2851 3270 3066 3321 sortem
3124 3266 3384 3320 vivorum
3440 3265 3528 3320 sui
3578 3252 3587 3264 ’

135 3359 323 3409 serunt
348 3357 705 3411 vestimenta
738 3372 867 3411 mea
897 3355 1026 3420 sibi,
1059 3361 1116 3410 et
1144 3372 1324 3427 super
1341 3360 1563 3411 vestem
1581 3372 1771 3410 meam

134 3440 407 3499 miserunt
439 3447 666 3501 sortem
713 3444 860 3498 Paul.
921 3461 1035 3509 xxx,
1076 3445 1152 3516 9).
1186 3466 1213 3494 ››
1281 3443 1609 3499 Diviserunt
1660 3443 1771 3499 sibi

116 3531 484 3604 evangelista:
525 3532 876 3588 vestimenta
898 3533 1045 3604 ejus,
1079 3536 1135 3587 et
1164 3534 1342 3605 super
1369 3536 1589 3588 vestem
1619 3533 1769 3604 ejus,

131 3613 231 3674 hoc
259 3624 367 3687 est,
427 3637 614 3694 super
662 3621 1132 3693 przedieationem
1172 3621 1463 3695 Evangelii
1514 3608 1645 3694 qua
1677 3638 1771 3677 ve-

131 3706 294 3762 stitur
320 3708 618 3781 hodieque
648 3709 934 3765 Dominus
962 3709 1155 3777 Jesus,
1207 3710 1499 3766 miserunt
1528 3713 1767 3765 sortem.

131 3790 284 3851 Illam
318 3797 529 3871 utique
552 3802 791 3866 sortem,
824 3814 952 3869 quas
982 3797 1194 3854 cecidit
1232 3814 1409 3871 super
1439 3798 1772 3867 Matthiam,

126 3885 604 3955 utapostolorum
630 3887 1011 3943 duodecimus
1067 3904 1331 3953 numero,
1389 3886 1620 3941 excluso
1678 3904 1775 3942 no-

130 3969 275 4027 mine
322 3974 664 4046 proditoris,
732 3976 1171 4048 adjungeretur.
1236 3975 1386 4030 Bene
1444 3979 1640 4029 autem
1700 3979 1771 4029 «te

126 4062 491 4134 evangelistis
526 4063 752 4119 dictum
783 4069 872 4119 est
888 4063 1027 4135 quia
1052 4064 1339 4119 miserunt
1360 4068 1577 4118 sortem
1603 4081 1615 4131 ;
1641 4080 1771 4119 sors

126 4147 269 4205 enim
289 4150 472 4207 veluti
505 4149 703 4207 divino
754 4153 968 4223 pendet
1026 4152 1309 4207 examine.
1369 4152 1439 4206 Et
1466 4151 1595 4206 ideo
1636 4150 1775 4224 quia

123 4251 228 4291 non
259 4243 560 4310 potestate
593 4241 831 4311 propria
872 4244 1011 4296 sunt
1066 4240 1266 4310 locuti,
1325 4256 1514 4311 neque
1567 4256 1772 4296 omnes

122 4324 574 4384 eadem‘omnia.
609 4329 709 4383 sed
739 4327 1000 4400 plerique
1030 4329 1300 4384 dixerunt
1346 4328 1594 4397 diversa,
1644 4345 1773 4400 quas

119 4410 260 4469 alius
293 4433 412 4472 non
472 4416 735 4472 dixerat:
790 4416 977 4472 sancti
1019 4417 1273 4489 Spiritus
1322 4417 1570 4489 gratiam
1614 4416 1772 4473 velut

121 4502 317 4559 sortito
345 4505 468 4561 illis
499 4521 572 4561 ea
600 4505 878 4560 tribuisse
920 4506 1353 4578 cognoscimus,
1399 4523 1525 4578 quae
1564 4505 1770 4578 loque—

118 4594 313 4647 rentur
342 4593 571 4667 singuli
600 4594 670 4649 de
698 4594 973 4665 operibus
1027 4593 1258 4650 Domini
1308 4594 1470 4661 Jesu,
1532 4599 1598 4651 ut
1643 4597 1854 4680 ejus‘D

121 4684 281 4748 gesta
310 4681 427 4738 sibi
445 4681 836 4739 describenda
866 4690 969 4755 pro
999 4683 1127 4753 ejus
1159 4686 1306 4738 nutu
1326 4683 1673 4739 dividerent.

177 4768 265 4824 74.
298 4770 405 4827 Est
426 4775 489 4826 et
508 4770 615 4826 illa
634 4771 836 4826 tunica
858 4787 1038 4842 quam
1052 4771 1417 4827 demonstrat
1435 4771 1770 4843 Apostolus,

113 4853 340 4914 dicens:
369 4880 401 4909 «
437 4859 675 4915 Induite
697 4859 1010 4915 Dominum
1042 4860 1247 4915 Jesum
1279 4860 1453 4927 (Rom.
1476 4861 1718 4931 x111,14).
1742 4882 1770 4909 ››

113 4940 235 4999 Haec
263 4950 354 5002 est
382 4948 592 5003 tunica
621 4965 748 5019 quae
778 4948 1085 5004 inhonesta
1111 4949 1298 5020 operit
1338 4953 1556 5016 nostra,
1603 4952 1659 5004 et
1707 4950 1768 5003 in

111 5028 178 5086 iis
210 5033 712 5091 abundantiorem
743 5036 1109 5092 honestatem
1131 5036 1457 5092 circumdat
1505 5037 1563 5092 in
1594 5036 1766 5092 Chri-

110 5121 217 5174 sto.
276 5122 597 5179 Induimus
656 5124 880 5180 viscera
937 5117 1350 5180 misericordiae
1395 5124 1452 5179 in
1513 5123 1762 5190 Christo,

106 5206 409 5267 induimus
430 5211 630 5268 crucis
660 5211 927 5284 gloriam,
962 5231 1087 5285 quae
1127 5213 1344 5268 Judaeis
1396 5213 1762 5278 scandalum,

106 5295 313 5354 Graecis
342 5299 579 5355 sultitia
608 5301 931 5357 videbatur.
978 5301 1064 5357 Illi
1096 5302 1470 5365 erubescunt,
1503 5301 1603 5372 qui
1635 5317 1768 5356 eam

107 5386 574 5443 erubescendam
612 5393 824 5461 putant
851 5408 861 5445 :
898 5389 1065 5446 nobis
1098 5394 1292 5446 autem
1323 5390 1475 5445 absit
1504 5388 1764 5463 gloriari,

106 5471 219 5528 nisi
250 5474 311 5530 in
342 5491 541 5543 cruce,
571 5476 801 5532 Domini
845 5479 1005 5534 Jesu.
1046 5478 1177 5533 Hmc
1224 5477 1507 5550 ignobilia
1564 5482 1766 5533 nostra

1883 3353 2138 3425 corporis
2170 3371 2283 3409 non
2316 3354 2584 3425 permisit
2605 3355 2857 3426 obiectu.
2882 3354 3068 3425 Hujus
3095 3353 3271 3409 sortis
3309 3354 3527 3409 bonum

1884 3442 2097 3515 pignus
2128 3451 2215 3498 est
2264 3442 2439 3497 Verbi
2502 3443 2778 3498 amictus.
2838 3443 2995 3498 Hanc
3051 3443 3215 3499 vobis
3269 3442 3529 3499 tunicam

1883 3530 2025 3585 nulli
2080 3548 2261 3586 nenco
2317 3532 2566 3597 auferat,
2640 3532 2981 3599 debitores;
3035 3531 3185 3587 hanc
3266 3530 3526 3586 tunicam

1882 3617 2299 3691 Oppigneretis,
2361 3620 2411 3675 si
2472 3619 2649 3676 vultis
2719 3637 3023 3692 nunquam
3099 3619 3567 3692 turpitudinem.

1883 3707 2196 3775 sustinere,
2233 3712 2296 3763 ut
2331 3708 2637 3764 dormiatis
2667 3708 2823 3764 inter
2863 3708 3050 3765 eleros
3107 3709 3261 3764 sicut
3310 3713 3525 3776 Aaron,

1882 3796 2187 3853 dormiatis
2210 3797 2362 3853 inter
2381 3797 2497 3853 duo
2524 3799 2917 3866 Testamenta,
2944 3801 3007 3853 ut
3028 3797 3333 3854 dormiatis
3365 3813 3529 3853 som-

1883 3901 2023 3939 num
2055 3885 2519 3954 resurrectionis,
2551 3890 2608 3942 et
2633 3902 2735 3942 vos
2771 3903 3038 3957 reparare
3095 3885 3351 3957 possitis.
3413 3885 3529 3940 Hoc

1881 3977 1969 4027 est
2002 3973 2415 4029 vestimentum
2448 3975 2602 4046 quod
2627 3975 2857 4030 etiamsi
2905 3973 3400 4046 oppigneraveris,
3441 3989 3529 4028 re-

1883 4060 2221 4131 cipiendum
2260 4061 2319 4115 in
2350 4061 2674 4116 Proverbiis
2707 4065 2946 4117 sanctus
2976 4060 3251 4117 Salomon
3296 4062 3525 4128 suadet,

1881 4148 2079 4203 dicens
2102 4164 2114 4202 :
2148 4171 2175 4197 «
2202 4148 2379 4203 Aut'er
2405 4147 2818 4204 vestimentum
2851 4153 3018 4204 tuum
3046 4166 3058 4205 :
3093 4149 3345 4221 praeterit
3373 4151 3529 4204 enim

1880 4237 2204 4307 injuriosus
2226 4239 2248 4306 (
2270 4239 2430 4292 Prov.
2462 4254 2637 4304 xxvn,
2665 4238 2774 4309 13).
2809 4259 2837 4287 ››

1948 4328 2035 4380 77.
2073 4325 2383 4397 Sapientia:
2412 4324 2825 4381 vestimentum
2858 4329 2947 4382 est
2976 4343 3041 4382 ex
3081 4324 3529 4383 illisindumen-

1880 4414 1955 4470 tis
1987 4432 2113 4486 quan
2147 4432 2215 4470 ex
2245 4415 2420 4487 bysso
2460 4418 2517 4469 et
2549 4430 2806 4487 purpura
2855 4412 3143 4488 sapientia
3194 4416 3305 4471 sibi
3354 4416 3525 4472 fecit:

1880 4504 1988 4560 hoc
2022 4507 2128 4571 est,
2162 4503 2578 4559 indumentum
2598 4504 2731 4560 tidei
2763 4508 2992 4560 constat
3020 4521 3088 4560 ex
3123 4505 3530 4576 praedicatione

1885 4592 2230 4659 cmlestiuni,
2256 4597 2311 4648 et
2341 4592 2653 4649 Dominieae
2687 4593 2973 4666 sanguine
3004 4595 3295 4666 passionis
3320 4595 3529 4667 :hysso

1885 4681 2134 4737 aethere-:1
2166 4682 2517 4753 ﬁgurantur,
2552 4699 2823 4754 purpurae
2846 4684 3037 4755 specie
3068 4682 3411 4756 mysterium
3444 4700 3532 4739 sa-

1882 4771 1961 4825 eri
1995 4770 2300 4843 sanguinis
2340 4769 2687 4836 declaratur,
2721 4788 2838 4843 quo
2873 4788 3115 4843 regnum
3140 4771 3369 4827 cmleste
3400 4788 3532 4825 con-

1883 4859 2086 4914 fertur.
2123 4858 2386 4929 Denique
2416 4858 2829 4914 vestimentum
2872 4859 3171 4931 sapientia:
3213 4858 3529 4931 signiﬁcari

1884 4946 2190 5018 superiora
2234 4946 2496 5001 indicant
2558 4948 2718 5018 (60):
2770 4947 3055 5019 praemisit
3088 4946 3242 5001 enim
3293 4946 3527 5001 dicens:

1882 5057 1910 5086 «
1944 5034 2190 5105 Sapiens
2242 5039 2386 5100 esto,
2431 5034 2535 5100 fili,
2586 5039 2651 5090 ut
2698 5034 2924 5090 laetetur
2977 5050 3077 5089 cor
3131 5039 3298 5089 tuum
3348 5034 3526 5105 (Prov.

1879 5141 2055 5189 xxvn,
2114 5123 2219 5191 il).
2260 5144 2284 5169 n
2316 5123 2387 5177 Et
2432 5122 2580 5178 infra
2611 5124 2757 5179 duos
2823 5139 3025 5178 versus
3077 5122 3200 5177 ait:
3245 5144 3269 5176 α
3302 5123 3531 5195 Impru-

1879 5213 2083 5267 dentes
2134 5213 2330 5264 autem
2403 5212 2879 5281 supervenientes
2941 5211 3221 5266 damnum
3276 5211 3534 5283 pendent

1878 5300 2176 5370 (Ibid.12).
2210 5321 2232 5345 η
2289 5300 2464 5352 Aufer
2522 5300 2934 5356 vestimentum
2986 5305 3175 5367 tuum.
3201 5299 3377 5355 Aufer
3423 5294 3531 5372 igi-

1880 5394 1995 5451 tur.
2028 5405 2100 5444 ne
2133 5388 2418 5443 damnum
2453 5386 2708 5457 excipias
2736 5390 3147 5461 imprudentia:
3174 5407 3187 5457 ;
3217 5394 3274 5446 et
3304 5405 3372 5445 ne
3403 5406 3535 5444 exu-

1877 5483 2001 5534 tum
2039 5481 2094 5533 te
2129 5476 2366 5548 proprio
2393 5475 2742 5529 vestimento
2789 5478 3188 5546 nequissimus
3230 5478 3326 5534 ille
3371 5494 3531 5537 0οη]-

192 5704 304 5778 (60)
337 5705 488 5762 God.
528 5703 720 5773 Dion.,
747 5709 939 5781 pejora
976 5708 1219 5776 indicat;
1256 5706 1351 5764 alii
1418 5723 1641 5780 omnes,
1698 5710 1985 5780 superiora
2017 5710 2265 5771 indicat;
2296 5706 2526 5764 edit”...
2554 5704 2819 5763 indicant.
