3866 6212
235 664 408 732 Quem
437 663 820 731 faeneratorem
847 665 1064 718 imitari
1090 663 1378 721 debeamus
1397 685 1414 726 ,·
1436 668 1486 718 et
1512 666 1766 732 interimis:

309 735 495 791 etesiae
525 733 665 790 Deus
695 735 818 806 plus
847 735 1070 800 dederit,
1103 738 1194 792 cui
1223 745 1272 789 et
1321 738 1438 806 ipse
1481 739 1607 806 plus
1646 738 1890 791 rutilum

312 823 423 860 non
451 807 701 874 exigenti
719 824 741 870 ;
772 808 939 878 deque
967 807 1154 860 (Urina
1173 808 1575 864 misericordiae
1606 826 1668 861 ue
1692 808 1895 878 judicii

314 879 740 949 dispensatione.
1321 891 1324 894 ’

312 969 401 1022 85.
434 969 620 1038 Atque
652 971 716 1021 ut
737 967 934 1022 sciatis
958 967 1112 1037 quod
1138 967 1354 1021 amanti
1379 965 1499 1021 htec
1524 968 1730 1022 affectu
1759 984 1891 1023 sua-

236 1057 436 1120 deam,
471 1058 533 1110 ut
555 1049 753 1110 sciatis
772 1045 929 1126 quod
953 1055 1120 1110 liceat
1144 1061 1199 1109 et
1226 1056 1368 1111 bene
1389 1057 1687 1122 faenerare,
1707 1062 1896 1111 esten»

236 1146 380 1199 dam
439 1144 604 1198 vobis
662 1161 832 1214 quem
885 1147 1286 1199 faeneratorem
1347 1144 1606 1199 debeatis
1653 1145 1890 1199 imitari.

241 1256 269 1282 ‹‹
307 1239 450 1297 Duo,
483 1231 693 1303 inquit,
727 1238 890 1287 erant
913 1233 1202 1287 debitores
1237 1234 1336 1287 uni
1361 1234 1707 1300 t'cnneratori,
1744 1252 1894 1288 unus

239 1323 497 1377 debebat
527 1321 795 1377 denarios
827 1324 1198 1392 quingentos,
1233 1321 1384 1376 alius
1445 1323 1889 1394 quinquaginta.

238 1412 373 1466 Non
404 1409 755 1466 habentibus
785 1409 901 1464 illis
933 1412 1085 1464 unde
1117 1412 1441 1476 redderent,
1467 1412 1700 1466 donavit
1730 1413 1897 1466 utris-

241 1517 380 1571 que.
415 1499 553 1565 Quis
576 1515 711 1570 ergo
726 1516 856 1553 eum
878 1499 1012 1571 plus
1034 1499 1270 1572 diligit?
1298 1501 1674 1570 Respondeas
1696 1501 1896 1555 Simon

243 1589 576 1644 Pharisazus
611 1587 789 1642 dixit:
825 1588 1065 1642 .iﬂstimo
1099 1589 1239 1658 quia
1269 1589 1317 1643 is
1351 1588 1439 1642 cui
1485 1587 1615 1659 plus
1664 1590 1901 1645 donavit

239 1679 402 1744 (Luc.
447 1694 546 1744 νη,
579 1678 788 1746 lit-43).
829 1698 855 1724 ››
893 1677 954 1730 Et
985 1676 1221 1731 laudata
1269 1683 1356 1732 est
1402 1679 1691 1732 sententia
1749 1680 1898 1749 ejus,

241 1767 474 1821 dicente
507 1765 788 1819 Domino:
824 1789 849 1814 ‹‹
888 1766 1058 1820 Recte
1108 1766 1411 1834 judicasti.
1450 1789 1476 1814 ››
1521 1768 1690 1822 Recte
1741 1768 1901 1838 judi-

243 1855 402 1910 cavit
433 1853 776 1918 Pharisaeus,
815 1855 912 1930 qui
948 1853 1097 1908 male
1128 1855 1420 1925 cogitavit,
1482 1862 1696 1926 putans
1747 1858 1898 1927 (Iuntl

1609 454 1850 520 LIBER:
1887 451 1990 518 DE
2033 453 2267 520 TOBIA
2284 500 2299 519 .

3503 471 3515 478 ’
3539 461 3664 522 830

1926 597 1974 657 Α
2005 596 2350 661 trectamus,
2381 592 2483 648 sed
2520 591 2791 649 aVaritiaz.
2826 589 2944 649 Nec
2966 591 3116 649 fallit
3145 592 3362 652 dixisse
3415 595 3669 668 aliquos,

2005 699 2133 734 eum
2197 687 2328 736 male
2383 682 2492 737 hoc
2553 683 2799 737 biduum
2855 686 3140 738 tractatus
3182 687 3380 738 noster
3466 703 3667 740 eorum

2002 773 2441 842 eompunxisset
2471 771 2779 827 affectum:
2817 771 2964 836 Quid
2990 771 3101 827 sibi
3133 772 3315 828 voluit
3359 775 3671 846 episcopus

2003 860 2279 915 adversus
2312 861 2685 916 fmneratorcs
2719 867 2985 926 tractare,
3010 861 3178 932 quasi
3207 881 3421 918 novum
3446 863 3666 936 aliquid

2002 948 2328 1003 admissum
2352 949 2448 1011 sit,
2481 949 2651 1019 quasi
2684 950 2741 1003 id
2768 967 2881 1004 non
2922 950 3095 1005 etiam
3130 951 3461 1021 superiores
3522 954 3669 1008 fece-

2003 1039 2137 1102 rint,
2171 1039 2339 1107 quasi
2377 1053 2489 1091 non
2526 1045 2687 1092 vetus
2713 1038 2788 1094 sit
2823 1026 3104 1094 ttsnerare
3128 1040 3154 1093 ’2
3192 1039 3405 1096 Verum
3430 1046 3539 1112 est,
3569 1060 3672 1098 nec

2003 1142 2107 1194 ego
2141 1127 2367 1179 abnuo:
2405 1126 2506 1180 sed
2539 1131 2594 1180 et
2621 1125 2794 1196 culpa
2821 1131 2990 1182 vetus
3023 1133 3132 1182 est.
3163 1129 3420 1200 Denique
3474 1148 3671 1202 pecca-

2003 1232 2128 1294 tum
2164 1216 2234 1268 ab
2265 1215 2448 1268 Adam
2482 1233 2493 1269 :
2530 1232 2598 1270 ex
2633 1215 2726 1269 illo
2764 1214 2956 1286 culpa,
3015 1232 3082 1270 ex
3116 1233 3228 1287 quo
3279 1222 3338 1272 et
3385 1220 3537 1274 Eva:
3607 1239 3675 1276 ex

2007 1303 2104 1369 illo
2137 1303 2552 1373 prievarieatio,
2585 1319 2653 1356 ex
2686 1321 2802 1374 quo
2834 1309 2889 1358 et
2921 1303 3180 1359 humana
3225 1306 3502 1362 conditio.
3556 1308 3667 1364 Sed

2007 1392 2134 1445 Ideo
2167 1391 2432 1446 Christus
2463 1393 2638 1458 venit,
2694 1400 2757 1447 ut
2816 1393 3137 1449 inveterata
3193 1395 3468 1463 aboleret,
3531 1414 3679 1453 nova

2007 1482 2321 1544 conderet;
2371 1486 2430 1535 et
2471 1498 2597 1551 qua:
2657 1481 3078 1536 inveteraverat
3127 1483 3316 1554 culpa,
3379 1492 3678 1542 renovaret

2009 1571 2216 1640 gratia.
2272 1569 2402 1624 Ideo
2461 1587 2522 1625 se
2587 1570 2841 1642 passioni
2900 1570 3129 1635 obtulit,
3186 1578 3247 1626 ut
3306 1580 3679 1630 renovaretur

2011 1658 2242 1729 spiritu,
2276 1665 2335 1713 et
2366 1659 2695 1714 absolveret
2726 1660 3028 1714 universos
3069 1660 3251 1729 (Conf.
3311 1669 3462 1733 Aug.
3522 1663 3624 1718 lib.
3662 1683 3676 1718 ι

2011 1750 2188 1800 contr.
2222 1749 2332 1802 Jul.
2369 1749 2553 1816 Pelag.
2591 1765 2639 1800 c.
2673 1749 2747 1818 3).
2784 1747 3062 1804 Diabolus
3106 1754 3300 1805 autem
3357 1751 3532 1806 Evam
3579 1753 3676 1808 de-

2013 1835 2186 1906 cepit,
2223 1841 2287 1890 ut
2319 1836 2728 1906 supplantaret
2757 1837 2969 1906 virum,
3031 1837 3314 1909 obligaret
3370 1839 3676 1897 haeredita-

243 1945 542 2016 ignoraret
572 1943 760 2014 magis
789 1941 1070 1997 Dominus
1103 1949 1341 2012 peccata
1385 1944 1670 2011 mulieris,
1726 1962 1904 2015 quam
1945 1960 1990 2024 Β
2020 1929 2158 1978 tem-

245 2032 512 2087 donaret.
546 2033 652 2085 Sed
689 2031 963 2086 laudatur
991 2032 1119 2100 ejus
1151 2031 1456 2098 sententia,
1492 2038 1554 2086 ut
1614 2035 1911 2089 excusatio

248 2121 300 2176 ei
337 2120 529 2175 omnis
559 2121 872 2174 adimatur.
955 2113 960 2118 ’

323 2212 413 2263 86.
449 2208 586 2264 Plus
611 2208 925 2263 remissum
957 2214 1045 2263 est
1076 2209 1366 2273 Ecclesiae,
1401 2225 1527 2280 qure
1563 2217 1912 2283 congregata

249 2304 343 2353 est
373 2313 442 2352 ex
471 2289 686 2368 populo
717 2297 1043 2362 nationum,
1097 2299 1376 2368 quoniam
1432 2299 1566 2370 plus
1624 2301 1906 2354 debebat:

250 2386 357 2441 sed
389 2391 444 2441 et
471 2384 760 2457 ipsaplus
783 2385 952 2440 solvit
1002 2404 1112 2440 non
1175 2385 1446 2457 exigenti,
1500 2389 1598 2442 sed
1648 2389 1907 2455 donanti,

251 2474 424 2531 Dedit
453 2465 667 2545 aquam
726 2471 990 2546 pedibus
1023 2476 1262 2546 Christi,
1315 2477 1452 2547 quia
1509 2495 1613 2531 sua
1672 2487 1911 2547 peccata

252 2564 600 2619 mandavit:
637 2562 900 2619 osculata
930 2570 1017 2619 est
1040 2565 1244 2638 pedes,
1308 2566 1497 2619 ferens
1556 2565 1715 2636 pacis
1764 2567 1907 2621 insi-

249 2653 423 2725 gnia:
461 2652 621 2707 misit
648 2651 839 2706 oleum
875 2651 931 2705 in
961 2654 1157 2722 pedes,
1193 2655 1339 2722 ejus,
1366 2653 1825 2708 misericordiam
1855 2661 1911 2710 et

249 2742 390 2813 ipsa
421 2741 476 2795 in
502 2728 785 2812 pauperes
810 2740 1287 2794 conferendonti
1314 2747 1452 2796 sunt
1477 2743 1653 2813 pedes
1672 2744 1905 2811 Christi,

250 2831 313 2884 in
347 2830 439 2885 his
469 2829 840 2884 innocentius
897 2829 1162 2883 ambulat
1221 2829 1505 2884 Christus.
1569 2831 1632 2884 Et
1683 2831 1909 2901 capillis

252 2918 464 2989 capitis
495 2919 582 2973 sui
615 2917 800 2972 tersit.
863 2916 1092 2972 Christo
1141 2918 1294 2972 enim
1355 2919 1718 2985 humiliatur,
1781 2923 1908 2990 qui-

252 3024 490 3077 cunque
521 3007 697 3061 habet
729 3006 1078 3060 humilitatis
1109 3007 1400 3061 ati‘ectum.
1439 3030 1465 3057 «
1517 3009 1582 3062 Et
1613 3009 1761 3071 ideo,
1820 3009 1906 3062 in-

252 3096 406 3166 quit,
456 3095 701 3150 dimissa
740 3098 878 3150 sunt
928 3099 1156 3166 peccata
1185 3098 1313 3166 ejus
1363 3095 1569 3162 multa,
1629 3098 1906 3167 quoniam

254 3184 467 3239 direxit
496 3183 752 3238 multum
775 3183 932 3253 (Ibid.
967 3185 1076 3253 47).
1113 3206 1140 3231 ››

329 3274 423 3328 87.
471 3273 716 3327 Advorte
783 3273 937 3342 quod
999 3272 1284 3328 Dominus
1333 3280 1387 3327 et
1449 3274 1906 3332 misericordiam

253 3360 430 3434 quasi
463 3359 722 3416 liberalis
753 3361 1031 3430 impertit,
1065 3367 1120 3415 et
1143 3361 1435 3431 judicium
1492 3380 1624 3417 cum
1676 3363 1914 3419 misera-

250 3450 416 3506 tione
464 3448 784 3520 disponsat.
836 3452 984 3504 Ante
1032 3450 1267 3504 donavit
1315 3466 1416 3521 per
1479 3451 1751 3523 gratiam,
1813 3458 1908 3508 sed

251 3539 473 3611 quibus
511 3539 751 3593 donaret
794 3538 1033 3592 sciebat.
1088 3537 1212 3592 Non
1263 3538 1440 3593 habet
1486 3541 1639 3611 quod
1682 3547 1916 3598 excuset

249 3628 515 3684 Judazus.
560 3625 700 3681 Mihi
760 3627 926 3697 quasi
978 3627 1263 3696 peccatori
1317 3627 1487 3698 plura
1533 3629 1788 3698 donavit,
1833 3630 1914 3684 illi

257 3717 437 3788 quasi
471 3715 698 3786 ingrato
743 3714 971 3769 minora
1001 3715 1306 3770 concessit.
1332 3717 1508 3772 Scivit
1540 3722 1731 3772 tamen
1760 3720 1914 3790 quod

249 3812 314 3862 et
381 3804 478 3858 ille
544 3804 710 3874 quasi
775 3803 1040 3878 ingratus
1113 3821 1228 3862 non
1299 3806 1486 3876 possit
1571 3807 1722 3877 quod
1821 3825 1915 3872 ae-

252 3894 513 3965 cepisset
542 3891 854 3958 exsolvere,
887 3896 943 3947 et
984 3883 1242 3947 Esclesia
1299 3910 1524 3949 memor
1593 3883 1788 3966 gratia:
1848 3911 1915 3951 eo

255 3981 438 4056 plura
467 3980 729 4046 solveret,
763 3997 875 4050 quo
907 3979 1079 4052 plura
1109 3981 1438 4037 meruisset.

757 4070 911 4125 620
942 4069 1170 4125 CAPUT
1193 4071 1387 4124 XXlII.

255 4159 652 4230 Oggerentibus
708 4173 892 4213 usurae
949 4160 1339 4229 antiquitatem
1410 4162 1696 4228 reponitur
1751 4164 1914 4216 etiam

333 4228 565 4298 culpam
606 4231 895 4302 antiquam
942 4228 1092 4296 esse,
1125 4247 1300 4302 Aquam
1359 4231 1599 4302 solutum
1672 4231 1919 4288 Christus

336 4302 568 4365 venerit,
593 4299 865 4355 inpedierit
896 4303 1074 4354 autem
1105 4299 1355 4355 diabolus
1383 4318 1399 4353 :
1427 4301 1552 4355 huic
1565 4304 1914 4372 fmueralores

330 4373 657 4436 ussimilari,
708 4387 808 4425 nec
865 4387 974 4426 non
1022 4373 1190 4444 etiam
1252 4387 1338 4427 eos
1383 4375 1492 4443 qui
1539 4373 1915 4444 ﬁdejussorem

331 4444 599 4512 obligant,
631 4445 692 4496 in
736 4459 841 4514 quo
890 4443 997 4497 sibi
1041 4443 1278 4498 alterum
1318 4451 1528 4514 parant
1599 4447 1910 4502 inimicum.

332 4516 506 4582 Quam
530 4513 843 4588 cavendum
875 4516 970 4580 sit,
1029 4532 1094 4567 ne
1133 4517 1271 4588 quis
1320 4513 1419 4585 pro
1448 4517 1559 4570 alio
1594 4533 1649 4571 se
1692 4518 1909 4588 obliget,

331 4589 428 4640 aut
457 4586 649 4641 saltem
668 4601 769 4655 pro
799 4601 1013 4640 summa
1051 4587 1162 4640 suis
1187 4587 1392 4658 majore
1412 4588 1766 4656 lacunalibus
1789 4594 1806 4643 .’

2094 2058 2182 2112 89.
2221 2059 2363 2124 Quid
2403 2059 2778 2114 faeneratores
2812 2059 3078 2114 faciunt?
3101 2060 3677 2132 Decipiuntdefmne-

2025 2151 2200 2212 ratos,
2229 2146 2491 2218 obligant
2515 2149 2890 2216 ﬁdejussores
2917 2167 2928 2203 :
2952 2149 3050 2203 sed
3086 2166 3200 2204 non
3227 2150 3440 2206 Tobias
3460 2152 3675 2224 pignus

2023 2236 2307 2305 quresivit,
2345 2242 2443 2290 aut
2476 2236 2879 2306 ﬁdejussorem
2938 2239 3201 2309 poposcit
3230 2239 3370 2308 (Tob.
3409 2258 3424 2293 ῐ
3485 2242 3569 2306 17,
3629 2251 3679 2297 et

2025 2342 2094 2386 iv,
2129 2327 2237 2390 2?).
2273 2325 2604 2379 Curandum
2623 2329 2710 2378 est
2741 2324 2937 2396 igitur,
2958 2330 3022 2379 ut
3052 2324 3454 2396 ﬁdejussorem
3476 2332 3674 2404 requi-

2020 2430 2134 2473 ras,
2170 2418 2232 2466 ut
2263 2431 2393 2468 eum
2427 2412 2543 2467 tuis
2576 2413 2914 2468 nominibus
2949 2416 3261 2485 astringas.
3297 2417 3440 2471 Ecce
3497 2436 3672 2490 para-

2021 2506 2113 2554 tur
2144 2500 2288 2554 alter
2318 2501 2613 2556 inimicus.
2648 2503 2788 2557 Nam
2822 2520 2950 2556 eum
3014 2521 3126 2557 non
3188 2504 3461 2560 habueris
3519 2510 3674 2564 unde

2020 2590 2284 2643 debitum
2325 2589 2535 2655 solvas,
2568 2589 2663 2644 ille
2699 2609 2798 2663 pro
2831 2596 2883 2645 te
2916 2593 3222 2647 tenebitur.
3280 2593 3564 2651 Inveniris
3620 2598 3679 2651 in

1981 2745 1984 2748 .
2019 2696 2083 2732 eo
2116 2679 2538 2733 circumventor
2567 2682 2621 2732 et
2653 2678 2844 2744 fallax,
2880 2680 2976 2750 qui
3038 2682 3292 2735 amicum
3353 2683 3670 2755 deceperis.
3698 2687 3709 2696 ’

2020 2766 2118 2821 Ille
2153 2766 2487 2832 nudabitur,
2525 2766 2617 2821 ille
2648 2784 2750 2838 pro
2775 2771 2827 2822 te
2852 2768 2909 2822 in
2927 2767 3158 2822 vincula
3183 2770 3468 2826 ducetur:
3505 2773 3670 2830 illum

2019 2857 2337 2926 graviorem
2374 2861 2696 2910 exactorem
2733 2858 3018 2911 creditore
3051 2859 3289 2929 patieris
3311 2860 3407 2930 qui
3442 2860 3674 2934 allegat:

2020 2943 2255 2997 stimula
2287 2944 2466 2998 civem
2502 2939 2666 2998 tuum
2702 2961 2874 3015 quem
2909 2947 3297 3017 spopondisti;
3333 2949 3414 3003 Ita
3457 2951 3556 3004 ﬁet
3614 2956 3678 3006 ut

2018 3033 2142 3102 ipse
2175 3049 2403 3103 quoque
2435 3050 2560 3087 esse
2605 3033 2852 3103 incipias
2909 3035 3196 3103 ingratus,
3258 3042 3313 3090 et
3372 3041 3677 3108 praetereas

2016 3120 2161 3176 illud
2196 3123 2350 3191 quod
2385 3122 2668 3192 scriptum
2702 3127 2829 3178 est:
2865 3146 2891 3171 ‹‹
2925 3123 3185 3179 Gratiam
3239 3129 3680 3196 repremissoris

2018 3227 2088 3263 ne
2115 3209 2664 3272 obliviscarisﬁedit
2685 3211 2837 3264 enim
2858 3229 2960 3281 pro
2978 3216 3033 3265 te
3057 3213 3313 3268 animam
3340 3215 3550 3270 bonam
3567 3220 3679 3288 (64)

1945 3322 1986 3387 ρ
2027 3299 2214 3368 (Ereti.
2248 3315 2399 3363 xxxx,
2431 3299 2540 3369 20).
2579 3322 2604 3346 ››
2637 3299 2882 3354 Necesse
2913 3304 3002 3354 est
3058 3300 3216 3355 dicas
3253 3320 3263 3356 :
3323 3303 3465 3366 Quis
3523 3305 3676 3360 enim

2025 3391 2079 3440 te
2111 3387 2403 3458 quierebat
2438 3387 2606 3442 tidem
2639 3387 2877 3442 dicere?
2905 3387 3050 3442 Nam
3076 3388 3186 3442 nisi
3212 3393 3272 3444 tu
3303 3390 3476 3446 ﬁdem
3500 3391 3676 3447 dixis-

2024 3491 2138 3538 ses,
2169 3492 2274 3546 ego
2311 3491 2424 3528 non
2457 3475 2808 3546 accepissem
2845 3476 3174 3547 pecuniam.
3209 3477 3551 3534 Adulteram
3583 3498 3678 3536 ac-

2023 3565 2145 3635 cepi
2177 3564 2505 3635 peeuniam,
2539 3581 2616 3618 aes
2649 3581 2789 3618 auro
2821 3565 3139 3619 admistum
3173 3565 3316 3620 mihi
3349 3568 3528 3624 dedit:
3563 3571 3673 3623 uti-

2024 3670 2156 3706 nam
2192 3659 2244 3707 te
2278 3670 2388 3707 non
2422 3653 2769 3708 obtulisses!
2807 3654 3072 3709 Fortasse
3105 3655 3357 3710 creditor
3387 3660 3443 3712 te
3474 3659 3679 3713 subor-

2023 3742 2263 3807 dinavit,
2295 3742 2382 3796 vel
2414 3746 2475 3796 tu
2517 3742 2704 3796 illum.

2063 3871 2184 3932 '90..
2216 3876 2363 3947 Ergo
2394 3893 2528 3932 cave
2561 3891 2630 3931 ne
2673 3876 2859 3931 alieno
2918 3881 2972 3931 te
3029 3875 3250 3948 obliges
3307 3879 3544 3947 debito;
3608 3898 3678 3936 ne

2025 3964 2133 4019 hoc
2165 3981 2396 4035 quoque
2427 3965 2756 4020 vendidisse
2787 3966 2999 4020 dicaris
3030 3983 3041 4019 :
3079 3983 3149 4019 ne
3181 3967 3228 4019 si
3261 3967 3402 4037 quid
3456 3968 3580 4036 tibi,
3616 3975 3678 4024 ut

2025 4053 2200 4107 habet
2231 4071 2372 4107 usus
2406 4051 2692 4118 amicitia),
2727 4053 2952 4107 debitor
2981 4053 3205 4107 dederit
3234 4054 3434 4125 gratiae
3464 4058 3597 4126 (65),
3625 4063 3676 4112 te

2025 4141 2285 4194 videatur
2339 4141 2572 4195 emisse.
2629 4144 2746 4195 Aut
2802 4141 2848 4194 si
2908 4142 2992 4195 vis
3062 4141 3428 4208 intervenire,
3485 4160 3674 4200 move-

2025 4230 2105 4285 ris
2154 4229 2325 4284 amici
2395 4230 2732 4284 obsecratus
2799 4229 2998 4294 oratis,
3066 4230 3360 4285 erubescis
3421 4249 3673 4304 negare:

2024 4321 2104 4373 ita
2173 4318 2472 4386 interveni,
2537 4322 2596 4371 ut
2629 4318 2675 4372 si
2719 4318 2910 4373 debito
2963 4317 3239 4373 solvendo
3292 4336 3406 4373 non
3497 4321 3679 4377 fuerit

2023 4410 2092 4463 de
2159 4414 2257 4462 tuo
2317 4406 2543 4462 noveris
2604 4425 2738 4490 esse
2790 4407 3152 4463 solvendum.
3227 4408 3287 4463 In
3375 4408 3495 4464 hinc
3575 4427 3675 4482 pa-

2021 4503 2184 4554 ratus
2216 4497 2442 4552 accede.
2480 4496 2695 4575 Legisti
2722 4483 2880 4550 Enim
2913 4515 2930 4550 :
2970 4520 2996 4547 ‹‹
3031 4497 3154 4551 Non
3179 4498 3470 4570 spondeas
3502 4516 3678 4570 super

2020 4587 2290 4642 virtutem
2327 4591 2484 4641 tuam
2513 4604 2524 4654 ;
2558 4587 2600 4642 si
2635 4587 2790 4641 enim
2827 4586 3236 4659 spoponderis,
3271 4588 3440 4660 quasi
3500 4589 3674 4644 resti-

327 4674 425 4750 88.
453 4673 687 4730 Habetis
717 4690 851 4755 ergo
885 4690 1054 4745 quem
1091 4675 1420 4745 sequamini
1484 4676 1908 4748 temeratorem,
1945 4691 1989 4755 D
2023 4683 2191 4732 tuens
2223 4675 2414 4746 cogita
2444 4675 2628 4745 (Eccli.
2664 4693 2784 4742 v1.1,
2821 4675 2927 4747 16).
2964 4697 2991 4724 »
3021 4676 3092 4734 Et
3123 4676 3269 4731 infra
3299 4696 3309 4730 :
3375 4700 3401 4725 ‹‹
3464 4676 3675 4750 Recipe

246 4761 301 4818 si
336 4747 513 4815 vultis
544 4750 720 4816 laude.
747 4761 972 4828 donari,
1009 4761 1053 4816 si
1100 4757 1281 4822 vultis
1307 4780 1421 4817 non
1454 4780 1581 4818 esse
1613 4767 1766 4836 quod
1819 4784 1906 4822 re~

245 4849 653 4924 prehendatur
683 4866 716 4904 a
747 4850 934 4906 nobis.
970 4849 1084 4905 Nos
1117 4851 1271 4908 enim
1324 4868 1436 4906 non
1494 4869 1753 4924 personae
1810 4855 1909 4910 ob-

329 4991 441 5062 (64)
492 4991 628 5045 LXX
684 4991 898 5061 interp.
963 4999 1140 5047 ἔδωκεν
1194 5003 1287 5064 γὰρ
1347 5004 1439 5060 τὴν
1504 5003 1672 5066 ψυχὴν
1761 5004 1908 5052 αὑτοῦ

249 5073 382 5131 ὑπὲρ
416 5073 521 5119 σοῦ.
557 5071 736 5136 Ἀγαθᾲ
797 5070 969 5132 ἐγγύου
1036 5071 1296 5135 ἀνατρέψει
1343 5072 1664 5136 γὰμαρτωλός,
1750 5067 1908 5121 Unus

250 5151 402 5190 mss.
438 5138 614 5204 atque
631 5134 768 5189 edit.
802 5135 1092 5206 Compt'ut,
1130 5134 1477 5200 utNobilius
1505 5137 1692 5204 docet,
1726 5146 1906 5194 ἔδωκεν

246 5217 346 5276 γὰρ
402 5216 506 5280 δὴ(
554 5214 738 5280 μᾼψυχὴν
793 5213 966 5280 -αῶτοῦ-
1017 5214 1136 5280 ὑπὲρ
1227 5217 1310 5262 σοῦ
1372 5216 1611 5280 ν’ΛγαιΟὴν
1705 5217 1904 5280 ἔγγέτρι,

246 5271 361 5332 etc.
398 5271 507 5329 Sed
539 5271 911 5331 Ambrosium
952 5271 1160 5349 legisse
1219 5271 1476 5349 oportet,
1538 5271 1894 5352 ἕεο›κεν”γέιρ

244 5359 345 5415 τὴν
410 5356 579 5419 ψυχὴν
635 5355 784 5403 αὑτοῦ
852 5355 972 5419 ὑπὲρ
1039 5357 1124 5403 σοῦ
1195 5356 1382 5418 ἀγαθὴν
1448 5358 1669 5418 Ἐγνύην,
1771 5359 1902 5419 ete.,

243 5419 753 5490 quemadmodum
781 5421 1103 5474 observavit
1133 5419 1286 5474 idem
1321 5420 1605 5476 Nobilius.

324 5489 684 5570 ((-35)_.Omn_es
718 5491 880 5555 edit.,
914 5507 985 5570 ne
1012 5491 1392 5570 seguoitibi
1419 5494 1501 5570 (ut
1557 5493 1717 5548 habet
1775 5511 1904 5550 usus

248 5561 543 5634 αοηξίείἰίέε)
584 5561 813 5634 debetur
862 5565 955 5616 aut
1004 5561 1211 5634 debitor
1238 5562 1445 5617 dederit
1501 5573 1723 5632 gratiae,
1785 5575 1899 5621 vet.

246 5632 388 5687 edit.
426 5632 586 5686 cum"
617 5649 756 5687 mss.
794 5633 962 5688 Torn.
995 5637 1049 5686 et
1078 5633 1224 5687 Vict.
1280 5639 1337 5688 ut
1391 5634 1640 5689 uideatur
1691 5640 1900 5693 ciuisse.

247 5704 445 5772 Rom.,
480 5707 540 5757 ut
570 5716 601 5756 a
633 5712 682 5758 te
731 5703 985 5759 videatur
1011 5707 1218 5760 emisse.
1254 5705 1364 5760 Alii
1395 5709 1537 5761 mss.
1566 5712 1627 5761 ut
1659 5707 1713 5762 in
1746 5713 1903 5765 textu

249 5776 482 5832 Rursus
515 5774 614 5830 ubi
637 5775 777 5831 edit.
801 5778 1166 5845 ant.,noveris
1182 5779 1352 5831 amici
1370 5778 1684 5834 obsecratus
1708 5783 1902 5849 oratis,

2023 4763 2349 4836 proximum
2385 4765 2707 4818 secundum
2739 4765 3012 4820 virtutem
3044 4770 3224 4833 tuam,
3260 4771 3316 4820 et
3371 4766 3536 4820 621‘
3583 4771 3674 4820 at-

2019 4853 2190 4908 tende
2223 4853 2417 4906 tibine
2450 4853 3002 4924 cadas(Eccli.xx1x,
3052 4855 3164 4923 27),
3229 4877 3253 4901 ››
3315 4853 3369 4906 id
3429 4857 3539 4917 est,
3599 4870 3670 4907 ne

2019 4995 2291 5048 erubescas
2339 5010 2556 5065 negare,
2618 4997 2781 5050 Rom.
2814 5001 2869 5050 et
2899 5013 3041 5056 mss.
3073 4998 3305 5049 moveris
3341 5037 3350 5047 .
3390 5037 3401 5048 .
3441 5035 3450 5046 .
3486 4996 3670 5050 erube-

2017 5081 2146 5128 sces,
2180 5066 2430 5128 'l‘huan.,
2465 5067 2632 5119 Dion.
2666 5073 2722 5120 et
2752 5067 2936 5131 Colb.,
2969 5068 3232 5120 erubescis
3279 5081 3496 5133 negare.
3564 5066 3667 5120 La-

2019 5135 2201 5190 tinius
2233 5137 2468 5205 oonjicit
2491 5139 2910 5207 reponendum,
2936 5153 3065 5190 nam
3087 5137 3401 5207 veriamici
3423 5137 3668 5193 0bsecra~

2017 5211 2149 5278 lus.,
2179 5212 2285 5278 etc.
2324 5211 2537 5261 Verum
2555 5205 2682 5261 ista
2714 5209 3047 5277 conjectura
3079 5205 3222 5261 nihil
3257 5214 3345 5261 est
3377 5224 3543 5278 Opus,
3609 5215 3672 5263 ut

2018 5277 2342 5348 dispicienti
2380 5277 2618 5348 planum
2648 5280 2744 5332 ﬁet
2765 5297 2781 5331 :
2808 5277 2978 5332 modo
3001 5282 3132 5331 ante
3154 5279 3325 5332 verba
3349 5277 3598 5342 moreris,
3617 5286 3671 5334 et

2018 5349 2284 5402 erubescis
2344 5349 2748 5420 subintelligat
2779 5348 3145 5420 particulam,
3170 5352 3237 5414 si,
3265 5349 3524 5419 Denique
3546 5367 3666 5421 pro,

2016 5424 2064 5473 si
2087 5421 2332 5473 debitum
2357 5437 2469 5474 non
2491 5423 2730 5474 solutum
2749 5423 2938 5491 luerit,
2963 5425 3026 5475 ut
3053 5421 3109 5474 in
3129 5427 3246 5476 ant.
3264 5421 3401 5475 edit.
3425 5422 3497 5476 ad
3525 5439 3667 5477 mss.

2015 5492 2245 5546 duobus
2278 5490 2464 5562 legere
2496 5498 2600 5559 est,
2639 5490 2802 5546 Rom.
2837 5497 2894 5545 et
2924 5509 3068 5546 mss.
3099 5493 3342 5548 totidem
3373 5493 3665 5560 exhibent,

2013 5563 2708 5619 sidcbilorsolrendonon
2766 5567 2967 5633 ,t‘acril:
3027 5562 3124 5617 alii
3184 5564 3446 5618 omnium
3506 5571 3667 5618 vetu-

2016 5633 2282 5694 stissimi,
2315 5639 2364 5688 si
2387 5634 2556 5690 debila
2589 5635 2856 5701 soluendo,
2884 5639 3014 5698 etc.,
3051 5633 3145 5688 ubi
3171 5634 3668 5707 subintelligenda

2013 5723 2120 5762 vox
2149 5709 2377 5762 amicus.
