3866 6212
301 417 418 484 831
1767 419 1837 483 8.
1882 419 1941 483 A‘

2125 417 2262 487 DS“
3599 421 3716 492 BI!

303 556 522 624 majore
557 559 608 609 te
631 552 854 625 obliges
875 550 1130 610 nominis
1145 553 1474 626 quantitate
1494 554 1581 608 ’66
1614 567 1790 624 quam
1808 555 1850 608 τε
1863 571 1950 608 rre
1981 559 2032 623 Α

299 651 548 717 possunt
576 648 634 700 et
664 643 956 700 exsolvere
985 647 1222 699 tuarum
1260 643 1444 713 copia:
1487 642 1854 698 facultatum.
1890 645 1952 700 Si

299 734 454 791 enim
483 734 638 806 quod
669 734 854 789 babes
881 733 1102 798 tradas,
1132 733 1382 789 amisisti
1415 751 1575 804 opes,
1625 751 1740 789 non
1799 734 1952 788 ami-

297 824 424 877 sisti
457 823 652 877 fidem.
689 824 1014 878 Famem-1:
1039 824 1256 878 damna
1286 841 1402 878 non
1425 824 1630 878 sentis.
1653 824 1950 879 redemisti

295 914 551 966 amicum
579 913 705 967 sine
733 919 832 967 tua
861 913 1088 966 fraude.
1119 913 1276 966 Alibi
1308 928 1544 982 qucque
1595 913 1649 966 i-l
1711 919 1764 966 te
1823 929 1952 966 mo-

295 1006 436 1056 nent
466 1001 782 1056 Proverbia
831 1002 1163 1056 Sabino-tis
1207 1001 1496 1055 dicentis:
1559 1024 1581 1049 ι
1641 1002 1950 1072 Spondens

291 1091 514 1162 sponde
544 1093 733 1146 amico
766 1098 890 1154 tuo,
922 1091 1422 1160 quemadmodum
1481 1091 1582 1160 qui
1613 1091 1830 1158 obligat
1885 1107 1948 1145 se

293 1196 636 1248 sponsorem
678 1181 1004 1234 amicorum
1057 1197 1295 1233 suorum
1373 1181 1534 1234 Prov.
1581 1197 1720 1243 rm,
1773 1181 1834 1232 li
1867 1223 1879 1233 .
1916 1201 1944 1226 ι

295 1267 356 1320 ξεί
387 1274 580 1323 autem
614 1286 729 1322 non
764 1268 965 1332 habes,
1024 1283 1162 1322 auc:
1220 1269 1360 1338 quid
1419 1268 1692 1322 Salcmon
1751 1269 1943 1321 dicat:

293 1383 320 1402 ιι
353 1357 476 1411 Soli
503 1363 556 1413 te
579 1359 719 1411 dare
737 1360 792 1411 in
818 1357 1217 1428 sponsionem,
1239 1358 1591 1412 erubescens
1613 1373 1942 1426 personam:

294 1446 344 1500 si
375 1449 533 1501 enim
568 1465 678 1500 non
713 1446 990 1500 habueris
1024 1446 1177 1500 unde
1215 1447 1430 1510 solvas,
1482 1449 1748 1499 auferent
1801 1451 1946 1500 stra-

293 1543 557 1590 mentum
589 1535 776 1590 desub
804 1534 1086 1589 lateribus
1117 1534 1232 1588 tuis
1269 1537 1414 1588 ’Por.
1449 1552 1586 1599 χχιι,
1626 1536 1720 1599 2‘3,
1765 1537 1832 1588 27
1864 1575 1877 1587 .
1913 1557 1941 1582 ,ο

293 1626 440 1697 Ergo
471 1627 659 1679 bonus
687 1627 994 1679 frenentur
1021 1625 1282 1695 acquiret
1313 1626 1584 1694 gratiam.
1629 1625 1943 1679 execratio-

292 1731 429 1770 nem
461 1714 785 1786 improbus.

896 1802 1136 1858 CAPL'T
1177 1802 1369 1857 XXIV.

297 1893 574 1961 Quomodo
607 1893 790 1946 Tobias
817 1894 873 1945 in
907 1892 1164 1946 mercedi:
1201 1895 1471 1946 solutione
1499 1893 1653 1946 nobis
1711 1894 1940 1944 imitan-

362 1966 494 2024 dus;
523 1967 726 2035 quodve
743 1964 1054 2032 fcrnerawli
1079 1980 1247 2033 genus
1280 1963 1424 2018 idrm
1459 1979 1552 2016 nos
1577 1963 1780 2017 doceat.

361 2072 452 2126 91.
486 2071 597 2127 Sed
633 2087 746 2125 non
781 2070 871 2125 bis
904 2073 1134 2124 tantum
1167 2071 1447 2124 virtutum
1473 2069 1689 2124 ﬁnibus
1712 2074 1944 2124 conten-

291 2165 390 2216 tus
428 2165 668 2216 sanctus
699 2159 934 2224 Tobias,
969 2158 1323 2212 mercenario
1362 2174 1594 2228 quoque
1625 2158 1794 2212 scivit
1828 2156 1941 2212 sol-

291 2251 539 2306 vendam
571 2265 700 2305 esse
731 2248 1081 2314 mercedem,
1112 2246 1420 2301 dimidium
1451 2263 1638 2318 usque
1693 2245 1940 2313 obtulit;

292 2340 617 2409 meritoque
675 2355 778 2408 pro
808 2337 1165 2392 mercenaria
1197 2335 1416 2390 invenit
1464 2335 1738 2406 angelum
1797 2336 1940 2401 (Tob.

293 2444 368 2494 Iv,
401 2429 508 2494 15;
541 2441 643 2490 xu,
675 2429 751 2495 5).
789 2427 856 2482 Et
885 2432 947 2480 tu
1004 2426 1156 2479 unde
1213 2423 1328 2480 scis
1388 2441 1457 2478 ne
1514 2425 1659 2479 forte
1706 2426 1940 2496 justum

291 2514 546 2588 aliquem
581 2515 842 2570 mercede
861 2515 1190 2578 defraudes,
1216 2514 1380 2584 pejus
1397 2514 1444 2569 si
1477 2513 1776 2568 inﬁrmum
1801 2515 1944 2583 (67,?

293 2609 387 2660 Vae
416 2604 573 2661 enim
605 2604 687 2660 illi
721 2604 819 2675 qui
854 2602 1325 2659 scandaiiuterit
1359 2621 1540 2656 urum
1591 2603 1663 2658 de
1705 2601 1942 2675 pusillis

293 2693 460 2750 istis!
495 2694 602 2760 Qui
631 2694 747 2748 scis
767 2711 840 2747 an
869 2693 929 2746 in
966 2709 1032 2747 eo
1091 2690 1333 2762 angelus
1365 2690 1478 2746 sit?
1531 2691 1730 2762 Neque
1786 2692 1940 2748 022

290 2781 446 2840 enim
478 2783 746 2837 dubitare
774 2782 1056 2836 debemus
1087 2781 1240 2852 quod
1275 2781 1333 2833 in
1366 2779 1724 2834 mercenaria
1755 2781 1942 2852 possit

286 2888 416 2927 esse
445 2871 709 2942 angelus,
739 2887 874 2924 cum
904 2885 1034 2924 esse
1058 2869 1247 2940 possit
1296 2867 1582 2937 Christus,
1607 2868 1706 2940 qui
1737 2871 1796 2924 in
1827 2869 1938 2924 mi-

287 2961 448 3016 nimo
480 2977 713 3032 quoque
741 2974 870 3014 esse
909 2956 1228 3012 consuevit.

356 3103 469 3171 (65)
499 3101 639 3156 .‘lss.
672 3100 849 3154 Torn.
894 3101 952 3152 et
997 3097 1148 3171 Vict.
1199 3115 1332 3152 cum
1370 3099 1535 3166 edit.,
1587 3103 1939 3156 numz'smati:

320 3169 608 3230 uanitate.
689 3171 800 3226 Sed
879 3185 1014 3225 cum
1089 3169 1340 3236 Tbuan.,
1401 3171 1572 3228 Dion.
1637 3177 1696 3226 et
1773 3171 1935 3228 Colb.

306 3245 618 3317 agendum,
647 3243 887 3296 nominis
916 3244 1482 3317 quantitateinomen
1523 3241 1681 3317 enim
1711 3241 1822 3317 hac
1878 3243 1936 3299 in

286 3299 532 3372 materia
555 3299 706 3368 idem
739 3319 828 3367 est
856 3299 1207 3368 ac'debitum.
1239 3299 1402 3368 'L'nde
1435 3314 1556 3368 ista:
1587 3312 1934 3383 locutiones,
1966 3299 2011 3365 C

286 3388 528 3442 nomina
556 3385 918 3448 contrahere,
949 3385 1191 3439 nomina
1212 3383 1548 3450 dissolvere,
1581 3389 1638 3440 et
1663 3384 1908 3441 similes.

354 3458 470 3538 ((57)
507 3457 654 3538 E_r_lit.
687 3459 821 3518 vet.,
852 3457 1116 3538 pun-isne.
1153 3456 1319 3511 Rom.
1345 3459 1603 3538 _puni.vve
1649 3458 1940 3538 infirmum

281 3527 474 3584 Codex
527 3529 703 3582 Torn.
721 3527 887 3598 punis
924 3529 973 3582 .ςί
1017 3527 1323 3597 inﬁmum.
1345 3527 1494 3584 Vict.
1515 3530 1744 3600 punisse
1777 3529 1938 3598 inﬁr—

1971 1934 2020 2000 Β

2134 556 2224 608 ‘32.
2253 553 2322 609 R:
2353 553 2446 608 ἔδει
2477 569 2614 626 ergo
2643 555 3004 612 mercenaria
3033 555 3359 614 mercedem
3385 573 3583 627 suam,
3614 575 3714 617 nec

2062 659 2198 699 eum
2230 643 2450 700 laboris
2485 644 2578 700 sui
2635 644 2910 702 mercede
2959 644 3273 702 defraudes
3304 648 3488 722 ;qnia
3541 655 3601 704 et
3652 655 3714 706 tu

2061 733 2460 788 mercenarius
2485 733 2700 789 Christi
2727 751 2815 800 ea,
2843 739 2904 790 et
2945 741 3001 790 te
3027 737 3308 791 conduxit
3363 737 3438 794 ad
3487 735 3712 795 vineam

2060 839 2253 885 suam,
2283 829 2339 877 et
2371 823 2476 877 tibi
2521 839 2751 880 merces
2807 824 3063 896 reposita
3109 830 3202 880 est
3255 825 3533 883 celestis.
3593 828 3712 884 Non

2057 927 2195 983 ergo
2225 910 2406 966 ludas
2435 929 2670 968 servum
2700 919 3042 982 operantem
3085 914 3146 968 in
3203 915 3472 984 veritate,
3531 933 3713 989 neque

2057 1002 2483 1056 mercenarium
2510 1001 2747 1058 dantem
2771 1004 3033 1057 animam
3057 1020 3262 1058 suam:
3287 1021 3402 1058 non
3426 1005 3712 1076 despicias

2057 1089 2288 1161 inepem
2320 1089 2421 1160 qui
2451 1090 2631 1145 vitam
2660 1108 2831 1147 suam
2861 1091 3060 1148 labore
3089 1101 3317 1148 exercet
3343 1109 3454 1148 suo
3480 1099 3540 1148 et
3571 1112 3714 1150 mer-

2056 1180 2194 1232 cede
2216 1185 2530 1234 sustentat.
2564 1179 2679 1234 Hoc
2711 1186 2801 1236 est
2828 1182 2988 1236 enim
3022 1183 3348 1238 interﬁcere
3387 1183 3710 1250 hominem,

2053 1268 2180 1320 vita:
2209 1285 2326 1322 sua:
2358 1268 2410 1322 ei
2441 1267 2636 1323 debita
2664 1269 2933 1325 subsidia
2957 1271 3264 1343 denegare.
3317 1272 3384 1326 Et
3438 1279 3500 1327 tu
3562 1289 3712 1328 mer-

2055 1357 2325 1411 cenarius
2363 1373 2427 1411 cs
2459 1358 2517 1410 in
2550 1355 2657 1412 hac
2688 1363 2843 1414 terra
2871 1375 2888 1412 :
2920 1358 2997 1413 da
3027 1360 3354 1415 mercedem
3412 1377 3711 1417 mercena-

2057 1446 2163 1504 rio.
2196 1452 2262 1500 ut
2290 1453 2348 1500 et
2379 1452 2440 1500 tu
2472 1447 2664 1517 possis
2695 1447 2888 1503 dicere
2917 1448 3184 1514 Domino,
3225 1465 3362 1505 cum
3413 1451 3708 1522 precaris:

2055 1558 2080 1574 υ
2117 1533 2196 1588 Da
2236 1535 2564 1590 mercedem
2603 1535 2870 1600 Domine,
2927 1537 3358 1594 sustinentibus
3405 1543 3464 1593 te
3521 1539 3708 1610 (Ereti.

2053 1640 2245 1688 xxxvi,
2281 1627 2390 1691 ιδ).
2419 1650 2447 1670 ιι

2123 1798 2214 1853 93.
2248 1800 2463 1857 Tobias
2495 1803 2599 1857 tibi
2631 1802 2811 1858 dicit:
2845 1827 2872 1852 «ι
2897 1804 3150 1860 Luxuria
3175 1810 3361 1862 mater
3389 1808 3482 1861 est
3537 1804 3711 1861 famis

2053 1890 2196 1958 (Tob.
2233 1906 2310 1955 iv,
2345 1891 2457 1955 tt),
2483 1913 2511 1940 ι
2541 1891 2736 1964 inquo
2757 1893 3176 1948 continentiam
3204 1893 3378 1950 docet
3396 1894 3532 1964 (68).
3567 1894 3710 1951 Dicit

2050 1978 2230 2034 etiam
2255 1996 2271 2033 :
2303 2003 2330 2026 α
2367 1979 2688 2035 Mercedem
2720 1979 2880 2036 omni
2911 1981 3136 2036 homini
3154 1981 3260 2055 qui
3273 1998 3454 2054 penes
3484 1987 3542 2038 te
3571 1999 3702 2056 ope-

2055 2070 2217 2121 ratus
2248 2065 2442 2131 iuerit,
2475 2067 2652 2124 redde
2679 2068 2885 2125 eadem
2923 2070 3040 2136 die,
3070 2076 3130 2126 et
3160 2087 3278 2127 non
3323 2077 3564 2128 maneat
3607 2088 3705 2145 pe-

2052 2171 2156 2210 nes
2188 2161 2244 2210 te
2276 2173 2497 2212 merces
2526 2156 2822 2225 hominis;
2852 2164 2910 2213 et
2937 2175 3160 2216 merces
3189 2165 3291 2216 tua
3313 2177 3433 2216 non
3449 2160 3707 2216 minora-

2049 2243 2211 2299 bitur
2239 2243 2398 2313 (Ibid.
2425 2245 2540 2298 42‘.
2564 2267 2593 2294 ι»
2615 2245 2766 2302 Dicit
2793 2246 2903 2303 tibi
2926 2265 2940 2302 :
2973 2270 3002 2297 «
3061 2246 3190 2304 Noli
3242 2247 3448 2304 vinum
3505 2249 3708 2306 bibere

2051 2333 2108 2388 in
2142 2334 2484 2390 ebrietatem
2512 2335 2672 2401 (Ibid.
2709 2336 2816 2406 tu).
2849 2359 2878 2385 n
2910 2335 3060 2392 Dicit
3088 2336 3194 2392 tibi
3227 2355 3240 2392 :
3275 2361 3302 2385 α
3329 2337 3410 2394 De
3427 2354 3582 2410 pane
3601 2341 3704 2394 tuo

2050 2422 2424 2478 communica
2450 2423 2852 2480 esurientibus
2875 2425 3036 2495 (Ibid.
3077 2426 3179 2494 l7).
3215 2449 3242 2473 ι»
3271 2425 3420 2482 Vide
3448 2425 3592 2498 quid
3649 2432 3704 2482 te

2052 2512 2334 2566 fenerare
2363 2511 2596 2584 cupiat:
2631 2535 2659 2560 α
2687 2513 2759 2568 Et
2796 2513 2869 2570 de
2913 2513 3276 2570 vestimentis
3333 2515 3456 2572 tuis
3511 2515 3704 2572 nudos

2051 2605 2216 2672 tege:
2248 2617 2318 2657 ex
2348 2601 2626 2657 omnibus
2653 2619 2784 2674 qua:
2810 2603 3236 2660 abundaverint
3262 2603 3392 2671 tibi,
3425 2605 3516 2660 iac
3547 2604 3698 2661 elec-

2051 2706 2378 2762 mosynam.
2410 2689 2584 2747 Omni
2613 2695 2876 2764 tempore
2903 2691 3146 2748 benedic
3173 2692 3490 2749 Dominum
3540 2694 3696 2764 (Ibid.

2052 2780 2141 2847 10,
2163 2781 2314 2850 20,.»
2347 2780 2411 2834 In
2437 2779 2534 2836 his
2565 2778 2766 2853 itaque
2793 2779 2986 2837 {mnus
3015 2786 3296 2838 aeternum
3316 2787 3408 2838 est
3435 2786 3495 2838 et
3517 2799 3703 2840 usura

2049 2874 2348 2940 perpetua.

2049 3117 2222 3155 mum.
2257 3100 2474 3156 Melius
2503 3100 2756 3167 Thuan.,
2791 3101 3000 3165 Laud.,
3030 3099 3195 3156 Dion.
3227 3104 3282 3157 et
3329 3100 3490 3158 Colh.
3543 3103 3700 3176 pejus

2045 3173 2095 3227 si
2115 3172 2420 3227 inﬁrmum.

2120 3244 2233 3314 (68)
2253 3245 2318 3300 In
2344 3261 2448 3315 quo
2474 3246 2869 3302 continentiam
2900 3244 3071 3312 docet,
3128 3247 3454 3302 resecatam
3511 3246 3698 3302 fuerat

2048 3315 2108 3370 in
2142 3315 2312 3371 Itom.
2343 3315 2481 3372 edit.
2511 3315 2672 3372 Infra
2695 3332 2831 3372 vero
2863 3315 2962 3372 ubi
2999 3332 3202 3372 omnes
3231 3315 3370 3372 edit.
3427 3333 3492 3372 ac
3549 3334 3691 3372 mss.

2049 3385 2342 3462 nonnulli,
2371 3386 2503 3462 quid
2532 3390 2583 3462 te
2607 3385 2884 3462 [tenor-are
2906 3389 3110 3460 eripiat,
3143 3385 3242 3442 alii
3262 3385 3510 3462 (legunt,
3567 3389 3697 3462 quid

2049 3457 2122 3527 te,
2155 3457 2395 3530 quidam
2426 3457 2582 3530 (quid
2609 3457 2674 3514 de
2701 3459 2770 3530 te)
2790 3457 3117 3534 frcneriztore
3142 3461 3345 3530 cupiat.

287 3680 2305 3708 2m

594 3823 707 3909 ΙΝ
767 3822 1166 3910 LIBROS
1227 3824 1369 3909 DE
1424 3825 2506 3915 INTERPELLATIONE
2564 3825 2774 3918 JOB
2829 3827 2975 3913 ET
3029 3827 3376 3922 DAVID

1772 3977 2214 4040 ADMONITIO

344 4247 584 4305 Constat
613 4243 708 4300 hic
738 4247 1020 4300 tractatus
1053 4246 1263 4315 quator
1291 4241 1458 4298 libris
1487 4244 1563 4298 Do
1593 4244 2033 4316 interpellatione
2063 4243 2146 4316 (id
2176 4247 2286 4312 est,
2316 4243 2790 4317 expostulatione
2817 4261 2924 4301 seu
2969 4242 3228 4316 querela)
3265 4245 3364 4304 Job
3406 4247 3460 4300 et
3516 4243 3686 4300 David

271 4337 372 4408 qui
403 4351 517 4392 non
557 4349 761 4390 omnes
783 4331 962 4388 simul
995 4332 1050 4386 in
1090 4331 1618 4387 Ambrosianorum
1675 4349 1920 4404 operum
1950 4331 2307 4392 editionibus
2336 4333 3038 4406 prodieruntrEni‘mvero
3068 4331 3168 4404 qui
3197 4331 3563 4404 antiquiores
3581 4349 3682 4388 cu-

274 4428 546 4482 raverunt
573 4422 880 4487 editiones,
910 4437 1044 4475 cum
1079 4420 1134 4474 in
1170 4419 1444 4475 mutilum
1475 4419 1775 4492 exemplar
1802 4420 2170 4490 incidissent,
2199 4420 2422 4478 librum
2449 4421 2778 4478 secundum
2805 4419 3256 4492 praetermissam.
3269 4421 3442 4478 Hunc
3459 4423 3682 4493 primus

273 4511 538 4568 omnium
569 4509 859 4580 evolgavit
891 4510 1190 4572 Erasmus,
1223 4508 1321 4563 sed
1357 4524 1489 4563 cum
1524 4508 1864 4580 hujusmodi
1893 4525 2144 4566 censura
2173 4509 2377 4583 (Epist.
2422 4509 2560 4565 huic
2615 4507 2766 4564 libro
2796 4507 3030 4588 praeﬁxa
3057 4507 3116 4562 in
3147 4508 3284 4564 edit.
3333 4510 3679 4582 Ambros),

273 4618 402 4674 quas
433 4599 628 4672 ipsum
663 4598 884 4654 Ductori
920 4601 1117 4654 nostro
1146 4596 1553 4668 abjudicatum
1584 4598 1810 4652 auctori
1865 4597 2000 4653 libri
2057 4599 2134 4653 De
2179 4601 2462 4654 vocatione
2515 4598 2769 4660 Gentium
2823 4597 3191 4652 attribueret.
3255 4597 3401 4668 Ejus
3447 4597 3680 4654 unicum

271 4691 687 4762 argumentum
711 4691 801 4742 est
831 4685 962 4757 styli
995 4702 1165 4756 quem
1199 4686 1272 4739 ab
1303 4685 1693 4740 Ambrosiano
1727 4685 1898 4760 longe
1926 4686 2225 4742 diversum
2277 4703 2409 4762 esse
2441 4691 2733 4752 autumat,
2764 4685 3178 4768 discrepantia.
3219 4684 3512 4755 ,Gillotius
3551 4701 3677 4742 vero

271 4779 371 4852 qui
403 4781 536 4851 post
563 4793 695 4832 eum
731 4775 790 4830 in
821 4774 1061 4830 edendis
1108 4773 1396 4830 Ambrosii
1427 4773 1710 4846 operibus
1739 4773 1995 4831 laborem
2028 4775 2290 4848 suscepit
2319 4791 2436 4831 non
2467 4775 2843 4839 mediocrem,
2881 4773 3182 4836 acerrime
3223 4772 3378 4829 hanc
3409 4775 3669 4844 ejusdem

270 4865 608 4940 opinionem
639 4863 962 4934 impugnat,
997 4860 1158 4916 illam
1193 4861 1382 4915 fulcro
1413 4877 1620 4932 parum
1655 4861 1974 4917 admodum
2005 4865 2131 4918 tuto
2161 4861 2268 4918 niti
2299 4863 2658 4919 contendens
2687 4861 2935 4934 (Praefat.
2987 4863 3045 4916 in
3102 4862 3239 4918 edit.
3295 4863 3567 4920 Ambros.
3623 4879 3673 4928 et

271 4955 492 5012 monito
521 4955 576 5010 in
611 4953 932 5011 secundam
967 4949 1311 5021 Apologiam
1344 4947 1546 5019 David)
1573 4967 1586 5016 ;
1640 4965 1773 5005 cum
1803 4949 2068 5006 videlicet
2097 4950 2318 5022 sanctis
2346 4949 2625 5022 Ratrihus
2639 4950 2898 5023 minime
2922 4949 3185 5022 insolens
3232 4950 3408 5008 fuerit
3463 4949 3674 5024 stylum

270 5061 450 5102 suum
482 5061 588 5117 pro
623 5041 889 5105 materia,
925 5045 1208 5112 tempore,
1239 5038 1324 5094 vel
1358 5037 1626 5110 personis
1655 5055 1806 5110 quas
1826 5038 2575 5110 alloquebantur,mutare,
2595 5043 3034 5111 numprtctarea
3053 5038 3626 5111 codices.mss.quos
3645 5053 3674 5093 θ

267 5133 514 5191 diversis
539 5131 908 5188 bibliothecis
937 5127 1355 5202 conquisierat,
1387 5143 1605 5200 magno
1653 5144 1946 5184 consensu
1977 5127 2125 5184 hanc
2153 5144 2390 5204 omnem
2410 5127 2876 5205 lucubrationum
2897 5127 3208 5204 Ambrosio
3221 5127 3539 5184 ascribunt.
3563 5126 3671 5182 Gil-

267 5221 408 5280 lotio
437 5221 617 5278 etiam
650 5221 1051 5292 suffragantur
1079 5235 1146 5274 ea
1175 5217 1392 5290 quibus
1425 5217 1514 5272 usi
1548 5233 1776 5286 sumus,
1814 5215 2192 5290 exemplaria,
2225 5232 2478 5290 quorum
2509 5231 2692 5270 unum
2726 5213 3049 5286 sin;minus
3079 5219 3190 5272 tam
3220 5216 3418 5277 multae
3438 5215 3671 5274 extanti-

269 5312 519 5380 quitaiis,
543 5319 602 5365 ul
632 5313 823 5380 iurare
850 5311 1019 5379 possis
1048 5316 1208 5363 (etate
1236 5307 1355 5362 divi
1383 5307 1656 5361 Ambrosii
1683 5308 1951 5378 scriptum
1981 5321 2116 5374 esse,
2148 5303 2652 5378 quemadmodum
2703 5304 2778 5360 de
2828 5303 3086 5376 quodam
3143 5320 3176 5359 e
3228 5301 3356 5378 suis
3411 5301 3670 5376 loquitur

269 5397 424 5453 idem
457 5397 732 5454 Gillotius
763 5398 917 5469 (Loc.
949 5397 1092 5465 cit.),
1155 5401 1214 5451 at
1245 5395 1456 5451 saltem
1484 5394 1644 5451 mille
1673 5411 1860 5452 annos
1896 5398 1958 5450 ut
1987 5394 2304 5450 minimum
2335 5394 2584 5466 praefert.
2607 5393 2682 5450 .ln
2711 5397 3064 5465 coquatuor
3090 5391 3149 5448 hi
3179 5390 3315 5447 libri
3343 5393 3552 5450 eodem
3581 5408 3665 5448 or-

271 5485 426 5550 dine,
451 5501 516 5539 ac
543 5487 652 5537 sub
680 5485 886 5540 iisdem
919 5484 1126 5551 titulis,
1160 5484 1376 5557 quibus
1407 5483 1540 5541 illos
1568 5484 1807 5541 edendis
1837 5483 2202 5550 curavimus,
2233 5481 2607 5539 exhibentur.

343 5573 416 5628 At
443 5588 578 5626 vero
608 5573 714 5627 etsi
747 5573 916 5628 nobis
955 5576 1227 5630 deessent
1254 5577 1428 5628 tantae
1457 5574 1824 5630 auctoritatis
1853 5570 2262 5645 manuscripti,
2293 5576 2492 5628 tamen
2519 5569 2651 5647 ipsa
2680 5569 2742 5625 Β.
2772 5565 3087 5626 Prnsulius
3133 5567 3330 5637 verba,
3389 5573 3448 5625 et
3497 5566 3663 5624 totius

276 5659 470 5729 cperis
503 5657 684 5713 series
713 5659 956 5730 planum
988 5662 1200 5716 faceret
1230 5661 1552 5742 secundum
1583 5661 1740 5718 hunc
1772 5661 1990 5718 librum
2021 5659 2769 5735 nihilominusqpamtres
2797 5656 2940 5716 alios
2971 5657 3168 5720 deberi
3195 5657 3534 5734 Ambrosio.
3559 5654 3660 5712 Nec

281 5744 424 5802 illud
458 5759 717 5799 asserere
745 5745 1110 5818 dubitamus,
1134 5749 1443 5804 Erasmum
1476 5747 1669 5820 ipsum
1701 5765 1941 5822 prorsus
1971 5750 2312 5825 opinionem
2341 5747 2620 5818 suam,.si
2645 5746 3368 5819 modo-horumquatuor-
3388 5745 3654 5806 librorum
