3866 6212
204 294 328 356 833
867 300 969 359 DE
1010 299 1745 362 INTERPELLATIONE
1786 300 1922 362 JOB
1968 303 2067 364 ET
2111 305 2373 367 DAVID.
2407 339 2485 352 --
2514 309 2973 372 ADMONITIO.
3498 320 3615 379 834

206 428 387 491 initia
416 427 683 489 invicem.
700 430 1064 499 contulisset,
1097 433 1460 503 ejuraturum
1502 433 1699 487 fuisse.
1738 433 1884 497 Quid
1921 435 2072 488 enim
2110 437 2434 496 evidentius
2468 441 2538 494 iis
2568 442 2757 497 verbis
2782 444 2997 514 quibus
3030 448 3373 502 Ambrorins
3409 467 3509 519 per
3531 468 3619 505 or-

210 518 414 573 dinem
446 519 720 590 querelas
750 537 785 576 a
813 522 1033 577 sanctis
1060 521 1170 578 Job
1201 525 1259 577 et
1289 521 1466 577 David
1503 540 1677 592 super
1707 522 2006 576 hominum
2046 524 2297 580 miseriis
2328 527 2560 584 habitas
2615 533 3079 588 examinaturum
3140 553 3202 591 se
3262 518 3564 607 pmhletur
3598 546 3619 595 Ρ

213 608 511 678 Utriusque
539 609 731 679 igitur,
762 608 956 682 inquit
985 608 1108 683 (lib.
1143 627 1185 679 ι,
1215 626 1342 683 cap.
1380 611 1431 677 1,
1465 626 1628 665 num.
1661 610 1741 681 3),
1773 612 2233 683 intcrpcllatiwzcs
2262 616 2603 674 considerari
2645 619 2799 675 cordi
2825 630 2969 683 est...
3038 624 3146 680 Suo
3204 627 3376 695 igitur
3428 628 3620 683 ordine

207 696 523 769 spectandae
550 698 705 754 nobis
733 702 882 754 sunt.
914 698 1032 755 Hoc
1062 698 1266 772 utique
1295 715 1413 755 non
1446 697 1561 755 nisi
1590 697 1797 772 primis
1829 699 2060 755 duobus
2090 700 2258 758 libris
2285 708 2559 774 praestare
2591 708 2798 779 potuit,
2862 711 3015 780 quod
3077 716 3141 775 et
3189 712 3407 770 ibidem
3468 733 3502 771 a
3556 734 3619 772 se

209 786 541 859 praestitum
571 787 768 857 tradit,
797 804 930 844 cum
963 787 1130 844 initio
1159 787 1319 844 tertii
1346 786 1481 843 libri
1512 787 1596 844 sic
1626 787 1886 861 loquitur
1913 791 2063 862 (cap.
2097 794 2150 859 1,
2180 808 2343 847 num.
2378 794 2431 865 1)
2467 811 2478 850 ;
2512 798 2775 866 Superior
2803 800 2955 854 nobis
2985 800 3283 873 disputatio
3296 805 3410 874 fuit
3437 805 3501 861 de
3530 807 3618 861 in-

207 875 594 947 terpellalione
615 885 935 933 sanctorum
964 876 1194 950 (nempe
1222 876 1331 932 Job
1363 879 1420 933 et
1448 876 1653 950 David)
1681 877 1821 950 quod
1848 879 2071 950 fragilis
2114 883 2168 935 et
2212 881 2487 937 imbecilla
2540 884 2775 942 conditio
2821 887 3089 956 humana,
3150 895 3258 947 etc.
3318 890 3619 951 Postremo

211 963 489 1037 quisquis
520 966 793 1035 eumdem
821 965 1161 1022 secundum
1182 964 1399 1021 librum
1433 981 1569 1021 cum
1599 966 1864 1037 ejusdem
1897 966 2089 1038 operis
2121 973 2327 1040 quarto
2360 986 2706 1043 componere
2763 974 3026 1043 voluerit,
3084 978 3134 1033 is
3191 980 3392 1051 procul
3441 982 3618 1039 dubio

208 1070 319 1125 per
348 1071 410 1110 se
440 1054 745 1128 intelliget,
769 1071 895 1111 eam
928 1054 1321 1112 diversitatem
1351 1070 1529 1127 quam
1558 1056 1839 1112 Erasmus
1859 1056 2117 1127 jactitat,
2150 1066 2357 1131 purum
2384 1063 2590 1131 putum
2624 1078 2751 1118 esse
2771 1070 3188 1124 commentum.

286 1143 536 1199 Romani
567 1143 805 1216 quidem
837 1143 1088 1201 editores
1119 1144 1228 1200 hos
1257 1159 1462 1201 omnes
1493 1144 1674 1233 libros
1704 1160 1774 1200 ex
1802 1162 1966 1217 aequo
2000 1147 2110 1202 sub
2143 1148 2436 1203 Ambrosii
2472 1150 2708 1206 nomine
2739 1170 2869 1207 cum
2904 1153 3032 1210 aliis
3062 1157 3326 1226 ejusdem
3346 1163 3622 1233 operibus

209 1231 377 1304 prelo
410 1233 728 1304 subjecere,
762 1233 862 1290 sed
894 1249 995 1290 eos
1035 1233 1283 1290 fortasse
1307 1231 1482 1305 paulo
1514 1231 1795 1315 audacius
1826 1235 2145 1291 distraxere
2177 1236 2249 1291 ab
2282 1237 2547 1293 invicem.
2582 1239 2843 1296 Primum
2881 1259 2942 1298 ac
2978 1246 3211 1301 tertium
3242 1231 3459 1304 librum
3491 1256 3620 1308 tan-

210 1337 394 1393 quam
427 1322 849 1377 commentaria
878 1322 939 1377 in
969 1321 1188 1379 librum
1216 1321 1326 1378 Job
1351 1322 1541 1395 primo
1573 1339 1678 1379 suo
1707 1326 1865 1378 tomo
1898 1323 2272 1380 inseruerunt
2305 1343 2317 1380 :
2351 1328 2675 1383 secundum
2708 1336 2901 1385 autem
2934 1337 2991 1386 et
3022 1339 3297 1404 quartum
3356 1355 3388 1393 a
3448 1357 3621 1413 supe-

207 1409 472 1466 rioribus
504 1409 735 1467 avulsos
768 1411 826 1466 in
861 1412 1185 1468 secundum
1210 1414 1437 1467 tomum
1469 1411 1579 1468 sub
1609 1410 1781 1467 titulo
1812 1413 2258 1469 Enarrationum
2290 1415 2347 1470 in
2382 1416 2645 1472 Psalmos
2673 1436 2787 1485 xu,
2822 1437 2930 1475 xui
2967 1440 3027 1476 ac
3061 1440 3212 1479 Lxxn
3272 1409 3619 1498 rejeceru'nt.

208 1498 394 1555 Porro
425 1516 553 1554 cum
587 1498 930 1573 bujusmodi
963 1501 1251 1574 separatio
1283 1499 1406 1557 fieri
1441 1516 1814 1574 nequaquam
1842 1502 2116 1574 potuerit,
2149 1504 2287 1576 quin
2322 1504 2695 1561 induceretur
2740 1508 2799 1563 in
2833 1511 3088 1566 auctoris
3146 1516 3370 1570 textum
3429 1517 3625 1590 aliqua

210 1588 487 1659 mutatio,
519 1591 575 1645 et
604 1589 947 1662 praeclarum
981 1606 1130 1662 opus
1155 1590 1556 1646 membrorum
1588 1590 2159 1647 suorum‘luxatione
2188 1609 2254 1647 ac
2284 1592 2626 1662 disjectione
2657 1596 3088 1666 quodammodo
3130 1588 3620 1676 corrumperetur,

208 1676 353 1732 hinc
383 1676 524 1732 illud
558 1678 785 1734 consilii
821 1695 934 1735 non
969 1678 1102 1735 tulit
1135 1696 1333 1735 eorum
1370 1678 1871 1750 approbationem,
1906 1679 2005 1752 qui
2040 1681 2271 1736 Patrum
2307 1681 2542 1754 scripta,
2577 1684 2773 1754 qualia
2805 1686 2876 1739 ab
2912 1685 3025 1742 illis
3058 1688 3260 1746 relicta
3289 1697 3448 1764 sunt,
3481 1694 3625 1750 talia

208 1765 328 1821 sibi
363 1766 618 1821 exhiberi
644 1767 776 1838 jure
808 1767 1163 1823 desiderant.
1189 1767 1335 1823 IIinc
1367 1767 1641 1824 Nicolaus
1674 1768 1855 1824 Faber
1881 1769 2094 1823 studiis
2128 1770 2399 1824 Ludovici
2434 1770 2559 1825 Xlll
2591 1773 2886 1843 quoniam
2922 1777 3249 1847 praefectus,
3282 1781 3370 1836 vir
3411 1781 3623 1855 pietate

198 1855 383 1925 juxta
414 1859 587 1926 atque
616 1855 940 1912 eruditione
972 1854 1359 1923 clarissimus,
1394 1857 1734 1928 neutiquam
1769 1856 1877 1911 sibi
1911 1857 2272 1929 temperavit,
2308 1859 2447 1931 quin
2482 1859 2658 1915 libere
2690 1861 3126 1920 distractionem
3150 1866 3301 1924 hanc
3330 1854 3621 1943 improba-

209 1946 302 1997 ret
338 1943 395 1997 in
429 1943 676 2015 quadam
705 1961 810 2000 sua
840 1943 1087 2017 epistola
1116 1945 1210 2013 (ad
1248 1942 1442 2000 Front.
1474 1944 1794 2016 Ducaaum),
1830 1946 1926 2000 ubi
1961 1947 2192 2001 eosdem
2228 1947 2478 2002 editores
2513 1949 2579 2001 ad
2634 1948 2851 2005 hancce
2909 1951 3254 2012 divisionem
3312 1942 3625 2016 instituen-

211 2033 356 2087 dam
389 2036 617 2088 coactos
650 2032 828 2089 fuisse
861 2034 1071 2090 asserit
1100 2034 1351 2105 qua’dam
1402 2035 1737 2106 interpolare
1766 2036 2000 2090 minime
2028 2036 2304 2107 probabili
2329 2052 2503 2109 eum)
2525 2039 2594 2093 lo.
2630 2039 2826 2111 Neque
2861 2047 3049 2097 tamen
3110 2049 3509 2116 putaverimus
3565 2052 3622 2106 id

212 2119 350 2177 illos
380 2120 584 2177 fecisse
614 2121 768 2178 malo
798 2122 1015 2187 animo,
1047 2123 1147 2179 sed
1182 2123 1502 2179 credidisse
1534 2138 1602 2178 ea
1633 2139 1693 2179 re
1722 2139 1784 2179 se
1815 2121 2189 2180 consulturos
2221 2123 2453 2181 lectoris
2486 2126 2747 2192 utilitati,
2784 2128 2831 2183 si
2876 2135 3304 2192 Commentaria
3335 2139 3392 2192 in
3445 2139 3623 2197 variis

210 2208 529 2281 Scriptura:
557 2214 750 2283 partes
777 2210 1004 2284 digesta
1032 2211 1147 2285 ipsi
1179 2216 1588 2285 proponerent,
1621 2212 1818 2268 minus
1848 2212 2083 2268 interim
2116 2232 2182 2270 ca
2214 2215 2583 2271 incommoda
2616 2234 2741 2287 qua:
2776 2235 2843 2273 ex
2873 2220 3133 2277 admissa
3167 2224 3226 2279 in
3259 2225 3493 2283 Patrum
3552 2229 3621 2283 li-

210 2298 355 2354 bros
384 2297 723 2370 hujusmodi
752 2299 989 2357 licentia
1021 2304 1535 2373 consequerentur,
1569 2302 1981 2373 expendentes.

291 2386 490 2459 Itaque
520 2387 613 2443 his
645 2392 898 2460 quatuor
926 2387 1096 2445 libris
1126 2388 1456 2462 legitimum
1489 2389 1753 2446 ordinem
1788 2390 2174 2445 restituimus.
2211 2391 2355 2446 Nam
2392 2393 2544 2464 quod
2575 2393 2623 2448 is
2655 2393 2803 2450 liber
2832 2412 3006 2467 quem
3038 2417 3145 2457 nos
3176 2403 3627 2463 edimussecun-

210 2476 290 2530 do
322 2474 470 2544 loco,
505 2476 560 2531 in
594 2476 825 2533 duobus
851 2476 1195 2534 recentioris
1219 2477 1322 2532 avi
1353 2478 1774 2549 manusCriptis
1806 2482 2012 2550 quarto
2048 2478 2384 2550 reperiatur,
2422 2481 2476 2536 id
2512 2498 2576 2537 co
2610 2481 2826 2539 factum
2884 2487 3261 2561 arbitramur,
3322 2495 3476 2565 quod
3540 2496 3624 2551 illi

213 2564 448 2621 codices
477 2582 545 2621 ex
574 2562 775 2638 aliquo
802 2564 1114 2639 exemplari
1147 2566 1354 2623 mutilo
1387 2567 1445 2622 in
1478 2583 1593 2639 quo
1621 2565 1778 2622 idem
1811 2566 2107 2622 secundus
2139 2565 2285 2623 liber
2314 2569 2778 2638 desiderabatur,
2810 2572 3086 2648 descripti
3120 2562 3357 2649 fuerint,
3377 2598 3511 2639 cum
3534 2601 3629 2640 ve.

215 2670 281 2710 ro
317 2653 638 2726 scriptores
668 2659 869 2728 postea
893 2656 1165 2712 eumdem
1196 2655 1337 2712 alibi
1371 2656 1524 2712 nacti
1555 2654 1823 2743 fuissent,
1858 2655 2024 2711 illum
2060 2656 2352 2727 postalios
2384 2661 2499 2713 tres
2530 2659 2805 2716 continua
2838 2662 2987 2719 serie
3009 2665 3134 2735 jam
3188 2672 3323 2724 ante
3376 2671 3623 2744 disposi-

212 2746 309 2798 tos
341 2747 672 2799 exararunt.
705 2745 775 2799 Et
801 2749 954 2800 certe
984 2762 1100 2800 non
1132 2745 1402 2801 absimile
1432 2734 1715 2816 quiddam
1746 2745 1805 2800 in
1839 2742 2193 2801 editionibus
2224 2762 2455 2818 quoque
2496 2748 2756 2820 contigit.
2792 2734 3025 2807 Etenim
3044 2755 3311 2813 omnium
3344 2734 3627 2833 antiquis-

215 2831 384 2887 simae
417 2848 542 2903 quae
573 2832 645 2887 ad
677 2830 1083 2905 imperfectum
1114 2832 1401 2901 codicem,
1434 2836 1499 2889 ut
1520 2834 1647 2905 jam
1678 2832 1956 2900 diximus,
1991 2850 2245 2889 excussae
2279 2835 2530 2903 fuerunt,
2564 2840 2683 2892 tres
2724 2837 2903 2895 libros
2967 2858 3115 2914 quos
3171 2846 3329 2903 solos
3386 2830 3625 2921 habent,

215 2920 330 2976 sub
361 2918 549 2976 titulis
579 2919 863 2976 librorum
899 2940 937 2989 ι,
971 2939 1035 2977 III
1065 2929 1116 2977 et
1150 2939 1207 2977 IV
1232 2927 1654 2994 repraasentant
1680 2937 1693 2977 :
1726 2925 2039 2994 sequentes
2069 2939 2202 2978 vero
2226 2924 2511 2980 editiones
2543 2926 3059 3000 Erasmi,Costerii,
3091 2932 3375 3005 Guillotii,
3410 2918 3626 2997 meme;

214 3011 420 3063 ratum
452 3008 777 3063 secundum
810 3007 1022 3063 librum
1057 3024 1173 3065 non
1205 3025 1311 3065 suo
1341 3007 1468 3065 loco
1499 3009 1852 3082 impressum
1885 3011 2221 3066 ostendunt.
2257 3012 2380 3067 Non
2422 3013 2603 3068 fuisse
2661 3019 2856 3072 autem
2909 3017 3089 3075 alium
3122 3024 3307 3079 sancti
3363 3026 3626 3084 Doctoris

218 3096 490 3154 ordinem
525 3096 579 3151 in
610 3097 939 3154 scribendis
969 3097 1063 3154 his
1093 3097 1282 3167 libris,
1315 3115 1490 3171 quam
1523 3115 1657 3154 eum
1689 3115 1805 3171 quo
1838 3098 1917 3153 illi
1951 3116 1984 3154 a
2009 3099 2177 3154 nobis
2206 3098 2299 3155 hic
2343 3100 2698 3173 digerentur,
2760 3122 2873 3162 non
2920 3108 3112 3164 solum
3170 3114 3422 3184 probant
3468 3119 3626 3174 anti-

219 3185 528 3259 quissima:
557 3190 707 3242 notae
738 3187 1145 3260 manuscripti,
1180 3203 1285 3243 nec
1313 3205 1428 3244 non
1462 3186 1937 3278 Guillotius-(loc.
1971 3187 2114 3259 cit.),
2147 3189 2492 3278 typographi
2523 3192 2755 3262 (Annot.
2792 3194 2848 3249 in
2882 3194 2982 3251 lib.
3018 3198 3091 3253 De
3120 3201 3370 3273 Interpel.
3398 3205 3515 3278 Job)
3537 3207 3625 3261 ul-

214 3275 503 3332 timarum
535 3275 927 3332 Parisinarum
958 3275 1249 3332 Ambrosii
1280 3277 1627 3345 editionum,
1651 3277 1716 3332 D.
1751 3276 2117 3331 Hermannus
2153 3275 2303 3345 (Gen.
2338 3279 2433 3332 lib.
2466 3281 2700 3351 Ambr.),
2734 3286 2911 3354 atque
2940 3284 3041 3339 alii
3077 3287 3458 3346 observarunt
3484 3275 3504 3348 ἑ
3533 3312 3626 3351 ve-

219 3381 357 3420 rum
390 3364 566 3420 etiam
598 3368 720 3421 tota
749 3364 941 3437 operis
962 3363 1141 3421 series
1173 3364 1317 3420 illud
1351 3365 1660 3421 confirmat
1689 3364 2141 3420 evidentissime.
2192 3365 2351 3419 Hanc
2381 3366 2629 3423 breviter
2651 3369 2836 3425 oculis
2867 3370 3145 3428 lectorum
3180 3377 3549 3448 subjicimus.

292 3452 353 3508 In
388 3452 620 3509 duobus
650 3452 941 3525 prioribus
971 3452 1137 3510 libris
1168 3453 1361 3527 agitur
1389 3455 1459 3510 de
1487 3452 1957 3526 interpellatione
1984 3453 2096 3507 Job
2126 3458 2182 3508 et
2212 3452 2387 3508 David
2422 3457 2494 3510 ob
2526 3458 2653 3511 vitae
2685 3456 2956 3513 humanas
3008 3462 3282 3521 miseram
3342 3470 3624 3527 conditio-

215 3558 354 3599 nem
388 3540 879 3616 inﬁrmitatesque
910 3540 1068 3598 illius
1095 3546 1222 3598 tum
1255 3559 1583 3616 corporeus,
1614 3547 1740 3598 tum
1772 3540 2086 3614 spiritales,
2119 3541 2228 3598 hoc
2256 3548 2364 3609 est,
2406 3545 2643 3601 morbos
2674 3550 2730 3601 et
2758 3546 3120 3608 calamitates
3151 3571 3184 3609 a
3242 3557 3459 3628 quibus
3516 3562 3628 3616 exi-

218 3630 407 3686 mitur
433 3646 625 3697 nemo,
658 3633 833 3702 atque
867 3630 1156 3687 infelicem
1192 3630 1354 3688 illam
1385 3631 1793 3688 necessitatem
1825 3647 1890 3687 ea
1916 3634 2147 3703 peccata
2174 3630 2602 3702 committendi,
2635 3651 2883 3706 quorum
2917 3638 3201 3696 rationem
3260 3647 3628 3706 severissime

214 3718 428 3774 offensi
454 3718 552 3775 Dei
576 3717 800 3789 judicio
833 3720 1070 3776 reddere
1104 3737 1208 3776 nos
1239 3724 1559 3793 opporteat.
1594 3720 1655 3775 Id
1690 3723 1929 3776 sanctus
1960 3718 2206 3774 antistes
2237 3718 2293 3773 in
2327 3718 2504 3791 prieri
2556 3721 2703 3777 libro
2761 3724 2927 3780 docet
2983 3729 3174 3785 verbis
3214 3732 3403 3805 ipsius
3459 3737 3566 3794 Job
3597 3758 3628 3795 e

217 3806 430 3881 primis
463 3805 751 3879 capitibus
781 3807 915 3864 libri
946 3808 1240 3881 propheta
1267 3809 1532 3881 ejusdem
1564 3808 1784 3881 petitis,
1819 3807 2165 3880 copioseque
2196 3807 2415 3877 relatis,
2450 3809 2519 3864 ad
2546 3827 2796 3882 quorum
2829 3818 3058 3872 tantum
3093 3819 3442 3894 insigniores
3472 3825 3628 3884 locos

220 3894 544 3953 nonnullas
576 3895 778 3967 adjicit
807 3896 1349 3953 observatiunculas
1383 3914 1397 3964 ;
1430 3896 1529 3952 ubi
1559 3901 1757 3952 tamen
1788 3899 1880 3952 sat
1909 3896 2099 3951 fusam
2133 3898 2526 3968 quorumdam
2558 3901 2868 3957 verborum
2925 3904 3034 3961 Job
3090 3909 3625 3981 interpretationem

219 3984 553 4059 mysticam,
587 4001 714 4057 qua:
747 3984 855 4056 ipsi
888 3984 1011 4041 visa
1035 3990 1124 4041 est
1153 3985 1506 4070 necessaria,
1539 3985 1684 4042 scite
1715 3985 2032 4041 admodum
2063 3985 2311 4040 inseruit
2339 3994 2487 4059 (cap.
2519 3989 2573 4057 5,
2607 4006 2769 4045 num.
2813 3996 2872 4047 12
2927 4006 2976 4049 et
3032 4000 3187 4068 req).
3250 4002 3311 4054 In
3374 4007 3629 4060 secundo

216 4075 326 4129 Vir
354 4076 592 4129 sanctus
622 4072 778 4130 idem
809 4077 1223 4147 argumentum
1257 4073 1634 4147 prosequitur
1663 4072 1913 4129 Psalmis
1943 4090 2037 4127 xu
2066 4078 2123 4129 et
2152 4091 2266 4128 XLII
2296 4077 2626 4132 accuratius
2656 4079 2974 4137 enucleatis
3008 4100 3020 4150 ;
3069 4084 3127 4138 in
3185 4089 3401 4157 quibus
3443 4092 3627 4164 tripli-

216 4179 349 4219 cem
380 4160 679 4235 Prophetas
711 4162 1140 4235 querimoniam
1168 4163 1440 4219 observat
1467 4162 1616 4235 (cap.
1649 4163 1703 4229 7,
1738 4179 1900 4218 num.
1934 4164 2025 4234 26,
2056 4165 2114 4218 et
2143 4179 2269 4235 cap.
2302 4166 2356 4231 8,
2391 4181 2554 4219 num.
2586 4167 2698 4239 29),
2760 4169 3011 4240 primam
3069 4173 3139 4228 de
3194 4160 3629 4238 calamitatibus

215 4266 370 4324 quas
398 4267 503 4323 per
531 4250 685 4307 hanc
712 4251 837 4307 vitae
869 4268 1108 4308 usuram
1144 4251 1525 4324 perpetimur,
1557 4251 1800 4307 alteram
1832 4251 1903 4307 de
1933 4251 2221 4307 bonorum
2254 4269 2381 4324 quae
2414 4270 2745 4326 speramus,
2796 4262 2968 4331 atque
2995 4259 3289 4333 imprimis
3340 4270 3629 4328 Dominici

214 4341 511 4395 adventus
535 4355 711 4412 quem
742 4338 839 4395 ille
871 4340 1329 4414 flagrantissimo
1359 4340 1565 4397 ardore
1594 4340 1957 4413 peroptabat,
1992 4338 2319 4409 dilectione,
2352 4342 2584 4399 tertiam
2618 4346 2957 4405 demumde
2989 4353 3333 4410 necessitate
3361 4356 3538 4415 vitam
3570 4360 3626 4416 in

213 4429 540 4501 impiorum
574 4428 866 4485 consortio
898 4429 1262 4486 traducendi.
1299 4429 1474 4485 Addit
1494 4432 1691 4486 autem
1722 4429 1782 4485 in
1814 4434 2063 4501 utroque
2094 4429 2243 4485 libro
2274 4430 2567 4487 rationum
2599 4441 2897 4493 momenta
2922 4440 3221 4496 firmandae
3253 4446 3425 4501 Verbi
3483 4447 3628 4505 divi-

214 4517 390 4573 nitati
420 4517 734 4590 peridonea
764 4517 888 4590 (lib.
923 4535 962 4584 ι,
990 4534 1114 4591 cap.
1147 4520 1181 4573 9
1215 4537 1227 4586 ;
1262 4518 1361 4574 lib.
1398 4536 1461 4585 ιι,
1491 4535 1618 4592 cap.
1650 4519 1683 4574 4
1714 4522 1770 4575 et
1797 4520 1874 4592 6),
1908 4520 2063 4590 quod
2096 4536 2229 4575 eum
2262 4538 2377 4575 non
2408 4520 2519 4576 alia
2553 4523 2623 4578 de
2653 4540 2832 4580 causa
2860 4526 3156 4585 factitasse
3186 4534 3628 4602 crediderimus.

214 4606 336 4662 nisi
375 4610 439 4660 ut
468 4607 748 4663 adversus
777 4622 1066 4663 venenum
1093 4602 1441 4663 Arianorum
1472 4607 1572 4681 qui
1602 4606 1909 4664 Mediolani
1940 4624 2008 4664 ea
2038 4613 2382 4682 tempestate
2414 4609 2736 4682 plurimum
2770 4620 3055 4686 poterant,
3115 4621 3395 4693 populum
3430 4643 3625 4695 suum,

212 4694 630 4751 communiret.
1840 4760 1845 4765 ι

290 4788 415 4838 Duo
446 4784 799 4855 posteriores
832 4785 961 4841 libri
994 4801 1092 4842 eas
1124 4786 1433 4843 hominum
1465 4786 1733 4859 querelas
1763 4786 2083 4855 continent,
2117 4803 2265 4859 quas
2296 4789 2356 4843 hi
2388 4791 2683 4863 prosperis
2714 4793 3012 4852 abundare
3038 4796 3357 4871 improbus,
3415 4806 3629 4876 probos

211 4887 354 4929 vero
386 4871 709 4929 conﬂictari
737 4872 999 4930 adversis
1027 4873 1316 4948 indignati
1346 4875 1559 4933 habere
1590 4875 1797 4933 solent.
1831 4876 2112 4940 Quocirca
2142 4878 2467 4949 primorum
2499 4881 2653 4937 bona
2673 4882 3037 4941 demonstrat
3067 4904 3180 4942 non
3212 4906 3339 4945 esse
3366 4871 3498 4948 vera
3526 4894 3628 4950 bo-

210 4978 316 5029 na,
345 4977 463 5017 non
494 4977 562 5017 ea
590 4960 738 5034 ipsis
766 4963 825 5018 in
853 4963 1159 5035 premium
1190 4964 1532 5022 meritorum
1564 4981 1860 5039 concessq,
1893 4980 1999 5021 nec
2028 4965 2190 5021 illam
2224 4984 2422 5023 eorum
2474 4960 2841 5041 possessione
2873 4973 3207 5031 felicitatem
3263 4981 3475 5035 adferri
3524 5001 3629 5040 ne-

212 5065 333 5124 que
359 5050 418 5105 in
450 5065 728 5123 praesens,
755 5067 945 5123 neque
973 5051 1157 5109 multo
1188 5053 1388 5109 minus
1417 5053 1478 5109 in
1510 5054 1796 5123 futurum,
1824 5070 1942 5125 quo
1972 5058 2233 5124 tempore
2258 5056 2405 5126 justi
2451 5056 2689 5113 demum
2724 5063 3020 5132 regnaturi
3052 5069 3209 5120 sunt.
3273 5066 3415 5123 Huic
3473 5073 3628 5127 veri-

213 5138 324 5195 tati
354 5137 531 5194 ﬁdem
562 5139 703 5195 facit
728 5137 921 5196 allatis
953 5140 1148 5198 verbis
1175 5141 1282 5198 Job
1311 5158 1379 5198 ex
1407 5141 1539 5197 aliis
1570 5142 1862 5231 capitibus
1884 5141 2023 5231 libri
2056 5143 2319 5231 ejusdem
2356 5161 2367 5199 :
2402 5161 2603 5201 verum
2637 5147 2730 5202 hic
2756 5165 2870 5202 non
2904 5153 3022 5205 tam
3075 5150 3280 5225 longas
3335 5158 3625 5231 periodos,

215 5244 400 5301 quam
430 5228 489 5283 in
520 5226 712 5301 primo
751 5227 931 5299 hujus
961 5229 1473 5287 commentationis
1503 5229 1674 5302 libro,
1706 5230 1986 5286 describit
2019 5246 2032 5286 :
2066 5230 2164 5285 sed
2196 5232 2371 5286 verba
2401 5248 2527 5304 quas
2559 5233 2667 5289 sibi
2700 5235 2969 5292 videntur
2999 5239 3068 5293 ad
3098 5256 3217 5295 rem
3254 5244 3438 5315 magis
3500 5226 3630 5305 esse

214 5315 665 5373 accommodata
694 5315 944 5391 seligens
976 5333 1045 5373 ea
1072 5316 1231 5374 brevi
1262 5319 1622 5391 expositione
1650 5317 1927 5374 illustrat.
1962 5319 2022 5409 In
2056 5323 2262 5390 quarto
2294 5318 2670 5409 libroeadem
2731 5324 3007 5392 adstruit,
3068 5329 3330 5388 adhibita
3379 5333 3628 5409 eleganti

212 5403 587 5462 enarratione
618 5403 831 5460 Psalmi
864 5422 1036 5472 Lxxn,
1068 5405 1128 5462 in
1161 5423 1276 5478 quo
1307 5406 1485 5463 David
1516 5407 1769 5480 perbelle
1798 5408 1869 5463 de
1900 5407 2102 5463 eadem
2134 5409 2376 5463 materia
2408 5408 2687 5482 disputat.

289 5492 370 5550 Ex
391 5493 602 5551 ethicis
632 5491 751 5550 illis
788 5493 1096 5567 praeceptis
1120 5508 1247 5567 quae
1279 5493 1529 5552 subinde
1560 5495 1698 5552 huic
1727 5495 2003 5555 tractatui
2029 5495 2315 5553 admiscet
2344 5498 2707 5569 Ambrosius,
2740 5502 2886 5560 satis
2915 5504 3208 5580 intelligas
3230 5527 3365 5567 eum
3396 5520 3628 5572 consta-

212 5600 277 5641 re
306 5581 715 5651 concionibus,
747 5598 895 5655 quas
928 5582 1000 5639 ad
1033 5582 1297 5640 fidelium
1330 5582 1759 5642 institutionem
1792 5588 2219 5658 composuerat.
2257 5585 2373 5643 Has
2403 5590 2599 5643 autem
2632 5590 2704 5646 ab
2736 5589 2834 5648 illo
2865 5593 3073 5651 diebus
3096 5597 3341 5655 diversis
3399 5602 3628 5664 habitas

212 5673 401 5731 fuisse
430 5690 568 5730 cum
592 5670 837 5729 secundi
868 5671 1025 5742 libri,
1057 5675 1184 5729 tum
1218 5673 1471 5731 maxime
1500 5674 1655 5731 tertii
1687 5676 1988 5733 exordium
2021 5692 2134 5732 non
2166 5675 2382 5733 obsuro
2413 5681 2502 5734 est
2522 5687 2887 5754 argumento.

284 5764 368 5824 De
398 5767 666 5840 tempore
693 5760 932 5837 quidem
961 5778 1081 5839 quo
1107 5761 1256 5827 illud
1286 5762 1483 5843 operis
1510 5766 1904 5847 conscriptum
1937 5765 2066 5840 fuit,
2098 5765 2319 5846 aliquid
2362 5767 2762 5832 indubitatum
2816 5773 3072 5850 proferre
3127 5779 3368 5852 maioris
3398 5779 3628 5843 videtur
