3866 6212
233 304 352 364 833
1702 305 1764 357 ς.
1815 300 2188 361 AMBROFII
3535 300 3667 362 836‘

237 451 365 491 esse
398 434 635 507 negotii.
676 438 1087 489 Verumtamen
1124 434 1275 487 haud
1307 432 1558 487 absurde
1591 433 1799 502 conjici
1834 433 2013 503 possit
2044 450 2261 485 illllllilti
2298 433 2485 487 eidem
2530 428 2947 504 assignandum
3008 434 3374 497 superiorem
3425 435 3649 487 trecen-

233 524 444 578 tesimo
468 525 825 594 octogesimo
856 524 1105 594 septimo
1134 539 1248 593 quo
1284 520 1528 576 Flacillm
1560 521 1872 575 Theodosii
1907 520 2101 593 Magni
2137 521 2333 575 uxoris
2366 526 2590 575 statuas
2624 522 2678 575 in
2712 520 2981 593 populari
3005 520 3291 576 seditione
3313 521 3656 591 dejecerunt

234 612 681 667 Antiochenses.
718 613 859 666 Cum
892 612 1045 667 enim
1081 616 1317 665 sanctus
1349 611 1563 664 Doctor
1590 610 1659 663 de
1692 610 2023 681 principum
2058 609 2176 681 agit
2208 610 2586 682 imaginibus,
2622 611 2703 663 ita
2735 608 2998 680 loquitur
3020 609 3228 678 flib.1v,
3256 626 3385 681 cap.
3421 611 3651 676 8,num.

230 703 321 771 24)
358 718 370 755 :
413 700 561 755 Vides
593 701 1043 771 quemadmodum
1078 703 1131 753 in
1165 701 1479 753 civitatibus
1511 700 1773 752 honorum
1803 701 2121 769 principum
2154 701 2421 768 imagines
2448 708 2808 769 perseverent,
2841 698 3129 753 deleantur
3158 700 3432 767 imagines
3458 702 3655 767 tyran-

232 804 448 842 norum.
482 788 621 850 Quis
641 794 830 841 autem
868 794 1025 858 putet
1061 794 1194 859 post
1226 788 1394 842 illurn
1430 792 1699 842 eventum
1733 803 1978 841 summa:
2007 787 2327 858 prudentiae
2367 788 2728 849 Antistitem,
2761 793 2815 843 et
2847 790 2998 859 apud
3030 804 3203 859 quem
3238 787 3497 842 maximo
3529 793 3654 843 erat

232 877 288 929 in
324 877 510 947 pretio
541 876 927 939 Theodosius,
960 875 1301 943 hujusmodi
1333 875 1527 929 verbis
1557 892 1681 947 quae
1714 874 2194 930 accerbissimum
2230 878 2373 930 tanti
2408 876 2687 947 principis
2734 876 2948 932 vulnus
2996 894 3110 931 non
3139 876 3264 931 sine
3295 875 3658 932 contumelia

229 962 619 1029 retricassent,
657 965 737 1017 uti
769 964 1023 1019 voluisse
1053 966 1080 1018 εἰ
1112 965 1389 1018 Prmterea
1422 981 1547 1035 qua:
1582 964 1675 1018 hic
1709 964 1831 1035 (lib.
1870 982 1929 1025 Il,
1963 982 2088 1035 cap.
2122 966 2347 1027 6,nnm.
2384 966 2473 1031 25)
2507 950 2577 1019 d‘e
2610 964 2859 1019 Psalmis
2894 970 3315 1033 memorantur,
3349 981 3416 1020 ea
3452 965 3648 1019 locum

226 1052 495 1107 videntur
528 1056 780 1124 priebere
810 1054 1155 1123 conjiciendi
1198 1053 1573 1107 Ambrosium
1607 1055 1841 1108 eosdem
1877 1071 2176 1107 sermones
2211 1054 2489 1109 habuisse
2522 1060 2654 1110 ante
2712 1072 2939 1109 annum
2999 1057 3108 1109 385
3164 1059 3287 1120 aut,
3344 1056 3474 1117 386,
3537 1069 3653 1125 quo

227 1144 491 1210 tempore
525 1142 719 1211 populi
747 1148 983 1195 cantum
1021 1142 1273 1195 instituit
1299 1143 1351 1195 in
1390 1142 1660 1196 Ecclesia.
1690 1141 1843 1195 Nihil
1880 1142 2073 1211 itaque
2107 1143 2469 1213 prohibuerit
2500 1143 2817 1213 quominus
2876 1144 3434 1198 commentationem
3490 1142 3648 1196 hanc

228 1227 460 1281 circiter
489 1245 711 1282 annum
742 1231 848 1281 383
881 1231 1088 1282 factam
1122 1229 1411 1293 dicamus,
1445 1234 1835 1299 sanctumque
1868 1234 2132 1282 nostrum
2197 1231 2265 1281 de
2323 1228 2535 1283 statuis
2594 1228 2947 1284 mentionem
3003 1229 3283 1284 habuisse
3340 1228 3651 1284 occasione

230 1315 554 1383 imaginum
588 1316 847 1371 Gratiani
884 1318 1272 1389 imperatoris,
1309 1334 1474 1389 quas,
1508 1336 1574 1372 eo
1606 1318 1915 1383 exstincto,
1950 1317 2201 1389 populus
2234 1318 2326 1371 cui
2352 1318 2585 1387 juvenis
2617 1315 2711 1371 ille
2756 1317 3026 1389 princeps
3084 1324 3202 1372 tam
3254 1318 3493 1388 justum
3555 1319 3647 1372 sui

228 1402 543 1475 reliquerat
573 1405 952 1471 desiderium,
987 1406 1366 1460 conservavit.

228 1582 474 1590 .————-

480 1583 763 1590 ._——__.

228 1598 547 1606 ~————-———_._
564 1601 1593 1607 _—_——____—_m-
1654 1604 1675 1607 _
1752 1604 1765 1605 κ
1804 1602 2035 1608 ___—_._
2060 1604 2091 1607 _

884 1790 1707 1949 SANC'I‘I
1896 1792 2971 1950 AMBROSH

1469 2093 2042 2149 MEDIOLANENSIS
2082 2093 2395 2148 EPISCOPI

1905 2281 1979 2324 DE

528 2456 2062 2590 INTEBPELLATIONE
2152 2455 2452 2602 JOB
2545 2460 2743 2585 ET
2843 2457 3332 2591 DAVID

1506 2713 1718 2782 LIBRI
1776 2712 2177 2795 QUATUOR
2218 2709 2345 2782 (69).

1535 3033 1854 3116 LIBER
1913 3032 2328 3121 PRIMUS

714 3229 813 3288 DE
874 3228 1615 3289 lNTERPELLATlONE
1670 3229 1808 3288 JUB
1872 3230 1970 3288 ET
2028 3230 2129 3288 DE
2191 3194 2520 3288 HOMINIS
2582 3227 3119 3288 lNFlRMlTA'l‘E.

606 3542 853 3596 623-5
904 3539 986 3593 CA
1001 3539 1136 3594 PUT
1196 3538 1484 3594 PRIMUM

219 3615 413 3669 Mullus
448 3615 505 3666 in
536 3613 636 3666 hac
667 3614 777 3665 vita
805 3612 1239 3681 perturbationes
1270 3628 1403 3673 esse,
1451 3612 1651 3665 mullos
1680 3628 1867 3665 conso-

292 3686 545 3745 lationes,
578 3682 669 3736 scil
700 3683 784 3737 his
817 3683 944 3736 illa:
976 3685 1129 3751 longe
1158 3684 1411 3752 superari
1439 3699 1457 3740 ;
1491 3683 1627 3753 quod
1658 3692 1869 3737 sancto-

1901 3548 1955 3611 Α
1983 3540 2172 3594 lorum
2207 3540 2405 3606 subiit,
2440 3544 2669 3594 tantum
2697 3538 2963 3594 dolorum
3000 3542 3172 3610 atque
3213 3537 3625 3594 inﬁrmitatum

1983 3630 2286 3684 absorbuit
2314 3629 2341 3683 ?
2376 3628 2433 3682 ln
2466 3629 2536 3683 iis
2568 3645 2714 3700 quas
2745 3628 2958 3682 Christi
2993 3628 3226 3683 nomine
3258 3627 3445 3683 subiit
3497 3643 3627 3699 pas-

292 3773 419 3809 rum
448 3754 762 3808 inductione
792 3755 1171 3823 comprobatur
1190 3772 1208 3807 .'
1242 3755 1417 3808 Dauid
1447 3771 1511 3808 ac
1536 3755 1735 3810 Johum
1774 3771 1870 3823 pro

291 3828 497 3881 nostris
553 3825 971 3893 inﬁrmitatibus
1036 3824 1441 3895 interpollasse,
1512 3826 1653 3880 unde
1710 3825 1872 3895 hujus

290 3900 467 3968 operis
487 3905 891 3966 argumentum.

292 3988 342 4040 t.
382 3986 597 4040 Multas
630 3983 797 4039 nobis
831 3985 1297 4055 perturbationes
1330 3985 1389 4038 in
1422 3984 1529 4038 hnc
1575 3985 1692 4039 vita
1745 4000 1872 4037 esse

219 4074 556 4129 subeundas
586 4072 887 4143 Scriptura
919 4072 1115 4127 divina
1168 4073 1569 4144 frequentibus
1626 4074 1871 4127 demon-

218 4169 365 4218 strat
424 4158 585 4228 locis,
650 4161 983 4233 multasque
1034 4170 1347 4233 suppetere
1423 4161 1869 4228 consolationes,

217 4253 434 4323 quibus
466 4253 702 4305 animus
723 4267 906 4321 capax
934 4250 1153 4320 vigoris
1186 4255 1241 4305 et
1273 4251 1410 4304 recti
1440 4250 1709 4305 conscius
1770 4252 1870 4305 ab-

218 4341 453 4395 sorbere
505 4339 713 4394 debeat
743 4356 871 4410 qua:
934 4331 1307 4409 pﬂesentium
1364 4339 1870 4394 incommodorum

218 4432 376 4493 sunt,
410 4433 672 4499 spectare
699 4444 767 4481 ea
800 4444 929 4498 qua:
964 4426 1215 4481 habeant
1246 4433 1540 4498 perpetem
1593 4428 1872 4498 jucundi-

217 4522 419 4571 tatem.
456 4517 901 4586 Praeponderant
931 4516 1088 4570 enim
1122 4514 1545 4570 consolationes
1581 4517 1875 4587 perturba-

218 4604 503 4672 tionibus,
530 4605 669 4675 quia
699 4609 753 4659 et
787 4606 1157 4676 praesentium
1193 4605 1552 4660 sedationem
1599 4606 1869 4670 afferunt,

219 4700 276 4748 et
307 4710 472 4765 spem
507 4692 858 4747 futurorum.
884 4693 1041 4747 ['nde
1058 4698 1115 4746 et
1136 4692 1435 4763 apostolus
1458 4692 1695 4757 Paulus,
1726 4718 1750 4741 ‹‹
1786 4694 1874 4747 ln-

220 4783 409 4855 dignze
441 4786 598 4849 sunt,
634 4781 846 4853 inquit,
881 4781 1186 4852 paSsiones
1220 4782 1399 4851 hujus
1458 4782 1738 4853 temporis
1800 4782 1869 4835 ad

220 4876 701 4944 superventuram
736 4869 981 4941 gloriam
1011 4870 1181 4931 (Item.
1214 4887 1333 4936 vui,
1371 4873 1477 4937 18).
1527 4893 1554 4919 »
1613 4870 1868 4942 Indignas

220 4962 420 5033 utique
454 4962 523 5015 ad
581 4958 997 5015 consolationis
1049 4960 1566 5030 comparationem,
1629 4976 1740 5013 non
1799 4959 1871 5015 ad

220 5051 473 5106 fructum
507 5048 947 5119 redemptionis.

288 5143 344 5195 2.
379 5141 513 5203 Qua!
536 5143 626 5193 est
656 5139 812 5193 enim
845 5144 962 5192 tam
1016 5137 1293 5209 prmclara
1351 5139 1698 5209 cujusquam
1758 5139 1876 5193 vita

220 5229 280 5283 in
328 5229 523 5295 terris,
576 5232 642 5283 ut
698 5228 1004 5299 aquuare
1062 5226 1223 5282 illam
1280 5226 1571 5281 caelestem
1630 5226 1875 5299 gloriam

224 5316 454 5388 possit?
485 5317 629 5382 Quid
666 5316 987 5371 sublimius
1018 5314 1216 5383 Paulo,
1251 5314 1353 5387 qui
1384 5320 1613 5370 tantum
1646 5316 1874 5388 pericu—

295 5459 407 5529 {60)
438 5457 648 5529 Scripti
685 5460 828 5513 forte
862 5459 999 5514 circ.
1034 5475 1128 5513 an.
1163 5459 1288 5513 383.

296 5526 523 5599 {70)lta
569 5526 709 5599 edit.
774 5531 900 5585 Era.
962 5546 1095 5584 cum
1159 5546 1301 5584 mss.
1353 5529 1605 5593 Thuan,
1672 5529 1871 5589 l.anrl..

225 5597 398 5668 Torn.
433 5604 488 5650 ct
528 5598 696 5661 Viet.,
733 5600 854 5653 alia:
914 5617 1045 5654 vero
1104 5599 1241 5653 edit.
1299 5617 1363 5654 ac
1407 5618 1574 5668 mss.,
1633 5602 1875 5655 ἀραιαί-[ές

230 5667 297 5743 ad
327 5678 582 5743 ternm...
602 5673 823 5743 revectis
856 5670 943 5743 vel
972 5671 1207 5724 reductis
1235 5671 1305 5724 ad
1345 5672 1558 5725 emtum.
1596 5672 1705 5725 Sed
1746 5689 1875 5743 pu-

231 5741 426 5803 tamus
458 5740 721 5794 nostram
750 5737 1055 5797 lectionem
1087 5744 1385 5811 praestare,
1415 5745 1592 5813 atque
1628 5737 1874 5800 Ambro-

1980 3718 2248 3772 sionibus
2283 3718 2563 3789 quotidie,
2597 3726 2656 3771 ut
2682 3717 2805 3788 ipse
2836 3716 2997 3779 dicit,
3032 3717 3396 3772 moriebatur
3443 3716 3626 3788 (lCor.

1982 3824 2073 3871 xv,
2103 3808 2215 3873 31),
2249 3812 2306 3860 et
2333 3805 2477 3860 nihil
2520 3807 2826 3877 indignum
2862 3804 3079 3877 perpeti
3124 3822 3186 3860 se
3230 3805 3288 3859 in
3322 3806 3429 3860 hoc
3485 3810 3629 3860 tem-

1982 3912 2120 3966 pore
2161 3913 2263 3965 pro
2295 3900 2466 3949 tanta}
2498 3894 2690 3966 gloria:
2723 3911 2825 3967 spe
2856 3900 3029 3966 atque
3049 3894 3478 3966 exspectatione
3507 3911 3636 3949 oen-

1982 3985 2167 4038 sehat.
2204 3985 2355 4039 Elias
2386 3986 2621 4050 famem,
2656 3983 2920 4049 insidias,
2976 3985 3301 4055 mortisque
3359 3987 3631 4045 terrores,

1982 4072 2251 4128 laborum
2284 4073 2491 4128 acerba
2521 4072 2785 4128 toleravit
2819 4091 2832 4127 :
2866 4078 2918 4126 et
2953 4071 3113 4128 solus
3145 4071 3241 4127 ille
3287 4072 3476 4144 igneis
3508 4088 3635 4126 cur-

1984 4162 2167 4223 ribus,
2202 4164 2369 4233 equis
2430 4162 2615 4233 igneis
2669 4162 2740 4216 de
2792 4160 2934 4217 ccelo
2992 4162 3278 4217 deductus
3334 4162 3492 4218 626
3565 4161 3637 4215 ad

1981 4256 2187 4316 terras,
2222 4253 2357 4321 (70),
2390 4255 2447 4306 et
2475 4251 2545 4305 de
2574 4251 2745 4305 terris
2775 4256 3036 4307 revectus
3066 4251 3136 4305 ad
3196 4249 3433 4315 cmlum,
3465 4266 3637 4305 omne

1983 4340 2260 4395 meritum
2297 4340 2475 4409 hujus
2508 4338 2727 4393 militiae
2758 4339 3084 4403 abscondit,
3116 4344 3292 4410 atque
3321 4338 3477 4393 ultra
3534 4340 3637 4393 hu-

1983 4446 2158 4483 mana
2190 4428 2387 4483 omnia
2416 4429 2665 4499 gratiam
2694 4427 2771 4499 pii
2802 4426 3129 4482 ascensoris
3152 4428 3358 4483 evexit.
3392 4428 3540 4483 Nam
3564 4428 3633 4482 de

1984 4518 2151 4572 Petro
2181 4517 2319 4585 quid
2353 4516 2583 4587 loquar,
2615 4515 2717 4587 qui
2749 4532 2978 4571 crucem
3011 4533 3178 4571 suam
3213 4516 3413 4572 futura
3447 4533 3635 4572 remu-

1985 4606 2287 4660 neratione
2317 4605 2621 4675 indignam
2674 4604 3009 4668 arbitratus,
3071 4604 3299 4660 inverso
3355 4605 3635 4676 suspendi

1984 4694 2247 4766 pOposcit
2279 4693 2544 4765 vestigio,
2581 4696 2644 4746 ut
2673 4692 2893 4764 aliquid
2924 4692 3181 4764 passioni
3213 4710 3333 4747 suae
3378 4693 3634 4757 adderet,

1986 4783 2153 4851 cujus
2185 4784 2455 4837 acerbare
2482 4782 2606 4853 ipse
2637 4780 2749 4835 sibi
2781 4781 3068 4853 supplicia
3100 4799 3214 4835 non
3246 4781 3477 4837 timeret
3498 4778 3638 4850 (7i)?

2060 4874 2111 4926 3.
2150 4872 2311 4926 Unde
2345 4888 2457 4924 non
2493 4870 2785 4925 immerito
2835 4876 3075 4925 sanctus
3106 4871 3285 4925 David
3345 4871 3419 4925 ad
3477 4868 3634 4924 illam

2026 4960 2258 5026 brium,
2313 4977 2448 5015 cum
2483 4960 2539 5013 in
2572 4964 2776 5014 caetero
2830 4976 3021 5032 Opere,
3084 4966 3208 5013 tum
3272 4959 3524 5014 maxime
3578 4957 3635 5011 in

1985 5049 2435 5122 quadragesimo
2468 5047 2655 5120 primo
2681 5047 2912 5103 Psalmo
2940 5066 3001 5104 se
3031 5048 3306 5103 festinare
3366 5052 3631 5111 testatur,

1984 5141 2187 5195 dicens
2222 5155 2233 5193 :
2272 5160 2299 5188 «
2330 5137 2571 5201 Quando
2597 5137 2825 5192 veniam
2850 5141 2907 5192 et
2936 5137 3226 5208 apparebo
3262 5140 3399 5191 ante
3432 5136 3629 5191 faciem

1984 5230 2085 5285 Dei
2116 5229 2289 5299 (Psal.
2324 5245 2439 5296 xu,
2468 5228 2524 5296 3)
2557 5228 2584 5281 ‘P
2614 5249 2641 5275 ››
2674 5226 2738 5281 In
2770 5243 2886 5298 quo
2937 5226 3165 5281 Psalmo
3223 5230 3281 5279 et
3340 5224 3631 5297 perturba-

1984 5319 2175 5374 tiones
2206 5316 2478 5372 humanae
2507 5314 2866 5387 fragilitatis,
2899 5320 2955 5370 et
2979 5312 3408 5370 consolationes
3439 5330 3475 5369 a
3526 5312 3627 5370 Do-

1985 5461 2141 5517 sium
2174 5464 2469 5531 spectasse
2501 5458 2572 5512 ad
2603 5457 2738 5512 Elia:
2771 5458 3025 5512 reditum
3058 5456 3246 5511 illum.
3282 5473 3397 5528 quo
3430 5457 3485 5511 in
3537 5460 3623 5510 Do-

1985 5530 2745 5601 minica’transliguralione
2776 5530 3067 5601 apparuit,

2061 5604 2173 5673 (7t)
2204 5595 2677 5673 Hujushistorize
2711 5595 2977 5655 mem-init
3009 5600 3396 5673 Hieronymus
3426 5597 3483 5652 in
3537 5595 3623 5650 Ca-

1986 5672 2086 5751 talg.
2120 5678 2177 5751 et
2208 5672 2566 5751 Hegesippus
2597 5688 2630 5727 a
2660 5672 3311 5751 quo_eani_Ambros_ius
3334 5673 3619 5751 mutuatus

1985 5745 2221 5803 videtur
2254 5741 2520 5820 :qua'de
2545 5759 2606 5802 re
2635 5741 2868 5805 a'nobie
2899 5742 3123 5804 dicetur
3151 5741 3265 5804 alio
3296 5741 3441 5803 loco.
