3866 6212
192 344 303 407 837

192 583 293 641 pro
323 566 491 622 nobis
521 565 728 634 Deum,
758 567 914 640 quod
948 564 1166 622 oblitus
1211 565 1404 637 operis
1433 564 1551 634 sui,
1608 565 1827 620 oblitus

193 655 408 713 collata:
440 656 498 711 in
528 655 829 711 hominem
859 653 1227 711 liberalitatis
1258 655 1316 709 et
1370 652 1592 727 gratiae,
1653 668 1827 726 quem

192 745 471 802 tuendum
503 748 679 818 atque
712 744 1041 801 ornandum
1090 746 1448 816 susceperat,
1506 740 1829 815 derelique-

192 834 280 905 rit,
312 838 368 889 et
398 832 701 891 infirmum
736 850 802 890 ac
836 832 1186 905 naufragum
1218 830 1463 887 diversis
1518 830 1829 886 infirmita-

193 916 344 979 tibus
374 923 640 995 rejecerit
670 922 1058 979 atterendum.
1091 920 1252 985 Quod
1283 919 1438 976 idem
1470 922 1605 977 ante
1634 918 1828 991 ipsum

193 1012 398 1067 fecerat
428 1016 668 1069 sanctus
696 1011 805 1067 Job
843 1028 853 1065 :
899 1010 999 1066 sed
1033 1010 1142 1066 istc
1173 1007 1473 1075 moralius,
1504 1008 1603 1064 ille
1658 1006 1829 1063 vehe-

191 1101 461 1156 mentius.
495 1100 811 1173 Utriusque
842 1098 1023 1173 igitur
1078 1096 1577 1171 interpellationes
1635 1096 1830 1152 consi-

189 1191 383 1245 derare
414 1190 571 1245 cordi
605 1195 714 1255 est,
747 1189 900 1261 quod
947 1189 1005 1243 in
1036 1186 1130 1243 his
1158 1185 1287 1243 vitm
1319 1186 1592 1242 humana:
1647 1186 1835 1242 forma

187 1277 550 1352 exprimitur,
599 1295 780 1334 causa
836 1275 1050 1350 agitur,
1080 1275 1465 1350 praerogativa
1518 1275 1826 1331 formatur.

188 1369 299 1422 Suo
328 1367 513 1440 igitur
541 1366 743 1423 ordine
773 1366 1099 1439 spectanda;
1134 1364 1301 1421 nobis
1333 1367 1489 1420 sunt.

819 1471 1055 1528 CAPUT
1114 1470 1181 1525 Il.

191 1562 457 1630 Quomodo
519 1562 699 1617 beatus
743 1560 861 1627 Job,
896 1560 1118 1616 amissis
1155 1557 1404 1614 omnibus
1450 1560 1649 1630 praeter
1700 1572 1833 1613 uxo-

255 1649 388 1701 rem,
422 1642 685 1704 tanquam
719 1634 888 1688 bonus
918 1631 1120 1687 athleta
1170 1629 1674 1704 perturbationibus
1727 1645 1836 1683 non

255 1707 498 1770 cesserit,
525 1702 624 1785 nec
649 1711 859 1759 certare
884 1702 1230 1757 recusaverit.

244 1786 306 1866 λἰ,
343 1810 599 1867 Amissis
627 1810 826 1882 itaque
852 1808 1056 1865 liberis
1081 1807 1190 1864 Job
1216 1810 1393 1880 atque
1415 1805 1691 1862 omnibus
1712 1805 1839 1861 suis

995 343 1099 405 DE
1140 316 2054 406 INTERPELLATIONE‘JOB
2099 344 2198 405 E'l‘
2241 343 2484 404 DAVID
2529 345 2678 405 LIB.
2726 345 2771 405 1.

194 479 347 535 mino
377 477 665 535 evidenter
694 478 998 551 expressit.
1032 477 1093 534 In
1127 493 1241 549 quo
1273 475 1447 532 etiam
1493 475 1821 548 intcrpeiiat
1860 499 1898 554 Α

3468 348 3585 411 838

2012 494 2129 528 rum
2167 478 2220 530 in
2255 477 2446 531 lectulo
2479 478 2628 533 nobis
2672 475 2741 531 ad
2783 480 3011 548 quidem:
3044 479 3165 532 dum
3217 483 3587 537 sel/iriiri.{ine

2009 551 2233 617 aquari,
2260 558 2419 618 atque
2446 566 2518 602 ec
2545 548 2731 603 eodem
2759 565 2953 605 vacuos
2982 567 3046 604 ac
3072 552 3240 605 mutos
3270 569 3581 621 emntrgere,

2007 634 2133 690 quae
2161 621 2292 675 vitae
2322 621 2483 674 istius
2514 622 2692 690 imago
2720 624 2817 675 est.

2008 744 2061 797 6.
2096 743 2278 807 Quam
2343 744 2560 799 misera
2615 743 2871 800 hominis
2920 746 3195 814 conditio,
3231 765 3356 819 quo:
3416 752 3583 821 quasi

1940 831 2301 887 mercenaria
2330 831 2460 887 aliis
2491 831 2734 901 laborat,
2765 833 2875 889 sibi
2906 834 3145 906 indiget,
3171 840 3226 891 et
3252 836 3365 891 nisi
3398 837 3587 893 aliena

1942 920 2341 977 misericordia
2390 924 2717 977 sustentare
2770 938 2829 977 se
2882 923 3113 995 nequit!
3162 924 3426 989 Quotidie
3476 926 3584 981 sub

1942 1009 2276 1077 formidine,
2303 1010 2413 1064 sub
2444 1010 2651 1065 timore
2682 1026 2911 1083 gravem
2942 1012 3191 1069 tolerans
3224 1014 3583 1085 servitutem,

1942 1105 1999 1153 et
2040 1116 2109 1154 ne
2153 1098 2621 1170 deprehendatur
2653 1117 2685 1153 a
2717 1100 2983 1167 Domino,
3017 1103 3259 1158 erratica
3294 1100 3587 1175 atque'fu-

1943 1188 2119 1261 giliva
2150 1187 2258 1243 sub
2302 1188 2511 1243 umbra
2542 1188 2791 1259 quadam
2846 1189 3039 1243 swcnli
3086 1190 3265 1260 hujus
3314 1196 3478 1263 putat
3529 1211 3589 1248 se

1945 1294 2114 1349 posse
2158 1276 2514 1331 delitescere.
2551 1275 2863 1332 Considera
2910 1276 3074 1332 illum
3123 1278 3191 1332 de
3240 1297 3355 1351 quo
3405 1281 3483 1336 ait
3529 1281 3589 1335 in

1946 1364 2349 1421 Ecclesiastico
2379 1364 2577 1421 Sirach
2614 1383 2626 1420 :
2656 1388 2682 1414 ιι
2714 1365 2914 1421 Omnis
2949 1366 3122 1422 homo
3152 1369 3592 1440 transgrediens

1947 1455 2001 1509 in
2036 1454 2183 1510 lecto
2214 1472 2340 1521 suo,
2375 1457 2750 1509 contemnens
2782 1458 2838 1509 et
2870 1455 3070 1511 dicens
3099 1456 3159 1512 in
3191 1457 3390 1514 anima
3437 1476 3545 1514 sua
3576 1477 3590 1514 :

1947 1543 2086 1607 Quis
2116 1559 2206 1598 me
2228 1542 2420 1598 videt?
2442 1541 2714 1597 Tenebrae
2738 1542 3108 1599 circumdant
3128 1562 3220 1600 me
3241 1550 3299 1601 et
3318 1546 3591 1618 parietes,

1948 1649 2120 1704 quem
2162 1647 2360 1686 vereor
2404 1631 2588 1703 (Eccli.
2622 1648 2780 1698 χχιιι,
2813 1632 2900 1699 25,
2934 1633 3062 1704 26)?
3086 1656 3113 1682 »
3143 1633 3344 1691 Nonne
3373 1635 3479 1690 tibi
3510 1636 3592 1691 vi-

1948 1721 2117 1775 detur
2150 1720 2257 1775 iste
2288 1737 2416 1775 vere
2457 1736 2584 1775 esse
2631 1720 3026 1777 mercenarius
3056 1721 3155 1793 qui
3189 1741 3296 1779 sua
3321 1724 3593 1795 prodide-

1950 1809 2023 1863 rit
2062 1807 2195 1879 (75),
2223 1812 2285 1863 ut
2334 1807 2428 1864 ille
2477 1808 2818 1865 adolescens
2866 1809 2923 1864 in
2974 1810 3284 1884 Evangelio
3316 1813 3465 1885 (Luc.
3498 1831 3590 1882 xv,

190 1904 392 1974 praeter
423 1916 689 1965 uxorem,
724 1866 851 1972 quae
882 1898 934 1954 ei
966 1896 1090 1954 sola
1124 1896 1195 1952 ad
1234 1866 1615 1952 tehtationem
1649 1893 1839 1950 fuerat
1868 1866 1919 1931 Β
1950 1898 2015 1952 13
2043 1866 2095 1953 et
2123 1866 2279 1969 seq),
2312 1897 2408 1969 qui
2461 1896 2676 1970 legitur
2723 1899 3017 1971 accepisse
3047 1918 3080 1956 a
3107 1866 3275 1973 patre-

193 1993 503 2058 reservata,
536 1988 811 2062 perfusus
833 1987 1011 2044 etiam
1046 1985 1159 2058 (72)
1222 1984 1415 2041 ulcere
1470 1983 1617 2040 621
1654 1982 1837 2055 gravi,

189 2096 317 2134 cum
347 2078 574 2135 videret
629 2077 849 2133 amicos
908 2092 1048 2131 suos
1105 2091 1223 2131 non
1282 2074 1353 2129 ad
1414 2071 1834 2129 consolandum

188 2168 433 2238 venisse,
460 2167 567 2223 sed
602 2167 672 2222 ad
704 2164 1179 2238 exaggerandum
1209 2166 1265 2219 et
1294 2162 1685 2218 acerbandum
1737 2161 1837 2216 do.

191 2256 388 2326 lorem,
423 2255 677 2313 advertit
707 2272 741 2310 a
769 2254 1016 2310 Domino
1050 2252 1248 2309 datam
1275 2251 1334 2307 in
1390 2267 1451 2308 se
1508 2250 1839 2306 adversario

191 2345 447 2402 tentandi
480 2345 576 2402 sui
606 2347 974 2417 potestatem.
1008 2341 1075 2397 Et
1130 2340 1398 2414 quamvis
1428 2338 1671 2413 sagittas
1728 2339 1839 2394 Do-

192 2434 331 2490 mini
354 2435 413 2489 in
446 2447 692 2507 corpore
735 2448 844 2489 suo
899 2430 1143 2488 sentiret
1198 2446 1346 2498 esse,
1407 2429 1623 2501 quibus
1681 2444 1837 2484 com-

195 2524 367 2597 pungi
401 2540 465 2579 se
500 2522 740 2589 diceret,
772 2524 971 2577 tamen
1002 2518 1170 2593 quasi
1220 2518 1410 2574 bonus
1440 2517 1678 2585 athleta,
1739 2517 1838 2589 qui

193 2611 367 2669 dolori
401 2629 521 2669 non
554 2610 803 2677 cederet,
834 2614 939 2665 nec
970 2609 1118 2665 dura
1147 2606 1483 2665 certaminis
1524 2609 1837 2671 recusaret,

196 2702 461 2757 addidit:
531 2724 559 2750 «
593 2699 881 2772 Incipiens
936 2698 1221 2755 Dominus
1275 2695 1557 2765 vulneret,
1616 2695 1676 2750 in
1725 2696 1841 2751 fine

193 2794 379 2847 autem
411 2807 533 2848 non
565 2806 659 2845 me
689 2788 939 2861 perimat
985 2788 1239 2861 (73)......
1302 2786 1437 2851 Quae
1497 2785 1654 2841 enim
1710 2800 1841 2841 mea

192 2877 389 2948 virtus,
422 2878 530 2952 qui
561 2876 821 2934 sustineo
854 2894 867 2932 :
901 2880 1000 2932 aut
1028 2875 1183 2949 quod
1222 2891 1419 2932 meum
1466 2878 1721 2947 tempus,
1775 2877 1842 2929 ut

195 2968 428 3025 suti‘erat
458 2967 663 3025 anima
692 2984 821 3023 mea
849 2967 877 3021 ?
906 2964 1202 3038 Numquid
1233 2964 1510 3021 fortitudo
1553 2962 1837 3036 lapidum,

192 3055 464 3114 fortitudo
499 3073 632 3112 mea
664 3074 677 3112 :
707 3059 809 3113 aut
839 3070 1045 3111 carnes
1102 3069 1245 3110 mete
1284 3056 1425 3109 sunt
1479 3067 1638 3107 aereae
1671 3068 1684 3105 :
1741 3055 1843 3107 aut

195 3164 303 3202 non
333 3147 393 3202 in
423 3146 560 3220 ipso
590 3145 955 3201 confidebam
983 3142 1011 3197 ‘2
1041 3143 1413 3215 Adjutorium
1436 3146 1631 3197 autem
1660 3156 1695 3196 a
1750 3156 1842 3195 me

1948 1987 2039 2042 tiae
2069 1986 2417 2059 portionem,
2453 1990 2508 2043 et
2538 2004 2714 2060 egens
2765 1992 2940 2059 atque
2990 1988 3180 2063 ineps,
3214 2007 3329 2063 quo
3379 1991 3593 2048 famem

1949 2075 2183 2143 levaret,
2216 2092 2451 2148 pascere
2500 2092 2705 2148 greges
2736 2076 2909 2149 coepit
2947 2076 3189 2150 alienos,
3221 2085 3287 2134 ut
3333 2081 3596 2137 mercede

1949 2170 2250 2236 sumptum
2270 2170 2558 2219 exerceret
2573 2165 2787 2219 suum?
2808 2166 2912 2219 Sed
2944 2164 3037 2221 ille
3058 2170 3255 2223 tamen
3280 2166 3596 2240 aliquando

1949 2269 2265 2308 conversus
2296 2256 2402 2320 est,
2438 2252 2574 2324 quia
2614 2253 2845 2308 revertit
2892 2254 2965 2309 ad
3004 2259 3252 2327 patrem,
3275 2262 3333 2313 et
3361 2248 3598 2331 peccata

1950 2359 2057 2397 sua
2088 2359 2201 2397 non
2235 2341 2529 2413 repressit,
2577 2342 2679 2397 sed
2708 2342 2984 2414 prodidit.
3022 2344 3125 2400 Hic
3175 2349 3371 2402 autem
3402 2347 3499 2418 qui
3535 2363 3598 2403 se

1948 2429 2244 2486 existimat
2274 2431 2344 2485 ab
2377 2447 2441 2486 eo
2474 2430 2576 2502 qui
2619 2430 2818 2487 omnia
2845 2431 3019 2501 videt,
3049 2450 3163 2490 non
3196 2435 3398 2507 videri,
3430 2440 3487 2491 et
3514 2442 3597 2492 te-

1950 2518 2144 2574 nebris
2176 2522 2341 2591 putat
2371 2519 2688 2574 commissa
2728 2536 2835 2575 sua
2876 2537 3047 2593 posse
3095 2522 3291 2592 celari,
3328 2525 3597 2579 umbram

1950 2606 2253 2679 praetendit
2279 2623 2291 2660 :
2322 2607 2420 2661 sed
2456 2607 2673 2662 frustra
2702 2607 2881 2664 latere
2912 2624 2973 2665 se
3004 2610 3207 2681 credit,
3230 2627 3363 2667 cum
3395 2611 3601 2670 oculus

1953 2696 2201 2763 Domini,
2234 2695 2484 2751 lucidior
2524 2694 2665 2761 sole,
2690 2696 2916 2753 occulta
2945 2700 3144 2754 omnia
3181 2700 3598 2772 deprehendat,

1949 2786 2102 2841 628
2133 2785 2442 2840 tenebrosa
2471 2783 2786 2854 illuminet,
2812 2790 2868 2842 et
2899 2786 3090 2842 intimi
3114 2789 3306 2845 cordis
3338 2794 3602 2862 penetret

1948 2874 2388 2941 conscientiam,
2414 2878 2589 2947 atque
2620 2874 2678 2929 in
2712 2874 2829 2931 alta
2858 2879 2915 2932 et
2943 2878 3235 2949 profunda
3263 2879 3597 2936 descendat.

1948 2963 2148 3019 Vanus
2179 2979 2314 3036 ergo
2346 2964 2445 3035 qui
2478 2967 2648 3035 putat
2685 2963 2942 3020 tenebris
2973 2981 3100 3022 esse
3131 2984 3193 3022 se
3221 2970 3439 3034 tutum,
3464 2985 3596 3024 cum

1951 3051 2139 3107 lucem
2173 3052 2353 3107 vitare
2399 3068 2513 3107 non
2562 3052 2767 3124 possit,
2793 3070 2919 3126 quae
2962 3053 3117 3111 lucet
3147 3056 3203 3111 in
3235 3057 3512 3126 tenebris,
3545 3062 3602 3113 et

1950 3140 2201 3196 tenebras
2234 3157 2359 3196 eam
2393 3158 2508 3195 non
2550 3141 3073 3214 comprehendunt.
3107 3146 3282 3209 Quasi
3322 3147 3601 3219 fugitivus

194 3236 427 3292 recessit
458 3255 472 3291 :
510 3233 765 3291 visitatio
796 3237 989 3289 autem
1016 3231 1145 3303 ejus
1174 3229 1436 3305 despexit
1465 3246 1559 3286 me
1589 3230 1725 3300 (Job.
1757 3245 1835 3296 v1,
1870 3236 1913 3302 ο
1952 3229 2147 3301 itaque
2178 3233 2234 3284 et
2265 3229 2455 3311 malus
2485 3231 2882 3287 mercenarius
2911 3232 3385 3304 deprehenditur,
3419 3240 3476 3290 et
3504 3253 3602 3290 an-

192 3325 360 3395 9-13).

260 3414 311 3467 5.
349 3436 369 3462 ι
396 3413 607 3469 Nonne
634 3415 1063 3467 tentamentum
1096 3414 1184 3465 est
1207 3408 1325 3463 vita
1354 3406 1613 3464 hominis
1646 3406 1701 3462 in
1733 3410 1843 3462 ter-

196 3518 276 3574 ra,
306 3505 360 3557 et
389 3501 551 3558 sicut
593 3498 933 3557 mercenarii
968 3496 1293 3571 quotidiani
1325 3496 1445 3552 vita
1472 3496 1622 3567 ejus,
1645 3499 1745 3551 aut
1770 3495 1843 3550 si-

195 3593 288 3645 cut
314 3589 578 3647 famulus
606 3588 823 3644 timens
852 3586 1158 3643 dominum
1217 3601 1414 3652 suum,
1477 3584 1578 3657 qui
1610 3601 1671 3641 se
1729 3584 1839 3641 sub

199 3680 399 3735 umbra
429 3679 688 3751 obtegat,
722 3682 824 3732 aut
854 3676 1006 3731 sicut
1038 3673 1437 3730 mercenarius
1494 3677 1840 3746 exspectans

200 3768 524 3824 mercedem
552 3783 741 3833 suam,
775 3766 857 3821 sic
887 3769 944 3820 et
973 3781 1079 3837 ego
1109 3779 1341 3819 menses
1369 3763 1694 3835 exspectavi
1742 3779 1838 3818 va-

199 3871 352 3924 cuos,
384 3858 591 3911 noctes
619 3859 813 3911 autem
858 3852 1125 3908 dolorum
1182 3852 1327 3907 date:
1358 3856 1497 3907 sunt
1554 3851 1720 3917 mihi,
1777 3851 1837 3906 Si

196 3943 650 4015 quiescam,dico
684 3960 696 3997 :
728 3942 970 4006 Quando
1003 3942 1128 3997 dies
1157 3940 1186 3995 ’ἵ
1216 3939 1275 3996 Si
1305 3957 1568 4013 surgam,
1594 3939 1831 3995 iterum:

199 4034 434 4098 Quando
464 4047 674 4104 vesper
701 4034 727 4083 γ
755 4029 966 4086 Plenus
996 4046 1128 4085 sum
1181 4027 1482 4085 doloribus
1513 4045 1547 4084 a
1602 4044 1842 4100 vespera

192 4137 370 4194 usque
400 4122 474 4177 ad
511 4136 702 4176 mane.
729 4119 1133 4174 Fermentatur
1160 4116 1303 4172 mihi
1332 4133 1543 4188 corpus
1566 4116 1625 4171 in
1649 4120 1841 4189 putre-

193 4208 320 4265 dine
342 4208 635 4266 vermium
671 4225 682 4263 :
716 4205 1028 4279 liquefacio
1058 4208 1253 4261 autem
1284 4204 1487 4277 glebas
1516 4209 1701 4272 terra),
1746 4220 1835 4259 sa-

192 4296 340 4354 niem
371 4299 588 4354 radens
620 4295 911 4352 ulcerum.
950 4294 1082 4350 Vita
1111 4298 1309 4350 autem
1341 4310 1471 4349 mea
1519 4292 1699 4349 levior
1748 4297 1840 4348 est

192 4385 380 4442 tabula
410 4386 554 4459 (74).
588 4386 648 4441 in
682 4402 783 4457 spe
813 4400 995 4441 vacua
1025 4382 1287 4455 perit.....
1324 4382 1545 4451 Dicam,
1580 4380 1840 4438 consola-

189 4473 342 4530 bitur
368 4492 460 4531 me
493 4472 746 4530 lectulus
777 4489 1057 4528 meus.....
1092 4472 1301 4527 Terres
1335 4487 1427 4526 me
1459 4470 1517 4525 in
1567 4469 1834 4538 somniis,

192 4567 243 4617 et
270 4564 325 4619 in
358 4561 687 4620 visionibus
719 4578 811 4617 me
839 4560 1104 4634 percellis
1132 4561 1271 4631 (Job.
1304 4577 1409 4628 vn,
1438 4560 1615 4633 4-14).
1664 4581 1690 4609 ››

800 4684 1033 4741 CAPUT
1091 4685 1187 4741 III.

191 4775 261 4832 De
284 4778 485 4833 misera
516 4775 825 4833 conditione
856 4773 1114 4847 hominis,
1145 4775 1243 4846 qui
1268 4774 1509 4846 quotidie
1562 4777 1663 4830 sub
1716 4777 1830 4847 for-

260 4849 464 4904 midine
503 4852 582 4902 est
612 4865 631 4901 :
689 4862 958 4918 quamque
1002 4846 1166 4901 stulte
1215 4847 1407 4916 cogitet
1460 4849 1682 4917 peccata
1718 4846 1832 4901 sua

259 4919 354 4974 Dei
377 4916 745 4991 cegnitionein
771 4916 983 4989 fallere
1023 4932 1178 4988 posse
1207 4934 1225 4970 :
1281 4919 1410 4972 item
1460 4916 1623 4988 quam
1669 4919 1831 4973 mise-

260 5042 369 5109 (72)
400 5042 552 5097 Edit.
588 5059 731 5099 mss.
765 5043 902 5110 duo,
932 5046 1205 5114 per/assus
1224 5043 1390 5097 etiam
1424 5062 1443 5108 ,-
1492 5040 1614 5108 alii,
1641 5043 1834 5114 perfu-

197 5126 282 5166 sus
311 5115 493 5168 etiam.

259 5181 555 5262 (73))(oci,
580 5186 839 5262 perimat,
890 5184 1258 5262 subjungunt
1331 5184 1599 5255 quaedam
1650 5183 1834 5239 Paris.

194 5252 359 5327 edit,
384 5254 467 5309 Sit
483 5252 605 5312 mea
633 5258 825 5312 civitas
853 5252 1183 5323 sepulcrum,
1215 5257 1277 5310 in
1308 5252 1414 5325 qua
1449 5271 1614 5327 super
1653 5270 1839 5311 muros

192 5323 471 5397 sonabam,
502 5329 564 5382 in
590 5343 655 5383 ea
690 5344 805 5383 non
859 5327 1164 5382 abstineam
1192 5345 1214 5380 .·
1276 5323 1387 5382 non
1446 5323 1598 5382 enim
1640 5327 1841 5397 fefelli-

197 5394 351 5451 oerba
376 5400 555 5454 sancti
590 5400 693 5455 Dei
715 5401 843 5455 mei.

240 5465 739 5546 .(74)Rom.‘e_di_t.
773 5468 1093 5546 cum__cod.
1142 5467 1351 5524 Thuan
1376 5472 1440 5546 et
1491 5468 1699 5546 Laud.,
1752 5470 1841 5546 _le—

193 5538 310 5612 yior
350 5544 467 5612 _est
548 5540 757 5612 fabula.
817 5539 959 5596 LXX
1014 5540 1257 5612 interpr.
1286 5582 1309 5612 ί,
1371 5538 1703 5612 ἐλαφρότιροςί
1752 5539 1841 5587 λα-

197 5603 319 5685 ὶςιεῖςἐ
349 5603 597 5685 Ethanc
614 5612 924 5685 lectionem
955 5603 1512 5685 etiamqéonfirmant
1536 5603 1663 5685 quae
1692 5611 1844 5685 infra

195 5677 263 5735 de
294 5678 487 5738 fabula
515 5687 573 5742 et
602 5683 744 5742 fatui
782 5682 1115 5742 narratione
1142 5681 1332 5756 legere
1363 5688 1452 5742 est
1486 5701 1499 5752 ;
1553 5677 1626 5741 'ea
1681 5684 1840 5740 enim

1950 3322 2189 3390 tequam
2222 3334 2283 3373 se
2313 3317 2581 3385 occultet,
2616 3319 2975 3392 agnoscitur;
3010 3322 3148 3392 quia
3177 3322 3445 3389 Domino,
3479 3340 3601 3379 om-

1951 3407 2046 3461 nia
2079 3411 2390 3478 antequam
2423 3412 2662 3479 quaerat,
2689 3409 2920 3481 cognita
2944 3415 3082 3464 sunt
3102 3410 3233 3482 (‘76),
3260 3428 3373 3466 non
3406 3410 3598 3468 solum

1951 3512 2076 3568 quae
2110 3495 2283 3562 facta,
2316 3496 2416 3551 sed
2448 3495 2619 3550 etiam
2657 3513 2784 3568 qua:
2818 3497 3015 3552 futura
3044 3502 3201 3552 sunt.

2019 3586 2072 3639 7.
2108 3584 2260 3639 Perit
2290 3584 2470 3656 igitur
2502 3585 2557 3638 in
2582 3601 2764 3641 vacua
2794 3602 2895 3658 spe
2927 3586 3023 3658 qui
3057 3592 3224 3659 putat
3247 3590 3397 3660 quod
3422 3607 3595 3645 suum

1950 3673 2170 3729 crimen
2203 3673 2525 3751 abscondat
2557 3691 2568 3728 :
2606 3673 2804 3729 fabula
2847 3679 2937 3730 est
2987 3676 3163 3744 istud,
3200 3694 3312 3732 non
3360 3679 3596 3736 veritas.

1950 3762 2209 3834 Denique
2266 3761 2462 3817 fabula
2521 3764 2885 3834 peccantium
2943 3765 3147 3831 otiosa,
3205 3785 3319 3822 non
3374 3768 3597 3824 habens

1950 3852 2226 3918 fructum,
2256 3851 2356 3906 sed
2387 3851 2693 3924 gemitum.
2718 3852 2982 3908 Narratio
3004 3855 3157 3908 enim
3194 3856 3334 3909 fatui
3369 3856 3599 3912 sarcina

1949 3939 2009 3994 in
2040 3940 2149 3994 via.
2175 3939 2321 4003 Quid
2353 3940 2509 3994 enim
2560 3940 2716 3995 aliud
2748 3946 2837 3996 est
2867 3949 3187 4013 peccatum,
3216 3945 3325 3998 nisi
3371 3946 3601 4000 sarcina

1950 4043 2075 4098 qua:
2104 4028 2283 4099 hujus
2315 4028 2508 4084 saeculi
2544 4034 2744 4083 onerat
2768 4031 3043 4084 viatorem
3077 4030 3233 4102 gravi
3255 4031 3598 4103 depressum

1949 4115 2103 4170 fasce
2134 4114 2350 4183 delicti,
2387 4117 2487 4188 qui
2522 4116 2566 4171 si
2616 4115 2793 4171 nollet
2843 4117 3001 4172 oneri
3050 4118 3373 4188 subjaccre,
3397 4119 3601 4175 debuit

1950 4202 2152 4258 audire
2183 4204 2467 4258 dicentem
2506 4222 2572 4259 ;‹‹
2606 4204 2807 4259 Venite
2848 4205 2918 4258 ad
2952 4221 3043 4260 me
3073 4221 3277 4261 omnes
3306 4207 3404 4278 qui
3438 4207 3596 4263 labo-

1950 4293 2092 4349 ratis
2124 4297 2179 4348 et
2211 4294 2431 4349 onerati
2464 4294 2626 4361 estis,
2653 4298 2708 4349 et
2733 4310 2838 4365 ego
2870 4311 2969 4350 vos
3001 4294 3255 4350 reficiam
3282 4297 3487 4368 (Matth.
3516 4315 3594 4363 χι,

1948 4385 2037 4452 28)
2058 4383 2085 4437 ί]
2119 4406 2145 4431 η

2018 4474 2070 4527 8.
2107 4472 2252 4539 Quid
2286 4477 2478 4527 autem
2531 4473 2939 4542 mrumnosius,
2975 4490 3107 4528 cum
3140 4473 3262 4544 ipse
3311 4473 3493 4529 lectus
3524 4476 3594 4530 ad

1949 4579 2320 4617 communem
2353 4561 2607 4633 quietem
2641 4561 2815 4617 datus
2865 4579 3038 4635 grave
3066 4563 3283 4618 vulnus
3333 4563 3599 4637 inﬂigat?

1944 4651 2107 4707 Tunc
2130 4651 2282 4707 enim
2308 4650 2564 4707 solemus
2588 4667 2713 4722 qua:
2744 4651 2987 4707 fecimus
3010 4652 3326 4721 recordari,
3343 4657 3400 4709 et
3418 4654 3600 4717 facto.

1941 4757 2069 4795 rum
2104 4756 2346 4795 suorum
2389 4739 2643 4795 stimulis
2696 4742 3114 4812 compungitur
3164 4743 3407 4799 interior
3457 4760 3597 4799 con-

1943 4829 2206 4883 scientia.
2244 4828 2403 4884 Unde
2454 4829 2756 4902 Scriptura
2787 4829 2868 4884 ait
2897 4829 2991 4885 his
3024 4849 3035 4885 :
3063 4854 3089 4879 ‹‹
3126 4834 3258 4896 Qua:
3309 4831 3502 4886 dicitis
3534 4832 3595 4886 in

1944 4918 2221 4973 cordibus
2252 4918 2479 4982 vestris,
2512 4924 2568 4973 et
2600 4918 2654 4972 in
2691 4918 2985 4974 cubilibus
3017 4920 3223 4973 vestris
3256 4919 3600 4992 compungi-

1946 5042 2058 5095 huc
2109 5039 2492 5111 proculdubio
2554 5042 2904 5096 referuntur.
2956 5045 3221 5096 Attamen
3285 5042 3407 5095 aliae
3456 5043 3593 5097 edit.

1947 5121 2122 5181 atque
2182 5128 2323 5166 mss.
2384 5115 2719 5166 constanter
2774 5111 2993 5182 legunt,
3037 5112 3206 5166 levior
3254 5117 3331 5167 est
3376 5115 3592 5181 Inutile.

1949 5181 2130 5235 Paris.
2165 5183 2430 5252 quantam
2462 5183 2601 5237 edit.
2629 5186 2759 5253 post
2790 5181 2955 5236 voces
2987 5182 3215 5236 lectulus
3242 5199 3410 5248 meus,
3435 5184 3598 5240 addit

1950 5256 2186 5324 referam
2216 5256 2399 5307 autem
2429 5253 2498 5307 ad
2542 5269 2630 5307 me
2660 5255 2837 5324 ipsum
2865 5254 3078 5323 private
3123 5269 3423 5308 sermonem
3446 5260 3595 5311 stra-

1952 5323 2035 5380 tui
2057 5339 2175 5379 meo
2203 5341 2222 5378 :
2253 5339 2382 5394 quae
2410 5325 2585 5378 verba
2631 5324 2691 5377 in
2738 5323 2871 5379 aliis
2920 5324 3056 5379 edit.
3089 5331 3144 5378 et
3189 5325 3416 5380 cunctis
3448 5343 3593 5384 mss.

1951 5397 2320 5453 omittuntur.
3184 5451 3193 5459 .

2022 5468 2141 5541 (7ξ5)Δ
2166 5466 2305 5521 Mss.
2339 5464 2581 5537 aliquot,
2615 5468 2714 5521 iste
2744 5468 2830 5521 vir
2848 5484 2961 5523 esse
2980 5471 3349 5524 mercenarius
3380 5471 3476 5541 qui
3495 5486 3597 5525 sua

1947 5538 2268 5612 prediderit.

2024 5612 2135 5685 (‘76)
2166 5610 2256 5665 Sic
2304 5625 2507 5666 omnes
2556 5625 2696 5664 mss.
2750 5626 2813 5665 ac
2849 5618 2972 5685 rvet.
3008 5612 3169 5681 edit,
3225 5613 3387 5670 item.
3440 5630 3535 5667 ver
3577 5652 3591 5681 ,

1953 5684 2135 5739 omnia
2167 5689 2459 5757 antequam
2487 5685 2664 5750 erant,
2696 5684 2913 5753 cognita
2948 5686 3094 5740 sunt.
