3866 6212
357 384 477 448 813

900 518 1052 577 882
1092 517 1322 575 CAPUT
1358 518 1453 572 Vl.

363 607 531 664 Verba
556 606 673 681 Job,
728 608 921 681 quibus
969 608 1237 681 humanas
1285 607 1634 679 inﬁrmitates
1661 609 1858 679 aperit,
1903 622 1998 662 ex-

425 679 762 751 penduntur.
797 680 1249 749 Quemadmoduu
1310 682 1401 736 Vir
1449 684 1669 735 sanctus
1719 682 2003 751 peccatum

429 750 592 806 suum
618 753 1054 823 non_negaverit,
1085 751 1281 823 quidve
1310 754 1457 807 inter
1490 750 1791 823 peccares:
1834 750 2005 823 impie

431 837 595 890 agere
620 823 693 877 sit
719 819 1057 878 discriminis
1067 819 1315 895 {quibus
1342 819 1524 879 verbis
1554 821 1831 895 hominem
1858 819 2005 895 apud

430 895 607 949 Deum
633 896 856 948 conetur
881 893 1143 950 excusare
1153 912 1172 949 :
1191 897 1460 965 postremo
1489 893 1771 963 conﬁtenti
1791 893 2005 948 veniam

426 965 701 1038 promitti,
733 981 799 1021 ac
820 966 1036 1038 justum
1092 967 1413 1036 iniquitates
1443 981 1576 1021 suas
1597 978 2007 1034 agnoscere,os-

432 1033 695 1092 tenditur.

429 1139 518 1197 46.
550 1140 664 1197 Sed
697 1142 770 1199 ad
801 1142 1113 1215 proposita:
1166 1142 1338 1199 nobis
1380 1140 1865 1215 interpellationis
1910 1158 2003 1197 se-

361 1228 508 1286 riem
565 1234 945 1287 revertamur.
984 1251 1006 1280 ι
1064 1231 1301 1300 Multas,
1358 1231 1570 1305 inquit,
1626 1230 2005 1286 contritiones

361 1319 499 1375 fecit
526 1319 696 1389 mihi,
755 1320 1044 1395 respirare
1073 1337 1167 1376 me
1219 1338 1332 1375 non
1394 1319 1554 1387 sinit,
1616 1319 1858 1393 replevit
1913 1336 2006 1375 me

362 1408 788 1477 amaritudine;
817 1414 873 1465 et
894 1409 1032 1482 quia
1059 1409 1270 1466 virtute
1298 1413 1386 1465 est
1414 1413 1642 1480 potens,
1677 1425 1848 1464 nemo
1905 1426 2005 1481 po-

360 1499 477 1553 test
500 1496 722 1569 judicio
764 1499 891 1569 ejus
949 1497 1238 1554 resistere.
1297 1498 1356 1554 Si
1388 1499 1590 1569 justus
1621 1515 1751 1554 sum
1812 1498 2004 1565 corde,

360 1584 563 1658 lingua
591 1601 720 1642 mea
741 1591 961 1643 errat...
997 1586 1274 1660 Magnum
1324 1591 1381 1642 et
1435 1590 1726 1659 potentem
1789 1588 2009 1658 disper-

362 1674 443 1729 dit
474 1675 580 1731 ira.
609 1674 867 1749 Improbi
900 1677 957 1730 in
990 1680 1175 1731 morte
1207 1676 1393 1749 gravi:
1424 1675 1571 1746 justi
1632 1680 1825 1731 autem
1876 1675 2007 1731 irri-

363 1764 593 1819 dentur.
626 1764 753 1819 Dati
813 1768 955 1820 sunt
982 1764 1136 1820 enim
1192 1764 1251 1819 in
1304 1781 1515 1821 manus
1548 1764 1714 1837 impii
1773 1766 1887 1836 (Job
1928 1783 2006 1833 1x,

366 1853 433 1908 17
461 1852 576 1923 20).
612 1873 639 1901 »
663 1852 803 1908 Vide
817 1852 1068 1926 singula.
1095 1853 1433 1909 Potentibus
1452 1853 1537 1907 ira
1564 1871 1671 1909 sua
1694 1854 1885 1926 gravis
1898 1857 2006 1921 est,

364 1941 648 2014 improbis
680 1941 963 2015 nequitia,
986 1942 1170 2014 justis
1200 1942 1551 1999 conditionis
1580 1942 2010 1999 infirmitas.lta

362 2028 510 2086 nihil
540 2029 795 2103 periculo
825 2034 1010 2087 vacat.
1046 2030 1344 2087 Fortitudo
1388 2035 1445 2086 et
1502 2032 1844 2105 magnitudo
1903 2032 2009 2088 viri

362 2134 473 2175 sua
497 2122 782 2192 potestate
803 2118 1476 2192 decipitur,improbitas
1499 2120 1799 2193 afﬂigitur,
1826 2122 2010 2177 virtus

362 2207 605 2263 ridetur.
639 2206 741 2262 Ille
771 2208 912 2279 quia
943 2207 1077 2280 plus
1134 2212 1344 2280 potest,
1405 2207 1655 2264 labitur:
1706 2209 1815 2264 iste
1871 2211 2011 2282 quia

362 2293 509 2352 nihil
540 2299 753 2368 potest,
786 2295 1085 2368 affligitur.
1117 2296 1478 2352 Conditionis
1504 2305 1590 2352 est
1618 2297 1846 2367 vitium,
1871 2299 2010 2370 quia

367 2405 397 2435 ‹‹
417 2383 540 2440 vita
565 2388 768 2440 nostra
796 2383 975 2439 levior
1003 2388 1091 2440 est
1121 2402 1377 2441 cursore.
1412 2385 1725 2454 Transivit,
1758 2390 1815 2441 et
1858 2386 2007 2442 nihil

359 2471 527 2529 vidit.
559 2472 862 2545 Tanquam
904 2473 1067 2529 navis
1122 2472 1453 2546 vestigium,
1504 2478 1604 2529 aut
1650 2474 1859 2547 aquilae
1917 2494 2009 2532 vo-

362 2560 543 2618 tantis
574 2565 633 2618 et
659 2561 978 2634 quaerentis
997 2578 1191 2617 escam
1226 2562 1383 2635 (Ibid.
1416 2565 1506 2629 25,
1540 2565 1663 2626 26);
1700 2588 1720 2612 ι
1752 2564 1833 2619 ita
1863 2582 2009 2637 prte-

359 2649 496 2708 terit
522 2655 580 2707 et
601 2650 720 2707 vita
747 2649 1026 2706 hominis.
1060 2652 1222 2717 Quod
1246 2650 1564 2724 loquimur,
1588 2651 2007 2720 obliviscimur,

362 2756 470 2797 nec
499 2739 667 2795 illum
698 2739 988 2796 transitus
1022 2739 1205 2796 nostri
1251 2740 1480 2813 insigne
1533 2740 2006 2813 deprehenditur,

363 2828 479 2885 nisi
503 2829 659 2902 quod
689 2827 767 2884 sit
793 2827 1034 2900 plenum
1076 2828 1341 2883 mceroris
1366 2832 1424 2883 et
1478 2828 1755 2900 gemitus.
1793 2852 1819 2878 ‹‹
1861 2830 2009 2887 Con-

364 2915 575 2982 cutior,
604 2914 822 2988 inquit,
851 2915 1128 2972 omnibus
1160 2916 1460 2971 membris.
1496 2917 1729 2973 Utinam
1785 2918 1860 2975 sit
1890 2936 2009 2975 me-

364 3004 557 3062 diator
583 3008 783 3061 noster
808 3020 1063 3077 arguens
1092 3008 1148 3059 et
1176 3004 1673 3075 dijudicansinter
1695 3010 2011 3081 utrumque

366 3097 634 3152 nostrum
667 3094 784 3167 (Job
814 3111 890 3165 1x,
919 3095 1007 3149 28.
1034 3094 1149 3162 33).
1185 3115 1212 3144 ››

431 3182 522 3240 47.
557 3202 581 3232 ι
613 3182 814 3239 Dicam
845 3183 1125 3239 Domino:
1159 3183 1347 3247 Quare
1378 3182 1462 3239 sic
1494 3184 1877 3255 mejudicas‘?
1925 3189 2010 3240 An

1815 384 1882 465 s.
1927 382 2304 446 Auaaosn

2032 518 2083 583 Α
2116 516 2343 581 Quanta
2372 518 2690 591 deploratio
2722 519 2909 577 sancti
2936 519 3042 576 viri
3067 537 3168 594 pro
3187 514 3490 576 communi
3512 516 3748 573 inﬁrmi-

3643 384 3765 447 8“.

2108 609 2228 662 tate
2284 610 2503 679 quanta
2550 609 2949 666 conventionis
3006 607 3321 665 auctoritas
3376 606 3539 681 quod
3606 605 3749 663 Deus

2109 693 2407 751 hominem
2441 696 2716 753 manibus
2747 698 2873 754 suis
2924 698 3162 755 fecerit?
3216 698 3549 753 Excusatur
3593 693 3752 768 culpa

2113 783 2471 840 infirmitatis
2503 785 2765 854 obtentu,
2788 787 3233 843 commendatur
3247 786 3436 859 gratia
3458 783 3751 858 privilegio

2111 871 2465 943 operationis
2495 877 2740 945 aeternio,
2774 878 2830 930 et
2859 873 3236 947 protectionis
3265 874 3609 947 dignatione
3651 873 3754 946 (83)

2112 959 2384 1015 caelestis.
2417 961 2494 1017 De
2526 979 2642 1034 quo
2663 961 2789 1018 loco
2821 963 2999 1020 etiam
3026 963 3202 1020 David
3234 962 3634 1036 pulcherrime
3678 961 3753 1017 lo-

2112 1053 2284 1105 cutus
2314 1054 2403 1105 est
2432 1050 2657 1108 dicens:
2693 1075 2720 1102 ‹‹
2754 1052 2899 1117 Quid
2934 1056 3024 1109 est
3082 1052 3282 1122 homo,
3331 1052 3486 1125 quod
3539 1067 3757 1107 memor

2111 1155 2173 1192 es
2194 1139 2324 1208 ejus
2345 1143 2475 1205 ;aut
2500 1139 2657 1196 ﬁlius
2680 1140 2958 1209 hominis,
2985 1140 3095 1198 nisi
3113 1141 3472 1214 quiavisitas
3501 1141 3757 1213 eum(8!i)

2112 1227 2292 1298 (Psal.
2326 1245 2448 1295 vm,
2480 1229 2575 1299 5)?
2604 1252 2628 1277 η
3864 1286 3866 1289 ,

2185 1317 2337 1372 683
2372 1317 2457 1372 19.
2492 1341 2519 1366 «
2554 1320 2696 1386 Ηειεσ,
2730 1319 2938 1391 inquit,
2970 1319 3153 1376 habes
3207 1318 3268 1374 in
3298 1323 3384 1375 te:
3449 1319 3583 1374 novi
3629 1319 3761 1392 quia
3864 1326 3866 1379 i

2113 1404 2312 1460 omnia
2340 1410 2523 1477 potes,
2550 1405 2907 1480 impossibile
2932 1411 3126 1464 autem
3155 1407 3261 1464 tibi
3316 1408 3484 1463 nihil.
3521 1408 3582 1463 Si
3606 1409 3759 1464 enim
3864 1466 3866 1480 ζ

2116 1510 2443 1564 peccavero,
2476 1497 2772 1552 custodias
2802 1513 2915 1565 me,
2949 1497 3021 1552 ab
3051 1496 3362 1569 iniquitate
3394 1500 3597 1552 autem
3658 1497 3760 1553 im-

2117 1582 2475 1638 maculatum
2510 1600 2599 1639 me
2635 1601 2747 1639 non
2803 1584 3006 1642 fecisti.
3056 1586 3111 1639 Si
3168 1585 3388 1657 impius
3448 1586 3637 1654 fuero,
3686 1603 3762 1642 vae

2117 1671 2260 1725 mihi
2286 1672 2297 1724 !
2321 1674 2377 1725 Si
2406 1674 2513 1727 sim
2537 1673 2753 1742 justus,
2772 1690 2883 1728 non
2898 1690 3139 1747 possum
3167 1690 3259 1728 me
3284 1674 3528 1746 erigere.
3555 1674 3763 1731 Plenus

2116 1777 2245 1815 sum
2262 1761 2414 1815 enim
2431 1762 2812 1824 confusionis.
2838 1762 3317 1835 investigorsicut
3340 1761 3429 1818 leo
3456 1764 3531 1819 ad
3567 1781 3761 1820 necem
3846 1784 3851 1793 ν

2186 1850 2246 1906 ob
2278 1868 2331 1916 Χ,
2371 1851 2567 1921 13-16).
2606 1874 2627 1898 ι»
2654 1851 2796 1905 Vide
2828 1852 2972 1906 tria:
3009 1874 3038 1899 ‹‹
3071 1851 3128 1907 Si
3164 1868 3502 1925 peccavero,
3555 1853 3761 1927 inquit,
3864 1880 3866 1949 ἰ

2122 1939 2415 1994 custodies
2446 1957 2555 1995 me.
2594 1962 2620 1988 ››
2655 1940 2720 1995 Et
2751 1940 2901 2006 ideo,
2934 1957 2966 1995 o
2998 1940 3195 2010 homo,
3221 1940 3399 1996 fatere
3439 1948 3761 2014 peccatum,

2119 2032 2184 2083 ut
2213 2029 2439 2083 veniam
2476 2028 2887 2100 consequaris:
2923 2053 2950 2079 «
2982 2029 3103 2098 Dic,
3138 2030 3352 2102 inquit,
3415 2030 3761 2103 iniquitates

2117 2121 2269 2180 tuas,
2304 2121 2369 2171 ut
2391 2117 2534 2189 justi
2547 2117 2733 2173 ﬁceris
2764 2120 2890 2187 (Isa.
2918 2135 3080 2182 xnm,
3102 2118 3212 2188 26).
3248 2141 3274 2168 »
3293 2118 3443 2184 Quid
3470 2120 3766 2177 erubescis

2120 2205 2281 2260 fateri
2313 2222 2410 2259 cas
2443 2206 2499 2259 in
2534 2206 3507 2278 quibusnatuses?Negantis,non
3536 2208 3767 2265 fatentis

2119 2294 2336 2349 crimen
2370 2298 2477 2359 est,
2511 2311 2720 2367 negare
2752 2295 2907 2368 quod
2942 2298 3117 2350 natus
3149 2295 3250 2351 sis.
3276 2295 3439 2359 Quod
3468 2297 3763 2370 accepisti,

2120 2383 2345 2438 utinam
2379 2399 2592 2439 serves.
2625 2387 2738 2439 Cur
2768 2387 2939 2455 putas
2968 2388 3025 2439 te
3054 2382 3267 2440 habere
3299 2386 3455 2457 quod
3505 2403 3624 2442 non
3680 2403 3767 2443 ac-

2120 2472 2383 2542 ceperis?
2408 2473 2553 2545 Ergo
2576 2477 2844 2545 peccator
2864 2472 3136 2541 fateatur,
3155 2473 3375 2544 impius
3394 2473 3764 2546 ingemiscat,
3864 2480 3866 2545 ξ

2110 2562 2312 2632 justus
2343 2554 2459 2616 non
2492 2579 2553 2616 se
2578 2561 2762 2634 erigat
2783 2565 2838 2617 et
2866 2560 3124 2628 extollat,
3143 2578 3215 2618 ne
3245 2579 3349 2635 per
3373 2565 3763 2637 arrogantiam

2121 2651 2371 2705 fructum
2400 2650 2641 2721 justitim
2676 2651 2922 2706 amittat.

2188 2740 2277 2794 20.
2310 2740 2376 2794 Et
2406 2739 2647 2811 pulchre
2677 2740 2785 2794 ait:
2824 2761 2852 2789 ‹‹
2885 2740 2942 2795 Si
2959 2739 3159 2811 justus
3190 2757 3347 2809 sum,
3382 2759 3498 2798 non
3527 2759 3763 2816 possum

2120 2844 2213 2884 me
2243 2828 2492 2901 erigere;
2528 2827 2732 2900 plenus
2754 2827 2908 2883 enim
2930 2846 3063 2885 sum
3088 2830 3473 2887 confusionis.
3515 2856 3541 2881 ››
3562 2832 3766 2889 Justus
3864 2830 3866 2835 ’

2120 2918 2274 2973 enim
2309 2917 2556 2972 advertit
2582 2918 2771 2990 magis
2806 2917 3178 2990 fragilitatem
3210 2936 3405 2984 suam.
3438 2937 3618 2993 quam
3673 2921 3764 2977 in-
3864 2906 3866 2915 ’

2112 3008 2343 3077 justus:
2377 3010 2433 3061 et
2462 3005 2697 3078 sapiens
2713 3007 2999 3079 agnoscit,
3025 3024 3140 3063 non
3166 3008 3436 3081 agnoscit
3456 3010 3762 3083 insipiens.

2119 3095 2381 3166 Denique
2407 3093 2670 3166 lapsibus
2700 3095 2825 3150 suis
2860 3095 3096 3168 sapiens
3145 3098 3591 3171 compungitur,
3622 3099 3764 3155 insi-

2121 3182 2287 3253 piens
2310 3180 2662 3237 delectatur:
2687 3183 2890 3253 justus
2921 3188 3226 3239 accusator
3253 3189 3343 3241 est
3364 3186 3481 3253 sui,
3509 3187 3765 3258 injustas

361 3272 582 3329 bonum
605 3271 710 3328 tibi
740 3275 831 3328 est
861 3275 925 3327 ut
954 3271 1214 3343 injustas
1245 3288 1351 3344 ego
1378 3271 1521 3341 sim;
1556 3254 1695 3344 quia
1739 3273 2009 3347 repulisti
2040 3254 2082 3321 (ἶ
2122 3275 2402 3338 assertor;
2428 3271 2629 3340 justus
2651 3271 2965 3342 pravenire
2994 3272 3117 3327 vult
3174 3254 3588 3331 accusatorem
3632 3292 3763 3332 con-

364 3377 543 3435 opera
570 3376 812 3417 manum
842 3364 1103 3426 tuarum,
1135 3364 1192 3416 et
1220 3359 1464 3416 consilio
1493 3360 2013 3433 impioruminten-

364 3449 542 3507 disti?
557 3447 853 3521 Numquid
885 3448 1038 3504 sicut
1067 3448 1332 3505 mortalis
1362 3449 1537 3517 videt,
1570 3451 1654 3507 sic
1684 3452 1864 3519 vides,
1912 3458 2013 3508 aut

364 3537 605 3593 vitatus
635 3536 788 3593 sicut
837 3536 1116 3603 hominis,
1147 3541 1248 3592 aut
1275 3538 1413 3593 anni
1473 3538 1623 3594 sicut
1678 3540 1820 3606 viri;
1873 3541 2011 3613 quia

365 3625 674 3699 exquisisti
694 3625 1033 3696 iniquitates
1065 3642 1245 3693 meas,
1280 3630 1337 3681 et
1364 3632 1599 3698 peccata
1630 3645 1761 3685 mea
1819 3630 2009 3687 inves-

365 3713 611 3788 tigasti?
635 3713 798 3770 Nosti
830 3714 986 3769 enim
1009 3714 1148 3786 quia
1176 3714 1356 3786 impie
1386 3733 1500 3771 non
1531 3718 1715 3789 gessi:
1742 3719 1844 3774 sed
1877 3720 2010 3793 quis

363 3807 456 3861 est
484 3802 587 3876 qui
616 3803 687 3860 de
700 3802 1352 3859 manibustuiseruatur
1374 3805 1493 3875 (Job
1509 3806 1737 3877 x,2-7)?
1761 3829 1788 3857 »
1803 3809 2012 3882 Magna

364 3893 534 3965 fides,
565 3908 781 3965 magna
811 3893 1128 3948 auctoritas
1157 3892 1543 3960 conscientias,
1577 3894 1761 3951 Deum
1800 3901 2007 3955 testem

364 3981 580 4040 mentis
604 3999 723 4039 suae
753 3996 1070 4039 arcessere.
1103 3982 1264 4047 Quod
1324 3983 1679 4040 conditionis
1730 3989 1840 4053 est,
1892 4005 2007 4044 non

362 4074 563 4146 negat:
598 4071 753 4144 quod
786 4070 1104 4142 impietatis
1134 4074 1243 4136 est,
1275 4070 1528 4144 repellit:
1564 4074 1718 4146 quod
1759 4075 2006 4132 inﬁrmi-

365 4161 532 4229 tatis,
563 4160 798 4217 fatetur.
832 4159 1077 4215 Pecasse
1107 4158 1459 4216 conditionis
1508 4165 1616 4229 est,
1650 4162 1788 4234 quia
1836 4181 2008 4221 nemo

362 4250 652 4307 immunis
678 4249 880 4323 lapsus
909 4254 1027 4306 est:
1062 4248 1241 4321 impie
1290 4266 1459 4322 agere
1491 4268 1605 4307 non
1655 4254 2006 4312 conditionis

361 4342 471 4408 est,
503 4339 605 4395 sed
636 4338 893 4412 perﬁdiae
925 4341 982 4394 et
1003 4337 1376 4410 nequissimae
1426 4339 1644 4395 mentis
1693 4357 2002 4400 venenum.

359 4427 488 4482 Non
510 4426 774 4500 agnoscit
797 4426 906 4483 hoc
916 4428 1117 4498 justus
1132 4427 1273 4498 (82):
1299 4426 1399 4482 sed
1426 4426 1715 4485 absolutio
1746 4430 2005 4488 hominis

361 4516 422 4570 in
455 4514 556 4571 Dei
587 4515 982 4581 miseratione,
1010 4532 1125 4571 non
1156 4514 1215 4570 in
1248 4515 1503 4571 hominis
1533 4521 1818 4588 potestate
1857 4526 1964 4578 est.

432 4603 522 4659 48.
560 4625 588 4654 ‹‹
620 4603 848 4671 Manus,
883 4604 1093 4676 inquit,
1152 4608 1263 4658 tuae
1318 4602 1755 4675 plasmaverunt
1802 4625 1924 4664 me:
1978 4633 2006 4661 ››
2040 4623 2084 4687 ι)
2116 4625 2244 4664 esse
2273 4605 2591 4663 consuevit.
2626 4604 2812 4661 Habet
2841 4605 2994 4661 enim
3038 4606 3289 4678 pueritia
3340 4606 3777 4676 innocentiam,
3864 4612 3866 4649 ε

360 4696 564 4767 postea
594 4691 923 4747 convertisti
956 4697 1013 4748 et
1045 4691 1383 4765 percussisti
1406 4709 1518 4748 me.
1551 4694 1837 4753 Memento
1869 4700 2007 4770 quia

357 4782 551 4839 lutum
584 4796 677 4836 me
707 4779 915 4847 fecisti,
942 4785 999 4836 et
1030 4781 1086 4836 in
1105 4786 1260 4836 terra
1291 4798 1382 4836 me
1405 4781 1678 4838 resolvas.
1706 4784 2004 4860 Numquid

357 4888 475 4929 non
505 4874 571 4926 ut
598 4869 689 4926 lac
720 4868 975 4925 mulsisti
1005 4886 1118 4937 me,
1140 4869 1435 4926 confecisti
1449 4872 1706 4928 mesieut
1727 4877 2005 4932 caseum?

355 4960 591 5017 Corium
613 4964 672 5015 et
700 4974 933 5015 carnem
955 4974 1047 5015 me
1076 4958 1341 5027 induisti,
1365 4960 1598 5016 ossibus
1622 4965 1677 5017 et
1698 4965 1888 5021 nervis
1911 4982 2004 5022 me

353 5048 686 5108 inseruisti:
717 5048 897 5106 vitam
930 5053 987 5104 et
1016 5048 1476 5104 misericordiam
1507 5048 1564 5105 in
1601 5067 1693 5106 me
1724 5052 1998 5123 posuisti:

354 5144 413 5197 et
438 5137 695 5196 visitatio
724 5141 827 5194 tua
858 5138 1110 5212 protexit
1139 5138 1413 5210 spiritum
1440 5154 1631 5193 meum
1651 5138 1806 5207 (Ibid,
1829 5142 1999 5215 8-l2).

425 5283 541 5354 (82)
573 5282 741 5354 Rom.
775 5281 939 5354 edit.,
975 5282 1182 5353 Lapsus
1210 5297 1335 5336 suos
1364 5282 1637 5354 agnoscit,
1662 5283 1868 5353 justus.
1931 5289 2003 5341 At

355 5352 560 5410 contra
588 5352 834 5410 aliarum
868 5353 1006 5408 edit.
1032 5352 1098 5409 ac
1120 5358 1264 5417 mss,
1285 5352 1550 5408 omnium
1568 5352 1763 5409 fidem.
1780 5355 2000 5411 Sensus

356 5428 550 5480 autem
580 5428 669 5479 est
684 5425 915 5496 justum
948 5425 1048 5505 qui
1078 5441 1140 5506 se
1180 5440 1417 5495 peccare
1447 5424 1732 5497 agnoscit,
1768 5443 1880 5481 non
1910 5432 2000 5483 ta-

357 5511 836 5568 men‘agnoscere
868 5512 930 5568 se
957 5512 1136 5567 impie
1166 5511 1354 5568 agere.

428 5564 541 5636 (83)
566 5564 788 5639 Omnes
817 5565 979 5639 edit.,
1011 5564 1066 5639 ei
1092 5564 1427 5639 profectione
1482 5566 1838 5639 dignationis,
1870 5585 1996 5625 om-

357 5649 463 5691 nes
492 5649 616 5706 mss
635 5638 687 5688 et
715 5638 1061 5706 protectionis
1090 5637 1421 5706 dignatione.

431 5704 544 5784 (84)
567 5704 650 5756 Ita
676 5704 819 5760 mss.
853 5704 1112 5784 quinque
1140 5704 1398 5784 melioris
1428 5707 1549 5784 aevi.
1582 5708 1699 5784 _Alii
1748 5726 1882 5766 vero
1938 5717 1995 5768 et

360 5772 504 5842 edit,
534 5786 758 5839 omnes,
778 5772 1056 5845 aut—ﬁlius
1086 5777 1344 5844 hominis,
1375 5780 1508 5849 quia
1534 5780 1729 5837 visita:
1756 5796 1903 5841 eum.

2120 3358 2370 3415 fessione
2402 3359 2643 3431 peccati,
2667 3359 2925 3430 injustas
2944 3365 3246 3433 peccatum
3270 3379 3446 3418 suum
3477 3365 3768 3420 occultare

2119 3448 2438 3515 desiderat;
2470 3447 2567 3504 ille
2619 3448 2677 3503 in
2715 3447 2999 3521 principio
3049 3451 3338 3506 sermonis
3397 3453 3652 3509 occurrit
3709 3457 3771 3507 ut

2120 3538 2327 3611 prodat
2384 3553 2660 3605 errorem,
2715 3537 2827 3593 iste
2879 3537 3250 3611 multiloquio
3303 3543 3600 3598 sermonis
3678 3542 3769 3598 sui
3864 3608 3866 3613 ι

2119 3644 2331 3683 sonum
2359 3625 2747 3682 accusationis
2765 3625 2877 3697 (85)
2900 3625 3142 3682 involvit
3165 3644 3236 3683 ne
3259 3629 3471 3701 prodat
3488 3645 3768 3688 errorem.
3864 3636 3866 3703 ξ

2748 3715 2978 3771 CAPUT
3025 3715 3138 3772 VII.

2121 3805 2377 3862 Omnium
2396 3807 2623 3861 minium
2644 3806 2891 3858 maxime
2912 3804 3185 3859 lubricam
3195 3805 3625 3864 adolescentiam
3640 3828 3663 3864 :
3680 3825 3772 3863 nos

2188 3893 2375 3932 eorum
2404 3878 2569 3931 etiam
2595 3884 2961 3949 peccatorum,
2981 3890 3106 3946 quae
3124 3877 3305 3934 vitare
3331 3881 3773 3949 uequiverimus,

2188 3952 2461 4004 rationem
2488 3946 2605 4001 esse
2635 3946 2979 4002 reddituros:
3011 3962 3297 4003 aerumnas
3323 3946 3549 4005 nostra:
3597 3955 3778 4007 mari:

2190 4037 2253 4076 ac
2280 4024 2448 4075 terra?
2475 4017 2830 4091 incommodis
2859 4034 2971 4074 non
2995 4021 3131 4074 satis
3158 4021 3403 4091 εει)νὶθηί
3418 4038 3432 4077 :
3455 4023 3663 4079 eretum
3711 4040 3777 4078 ac

2185 4094 2390 4146 terram
2420 4088 2731 4145 innovanda
2761 4106 2891 4155 esse,
2922 4105 3020 4145 nec
3036 4088 3279 4161 futuram
3303 4096 3775 4151 resurrectione»:

2186 4171 2310 4218 ante
2329 4162 2621 4216 adventum
2650 4160 2786 4230 ejus,
2817 4162 2917 4231 qui
2950 4160 3089 4217 nova
3120 4164 3307 4218 omnia
3329 4165 3405 4220 sit
3429 4173 3707 4236 facturus.

2184 4253 2272 4306 21.
2296 4252 2508 4306 Iterum
2534 4249 2600 4305 ad
2605 4249 2817 4320 jiciens
2849 4249 2992 4306 dicit
3014 4267 3028 4305 :
3048 4274 3075 4299 «
3109 4251 3297 4315 Quare
3320 4253 3657 4326 ascripsisti
3683 4255 3780 4311 ad-

2110 4357 2347 4397 versum
2378 4356 2471 4395 me
2509 4338 2667 4393 mala
2714 4338 2847 4409 (86),
2881 4342 2937 4394 et
2982 4338 3309 4411 apposuisti
3340 4342 3489 4397 mihi
3537 4343 3778 4399 adoles-

2113 4429 2313 4485 centiae
2340 4431 2573 4500 peccata
2605 4428 2719 4493 (Job
2751 4444 2877 4497 xm,
2924 4428 3060 4499 26)?
3093 4450 3120 4476 υ
3171 4428 3420 4486 Pulchre
3467 4431 3527 4486 id
3580 4432 3779 4488 aetatis

2111 4518 2359 4591 arripuit
2387 4517 2458 4572 ad
2490 4516 2813 4588 querelam,
2845 4533 2972 4586 quae
3004 4517 3194 4589 magis
3214 4517 3286 4572 ad
3309 4519 3780 4577 vitiumlubrica

2114 4700 2385 4753 senectus
2415 4694 2807 4766 prudentiam,
2839 4694 2971 4766 ipsa
2993 4693 3183 4750 vicina
3213 4695 3631 4753 adolescentiae
3676 4701 3777 4770 ju-

2111 4788 2323 4839 ventus
2334 4783 2496 4838 bonae
2509 4781 2956 4838 existimationis
2969 4782 3775 4854 intuitum,etverecundiam

2112 4872 2521 4944 delinquendi:
2557 4870 2949 4926 adolescentia
2978 4870 3103 4927 sola
3126 4877 3218 4928 est
3237 4872 3497 4930 invalida
3512 4875 3772 4937 viribus,

2109 4960 2346 5017 inﬁrma
2375 4958 2655 5028 consiliis,
2688 4960 2826 5014 vitio
2874 4958 3092 5029 calens,
3143 4960 3449 5019 fastidiosa
3506 4965 3773 5019 monito-

2111 5050 2294 5119 ribus,
2326 5046 2669 5104 illecebrosa
2697 5047 2942 5105 deliciis.
2978 5048 3042 5103 ln
3099 5053 3261 5105 tanto
3317 5051 3501 5124 igitur
3527 5057 3593 5108 et
3646 5058 3775 5110 tam

2110 5139 2453 5210 confragoso
2485 5140 2542 5192 et
2572 5134 2895 5209 procelloso
2925 5137 3132 5194 mundi
3167 5137 3347 5210 hujus
3364 5140 3633 5209 turbine,
3668 5158 3777 5198 cur

2179 5280 2293 5353 (85)
2324 5280 2474 5335 Edit.
2506 5283 2642 5346 vet.,
2674 5296 2925 5353 somnum
2978 5283 3368 5338 excusationis.
3424 5283 3627 5352 Ralm,
3686 5302 3775 5342 so-

2106 5350 2239 5408 num
2268 5350 2656 5415 excusationis,
2689 5350 2835 5406 Gall.
2874 5368 3041 5418 mss.,
3072 5368 3322 5408 somnum
3361 5350 3771 5413 accusationis.

2108 5424 2339 5496 Optime
2376 5422 2515 5496 Vat.
2565 5423 2717 5487 cod.,
2774 5437 2966 5477 sonum
3006 5427 3394 5496 acciisatiouis,
3452 5426 3619 5483 idem
3681 5434 3773 5484 est

2106 5494 2262 5552 enim
2294 5511 2360 5550 ac
2382 5494 2432 5550 si
2463 5494 2705 5550 diceret:
2739 5509 2871 5548 cum
2904 5510 2966 5549 se
2992 5494 3226 5552 deberet
3252 5512 3548 5563 accusare,
3589 5516 3771 5556 accu~

2106 5566 2393 5623 sationem
2422 5581 2593 5621 suam
2624 5565 2709 5621 ita
2750 5564 3009 5636 involvit,
3068 5570 3134 5622 ut
3190 5566 3584 5625 animadverti
3650 5587 3771 5630 non

2146 5638 2311 5696 ossit.

2104 5655 2452 5785 p0(sSsti)LCod.
2486 5704 2623 5776 duo,
2654 5708 2939 5765 (uloersum
2966 5725 3052 5766 me
3090 5708 3355 5769 laborem.
