3866 6212
67 367 167 427 845
180 388 188 435 ξ

821 363 924 425 DE
971 362 1712 429 INTERPELLA'I‘IONE
1756 366 1893 429 ,ϊοΒ
1940 368 2040 429 ET
2083 362 2340 429 DAVID‘
2368 366 2515 430 LIB.
2562 367 2609 429 I.

3315 362 3506 471 διδ..

63 501 166 551 tam
194 493 383 550 crebra
414 494 716 569 naufragia
736 494 1068 569 improvidae
1092 499 1468 554 ascribuntur
1488 499 1671 555 aetati?
1702 499 1756 566 Α
1786 500 2028 571 cogitur.
2062 501 2106 554 A
2138 499 2343 555 diebus
2374 503 2566 555 autem
2600 497 2845 556 Joannis
2876 496 3146 570 Baptistae
3185 511 3434 569 regnum

64 584 202 641 Unde
228 580 490 655 praeclare
518 572 697 638 David
729 584 907 641 totius
944 586 1222 659 temporis
1264 587 1393 658 ejus
1439 587 1668 644 veniam

65 671 159 729 sibi
186 689 216 727 a
241 670 489 746 Domino
501 670 818 744 postulavit
847 673 1047 735 dicens
1072 691 1085 730 :
1122 697 1149 725 ‹‹
1173 674 1457 731 Delictum
1470 677 1670 748 juven-

63 760 185 817 tutis
213 776 345 816 meas
375 763 431 816 et
481 759 822 833 ignorantiae
881 779 953 819 ne
1011 763 1370 831 memineris,
1430 764 1674 821 Domine

63 850 205 921 (Ρωι.
234 865 379 917 xx1v,
410 848 487 920 7),
518 870 545 898 ››
577 849 717 922 quia
744 853 887 907 tunc
918 851 1171 908 maxime
1200 852 1360 908 calor
1413 853 1672 925 corporis

64 938 233 1005 fervet,
262 939 315 992 et
343 940 486 992 astu
518 938 828 1011 sanguinis
859 940 1195 1012 vaporantis
1226 941 1491 1013 ignescit.

115 1028 192 1081 22.
222 1025 326 1082 Sed
357 1024 571 1081 itarum
612 1026 811 1099 ipsum
843 1028 1155 1085 audiamus
1181 1047 1193 1084 :
1232 1050 1258 1081 ιι
1280 1028 1667 1097 Mortalis,in-

58 1114 332 1187 quit,ﬂlius
368 1114 851 1193 mulieris,brevis
874 1117 1000 1172 vita:
1032 1118 1672 1190 est,etp1enusiracun-

58 1205 164 1271 diis,
193 1204 285 1275 qui
316 1204 466 1259 sicut
496 1204 603 1261 ﬂos
630 1203 847 1276 ﬂoruit,
879 1209 937 1261 et
957 1206 1443 1277 decidit,discedit
1472 1212 1667 1264 autem

57 1297 110 1347 ut
140 1292 354 1358 umbra,
386 1296 443 1348 et
463 1310 576 1349 non
608 1293 848 1350 resistit.
882 1294 1083 1351 Nonne
1126 1299 1184 1351 et
1229 1295 1301 1352 ab
1357 1295 1467 1352 hoc
1519 1296 1667 1352 ratio

57 1380 347 1453 quaeritur?
376 1381 445 1437 Et
469 1380 624 1437 hunc
656 1382 839 1438 fecisti
862 1382 1080 1439 intrare
1111 1383 1171 1438 in
1212 1384 1506 1455 judicium
1558 1384 1668 1439 sub

56 1474 336 1543 conspectu
358 1474 481 1525 tuo.
511 1470 651 1536 Quis
671 1476 866 1528 autem
889 1473 1147 1528 mundus
1168 1476 1257 1529 est
1273 1490 1306 1528 a
1328 1472 1538 1529 sorde?
1558 1473 1670 1529 Sed

55 1575 219 1625 nemo,
250 1560 399 1616 684
429 1559 661 1615 etiamsi
697 1559 873 1615 unius
900 1560 1011 1615 diei
1044 1560 1120 1615 sit
1156 1561 1275 1616 vita
1323 1562 1451 1633 ejus
1494 1577 1672 1632 super

56 1650 237 1702 terram
269 1648 384 1718 (Job
416 1666 532 1711 xw,
575 1649 759 1715 1-5).»
781 1648 925 1705 Vere
948 1649 1301 1705 miserabilis
1323 1649 1671 1718 conditio,ut

52 1736 237 1806 peccati
269 1736 357 1791 sui
392 1737 549 1807 quod
583 1737 761 1791 vitare
796 1754 909 1791 non
945 1739 1150 1809 possit,
1202 1738 1483 1795 rationem
1519 1756 1665 1811 pras-

1783 587 2059 644 coelorum
2082 589 2329 662 cogitur,
2348 592 2405 643 et
2429 592 2703 662 cogentes
2724 586 3012 660 diripiunt
3032 584 3198 641 illud.
3219 584 3436 641 Assue-

1780 676 1881 732 bat
1909 693 2045 751 ergo
2076 676 2221 733 illud
2245 678 2554 751 Synagoga
2582 676 2642 732 in
2673 675 2900 749 paucis,
2925 674 3181 732 Ecclesia
3200 673 3355 747 cogit
3375 674 3437 729 in

1781 765 2067 822 millibus.
2098 765 2202 823 Vel
2236 766 2375 839 quia
2402 782 2558 821 nunc
2589 765 2800 822 caelum
2823 764 2983 821 assui
3005 763 3237 820 videtur
3256 763 3438 819 nebu-

1780 853 1854 911 lis
1877 859 1934 910 et
1956 845 2235 927 caligine;
2260 854 2679 927 nocturnisque
2707 854 2987 920 tenebris,
3020 856 3077 909 et
3097 868 3297 908 croceo
3319 849 3437 908 dici

1779 943 2075 1016 surgentis
2105 943 2316 998 rubore
2341 942 2572 998 diversa
2601 945 2659 997 et
2708 940 2980 998 discolori
3030 940 3224 1015 specie
3280 955 3434 1012 saepe

1778 1035 2134 1087 contextum.
2168 1032 2331 1087 Tune
2361 1034 2560 1087 autem
2608 1046 2723 1087 nox
2752 1046 2868 1086 non
2917 1030 3027 1086 erit
3073 1028 3330 1101 amplius
3379 1030 3438 1085 et

1779 1137 1893 1176 non
1926 1110 2278 1193 indigebunt
2307 1120 2437 1175 luce
2466 1119 2739 1185 lucernae,
2764 1123 2821 1174 et
2842 1104 3065 1174 lumine
3087 1117 3228 1173 solis
3255 1135 3268 1186 ;
3293 1116 3431 1189 quia

1778 1207 2063 1264 Dominus
2090 1207 2448 1264 illuminabit
2476 1208 2653 1279 super
2680 1224 2802 1274 eos,
2836 1207 2992 1263 sicut
3013 1204 3154 1264 dicit
3173 1205 3430 1261 Joannes

1779 1296 1957 1369 (Apoc.
1993 1314 2132 1365 xxu,
2162 1298 2238 1368 5).
2268 1296 2365 1351 Vel
2392 1296 2565 1368 quia:
2591 1319 2618 1345 ‹‹
2643 1295 2739 1351 Vae
2759 1295 2830 1351 iis
2851 1294 2953 1367 qui
2975 1296 3434 1357 assumuntcer-

1776 1384 1983 1440 viealia
2010 1386 2081 1440 ad
2113 1385 2455 1441 evertendas
2477 1384 2709 1440 animas
2730 1382 2928 1455 populi
2955 1382 3428 1454 (Ezech.xm,18).

1849 1474 1937 1528 25.
1972 1472 2308 1545 Deploranti
2331 1472 2624 1545 prophetae
2646 1471 2945 1528 miseriam
2974 1474 3185 1527 nostris
3208 1469 3431 1543 fragili-

1779 1562 1936 1629 tatis,
1971 1578 2097 1634 quae
2128 1567 2186 1618 et
2213 1562 2270 1616 in
2303 1560 2413 1617 hac
2445 1560 2563 1617 vita
2592 1560 2855 1633 requiem
2882 1576 2996 1616 non
3051 1559 3314 1627 haberet,
3375 1561 3437 1614 et

1778 1650 2049 1705 universa
2078 1650 2272 1706 subito
2304 1649 2545 1705 incursu
2578 1648 2784 1706 mortis
2817 1648 3129 1715 amitteret,
3174 1647 3429 1721 Spiritus

1778 1743 2019 1795 sanctus
2051 1739 2267 1794 infudit
2297 1738 2499 1794 tandiu
2533 1756 2646 1794 non
2674 1741 3101 1795 resurrecturos
3132 1735 3425 1808 homines,

51 1828 179 1879 stare
215 1831 491 1900 cogatur:
520 1825 812 1895 judicium
843 1828 1144 1893 intrare,in
1166 1834 1542 1899 conspectum
1565 1828 1670 1883 Do-
1702 1864 1745 1929 Β
1778 1827 1959 1883 donec
1991 1828 2209 1884 veniret
2231 1828 2328 1900 qui
2364 1845 2477 1883 non
2511 1833 2774 1884 assueret
2829 1830 3023 1882 vetera
3076 1824 3268 1894 nobis,
3320 1842 3426 1882 nec

57 1911 175 1967 mini
205 1913 395 1968 subire
446 1913 869 1985 omnipotentis
903 1914 1273 1987 compellitur
1310 1918 1444 1985 (87),
1499 1917 1667 1973 edere

51 2017 226 2056 causas
254 2007 555 2073 gestorum
592 2019 856 2066 suorum,
889 2021 1017 2075 quis
1050 2008 1136 2060 tot
1165 2004 1293 2059 vitae
1320 2023 1439 2060 suae
1482 2006 1665 2060 aetati-

48 2089 138 2145 bus
160 2092 522 2163 percurrerit,
555 2107 692 2147 cum
717 2093 975 2148 mundus
1007 2110 1040 2149 a
1064 2100 1298 2164 peccato
1324 2094 1515 2165 quivis
1538 2112 1668 2151 esse

47 2195 139 2234 non
167 2181 363 2252 possit,
399 2184 465 2235 ut
498 2181 571 2235 ab
606 2179 750 2252 ipsis
783 2181 1093 2237 cunabulis
1126 2183 1286 2253 prius
1319 2182 1668 2254 ohrepatin-

49 2266 213 2322 fantiaa
243 2267 428 2341 culpa,
464 2285 643 2340 quam
674 2269 749 2323 sit
782 2268 935 2325 ullus
957 2286 1168 2325 sensus
1190 2270 1423 2327 erroris.
1447 2272 1663 2335 Quam-

47 2372 137 2427 que
163 2355 299 2412 illud
328 2357 684 2424 miserabile,
714 2362 779 2412 ut
808 2358 999 2414 brevis
1032 2359 1109 2413 sit
1136 2359 1255 2414 vita
1279 2360 1428 2431 ejus,
1475 2359 1664 2416 dulcis

43 2443 298 2511 illecebra,
326 2445 637 2518 multiplex
661 2463 942 2515 aerumna,
968 2448 1272 2504 iracundia
1297 2449 1663 2521 quotidiana.

44 2533 213 2606 Itaque
227 2534 283 2589 in
299 2535 513 2608 exigua
525 2533 909 2591 delectatione
924 2537 1253 2592 amaritudo
1270 2542 1550 2610 perpetua
1568 2544 1657 2594 est

97 2625 175 2683 23.
207 2647 231 2673 ‹‹
265 2624 383 2693 Est,
415 2623 635 2696 inquit,
667 2625 857 2680 arbori
892 2642 1045 2697 spes.
1079 2626 1139 2681 Si
1169 2626 1327 2682 enim
1370 2627 1544 2683 tuerit
1573 2644 1667 2683 ex-

48 2710 162 2780 cisa,
196 2712 459 2781 virescit;
494 2717 553 2768 et
581 2713 641 2768 in
672 2719 837 2786 petra
869 2715 980 2787 (88)
1008 2718 1285 2771 mortuus
1318 2732 1517 2772 ramus
1537 2718 1665 2789 ejus

47 2800 212 2868 fuerit,
243 2803 316 2859 ad
344 2803 587 2861 odorem
612 2819 776 2875 aquae
804 2802 1066 2873 ﬂorebit;
1094 2804 1264 2860 faciet
1287 2809 1487 2860 autem
1509 2822 1662 2862 mes-

44 2906 144 2945 sem
171 2890 316 2947 sicut
346 2891 597 2949 novella.
628 2891 731 2946 Vir
761 2897 956 2948 autem
992 2893 1300 2949 defunctus
1347 2894 1510 2958 abiit,
1572 2912 1663 2951 ca-

45 2980 162 3035 dens
190 2985 378 3036 autem
412 2980 681 3038 mortalis
709 2980 887 3037 homo
918 2999 1032 3038 non
1066 2982 1219 3039 ultra
1249 2987 1355 3038 est.
1385 2984 1667 3057 Tempore

44 3071 207 3123 autem
240 3069 485 3127 ﬂuctuat
518 3086 677 3125 mare
708 3072 823 3138 (Job
855 3088 971 3136 xxv,
1003 3072 1179 3143 7-11).
1216 3095 1241 3121 ››
1266 3073 1665 3143 Spectavimus

47 3157 332 3229 prophetici
365 3158 661 3215 sermonis
682 3159 891 3216 seriem
921 3176 988 3215 ex
1027 3160 1259 3215 duobus
1290 3160 1666 3217 inferioribus

1775 1918 2188 1972 vestimentum
2223 1933 2435 1971 novum
2468 1916 2858 1972 committeret
2897 1916 2956 1970 in
3008 1915 3426 1971 vestimentum

1773 2009 1962 2072 vetus,
1996 2006 2096 2061 sed
2119 2006 2318 2060 omnia
2335 2006 2547 2061 faceret
2567 2022 2733 2073 nova,
2756 2006 2911 2061 sicut
2931 2004 3056 2076 ipse
3076 2003 3220 2059 dixit
3245 2021 3258 2060 :
3284 2004 3426 2060 Ecce

1779 2094 1984 2149 faciam
2017 2111 2169 2150 nova
2196 2094 2410 2162 (Bacch.
2442 2112 2520 2161 XI,
2565 2095 2675 2165 19).
2710 2117 2736 2144 ››
2772 2095 2900 2167 Ipse
2929 2095 3018 2149 est
3049 2093 3206 2150 enim
3238 2108 3429 2148 resur-

1779 2183 2114 2255 rectio,ipse
2146 2182 2571 2256 primogenitae
2601 2201 2669 2239 ex
2702 2182 2949 2238 mortuis
2980 2182 3039 2237 in
3071 2198 3185 2255 quo
3218 2197 3432 2238 omnes

1777 2273 1925 2328 635
1961 2273 2195 2343 quidem
2230 2273 2671 2345 praerogativam
2723 2272 2929 2328 futura).
2987 2269 3430 2327 resurrectionis

1776 2352 2144 2432 accepimus:
2180 2362 2342 2416 solus
2374 2365 2566 2417 tamen
2597 2360 2725 2434 ipse
2768 2360 2958 2416 adhuc
3006 2358 3430 2416 resurrectione

1775 2453 2057 2523 perpetua
2088 2449 2424 2505 resurrexit.
3252 2466 3255 2471 ·

2410 2564 2641 2620 CAPUT
2673 2565 2820 2631 VIII.

1776 2656 2048 2724 Quomodo
2080 2656 2264 2709 beatus
2293 2654 2388 2710 Job
2419 2657 2870 2708 resurrectionem
2908 2656 3072 2723 atque
3123 2654 3269 2707 iram
3318 2652 3430 2707 Do-

1844 2730 1987 2783 mini
2016 2729 2076 2781 in
2113 2726 2580 2781 consummatione
2602 2731 2867 2795 laturam
2895 2724 3326 2795 signiﬁcaverit:
3376 2725 3430 2778 et

1846 2816 2009 2870 quam
2040 2798 2361 2854 cesz'dcravit
2392 2813 2461 2852 ex
2491 2793 2755 2860 hac'vita,
2814 2794 2911 2850 ubi
2946 2793 3200 2867 perﬁdia
3253 2793 3428 2850 domi-

1845 2879 2034 2935 natur,
2067 2870 2283 2924 evolarc
2302 2872 2327 2921 .9

1844 2988 1949 3040 26.
1970 2983 2185 3039 Audito
2212 2981 2391 3055 igitur
2420 2982 2561 3054 quid
2594 2981 2824 3037 locutus
2855 2985 3012 3037 esset
3043 2980 3100 3036 in
3133 2995 3199 3037 eo
3248 2978 3423 3049 Deus,

1775 3078 1833 3130 et
1862 3073 2092 3146 cognito
2126 3088 2226 3145 per
2256 3072 2537 3144 Spiritum
2579 3075 2849 3127 sanctum
2904 3068 3061 3143 quod
3095 3067 3276 3126 Filius
3326 3067 3432 3124 Dei

1779 3180 1891 3220 non
1926 3162 2116 3218 solum
2148 3160 2370 3216 veniret
2401 3160 2459 3214 in
2484 3164 2685 3225 terras,
2711 3159 2810 3215 sed
2836 3159 3011 3214 etiam
3035 3154 3429 3214 descensurus

44 3244 499 3315 elementis,terra
521 3263 586 3302 ac
617 3247 788 3315 mari,
819 3265 945 3322 quas
968 3248 1128 3303 omni
1157 3249 1405 3319 injuria),
1425 3249 1667 3306 crebris-
1696 3227 1739 3293 θ
1778 3256 1932 3308 esset
1961 3250 2030 3306 ad
2056 3250 2293 3314 inferos,
2318 3256 2381 3303 ut
2406 3252 2665 3302 mortuos
2689 3246 3062 3302 resuscitaret
3085 3245 3260 3317 (quod
3283 3248 3426 3299 tunc

44 3349 135 3404 que
163 3336 613 3409 tempestatibus
642 3336 951 3407 subjacent
974 3353 987 3392 :
1012 3354 1188 3410 quam
1209 3336 1464 3392 validum
1489 3354 1661 3410 argu—

45 3428 275 3480 mentum
302 3430 518 3481 nostrse
543 3424 827 3497 expressit
847 3425 1153 3482 aerumnae?
1172 3425 1662 3498 Terrena,inquit,

43 3510 282 3584 virgulta,
316 3530 750 3587 nemorosaque
775 3515 1073 3582 arborum,
1096 3514 1268 3570 etiam
1295 3531 1427 3569 cum
1454 3515 1668 3570 fuerint

44 3605 262 3670 mortua,
292 3602 348 3657 in
391 3619 544 3659 usus
592 3602 796 3659 vitales
844 3607 1176 3676 resurgunt.
1230 3603 1386 3659 Mare
1433 3620 1665 3676 quoque

42 3687 213 3758 ipsum
246 3696 587 3766 temporum
620 3690 841 3747 vicibus
871 3690 1017 3749 solet
1048 3692 1349 3749 ﬂuctuare.
1405 3695 1478 3748 At
1532 3710 1667 3748 vero

44 3792 157 3835 caro.
182 3786 376 3837 nostra
404 3797 643 3853 semper
666 3785 964 3849 exaestuat,
999 3781 1229 3854 sibique
1259 3782 1386 3855 ipsa
1412 3787 1664 3855 tempes-

40 3870 114 3921 tas
139 3875 241 3936 est,
273 3887 585 3944 nunquam
619 3886 652 3925 a
683 3869 940 3927 motibus
962 3870 1352 3942 procellarum
1383 3871 1665 3926 miseran-

44 3953 224 4028 disque
254 3958 585 4032 naufragiis
616 3957 872 4014 feriatur.

99 4046 179 4100 2/1.
209 4069 234 4096 ‹‹
268 4048 413 4104 Cum
449 4052 649 4103 autem
682 4047 988 4104 dormierit
1019 4047 1213 4114 homo,
1248 4064 1359 4101 non
1420 4047 1672 4120 resurgit

45 4148 205 4205 usque
235 4136 374 4193 dum
408 4136 625 4193 coelum
658 4154 772 4192 non
805 4141 1081 4192 assuatur
1111 4136 1221 4208 (89)
1256 4136 1436 4209 (Ibid,
1481 4137 1588 4209 12).
1642 4159 1670 4186 ››

45 4222 182 4284 Quod
213 4224 447 4283 videtur
477 4225 796 4293 declarare,
820 4226 1001 4282 donec
1026 4225 1236 4281 coelum
1263 4230 1541 4295 novetur;
1565 4225 1676 4283 erit

45 4312 178 4370 enim
208 4315 418 4372 caelum
454 4333 673 4372 novum
705 4320 762 4372 et
792 4320 945 4371 terra
976 4333 1142 4383 nova,
1184 4315 1339 4371 sicut
1390 4316 1676 4389 scriptum

43 4404 117 4454 est
141 4404 259 4471 (15a.
304 4422 431 4461 va.
470 4405 585 4476 17).
620 4404 766 4460 Nam
798 4405 950 4476 quod
987 4403 1266 4471 assuitur,
1321 4408 1486 4459 vetus
1545 4408 1671 4460 est:
1724 4438 1729 4443 -

46 4491 177 4558 quod
206 4496 392 4565 vetus,
429 4493 781 4549 mutabitur.
818 4492 1074 4565 Denique
1105 4492 1241 4548 audi
1272 4492 1445 4548 David
1477 4492 1675 4547 dicen-

1771 3340 2007 3412 quidem
2035 3340 2249 3393 factum
2277 3342 2365 3391 est
2387 3336 2455 3390 ad
2478 3334 2882 3391 testimonium
2910 3333 3287 3406 praesentium
3313 3331 3425 3403 (90)

1772 3434 1829 3486 et
1857 3427 2188 3500 exemplum
2236 3424 2628 3496 futurorum):
2663 3440 2976 3480 conversus
3005 3423 3076 3478 ad
3110 3420 3425 3477 Dominum

1773 3520 1894 3575 ait:
1931 3541 1957 3568 ‹‹
1994 3516 2227 3572 Utinam
2258 3515 2316 3570 in
2351 3514 2574 3569 inferno
2608 3530 2699 3568 me
2727 3529 3119 3581 conservares,
3170 3510 3418 3566 abscon-

1775 3608 1942 3662 deres
1973 3611 2169 3661 autem
2199 3620 2313 3672 me,
2345 3604 2529 3658 donec
2560 3602 2791 3658 desinat
2818 3600 2907 3657 ira
2934 3605 3056 3668 tua,
3089 3604 3146 3656 et
3190 3602 3420 3656 statuas

1775 3695 1920 3751 mihi
1954 3700 2185 3767 tempus
2214 3692 2272 3748 in
2308 3708 2422 3764 quo
2457 3691 2801 3747 memoriam
2825 3690 2940 3748 mei
2959 3691 3158 3747 facias.
3180 3689 3242 3746 Si
3263 3688 3422 3745 enim

1776 3789 2044 3839 mortuus
2076 3781 2251 3837 fuerit
2282 3780 2476 3849 homo,
2508 3780 2659 3836 vivet
2689 3796 3110 3836 eonsummans
3140 3778 3265 3839 dies
3295 3775 3425 3833 vita

1774 3873 1983 3945 ipsius.
2008 3870 2321 3927 Sustinebo
2343 3871 2524 3925 donec
2549 3869 2763 3925 iterum
2787 3869 2944 3937 ﬁam,
2971 3865 3430 3925 deindevocabis

1782 3978 2006 4032 me,ego
2038 3964 2234 4015 autem
2264 3963 2320 4014 te
2352 3958 2688 4014 obaudiam:
2722 3962 2781 4013 at
2800 3973 2975 4028 opera
2994 3971 3279 4011 manuum
3301 3958 3428 4009 tua-

1781 4066 1908 4104 rum
1943 4046 2252 4118 despicias.
2285 4046 2617 4101 Numerasti
2677 4049 2873 4101 autem
2932 4058 3094 4098 meas
3144 4040 3431 4098 adiuven-

1778 4138 1989 4206 tiones,
2018 4152 2120 4190 nee
2145 4134 2461 4207 praeteribit
2485 4138 2538 4188 te
2561 4132 2886 4204 quidquam
2910 4147 2978 4186 ex
2993 4128 3245 4202 peccatis
3260 4126 3431 4183 meis.

1779 4224 2032 4300 Signasti
2050 4228 2241 4280 autem
2266 4223 2606 4296 iniquitates
2633 4237 2795 4276 meas
2816 4220 2876 4275 in
2903 4217 3157 4287 sacculo,
3182 4221 3239 4273 et
3259 4220 3433 4273 nota-

1781 4316 1852 4372 sti
1888 4316 1933 4371 si
1964 4314 2103 4387 quid
2138 4313 2359 4369 inscius
2391 4310 2677 4384 praeterivi
2703 4310 2818 4381 (Job
2840 4307 3177 4379 XIV,43-l7).
3198 4329 3226 4356 »
3247 4304 3433 4370 Quam

1783 4405 1980 4462 suavis
2009 4403 2188 4469 locus,
2225 4401 2325 4474 qui
2358 4418 2463 4455 nos
2502 4401 2574 4455 de
2624 4398 3048 4455 resurrectione
3095 4395 3426 4461 conﬁrmat,

1785 4499 1841 4552 et
1871 4509 2048 4565 quam
2080 4491 2311 4546 videtur
2335 4489 2458 4544 voci
2493 4488 2802 4543 Dominieas
2832 4485 3157 4554 convenire,
3192 4500 3323 4556 quae
3372 4482 3434 4538 in

46 4580 177 4633 tem:
210 4581 377 4637 Initio
406 4587 629 4638 terram
662 4585 722 4637 tu
769 4581 1045 4637 fundasti.
1096 4581 1361 4649 Domine,
1394 4585 1449 4636 et
1505 4598 1679 4653 opera
1709 4599 1753 4664 D
1785 4582 2095 4655 Evangelio
2116 4579 2347 4652 legitur,
2380 4578 2477 4633 ubi
2513 4577 2592 4633 ait
2620 4594 2631 4632 :
2668 4600 2695 4626 ‹‹
2730 4577 2892 4631 Tunc
2920 4573 3202 4664 incipient.
3219 4571 3437 4664 Adicere

46 4680 263 4724 manum
298 4674 540 4726 tuarum
573 4675 712 4725 sunt
734 4668 881 4725 cmli.
913 4669 1025 4741 Ipsi
1052 4668 1329 4741 peribunt
1356 4687 1368 4725 :
1400 4674 1460 4724 tu
1485 4674 1680 4726 autem
1709 4661 1732 4664 ⁷
1789 4671 2089 4728 montibus
2114 4667 2359 4731 :.Cadite
2389 4684 2565 4739 super
2595 4683 2722 4732 nos,
2757 4669 2813 4721 et
2860 4663 3146 4720 collibus:
3207 4661 3439 4735 Operite

46 4769 352 4829 permanes,
377 4766 445 4815 et'
462 4776 668 4815 omnes
692 4759 843 4814 sicut
864 4758 1276 4813 vestimentum
1300 4762 1679 4827 veterascent,

46 4848 91 4895 et
120 4844 261 4901 sicut
302 4848 668 4921 opertorium
722 4847 975 4903 mutabis
1028 4863 1127 4902 eos
1185 4851 1241 4901 et
1299 4848 1684 4903 mutabuntur

48 4931 196 4999 (Psal.
227 4952 300 5002 ει,
332 4938 407 4991 26
439 4937 552 5008 28).
589 4958 615 4985 »
648 4941 972 4992 Possumus
1001 4935 1174 4991 etiam
1213 4934 1354 4990 illud
1388 4937 1682 5005 adtcxere,

54 5023 311 5090 quoniam
346 5026 508 5098 quod
539 5029 705 5082 vetus
729 5029 836 5092 est,
870 5024 1174 5093 assuitur;
1231 5025 1381 5096 quod
1445 5042 1681 5095 novum,

117 5184 222 5257 (87)
255 5184 430 5249 Rom,
462 5186 627 5256 edit.,
658 5194 884 5257 cogatur
932 5186 1142 5240 intrare
1190 5186 1247 5238 in
1279 5194 1561 5257 conspectu
1577 5190 1683 5242 Do-

49 5254 192 5327 1_nim',
225 5258 273 5309 et
293 5256 577 5327 judicium
611 5254 810 5313 subire
863 5257 1249 5327 omnipotentis
1307 5254 1684 5327 corapeltatur.

53 5320 229 5397 Bonus
258 5320 503 5397 quidem
524 5328 835 5384 verborum
858 5320 1131 5391 ordo;sed
1153 5328 1292 5383 edit.
1310 5320 1509 5383 ant.'ac
1540 5345 1685 5385 mss.

53 5395 166 5450 cod.
183 5395 427 5454 minime
450 5400 842 5455 consentiens.
858 5398 1052 5454 Alium
1076 5398 1273 5469 itaque
1295 5399 1683 5456 restituimus.

112 5469 341 5543 (88)_Sic
376 5485 546 5533 mss,
584 5476 641 5543 et
669 5477 777 5525 vet.
813 5472 950 5524 mlit.
988 5470 1099 5524 nisi
1134 5470 1285 5543 quod
1310 5488 1429 5542 pro,
1456 5473 1512 5526 in
1534 5474 1691 5543 petra

52 5552 181 5617 mss.
213 5541 328 5617 (luo
360 5548 420 5596 et
453 5543 593 5617 edit.
630 5541 847 5597 habent
878 5545 931 5595 in
959 5551 1124 5617 (eqvi,
1149 5548 1205 5596 et
1235 5541 1378 5597 alias
1403 5541 1689 5617 quasdam

51 5607 410 5684 diversitates
444 5613 670 5669 nullius
696 5613 997 5671 momenti.
1024 5613 1190 5667 Rom.
1221 5607 1579 5684 autem'edit,
1612 5614 1693 5672 ita

48 5681 338 5763 reposuit:
373 5685 577 5744 Excisa
605 5684 781 5745 adhuc
809 5683 1110 5751 viridescz't,
1137 5687 1189 5741 et
1218 5700 1407 5743 ramus
1436 5681 1693 5763 θέα.ςήοη

1790 4779 1897 4817 nos
1929 4762 2077 4833 (Luc.
2112 4776 2271 4826 xxm,
2306 4758 2416 4829 30).
2456 4780 2482 4807 ››
2514 4756 2637 4811 Erit
2669 4754 2826 4811 enim
2851 4754 2910 4809 in
2933 4750 3438 4809 consummatione

1790 4850 1984 4907 saeculi
2019 4849 2104 4904 ira
2135 4846 2386 4903 Domini.
2421 4847 2592 4901 Recte
2622 4861 2758 4918 ergo
2791 4846 3034 4900 sanctus
3064 4840 3123 4895 in
3144 4839 3435 4912 judicium

1793 4938 2015 4995 mavult
2046 4953 2366 5009 resurgere,
2402 4952 2579 5007 quam
2612 4936 2671 4989 in
2704 4938 2939 5005 tempus
2968 4930 3174 4986 divinae
3207 4928 3440 4983 iracun-

1793 5028 1899 5083 diae
1931 5043 2057 5098 quae
2089 5023 2369 5079 terribilis
2400 5025 2576 5079 etiam
2607 5019 3019 5077 innocentibus
3047 5020 3155 5072 est.

1795 5187 2004 5258 deficiet
2031 5203 2049 5238 :
2082 5187 2137 5258 et
2151 5184 2214 5258 _si
2242 5184 2477 5258 interra
2505 5184 2721 5238 mortua
2750 5179 2919 5258 radiat
2942 5177 3070 5258 ejus,
3086 5176 3443 5258 fuerit,trun-

1797 5249 2045 5330 cusejus
2069 5254 2245 5309 adhuc
2272 5254 2345 5330 ab
2362 5253 2527 5330 (odore
2553 5267 2716 5324 aqua?
2743 5249 3092 5320 germinabit,
3123 5252 3233 5330 etc.

1870 5319 1982 5400 (89)
2014 5327 2230 5384 Omnes
2257 5325 2420 5392 edit.,
2453 5340 2560 5400 non
2598 5319 2879 5400 "resurget,
2939 5335 3124 5400 usque
3160 5319 3293 5373 dum
3344 5332 3447 5400 cm:

1803 5390 1916 5458 turn
1946 5390 2202 5455 dssuatur
2233 5437 2267 5451 ..
2302 5390 2566 5471 mouetur.
2608 5390 3037 5471 Am.,'no'vetur.
3072 5391 3210 5471 Mss.
3242 5403 3343 5444 sex
3385 5390 3452 5443 ut

1803 5489 1909 5528 nos
1938 5471 1996 5525 in
2046 5472 2220 5534 textu,
2268 5482 2446 5540 quam
2494 5466 2803 5522 lectionem
2835 5481 2963 5521 esse
3010 5466 3324 5535 genuinam
3359 5474 3449 5513 se-

1803 5538 2570 5623 (ιιιεηὲίεεξρενὲεξξςιθωειετι

1878 5616 1989 5689 (90)
2020 5606 2173 5671 Edit.
2210 5609 2341 5669 Gill.
2376 5626 2441 5667 ac
2486 5610 2674 5675 Rom.,
2723 5607 2793 5665 ad
2839 5606 3211 5665 testimonium
3250 5617 3452 5676 praece-

1813 5686 2079 5746 dentium.
