3866 6212
388 372 510 432 847

1842 372 1906 432 S.
1958 369 2329 432 AMBROSII

3681 361 3783 431 88

462 505 550 561 27.
580 497 768 581 Simul
798 500 975 559 etiam
1004 500 1151 559 illud
1181 502 1526 576 prophetare
1555 502 1920 575 intelligitur,
1953 504 2024 557 di-
2065 504 2118 568 Α
2150 519 2261 556 non
2295 499 2429 558 licet
2462 500 2566 557 tibi
2594 500 2886 558 curiosius
2904 500 3403 575 investigat-equa:
3424 499 3485 557 in
3504 500 3785 581 terrisge-

393 590 616 651 cendo:
650 612 680 643 ‹‹
709 576 945 649 Statuas
976 590 1120 648 mihi
1150 594 1383 666 tempus
1413 592 1474 648 in
1522 608 1639 666 quo
1689 591 2036 649 memoriam

392 680 509 741 mei
529 676 729 750 facias,
751 701 782 732 »
804 679 1029 755 quodin
1053 681 1327 754 passione
1342 681 1576 738 Domini
1592 679 2037 739 resuscitandus

389 769 557 843 foret,
589 766 743 827 sicut
770 767 830 824 in
861 764 976 825 fine
998 768 1171 826 istius
1194 767 1329 825 libri
1351 769 1803 839 demonstratur,
1826 786 1933 825 nec
1954 774 2036 825 ta-

392 875 525 917 men
554 852 857 933 deplorare
886 856 1133 914 desinit:
1166 860 1223 913 et
1251 875 1368 933 quo
1398 859 1585 931 magis
1616 858 1891 932 intelligit
1921 859 2033 914 sibi

389 944 874 1027 resurrectionem
904 961 1033 1002 esse
1062 946 1442 1019 propositam,
1464 948 1642 1004 vitam
1662 948 1815 1004 hanc
1836 946 2035 1020 fugere

390 1035 702 1105 desiderat,
732 1034 937 1091 videns
969 1052 1033 1091 se
1062 1035 1123 1090 in
1171 1053 1385 1091 manus
1430 1036 1712 1093 traditum
1764 1037 2034 1092 adversa-

391 1110 635 1191 riorum,
666 1124 991 1197 projectum
1012 1140 1076 1179 se
1106 1123 1166 1179 in
1198 1128 1539 1197 potestatem
1576 1125 1914 1199 impiorum,
1939 1126 2031 1180 cui

391 1215 569 1274 etiam
598 1213 770 1271 amici
803 1211 861 1268 in
885 1212 1157 1270 inimicos
1181 1214 1443 1270 conversi
1465 1218 1624 1282 sunt,
1646 1215 1747 1285 qui
1770 1232 1903 1270 cum
1941 1215 2034 1271 de-

390 1302 627 1361 buerint
654 1299 963 1373 consolari,
997 1299 1230 1359 ruinam
1258 1320 1436 1377 super
1467 1303 1698 1359 ruinam
1742 1303 1994 1360 inferant
2019 1323 2032 1371 ;

392 1381 618 1463 memor
645 1397 839 1449 tamen
880 1390 1247 1449 conscientia:
1296 1410 1413 1447 sua:
1462 1410 1639 1465 purae,
1690 1397 1745 1447 et
1802 1394 2031 1448 munda:

389 1479 670 1539 orationis
698 1480 817 1549 ait;
853 1502 881 1531 α
911 1478 1088 1537 Terra
1119 1498 1232 1536 non
1283 1480 1580 1554 cooperias
1629 1482 1687 1536 in
1747 1483 2033 1552 sanguine

389 1571 582 1629 carnis
612 1587 719 1626 me:
745 1570 855 1643 (Ol)
882 1570 997 1641 (Job
1029 1588 1141 1626 xvi.
1172 1571 1258 1642 19)
1290 1588 1301 1624 ;
1342 1594 1361 1619 ι
1400 1575 1464 1625 ut
1493 1571 1676 1625 oratio
1707 1572 1836 1643 ejus
1883 1572 2035 1629 sicut

388 1661 694 1719 incensum
730 1658 1017 1732 dirigatur
1046 1659 1119 1714 ad
1144 1658 1486 1725 Dominum,
1520 1678 1635 1716 non
1669 1659 1726 1715 in
1759 1666 1914 1717 terra
1944 1663 2030 1719 di-

388 1753 668 1807 versetur.
703 1749 899 1805 Sancti
930 1747 1088 1804 enim
1118 1748 1301 1804 oratio
1335 1748 1520 1804 nubes
1568 1754 1848 1822 penetrat,
1900 1769 2030 1824 pec-

386 1837 597 1897 catoris
626 1838 968 1908 orationem,
1000 1838 1153 1894 sicut
1181 1856 1212 1893 a
1246 1838 1360 1894 Deo
1383 1836 1523 1893 Cain
1544 1836 1764 1894 dictum
1788 1845 1877 1897 est
1908 1859 2034 1914 par-

386 1914 601 1995 ricidia,
632 1926 898 2001 aperiens
927 1943 994 1984 os
1022 1944 1198 1983 suum
1231 1931 1381 1983 terra
1404 1928 1460 1982 in
1501 1928 1788 2000 sanguine
1835 1932 2029 1988 carnis

384 2004 711 2075 abscondit.
744 2040 771 2066 «
797 2014 1158 2085 Maledictus,
1207 2015 1422 2088 inquit,
1473 2034 1507 2072 a
1536 2020 1709 2085 terra,
1742 2036 1869 2090 quae
1892 2038 2029 2093 ape-

383 2106 503 2163 ruit
530 2123 597 2165 os
634 2122 809 2165 suum
835 2104 1098 2179 accipere
1118 2105 1467 2177 sanguinem
1492 2105 1687 2162 fratris
1708 2108 1791 2162 tui
1814 2110 1884 2165 de
1908 2128 2029 2166 ma-

385 2212 467 2277 nu
490 2200 593 2253 tua
614 2213 628 2265 ;
652 2193 929 2266 quoniam
944 2193 1874 2268 operaberisterram(Gen,1v,ll).
1915 2224 1940 2249 ››

1027 2325 1260 2382 CAPUT
1293 2327 1383 2383 IX.

387 2413 871 2494 Reprehendqntar
898 2416 963 2479 ii,
995 2417 1092 2486 qui
1118 2417 1389 2494 curiosius
1416 2419 1713 2487 sapientia
1739 2421 1908 2494 adyta
1946 2424 2029 2479 ri-

455 2486 605 2544 inari
631 2486 860 2563 audent:
892 2503 1016 2542 eam
1044 2503 1217 2563 negue
1244 2490 1305 2542 in
1334 2486 1544 2563 abi/sio,
1574 2508 1747 2563 neque
1783 2486 1845 2548 ἰὶι
1886 2498 2032 2550 mari

457 2557 813 2641 querendum
842 2562 1074 2641 esseuet
1116 2574 1225 2630 qua
1268 2557 1451 2641 causa,
1511 2557 1743 2641 (tertioue
1789 2565 2031 2641 ejusdem

562 2630 824 2687 nitionom
848 2630 951 2685 soli
975 2631 1098 2696 Deo,
1125 2647 1155 2685 e
1182 2632 1378 2702 quibus
1406 2648 1530 2688 eam
1559 2630 1662 2688 ille
1686 2630 2026 2706 revelaverit,

454 2716 662 2775 patere.

452 2817 543 2872 28.
576 2812 874 2871 Flebiliter
904 2813 1102 2886 itaque
1131 2813 1385 2871 Sanctus
1412 2815 1675 2888 deplorat
1699 2818 1827 2875 vitae
1857 2820 2029 2879 istius

380 2908 682 2979 tempora:
716 2926 744 2953 ‹‹
779 2901 972 2969 Pereo,
1014 2903 1228 2973 inquit,
1256 2907 1312 2959 et
1338 2904 1547 2976 spiritu
1582 2908 1731 2963 7³6
1779 2909 2028 2967 circum-

380 2991 535 3051 ferer
556 3006 678 3048 :oro
698 2995 895 3070 autem
918 2989 1303 3064 sepulturam,
1327 2995 1380 3048 et
1404 3009 1518 3049 non
1543 2994 1810 3067 impetro,
1827 3015 2030 3070 precor

379 3081 674 3161 laborans.
706 3068 777 3137 Et
807 3080 944 3153 quid
977 3078 1182 3135 faciam
1206 3079 1234 3136 ‘I
1266 3081 1396 3137 Dies
1427 3083 1539 3138 mei
1570 3068 1931 3144 transierunt
1966 3089 2025 3145 in

378 3170 616 3229 horrore
647 3171 795 3243 (9'2):
829 3168 1050 3243 dirupti
1083 3174 1223 3225 sunt
1252 3170 1485 3227 articuli
1519 3172 1713 3230 cordis
1741 3176 1854 3231 mei
1910 3179 2027 3247 (Job

2146 594 2376 657 runtur,
2406 595 2463 646 et
2483 589 2777 647 curiosius
2796 588 3046 662 requiris
3064 589 3204 662 quid
3221 604 3405 663 supra
3424 588 3643 646 calum
3664 604 3785 665 aga-

2144 682 2261 734 tur.
2290 678 2409 735 Cur
2435 683 2497 735 tu
2520 679 2789 752 disputas
2806 678 2964 735 unde
2978 682 3118 735 nata
3139 678 3218 735 sit
3236 677 3542 751 Sapientia
3563 679 3595 734 ?
3609 677 3792 737 Nescit

2145 768 2318 823 homo
2342 769 2495 824 viam
2510 770 2659 841 ejus,
2684 786 2789 824 nec
2808 767 2870 824 in
2894 767 3235 825 hominibus
3257 769 3501 825 inventa
3516 773 3607 825 est
3616 768 3791 841 per-fe

2144 861 2235 913 cta
2269 857 2574 930 sapientia.
2614 857 2738 915 Non
2771 858 2829 913 in
2861 858 3079 931 Moyse,
3114 870 3227 913 non
3260 858 3322 913 in
3352 863 3575 927 Aaron,
3600 857 3790 915 nonin

2140 946 2172 1001 J
2179 963 2280 1001 esu
2300 947 2452 1003 Nave
2479 944 2608 1018 fuit,
2634 961 2749 1002 non
2769 946 2824 1002 in
2846 945 2976 1019 ipso
2999 944 3175 1003 David
3200 946 3301 1020 qui
3318 945 3403 1003 ait
3427 946 3794 1003 :dncertaet

2142 1035 2368 1091 occulta
2397 1035 2693 1108 sapientiae
2724 1041 2838 1091 tuae
2871 1035 3261 1092 manifestasti
3292 1034 3440 1091 mihi
3488 1036 3693 1107 (P3al..
3742 1053 3789 1105 ι,

2142 1124 2235 1196 8);
2272 1149 2298 1172 ››
2332 1124 2470 1196 quia
2493 1124 2617 1198 ipse
2648 1125 2791 1181 dixit
2821 1125 2879 1181 in
2910 1122 3373 1198 posterioribus:
3410 1147 3442 1177 ‹‹
3487 1123 3664 1181 Velut
3698 1125 3791 1197 ju-

2144 1217 2407 1270 mentum
2440 1214 2625 1271 factus
2655 1232 2790 1270 sum
2821 1214 2974 1287 apud
3008 1218 3062 1270 te
3084 1213 3256 1286 (Prol.
3283 1228 3459 1282 nun,
3484 1214 3602 1286 23).
3639 1232 3661 1263 ι
3688 1215 3789 1270 Su-

2141 1319 2246 1373 pra
2270 1307 2327 1358 te
2348 1308 2436 1358 est
2453 1303 2620 1372 scire,
2644 1320 2677 1359 ο
2698 1303 2895 1375 homo,
2910 1302 3280 1359 altitudinem
3298 1301 3793 1375 Sapientiae,satis

2142 1396 2229 1446 est
2261 1391 2362 1447 tibi
2398 1396 2461 1446 ut
2490 1392 2711 1448 credas.
2733 1417 2759 1442 u
2793 1391 2853 1447 Si
2884 1391 3039 1448 enim
3068 1408 3183 1448 non
3213 1391 3557 1460 credideris,
3580 1392 3797 1465 inquit,

2143 1497 2245 1535 nec
2273 1481 2608 1551 intelligetis
2629 1481 2983 1552 (Isa.vu,9).»
3003 1481 3293 1555 Abyssnm
3308 1481 3793 1554 scirenonpotes,

2141 1570 2353 1641 abyssu
2366 1587 2417 1624 ﬂ]
2436 1587 2549 1625 non
2565 1576 2728 1642 potes
2743 1570 3257 1643 comprehendere,
3273 1568 3575 1643 quomodo
3600 1569 3794 1626 altitu-

2141 1659 2332 1714 (linem
2351 1659 2657 1731 Sapientiae
2673 1658 3435 1732 comprehendes?Ahyssus
3446 1659 3619 1714 dixit:
3635 1659 3793 1715 «Non

2140 1748 2301 1803 estin
2326 1766 2415 1803 me
2434 1768 2446 1804 °.
2472 1753 2524 1804 et
2549 1754 2608 1804 tu
2633 1754 2795 1823 potes
2816 1749 3005 1805 dicere
3027 1749 3168 1821 quia
3186 1748 3243 1803 in
3259 1753 3315 1805 te
3346 1752 3437 1805 est
3453 1748 3794 1821 Sapientia?

2210 1838 2297 1891 3’).
2333 1839 2593 1910 Abyssus
2619 1855 2755 1910 ergo
2787 1837 2928 1893 dixit
2958 1855 2970 1892 :
3002 1863 3028 1887 ‹‹
3064 1838 3186 1893 Non
3230 1842 3320 1893 est
3373 1836 3432 1892 in
3483 1854 3599 1906 me,
3658 1838 3795 1910 quia

2140 1928 2263 1999 ipse
2320 1927 2603 1984 Dominus
2659 1927 2847 1983 dixit:
2899 1928 3022 1985 Non
3085 1925 3461 1999 derelinques
3532 1927 3791 1983 animum

2138 2032 2329 2070 meum
2362 2017 2418 2071 in
2448 2018 2671 2073 inferno
2702 2018 2872 2089 (Paul.
2906 2013 3008 2083 Iv;
3036 2016 3140 2088 10).
3175 2037 3201 2066 »ι
3231 2015 3303 2072 Et
3343 2016 3662 2088 Apostolus
3706 2016 3794 2071 di-

2138 2104 2221 2159 xit
2246 2123 2256 2157 :
2282 2132 2307 2154 ‹‹
2333 2106 2472 2169 Quis
2495 2106 2793 2161 descendit
2816 2105 2872 2160 in
2898 2104 3174 2178 abyssum
3197 2102 3226 2158 ?
3246 2103 3353 2160 hoc
3380 2109 3471 2160 est
3489 2104 3794 2162 Christum

2140 2209 2209 2247 ex
2241 2193 2484 2250 mortuis
2514 2194 2798 2249 deducere
2829 2194 2982 2266 (Rom
3010 2209 3067 2260 x,
3099 2196 3175 2263 7).
3210 2215 3238 2242 ››
3269 2193 3423 2266 Ergo
3453 2194 3504 2250 si
3538 2193 3793 2250 interm-

2139 2287 2311 2354 gatur
2333 2282 2600 2356 abyssus:
2626 2283 2732 2339 Ubi
2758 2287 2847 2339 est
2871 2282 3196 2355 Sapientia?
3232 2278 3591 2355 Respondet:
3616 2306 3645 2333 ‹‹
3660 2282 3791 2341 Non

2139 2376 2228 2427 est
2261 2372 2315 2426 in
2351 2389 2462 2439 me,
2499 2396 2527 2422 ››
2559 2372 2696 2445 quia
2744 2373 3082 2428 resurrexit.
3134 2363 3541 2445 Interrogalur
3588 2388 3789 2428 mare:

2139 2460 2245 2516 Ubi
2279 2465 2367 2516 est
2397 2460 2744 2533 Sapientia?
2775 2460 2923 2517 Dicit
2948 2479 2960 2517 :
2997 2485 3022 2511 ‹‹
3049 2459 3276 2517 Mecum
3301 2477 3415 2516 non
3438 2465 3531 2517 est
3556 2479 3573 2516 :
3600 2484 3628 2512 υ
3651 2461 3793 2534 quia

2139 2548 2379 2605 calcavit
2405 2566 2516 2614 me,
2541 2566 2645 2606 nec
2672 2550 2882 2606 fluctus
2904 2550 3013 2605 mei
3037 2566 3167 2605 eam
3186 2550 3787 2623 turbarepotuerunt.

2138 2639 2208 2694 Et
2236 2643 2297 2692 tu
2332 2657 2463 2712 ergo
2498 2638 2553 2693 in
2587 2640 2690 2695 hoc
2724 2638 2918 2696 saeculi
2954 2639 3125 2696 istius
3162 2639 3391 2711 positus
3440 2640 3613 2707 freto,
3664 2640 3789 2696 noli

2140 2728 2453 2800 perfectam
2485 2728 2642 2784 illam
2705 2728 2800 2785 Dei
2857 2728 3218 2800 Sapientiam
3274 2728 3336 2784 in
3394 2728 3504 2784 hoc
3563 2731 3791 2787 mundo

2139 2834 2422 2889 quaerere:
2457 2816 2594 2889 quia
2617 2818 2875 2873 mundus
2890 2833 3016 2872 eam
3043 2833 3156 2873 non
3182 2817 3474 2890 cognovit.
3500 2816 3611 2874 Sed
3627 2818 3677 2875 si
3694 2819 3791 2876 vis

2138 2923 2264 2961 eam
2300 2906 2555 2962 invenire
2586 2905 2745 2962 calca
2778 2906 2989 2962 {luctus
3018 2907 3147 2978 ejus
3186 2907 3413 2973 mundi,
3463 2908 3619 2963 sicut
3665 2907 3787 2963 cal-

2137 2995 2287 3051 cavit
2307 2995 2530 3063 Petrus,
2550 3000 2605 3052 et
2623 2994 2861 3052 ambula
2885 3012 3063 3068 super
3082 3008 3265 3068 aquas
3288 2994 3471 3068 hujus
3494 2996 3787 3063 saeculi,et

2136 3084 2389 3157 porriget
2422 3083 2527 3138 tibi
2560 3083 2856 3140 dexteram
2888 3084 3206 3157 Sapientia,
3234 3083 3389 3140 sicut
3416 3086 3674 3157 porrexit
3729 3092 3790 3142 et

2136 3172 2302 3229 Petro
2327 3190 2340 3241 ;
2370 3173 2509 3245 quia
2537 3190 2708 3229 nemo
2743 3174 2854 3228 l‘uit
2885 3189 3059 3245 quem
3092 3190 3205 3229 non
3235 3172 3432 3229 saeculi
3467 3173 3648 3246 hujus
3672 3191 3785 3230 un-

377 3276 516 3328 xvn,
549 3259 602 3328 Ι,
633 3261 687 3328 2,
721 3258 830 3331 ii).
867 3282 895 3309 η
922 3258 1035 3317 Nec
1056 3262 1251 3315 tamen
1274 3277 1521 3333 usquam
1539 3262 1782 3336 derogat
1795 3266 2019 3336 judicio
2050 3248 2091 3315 C
2130 3262 2206 3318 da
2233 3263 2568 3319 turbaverit.
2603 3261 2881 3318 Turbavit
2910 3262 3223 3330 Abraham,
3256 3263 3517 3318 turbavit
3540 3268 3601 3319 et
3622 3263 3789 3337 Moy-

377 3346 481 3427 Dei
504 3366 520 3419 ;
546 3347 663 3427 scit
688 3345 845 3427 enim
876 3347 1230 3428 profundam
1261 3364 1389 3405 esse
1414 3348 1780 3409 altitudinem
1803 3356 2029 3428 sapien-

379 3424 473 3494 tia:
498 3441 557 3495 et
583 3424 839 3495 scientia:
874 3424 1000 3506 'Dei,
1051 3442 1108 3495 et
1154 3437 1562 3495 inscrutabilia
1599 3440 1827 3513 judicia
1875 3424 2024 3517 ejus,

378 3532 555 3602 atque
581 3525 1017 3605 investigabiles
1045 3524 1170 3582 vias
1200 3528 1348 3597 ejus.

446 3616 537 3671 29.
572 3637 601 3666 «
630 3613 757 3671 Non
787 3613 1174 3683 calcaverunt,
1206 3616 1419 3688 inquit,
1450 3635 1548 3674 eas
1591 3619 1692 3674 ﬁlii
1739 3637 1801 3676 se
1848 3622 2023 3695 glori-

374 3703 702 3781 ﬁcantium,
718 3718 823 3783 nec
854 3702 1124 3760 transivit
1152 3720 1254 3776 per
1283 3720 1380 3760 eas
1407 3704 1496 3762 leo
1528 3707 1643 3779 (Job
1673 3714 1965 3783 xxvm,8).
1995 3736 2017 3763 ι

375 3792 520 3865 Quis
549 3786 705 3868 enim
736 3790 929 3865 potuit
974 3791 1098 3847 vias
1155 3792 1284 3864 ejus
1332 3796 1843 3867 comprehendere,
1893 3817 2021 3873 quae

374 3882 574 3942 abdita
602 3881 831 3940 occulta
860 3881 1229 3957 penetravit?
1261 3905 1287 3931 ‹‹
1325 3881 1507 3951 Unde,
1540 3884 1756 3958 inquit,
1786 3885 2022 3947 inventa

372 3976 464 4037 est
481 3971 791 4047 sapientia,
814 3974 917 4029 aut
936 3970 1068 4053 quis
1089 3969 1254 4027 locus
1275 3971 1599 4046 disciplinae
1623 3979 1645 4031 Ρ
1666 3975 1858 4034 Nescit
1872 3996 2022 4036 mor-

369 4061 507 4133 talis
536 4062 711 4118 homo
740 4061 892 4117 viam
923 4061 1072 4131 ejus,
1105 4077 1210 4117 nec
1233 4060 1465 4118 inventa
1486 4067 1576 4119 est
1600 4064 1659 4119 in
1680 4063 2020 4124 hominibus

367 4151 638 4226 Abyssus
692 4149 879 4207 dixit:
933 4150 1059 4207 Non
1110 4155 1199 4207 est
1230 4151 1287 4206 in
1336 4167 1465 4207 me:
1500 4159 1559 4208 et
1616 4170 1776 4211 mare
1831 4155 2015 4212 dixit:

368 4239 495 4315 Non
522 4244 616 4299 est
647 4256 877 4297 mecum
908 4239 1067 4310 (Ibid.
1105 4241 1171 4294 12
1199 4240 1305 4311 14).
1345 4264 1365 4291 ι
1398 4241 1523 4297 Non
1559 4242 1659 4298 tibi
1684 4241 1819 4300 licet
1847 4244 2015 4315 scire,

368 4347 403 4387 o
432 4328 630 4398 homo,
662 4327 782 4387 alta
823 4328 1145 4403 sapientia,
1196 4329 1324 4386 ideo
1382 4329 1486 4384 tibi
1544 4331 1829 4404 scriptum
1885 4339 2012 4391 est:

368 4442 396 4469 ‹‹
427 4416 553 4474 Noli
583 4416 768 4475 altum
799 4434 1023 4490 sapere,
1056 4417 1157 4472 sed
1190 4418 1329 4473 time
1360 4418 1531 4487 (Rom.
1564 4438 1645 4487 x1,
1676 4423 1787 4493 20).
1817 4446 1837 4472 ιο
1866 4423 2013 4487 Quid

367 4506 599 4565 curiose
626 4506 791 4580 cupis
825 4505 1173 4583 investigare
1202 4507 1356 4577 quod
1392 4507 1495 4561 tibi
1521 4524 1633 4564 non
1656 4510 1885 4582 expedit
1906 4512 2017 4568 sci-

2136 3368 2262 3418 sen,
2295 3351 2551 3409 turbavit
2578 3356 2634 3407 et
2653 3351 2909 3407 Petrum.
2933 3348 3160 3424 Moyses
3182 3366 3285 3424 per
3306 3367 3467 3407 mare
3487 3353 3784 3419 transivit,

2132 3444 2189 3496 et
2218 3457 2321 3513 per
2349 3456 2508 3495 mare
2533 3441 2786 3512 peditem
2819 3439 2985 3495 duxit
3014 3438 3327 3495 exercitum
3355 3457 3368 3495 :
3410 3440 3514 3496 sed
3536 3445 3679 3497 ante
3728 3446 3789 3498 et

2131 3528 2258 3601 ipse
2288 3530 2557 3585 turbatus
2587 3533 2697 3584 est.
2728 3528 2929 3584 Petrus
2959 3543 3139 3600 super
3165 3543 3348 3600 aquas
3369 3527 3616 3583 calcavit
3644 3529 3787 3585 :sed

2133 3635 2362 3675 mersus
2394 3618 2581 3674 fuerat
2612 3633 2871 3690 corpore,
2900 3616 3039 3689 quia
3062 3616 3406 3673 inﬁrmioris
3435 3617 3572 3673 fidei
3602 3619 3788 3675 vesti-

2130 3707 2224 3780 gio
2254 3706 2616 3763 claudicavit.
2652 3708 2799 3779 Ergo
2826 3705 2945 3761 noli
2976 3705 3339 3778 Sapientiam
3372 3706 3431 3761 in
3455 3706 3606 3762 mari
3631 3722 3790 3780 qua:-

2131 3813 2292 3853 rere:
2326 3797 2473 3854 637
2520 3796 2658 3868 quia
2688 3812 2801 3851 non
2834 3794 3142 3851 dixitcum
3193 3795 3339 3850 mari
3391 3811 3453 3851 se
3510 3795 3786 3853 futurum

2131 3887 2412 3942 Dominus
2440 3886 2635 3950 Jesus,
2668 3884 2769 3941 sed
2801 3900 2937 3940 cum
2966 3882 3251 3957 apostolis
3281 3883 3443 3954 suis;
3478 3890 3545 3940 ut
3579 3884 3790 3959 aliqua

2127 3991 2195 4031 ex
2226 3979 2390 4048 parte
2420 3991 2552 4029 eum
2584 3978 3018 4047 cognoscerent,
3052 3973 3268 4045 quibus
3298 3973 3418 4029 ait:
3452 3997 3481 4025 «
3509 3973 3786 4049 Ecceego

2126 4063 2428 4120 vobiscum
2460 4080 2592 4120 sum
2624 4080 2811 4135 usque
2840 4063 2914 4118 ad
2944 4061 3514 4119 consummationem
3574 4063 3782 4120 saeculi

2126 4152 2340 4224 (Matth.
2374 4170 2571 4224 xxvm,
2602 4153 2715 4223 20).
2751 4174 2778 4201 »
2802 4152 2960 4208 Beati
2990 4168 3125 4208 cum
3157 4151 3373 4223 quibus
3402 4156 3512 4222 est,
3545 4150 3781 4208 utinam

2124 4247 2180 4296 et
2211 4241 2517 4296 nobiscum
2549 4242 2646 4298 sit.
2679 4241 2790 4296 Sed
2848 4241 3155 4297 nobiscum
3203 4256 3365 4297 mare
3415 4246 3528 4307 est,
3560 4240 3778 4297 Petrus

2124 4346 2258 4385 cum
2289 4329 2538 4398 Christo,
2572 4330 2710 4403 quia
2736 4333 2793 4384 et
2820 4328 2945 4402 ipse
2974 4328 3217 4385 calcavit
3247 4344 3428 4385 mare.
3463 4330 3651 4387 Nobis
3678 4348 3782 4386 au-

2122 4436 2255 4474 rum
2287 4418 2442 4474 cordi
2477 4422 2652 4491 atque
2699 4422 3004 4491 argentum
3054 4423 3185 4473 est:
3237 4417 3527 4490 sapientia
3573 4423 3779 4475 autem

2122 4525 2301 4579 supra
2330 4524 2564 4575 aurum,
2588 4524 2704 4563 non
2728 4507 2785 4562 in
2818 4524 2960 4562 auro
2990 4513 3099 4563 est.
3127 4508 3259 4563 ideo
3281 4508 3381 4579 qui
3404 4508 3778 4581 Sapientiam

367 4611 451 4663 re,
474 4610 579 4651 nec
612 4610 960 4688 cognoscere
990 4593 1214 4651 datur?
1265 4593 1481 4652 Paulus
1538 4598 1763 4688 audivit
1816 4599 2015 4673 aliqua
2043 4622 2090 4688 D
2121 4596 2335 4652 habere
2364 4596 2670 4669 cupiebat:
2717 4598 3058 4670 Argentum,
3112 4596 3215 4662 ait,
3267 4600 3325 4652 et
3376 4612 3603 4653 ‘aurum
3657 4613 3778 4652 non

364 4684 588 4741 secreta
619 4682 935 4756 sapientiae,
968 4700 1094 4756 quae
1127 4683 1455 4755 prohibitus
1488 4688 1576 4740 est
1604 4670 1736 4744 aliis
1775 4670 2008 4745 intima-

364 4789 463 4843 re;
496 4774 555 4830 et
582 4771 710 4829 ideo
740 4776 943 4847 raptus
974 4776 1063 4827 est
1092 4772 1152 4827 in
1184 4771 1534 4847 paridisum,
1572 4780 1775 4848 raptus
1823 4795 2010 4851 usque

361 4862 437 4921 ad
467 4861 704 4920 tertium
735 4859 969 4932 ccelum,
1002 4865 1068 4917 ut
1100 4860 1327 4917 audiret
1373 4878 1441 4919 ea
1489 4881 1614 4937 quae
1663 4867 1890 4938 positus
1946 4867 2007 4923 in

358 4951 531 5009 terris
551 4950 755 5009 audire
784 4968 898 5007 non
934 4954 1161 5024 poterat
1189 4949 1262 5021 (II
1290 4950 1409 5006 Cor.
1442 4970 1543 5017 xu,
1574 4955 1630 5009 3.
1669 4955 1723 5027 4)
1771 4955 1828 5011 Si
1880 4974 2005 5030 quae.

356 5039 583 5100 audivit
611 5040 810 5109 homo,
843 5057 956 5096 non
987 5039 1155 5096 licuit
1180 5039 1232 5096 ei
1262 5039 1444 5112 loqui,
1507 5044 2002 5114 quemadmodum

350 5131 515 5204 quod
544 5146 665 5187 non
684 5129 938 5195 audivit,
969 5129 1262 5201 inquirit?
1294 5129 1669 5201 Imperatoris
1718 5133 1893 5204 hujus
1945 5134 2001 5191 in

352 5219 526 5277 terris
548 5234 663 5276 non
688 5218 824 5276 licet
842 5217 948 5276 tibi
970 5219 1122 5275 scire
1141 5217 1408 5290 consilia,
1431 5224 1488 5275 et
1506 5220 1593 5275 vis
1615 5222 1765 5278 scire
1785 5222 1997 5280 divina:

420 5414 538 5486 (9i)
567 5413 691 5491 Ve_t.
719 5415 859 5472 edit.
894 5432 1207 5491 oumumss.
1239 5413 1483 5491 aliquot,
1516 5418 1575 5473 in
1594 5422 1860 5491 sanguine
1877 5438 1997 5477 car-

350 5485 946 5562 ygsmeax,_Rom:cum
958 5486 1173 5554 aliis,in
1186 5485 1457 5562 sanguine
1474 5490 1659 5562 comis
1677 5485 1854 5562 mead
1864 5497 2001 5550 uxta

351 5556 483 5610 Vat.
544 5548 670 5611 cod.
719 5548 858 5613 LXX
898 5548 1314 5631 interpretem;
1354 5560 1453 5617 ubi
1503 5560 1684 5621 habes
1737 5548 2001 5639 αφ”ἒιϊμαέι

349 5637 439 5691 της
468 5623 644 5691 σαρκός
674 5640 766 5689 μου

2120 4685 2342 4755 hebeo;
2377 4686 2478 4741 sed
2511 4685 2666 4757 quod
2699 4684 2904 4753 habeo,
2939 4685 3011 4741 do
3041 4684 3180 4740 tibi:
3214 4685 3275 4740 in
3331 4684 3577 4741 nomine
3630 4685 3779 4742 Jesu

2118 4774 2334 4830 Christi
2365 4775 2647 4830 Nazareni
2704 4790 2877 4847 surge
2931 4777 2990 4830 et
3045 4772 3283 4830 ambula
3332 4775 3471 4842 (Act.
3508 4792 3597 4842 ιιι,
3627 4776 3706 4846 6.)
3742 4798 3775 4822 ιι

2117 4864 2265 4931 Quia
2293 4881 2502 4920 aurum
2536 4862 2954 4934 non-habebat,
2982 4863 3042 4919 in
3074 4862 3309 4919 nomine
3336 4862 3554 4919 Christi
3589 4862 3777 4920 babe-

2115 4953 2215 5008 bat
2246 4952 2349 5025 pia:
2380 4951 2736 5025 operationis
2766 4952 3038 5024 gratiam.
3072 4952 3205 5008 Ideo
3253 4957 3310 5008 et
3361 4952 3469 5008 tibi
3513 4951 3767 5008 dicitur:

2117 5065 2144 5094 ‹‹
2165 5043 2235 5097 Et
2262 5041 2429 5097 trahe
2458 5040 2814 5113 Sapientiam
2846 5040 2902 5094 in
2935 5040 3212 5096 interiora
3242 5041 3359 5113 (Job
3389 5043 3762 5110 xann,18):a

2112 5137 2168 5189 et
2200 5132 2388 5187 intra:
2423 5153 2450 5182 ‹‹
2488 5129 2705 5197 Latuit,
2738 5128 2950 5202 inquit,
2986 5146 3222 5185 omnem
3254 5128 3580 5199 hominem,
3625 5134 3681 5186 et
3727 5145 3768 5184 ι

2110 5220 2445 5278 volatilibus
2475 5217 2605 5275 cceli
2624 5218 2968 5275 abscondita
2986 5223 3078 5276 est
3097 5218 3413 5292 (Ibid.2l).-
3438 5220 3556 5277 Nec
3574 5216 3769 5276 homi-

2179 5418 2293 5490 (92)
2326 5416 2455 5472 Edit
2482 5419 2600 5490 ant.
2634 5417 2699 5490 et
2707 5414 2900 5490 cuncti
2933 5432 3099 5490 mss.,
3131 5419 3489 5490 transieram
3518 5416 3764 5490 ῐηίωῃο-

2106 5485 2208 5572 re;
2239 5485 2485 5572 excepto.
2506 5485 2889 5572 solo‘Colbip
2919 5503 3034 5559 quo
3056 5486 3761 5572 legi‘tur,_trans.ieruati93-

2105 5557 2322 5618 honori.
2377 5557 2490 5615 Sed
2548 5558 2760 5615 melius
2828 5557 2993 5615 Rom.
3061 5557 3200 5631 edit,
3254 5557 3628 5631 transierunt
3680 5558 3758 5614 ἔτι

2105 5633 2333 5718 horrore
2359 5631 2506 5690 Nam
2537 5633 2744 5715 praeter
2772 5644 2949 5703 quam
2980 5631 3133 5716 quod
3169 5630 3333 5687 nullo
3369 5634 3592 5706 negotio
3600 5643 3760 5760 at

2107 5721 2334 5760 mmum
2364 5722 2394 5760 r
2426 5707 2612 5760 notuit
2641 5701 2961 5760 coalescere
3007 5720 3067 5760 ιη
3111 5720 3149 5760 η
3201 5702 3343 5760 LXX
3408 5707 3595 5760 Intern

2107 5706 2334 5764 minum
2364 5722 2394 5763 r
2422 5701 2612 5778 potuit
2641 5701 2961 5762 coalescere
2998 5701 3067 5763 in
3111 5720 3149 5763 γι
3201 5702 3343 5764 LXX
3408 5701 3595 5780 luterp
