3866 6212
428 355 540 451 at

1863 389 1929 455 Β.
1977 384 2348 456 AMBROSII

3698 389 3793 456 852

433 522 505 581 ab
535 520 666 582 aliis
690 522 924 595 excitari
959 502 1105 598 :iqui
1137 528 1341 598 sponte
1380 524 1745 599 properabat,
1796 542 2070 597 egressus
2100 526 2153 592 Α
2185 524 2332 581 tales
2360 521 2473 582 sibi
2503 540 2702 581 cervos
2732 523 2954 582 Domini
2985 541 3093 582 vox
3122 527 3495 600 praepararet,
3521 524 3593 582 de
3614 525 3797 598 quibus

432 613 504 670 de
532 612 790 670 thalamo
820 613 1145 670 exsultabat
1162 619 1223 670 ut
1246 615 1410 688 gigas
1435 616 1501 669 ad
1529 618 1871 669 curromlam
1898 615 2070 670 viam.

431 702 589 769 Vidit
618 704 770 759 639
799 719 932 758 eum
960 720 1194 775 sponsa,
1229 710 1287 759 et
1319 722 1513 759 vocem
1550 705 1832 759 venientis
1855 706 2076 759 audivit

431 790 741 862 subitoque
773 808 1052 847 conversa
1077 793 1158 846 ait
1190 812 1202 848 :
1237 816 1263 841 ‹‹
1296 793 1440 848 Ecce
1472 793 1563 848 hic
1596 793 1829 849 advenit
1860 792 2076 849 saliens

429 896 609 953 super
654 884 903 948 montes,
950 880 1289 937 transiliens
1338 898 1515 954 super
1561 881 1738 938 colles
1771 883 1960 953 (Cant.
2014 900 2076 949 ιι,

429 967 521 1037 8);
560 990 587 1018 ››
617 970 871 1041 majores
903 970 1059 1026 enim
1091 969 1248 1039 salit,
1282 971 1538 1026 minores
1571 970 1846 1037 transilit,
1879 987 1951 1026 ne
1972 971 2077 1042 pia:

431 1057 826 1113 festinationis
857 1058 1277 1131 impedimenta
1308 1060 1589 1132 patiatur.
1623 1084 1651 1111 ‹‹
1703 1060 1928 1116 Similis
1969 1063 2075 1126 est,

435 1145 646 1219 inquit,
725 1147 1113 1203 consobrinus
1184 1166 1353 1204 meus
1409 1148 1707 1219 capreolte,
1778 1154 1880 1203 aut
1942 1148 2077 1203 hin-

436 1235 924 1299 nulocervorum
976 1253 1153 1309 super
1202 1240 1431 1293 montes
1482 1237 1677 1293 Bethel
1727 1238 1882 1309 (Ibid.
1932 1238 2008 1309 9).
2050 1259 2079 1285 »

436 1325 632 1381 Bonus
664 1341 887 1390 cervus,
921 1326 1090 1396 cujus
1121 1343 1290 1380 mons
1319 1330 1407 1380 est
1437 1326 1645 1380 domus
1677 1325 1798 1392 Dei,
1820 1325 1877 1379 in
1903 1342 2080 1398 quam

435 1416 597 1477 tanta
626 1412 917 1468 celeritate
946 1415 1233 1479 currebat,
1257 1418 1321 1468 ut
1353 1430 1580 1486 sponsae
1613 1418 1747 1468 vota
1776 1417 1833 1469 et
1863 1413 2083 1468 deside-

434 1502 533 1558 ria
552 1501 1178 1575 prmveniretﬂcnique
1211 1519 1383 1575 quem
1415 1502 1485 1557 de
1516 1501 1836 1575 longinquo
1858 1501 2085 1557 venien-

437 1596 554 1646 tem
585 1591 829 1658 viderat,
861 1596 1094 1664 repente
1126 1592 1238 1647 sibi
1272 1592 1475 1647 adesse
1505 1592 1801 1665 cognovit;
1837 1592 1991 1646 unde
2028 1595 2086 1646 et

440 1681 523 1737 ait
552 1697 615 1737 ;‹‹
652 1681 792 1735 Ecce
823 1680 918 1736 hic
949 1684 1082 1754 post
1111 1680 1392 1754 parietem
1425 1680 2085 1752 nostrum,prospiciens

439 1786 544 1843 per
572 1768 877 1838 fenestras,
911 1770 1177 1825 eminens
1202 1785 1305 1842 per
1335 1770 1497 1825 retia.
1532 1768 1857 1841 Respondit
1886 1786 2086 1825 conso-

440 1857 649 1914 brinus
698 1874 888 1926 meus,
922 1863 979 1914 et
1028 1858 1174 1914 dixit
1216 1859 1359 1914 mihi
1397 1877 1409 1915 :
1442 1860 1719 1932 Exsurge,
1754 1858 1904 1923 veni,
1947 1875 2083 1930 pro-
2114 1901 2162 1965 Β

439 1946 599 2003 xima
631 1964 779 2015 mea,
815 1948 1069 2003 formosa
1099 1965 1248 2015 mea,
1279 1947 1551 2003 columba
1576 1964 1742 2015 mea;
1779 1946 1917 2019 quia
1954 1963 2086 2002 ecce

441 2035 634 2092 hiems
682 2036 976 2108 praeteriit,
1011 2036 1199 2092 imber
1247 2036 1425 2105 abiit;
1457 2035 1728 2091 discessit
1774 2035 1881 2103 sol,
1916 2036 2088 2092 flores

440 2123 550 2181 visi
601 2128 740 2180 sunt
770 2125 828 2179 in
862 2130 1019 2181 terra
1047 2125 1205 2193 (Ibid.
1254 2124 1431 2193 9-H).
1470 2148 1496 2172 »
1535 2125 1731 2180 Hiems
1784 2125 2091 2197 Synagoga

446 2215 581 2277 est:
614 2213 802 2268 imber
831 2212 1084 2286 populus
1129 2212 1488 2279 Judazorum,
1523 2211 1622 2284 qui
1670 2211 1852 2268 solem
1896 2212 2090 2267 videre

450 2318 564 2357 non
598 2302 787 2374 potuit
821 2320 833 2358 :
869 2304 1041 2358 flores
1072 2301 1318 2374 apostoli
1342 2303 1573 2357 sunt.Et
1595 2300 2091 2357 addidithessis

449 2391 753 2449 incisionis
804 2392 1057 2459 advenit,
1106 2407 1213 2446 vox
1268 2390 1516 2446 turturis
1575 2390 1773 2445 audita
1821 2391 1881 2444 in
1937 2395 2094 2445 terra

450 2484 651 2536 nostra
681 2481 837 2553 (Ibid.
874 2482 983 2549 12).
1016 2502 1045 2531 »
1081 2480 1290 2535 Messis
1320 2478 1420 2535 illa
1462 2479 1730 2535 Ecclesia:
1773 2479 1917 2533 fides
1966 2484 2090 2546 est;

446 2585 554 2625 vox
586 2570 831 2626 turturis
862 2568 1145 2642 pudicitia
1174 2571 1263 2624 est
1284 2568 1415 2639 (95).

521 2660 573 2713 4.
606 2658 722 2713 Nec
751 2657 845 2714 his
874 2657 1036 2724 solis,
1089 2656 1188 2712 sed
1241 2656 1415 2711 etiam
1448 2655 1598 2712 cervi
1640 2655 2091 2711 similitudinem

449 2745 697 2818 suscipit
725 2745 1168 2817 Christus,quia
1186 2745 1425 2801 veniens
1458 2744 1517 2799 in
1550 2749 1735 2801 terras
1768 2749 2093 2817 serpentem

448 2833 617 2889 illum
648 2832 948 2889 diabolum
982 2833 1108 2888 sine
1139 2832 1259 2887 ulla
1301 2832 1388 2887 sui
1435 2832 1753 2888 offensione
1802 2831 2094 2904 protrivit,

452 2922 545 2979 cui
576 2920 915 2977 calcancum
947 2937 1122 2976 suum
1155 2920 1385 2986 obtulit,
1419 2921 1519 2976 sed
1551 2922 1678 2991 ejus
1708 2937 1931 2976 venena
1977 2937 2093 2976 non

452 3010 654 3067 sensit.
688 3010 852 3066 Unde
881 3009 1102 3065 dictum
1156 3013 1245 3065 est
1284 3009 1335 3065 ei
1368 3028 1380 3065 :
1417 3032 1445 3059 «
1493 3010 1684 3081 Super
1730 3008 1992 3080 aspidem
2041 3014 2098 3065 et

453 3099 795 3157 basiliseum
830 3097 1164 3176 ambulabis
1197 3098 1368 3169 (Psal.
1402 3115 1492 3165 xc,
1530 3099 1635 3170 13).
1670 3119 1697 3147 ››
1733 3098 1931 3153 Simus
1961 3115 2097 3171 ergo

381 3246 388 3253 ,
456 3192 513 3246 et
543 3205 649 3244 nos
680 3188 852 3257 cervi,
879 3192 944 3243 ut
992 3204 1168 3259 super
1214 3192 1511 3260 serpentes
1560 3187 1862 3243 ambulare
1910 3188 2095 3259 possi-

2184 615 2264 668 ait
2297 632 2309 669 ε
2348 635 2374 663 ‹‹
2412 616 2467 669 In
2517 612 2751 669 nomine
2797 632 2925 671 meo
2975 615 3261 671 dmmonia‘
3306 614 3566 687 ejicient,
3616 613 3800 686 linguis

2185 703 2501 775 loquentur
2532 703 3023 776 novis,serpentes
3053 704 3280 771 tollent,
3302 708 3360 761 et
3388 703 3440 760 si
3472 702 3806 760 mortiferum

2187 791 2326 864 quid
2360 792 2632 863 biberint,
2668 810 2781 848 non
2815 794 2901 849 eis
2940 793 3171 849 nocebit
3201 795 3386 865 (Marc.
3422 810 3540 861 xvr,
3572 793 3807 865 17-18).ι›

2185 879 2491 937 Tollebant
2520 881 2677 936 enim
2710 886 3173 955 serpentes,cum
3202 883 3414 955 spiritu
3448 882 3567 937 oris
3594 882 3678 937 sui
3702 900 3814 938 san-

2187 971 2260 1025 cti
2294 970 2540 1042 apostoli
2562 972 2630 1026 de
2653 970 2892 1027 latebris
2915 988 3225 1045 corporum
3257 976 3531 1027 eruerent
3550 970 3815 1042 nequitias

2190 1058 2547 1131 spirituales,
2575 1076 2678 1115 nec
2708 1077 2930 1116 venena
2958 1060 3258 1116 mortifera
3289 1059 3637 1116 sentiebant.
3663 1060 3815 1115 Deni-

2191 1164 2303 1219 que
2334 1164 2468 1202 cum
2500 1148 2776 1204 exsiliens
2798 1149 2868 1204 de
2900 1150 3213 1205 sarmentis
3236 1148 3485 1205 Paulum
3506 1150 3820 1221 viperamo-

2191 1236 2525 1302 mordisset,
2576 1237 2837 1293 videntes
2897 1237 3135 1293 Barbari
3187 1238 3537 1311 pendentem
3581 1238 3819 1309 viperam
3864 1278 3866 1289 .

2191 1325 2261 1381 de
2293 1343 2467 1380 manu
2504 1326 2946 1397 ejus,pulabant
2975 1331 3213 1399 repente
3242 1327 3616 1383 moriturum.
3641 1329 3709 1381 At
3735 1325 3821 1379 ille

2189 1416 2382 1469 stabat
2412 1413 2758 1486 intrepidus,
2794 1431 2897 1470 nec
2927 1414 3165 1470 vulnere
3197 1415 3557 1481 movebatur,
3589 1431 3691 1470 nec
3741 1430 3822 1469 ve-

2193 1519 2342 1558 neno
2374 1503 2810 1557 infundebatur.
2846 1502 3008 1558 Unde
3049 1504 3312 1559 videntes
3361 1518 3499 1558 eum
3547 1520 3661 1559 non
3713 1508 3822 1558 lan-
3864 1514 3866 1569 |

2193 1607 2371 1662 quam
2398 1591 2653 1647 hominis
2671 1591 2999 1647 conditione
3019 1591 3417 1663 genitum,sed
3441 1597 3717 1663 tanquam
3742 1594 3827 1646 Dei

2193 1679 2377 1751 gratia
2408 1679 2651 1748 editum,
2685 1697 2865 1752 supra
2913 1680 3181 1736 homines
3212 1696 3340 1736 esse
3382 1680 3826 1736 arbitrabantur.

2195 1768 2339 1823 Vide
2371 1784 2605 1823 cervum
2637 1769 2867 1841 viperas
2897 1769 2970 1824 de
3000 1768 3239 1825 latebris
3285 1774 3587 1824 eruentem
3633 1769 3830 1841 spiritu

2194 1858 2349 1913 640
2379 1856 2572 1912 divino
2626 1857 2725 1929 qui
2777 1862 2903 1913 erat
2950 1858 3007 1912 in
3058 1857 3298 1913 naribus
3332 1858 3486 1929 ejus,
3516 1857 3673 1913 sicut
3700 1858 3834 1912 dixit

2192 1946 2301 2002 Job
2334 1946 2479 2013 (Job.
2531 1961 2708 2010 xxvn,
2739 1947 2817 2017 3).
2849 1948 3194 2013 Conversus,
3245 1945 3460 2018 inquit,
3514 1945 3735 2002 Paulus
3785 1932 3866 2001 inl

2196 2033 2427 2107 spiritu,
2462 2040 2519 2090 et
2550 2034 2869 2105 respiciens
2898 2051 3032 2090 cum
3065 2034 3267 2090 dolore
3298 2035 3383 2090 ait
3414 2035 3482 2091 ad
3515 2034 3835 2091 Pithonem:

2200 2145 2226 2173 α
2260 2123 2531 2196 Prmeipio
2560 2123 2661 2178 tibi
2694 2124 2753 2179 in
2786 2124 3021 2179 nomine
3054 2124 3283 2179 Domini
3311 2123 3497 2180 nostri
3516 2124 3669 2179 ‘Jesn
3690 2124 3839 2180 Chri-

2197 2212 2273 2269 sti
2328 2213 2605 2267 continuo
2653 2212 2806 2269 exire
2855 2213 2929 2269 ab
2976 2229 3062 2269 ea.
3118 2213 3181 2268 Et
3232 2212 3405 2268 exivit
3450 2212 3658 2269 eadem
3706 2212 3840 2270 hora

2198 2301 2331 2371 (Art.
2365 2318 2478 2368 xvx,
2516 2301 2624 2371 18).
2661 2323 2688 2351 ››
2714 2300 2857 2356 Vide
2881 2317 3117 2357 cervum
3151 2302 3387 2373 quando
3416 2302 3580 2356 venit
3601 2302 3673 2357 ad
3710 2302 3838 2373 bap-

2198 2388 2463 2454 tismum,
2496 2394 2553 2444 et
2582 2389 2728 2445 sacri
2760 2389 2939 2445 fontis
2969 2388 3205 2445 ablutus
3238 2390 3481 2462 irriguo,
3506 2390 3710 2446 omnia
3731 2408 3843 2462 per-

2200 2478 2516 2534 secutionis
2545 2495 2766 2534 venena
2814 2479 3018 2549 rejicit.
3054 2478 3196 2534 Vide
3245 2495 3481 2534 cervum
3531 2478 3866 2541 Dominum;

2199 2567 2428 2635 Jesum,
2461 2568 2697 2638 quando
2725 2568 2885 2623 venit
2905 2568 2978 2623 ad
3000 2567 3285 2623 Joannem
3318 2567 3743 2639 Baptistam,et
3768 2568 3866 2623 di-i

2202 2654 2354 2711 centi
2384 2655 2496 2711 sibi
2524 2656 2732 2711 Joanni
2769 2672 2782 2711 :
2822 2677 2850 2706 «
2880 2656 2999 2728 Ego
3031 2672 3065 2711 a
3090 2659 3145 2711 te
3175 2655 3359 2711 debeo
3390 2655 3765 2728 baptizari,et
3792 2661 3843 2711 tu

2200 2744 2361 2799 venis
2390 2745 2462 2800 ad
2495 2761 2607 2811 me,
2643 2768 2670 2795 ››
2705 2744 3027 2817 respondit,
3059 2766 3086 2793 «
3123 2744 3260 2800 Sine
3292 2743 3466 2799 modo
3509 2744 3721 2814 (Matth.
3772 2763 3843 2805 ιιι,

2206 2834 2291 2899 14,
2323 2837 2379 2888 et
2414 2834 2519 2905 15).
2554 2855 2581 2883 »
2616 2834 2683 2888 Et
2711 2832 2820 2889 hoc
2852 2833 3109 2900 dicto,in
3141 2849 3327 2905 aquas
3357 2832 3618 2889 salutem
3649 2834 3866 2890 sitiens.

2203 2921 2519 2994 publicam,
2554 2925 2673 2977 tota
2703 2921 2978 2978 aviditate
3025 2921 3348 2978 descendit.
3385 2922 3494 2977 Sed
3532 2922 3665 2993 jam
3716 2924 3847 2979 satis

2204 3010 2371 3066 nobis
2399 3010 2457 3065 in
2486 3011 2721 3067 exordio
2769 3014 3075 3078 tractatus,
3100 3011 3252 3066 sicut
3280 3008 3341 3065 in
3372 3009 3667 3083 principio
3697 3010 3847 3077 anni,

2204 3116 2365 3155 more
2397 3099 2551 3173 vulgi
2584 3098 3129 3171 cervus(96)allnsit.
3165 3099 3489 3172 Pergamus
3521 3100 3598 3154 ad
3630 3105 3848 3156 cetera.

2854 3188 3091 3245 CAPUT
3134 3190 3203 3243 Il.

459 3294 614 3334 mus.
658 3276 892 3334 Erimus
942 3276 1114 3341 cervi,
1148 3276 1197 3331 si
1244 3259 1441 3332 vocem
1492 3276 1706 3331 Christi
1757 3292 2093 3348 sequamur,
2129 3267 2170 3333 C
2210 3259 2382 3348 θηξιή
2411 3259 2801 3348 (ζειξξειεναυενίε
2836 3261 3004 3348 Οιξτζὶά
3034 3276 3105 3348 fx
3133 3259 3234 3344 hac
3260 3261 3379 3348 yila
3406 3259 3733 3348 innumeris
3770 3278 3855 3315 ca-

463 3383 590 3439 que:
622 3371 907 3439 praeparat
936 3382 1156 3428 cervos,
1189 3370 1245 3419 et
1273 3366 1412 3421 facit
1458 3381 1691 3421 morsus
1745 3365 2103 3437 serpentium

466 3472 581 3511 non
613 3456 818 3510 timere
844 3472 856 3510 :
884 3472 949 3510 ac
981 3455 1028 3510 si
1062 3454 1162 3528 qui
1194 3454 1338 3510 forte
1368 3455 1584 3509 fuerint
1603 3453 2105 3528 vulnerati,aufert

465 3559 667 3603 eorum
717 3543 997 3610 dolorem,
1030 3544 1307 3599 solvendo
1355 3543 1656 3599 delictum.
1692 3544 1770 3597 De
1799 3542 1889 3598 his
1919 3543 2102 3599 cervis

462 3633 606 3689 dicit
642 3632 928 3689 Dominus
958 3634 1029 3687 ad
1057 3633 1169 3687 Job
1201 3649 1212 3687 :
1253 3654 1279 3682 «
1310 3632 1638 3688 Observasti
1672 3637 1874 3703 partus
1904 3648 2096 3687 cervo-

463 3740 593 3778 rum
621 3740 633 3778 :
659 3721 979 3778 numerasti
1013 3726 1207 3776 autem
1241 3737 1471 3776 menses
1501 3738 1723 3785 eorum,
1749 3720 1949 3792 plenos
1973 3738 2099 3793 par-

452 3811 591 3868 tus?
647 3811 855 3876 Partus
904 3813 1099 3866 autem
1151 3825 1352 3866 eorum
1402 3808 1624 3865 solvisti
1680 3808 1767 3865 vel
1824 3809 2094 3866 enutristi

443 3900 596 3957 filios
640 3916 864 3967 eorum,
899 3904 964 3955 ut
1010 3916 1125 3953 non
1173 3898 1420 3954 timeant
1449 3900 1583 3970 (Job.
1618 3916 1815 3965 χχχιχ,
1855 3900 1905 3963 1,
1937 3900 2011 3970 2).
2067 3924 2086 3949 ι.

435 3990 585 4047 Αυάὶ
618 3988 911 4061 quomodo
946 4004 1059 4043 non
1092 3988 1336 4044 timeant
1366 3986 1467 4043 filii
1510 4004 1810 4042 cervorum
1857 3982 2086 4042 talium.

436 4079 649 4135 Doceat
678 4081 735 4132 te
770 4078 948 4133 Isaias
980 4077 1179 4132 dicens
1214 4095 1226 4132 :
1254 4100 1279 4125 α
1310 4076 1376 4132 Et
1406 4092 1550 4148 puer
1582 4076 1864 4148 parvulus
1896 4077 2091 4132 mittet

434 4183 679 4224 manum
713 4167 772 4221 in
805 4182 1112 4222 cavernam
1143 4165 1504 4238 aspidum,et
1525 4164 1607 4219 illi
1639 4182 1753 4220 non
1789 4166 2083 4221 nocebunt

434 4258 563 4330 (lsa.
594 4273 674 4322 χι,
706 4258 780 4328 8).
836 4278 861 4304 ››
893 4256 962 4310 Et
1010 4260 1075 4310 ut
1117 4270 1401 4327 agnoscas
1433 4254 1587 4325 quod
1619 4254 1888 4309 Ecclesiae
1930 4254 2083 4312 ﬁlios

433 4345 765 4418 signiﬁcem
794 4344 1043 4409 videtur,
1077 4343 1301 4398 addidit
1328 4360 1341 4397 :
1364 4366 1391 4391 «
1426 4343 1629 4399 Partus
1660 4346 1852 4398 autem
1878 4360 2079 4401 eorum

433 4432 1035 4505 emittes,dirumpent
1065 4430 1168 4486 filii
1202 4435 1497 4497 eorum,et
1527 4429 2081 4502 multiplicabuntur

433 4522 492 4576 in
533 4520 926 4593 generatione,
956 4519 1199 4575 exibunt
1245 4523 1302 4575 et
1352 4537 1467 4575 non
1514 4523 1877 4574 revertentur
1926 4526 2077 4577 retro

2284 3331 2712 3396 lamitatibus,ac
2735 3346 2821 3402 per
2833 3331 2969 3387 catis
2997 3332 3235 3386 obnoxia
3265 3331 3514 3395 liberari,
3539 3340 3603 3386 ut
3630 3332 3705 3386 ad
3733 3349 3855 3386 con-

2280 3406 2519 3472 spectum
2570 3403 2667 3457 Dei
2709 3405 3048 3473 perreniret!
3082 3403 3302 3458 Terram
3330 3402 3725 3473 lacrymarum
3757 3419 3866 3457 esse.

2282 3473 2477 3537 locum,
2511 3476 2561 3529 et
2592 3488 2715 3545 qua:
2744 3475 2973 3529 illarum
3001 3474 3255 3545 utilitas?
3285 3473 3558 3541 Quomodo
3583 3474 3853 3543 PrOpbri:

2279 3546 2526 3598 animum
2556 3544 2720 3616 supra
2748 3546 2931 3600 carnis
2962 3544 3311 3615 inﬁrmitates
3349 3546 3607 3616 attollens
3654 3550 3853 3599 oraria-

2278 3631 2401 3669 nem
2434 3633 2541 3687 qua
2566 3615 2781 3687 peccata
2820 3620 3100 3687 teguntur,
3132 3632 3314 3671 coram
3345 3617 3451 3671 Deo
3478 3615 3773 3687 emittant.
3808 3624 3853 3668 at

2278 3688 2339 3740 in
2366 3688 2635 3759 caelestem
2662 3689 2851 3742 aulam
2883 3689 3155 3743 introiret.
3193 3687 3449 3758 Ejusdem
3480 3689 3639 3743 nube
3665 3694 3866 3759 [inmisi

2277 3762 2579 3828 tanguntur
2605 3758 2835 3826 deliciae,
2862 3775 2989 3814 cum
3019 3776 3125 3830 qua
3153 3761 3321 3814 etiam
3350 3760 3599 3814 Ecclesia
3643 3758 3866 3831 compa:

2274 3838 2451 3884 ratur.

2271 3902 2324 3953 6.
2388 3900 2742 3972 Interpellat,
2805 3904 2870 3955 ut
2915 3899 3033 3955 dixi
3093 3902 3227 3972 (97),
3279 3900 3462 3955 David
3518 3901 3743 3957 dicens
3799 3900 3857 3955 ad

2201 3989 2513 4045 Dominum
2559 4005 2571 4043 :
2623 4014 2648 4038 ‹‹
2702 3988 2865 4045 Sicut
2920 3989 3212 4046 desiderat
3266 4006 3472 4045 cervus
3528 3990 3611 4045 ad
3675 3991 3866 4046 fontes-

2197 4094 2508 4148 aquarum,
2544 4078 2623 4135 ita
2653 4078 2947 4134 desiderat
2998 4079 3197 4134 anima
3251 4095 3384 4134 mea
3433 4079 3504 4134 ad
3560 4085 3643 4145 te,
3693 4084 3866 4153 Densi

2196 4165 2387 4221 Sitivit
2416 4166 2616 4222 anima
2638 4184 2762 4222 meo
2794 4167 2863 4223 ad
2892 4173 3068 4222 Deum
3104 4168 3324 4223 fontem
3358 4166 3557 4223 vivum
3585 4186 3601 4224 :
3626 4164 3866 4263 quantis)

2190 4255 2421 4310 veniam
2473 4260 2527 4310 et
2582 4256 2794 4328 parebo
2844 4261 2978 4312 ante
3027 4256 3233 4312 faciem
3288 4256 3383 4313 Dei
3437 4258 3623 4318 (Psal.
3660 4261 3857 4322 111.192.

2190 4344 2288 4415 3)?
2322 4368 2348 4393 ››
2380 4344 2604 4399 .Estuat
2626 4350 2998 4413 sanctus,nec
3029 4361 3157 4402 sese
3187 4344 3565 4419 capit.Major
3583 4352 3683 4402 est
3708 4348 3866 4402 enim

2189 4432 2370 4487 animi
2403 4433 3055 4507 magniticentia,quam
3089 4433 3404 4505 cujuslibet
3438 4434 3723 4508 corporis
3744 4452 3857 4490 ma-

2186 4521 2466 4593 gnitudo;
2501 4526 2565 4577 et
2585 4538 2829 4578 securus
2872 4524 3084 4591 meriti,
3119 4524 3191 4579 de
3244 4523 3416 4578 terris
3466 4524 3541 4578 ad
3598 4523 3866 4593 ccclesiis;

433 4609 569 4681 (Job.
602 4625 796 4677 χχχιχ,
828 4610 901 4676 Ii).
935 4630 963 4706 Ἴ
996 4608 1176 4706 Nemo
1219 4607 1374 4706 enim
1424 4608 1664 4706 mittens
1711 4624 1987 4706 manum“
2002 4611 2073 4706 ad
2106 4644 2153 4706 υ
2186 4609 2413 4706 evolare
2442 4610 2755 4676 desiderat,
2788 4610 2938 4668 sicut
2962 4616 3020 4668 et
3049 4604 3188 4667 alibi
3219 4612 3365 4668 dicit
3395 4628 3408 4666 :
3445 4635 3473 4661 ‹‹
3507 4611 3666 4678 Quis
3701 4613 3840 4668 dubi

429 4701 716 4763 aratrum,
749 4700 805 4752 et
835 4696 1124 4769 aspiciens
1157 4701 1329 4766 retro,
1361 4695 1575 4752 habilis
1610 4704 1697 4752 est
1726 4713 1906 4769 regno
1951 4698 2072 4753 Dei.

496 4787 533 4843 5
581 4785 785 4843 Merito
832 4802 969 4858 ergo
1017 4801 1222 4841 cervus
1270 4786 1456 4841 factus
1504 4790 1595 4841 est
1641 4786 1961 4855 Dominus;
2010 4791 2075 4842 ut

494 4904 608 4976 (95)
641 4902 807 4959 Rom.
842 4900 981 4958 edit.
1017 4908 1148 4974 post
1177 4900 1326 4957 hanc
1354 4918 1553 4957 vocem
1585 4901 1825 4974 adjicit:

492 4992 748 5049 Psalmus
770 4991 1219 5063 quadragesimus
1219 4992 1458 5115 (primus
1472 5032 1484 5046 .

492 5064 644 5115 Sicut
673 5063 940 5115 desiderat
968 5078 1155 5115 cervus
1183 5078 1218 5115 τι
1283 5064 1454 5115 fontes

492 5064 644 5121 Sicut
673 5062 940 5120 desiderat
968 5078 1155 5118 cervus
1183 5062 1253 5116 ad
1280 5064 1454 5133 fontes
1485 5077 1774 5134 aquarum,
1810 5063 1889 5116 ita
1925 5062 2072 5118 desi-

419 5137 578 5193 derat
603 5137 792 5191 anima
821 5152 945 5190 mea
974 5134 1044 5188 ad
1072 5136 1141 5199 te,
1176 5134 1334 5187 Deus.

493 5224 651 5281 Cervi
678 5223 1105 5279 similitudinem
1136 5223 1365 5294 suscipit
1393 5222 1561 5277 etiam
1614 5222 1881 5277 Christus.
1918 5222 2069 5294 Aliae

420 5302 598 5369 atque
640 5313 785 5369 mss.
820 5300 885 5349 ut
931 5294 1001 5369 in
1043 5297 1223 5369 textu,
1257 5293 1368 5369 nisi
1421 5294 1574 5365 quod
1624 5294 1761 5349 edit.
1804 5293 2067 5369 vocibus,

420 5363 519 5423 nec
548 5366 647 5422 hoc
671 5367 822 5430 solis,
855 5363 1453 5431 subdunt,contenlus,
1474 5386 1493 5419 :
1526 5382 1651 5435 quae
1682 5382 1789 5419 vox
1810 5363 1920 5419 hoc
1942 5363 2065 5420 loco

420 5453 850 5508 supervacanea
879 5439 999 5508 est,
1020 5452 1151 5508 cum
1185 5438 1358 5491 verba
1389 5452 1484 5490 nec
1512 5436 1613 5508 his,
1634 5437 1763 5491 solis
1812 5435 2063 5491 referan-

420 5506 517 5561 tur
548 5508 618 5561 ad
650 5506 953 5578 superiora
981 5506 1292 5578 Scripturae
1323 5507 1659 5563 testimonia
1682 5507 1899 5578 quibus
1928 5523 2062 5563 cum

422 5592 591 5630 cervo
647 5575 740 5631 vel
794 5576 926 5632 aliis
984 5575 1383 5632 animantibus
1440 5575 1714 5634 Christus
1761 5594 2061 5649 compara-

421 5650 542 5701 tur.

498 5714 610 5791 (91.5)
658 5714 1185 5791 §_ubscriberen1us
1235 5715 1483 5791 libenter
1531 5718 1768 5791 doctiss.
1798 5717 2059 5791 _Cangio,

428 5782 531 5854 qui
561 5781 621 5838 in
653 5782 907 5839 Glossar.
940 5800 1005 5838 ac
1034 5785 1191 5841 verb.
1228 5786 1459 5843 Cervula
1489 5792 1655 5860 putat
1686 5781 2061 5848 Ambrosium

2187 4698 2331 4754 mihi
2364 4716 2584 4772 pennas
2615 4700 2768 4757 sicut
2799 4700 3104 4766 columbae,
3138 4705 3196 4756 et
3223 4700 3452 4768 volabo,
3480 4706 3542 4757 et
3590 4698 3866 4773 requies!

2188 4805 2316 4844 cam
2348 4790 2522 4858 (Psal.
2560 4807 2667 4859 LIV,
2698 4789 2787 4859 7)!
2826 4813 2853 4839 »
2887 4790 2991 4846 Hic
3021 4789 3178 4846 enim
3212 4795 3353 4846 sunt
3381 4790 3610 4862 laquei,
3636 4791 3866 4883 quibus)

2185 4902 2278 4988 hic
2300 4920 2476 4988 agere
2508 4904 2577 4959 de
2605 4903 2765 4988 ludis
2796 4904 3073 4988 profanis,
3107 4905 3209 4988 qui
3241 4905 3395 4988 apud
3428 4904 3719 4961 ethnicos
3754 4886 3866 4988 lea.-l

2184 4972 2640 5099 lpndﬁéjanuarii
2695 4972 2816 5030 fieri
2866 4972 3166 5059 solebant;
3200 4972 3313 5058 nisi
3342 4977 3415 5032 de
3445 4993 3512 5059 ea
3545 4976 3866 5053 super-sti:

2184 5049 2337 5099 tione
2411 5064 2494 5099 ua:
2525 5063 2559 5099 a
2588 5046 2687 5099 SS.
2727 5047 2827 5099 PP.
2863 5052 2920 5099 et
2966 5064 3024 5099 1n
3072 5049 3312 5099 svnodis
3359 5053 3417 5099 et
3454 5064 3510 5099 1n
3543 5047 3866 5099 cathedris:

2184 5044 2337 5101 tione
2367 5044 2494 5100 dua:
2525 5063 2559 5101 a
2588 5046 2687 5102 SS.
2727 5047 2827 5121 BP.
2863 5052 2920 5102 et
2966 5047 3024 5101 in
3053 5048 3312 5121 Asynodis
3359 5053 3417 5103 et
3454 5048 3510 5121 i_n
3543 5044 3866 5121 cathedris?

2183 5133 2395 5200 magno
2414 5122 2629 5200 postea
2676 5118 2796 5200 zeli)
2821 5118 3313 5200 proscriptaest,
3347 5118 3524 5200 paulo
3545 5194 3556 5200 Δ
3574 5118 3866 5200 frigidius

2184 5187 2339 5261 loqui
2375 5189 2682 5261 videretur.
2714 5187 3288 5261 Dici'tamenpotest
3314 5187 3866 5261 vigilantissimnm.

2181 5259 2489 5314 Prin-sulem
2547 5260 2605 5314 in
2656 5277 2785 5315 eam
2818 5259 2944 5316 ideo
2977 5259 3533 5317 vehementius—non
3582 5262 3866 5316 insurre—z

2177 5330 2352 5415 egisse,
2388 5331 2473 5415 vel
2506 5331 2647 5415 quia
2675 5332 2877 5415 duripr
2904 5339 3029 5415 tum
3060 5337 3186 5415 erat
3211 5348 3588 5415 paganorum
3623 5334 3866 5412 patiam

2177 5401 2257 5475 tia
2286 5407 2343 5475 et
2372 5401 2709 5475 obstinatio,
2744 5401 2829 5458 vel
2854 5406 3056 5475 (major
3102 5401 3586 5460 Christianorum
3625 5401 3866 5475 pietas.

2186 5472 2257 5528 ab
2289 5472 2397 5528 hac
2428 5473 2724 5544 impietate
2757 5473 2901 5530 satis
2930 5472 3140 5530 aliena.

2246 5545 2358 5612 (ιη)
2406 5544 2784 5600 Resecaverat
2837 5546 2973 5600 edit.
3029 5546 3196 5600 Rom.
3253 5544 3363 5601 has
3410 5561 3649 5601 voces:
3686 5547 3866 5601 ιρις-μ

2173 5604 2361 5685 pellat,
2390 5624 2453 5740 lut
2481 5618 2624 5683 dixi,
2659 5623 2805 5685 etc.,
2834 5634 3016 5687 usque
3048 5618 3119 5673 ad
3152 5632 3414 5687 versum,
3437 5617 3649 5672 Sitivil
3665 5620 3866 5671 animi

2173 5703 2318 5740 mea.
2352 5702 2381 5740 e
2412 5704 2460 5740 c.

2171 5703 2318 5753 mea,
2352 5702 2460 5741 etc.
