  <div class='ocr_page' id='page_1' title='image "/cluster/home/n/w/nwhite01/storage/ocr_20150623/14/uva.x000826552/441.png"; bbox 0 0 3866 6212; ppageno 0'>
   <div class='ocr_carea' id='block_1_1' title="bbox 162 289 284 358">
    <p class='ocr_par' dir='ltr' id='par_1_1' title="bbox 162 289 284 358">
     <span class='ocr_line' id='line_1_1' title="bbox 162 289 284 358; baseline -0.016 0"><span class='ocrx_word' id='word_1_1' title='bbox 162 289 284 358; x_wconf 78' lang='lat'>833</span> 
     </span>
    </p>
   </div>
   <div class='ocr_carea' id='block_1_2' title="bbox 949 283 2761 358">
    <p class='ocr_par' dir='ltr' id='par_1_2' title="bbox 949 283 2761 358">
     <span class='ocr_line' id='line_1_2' title="bbox 949 283 2761 358; baseline 0.002 -3"><span class='ocrx_word' id='word_1_2' title='bbox 949 286 1051 355; x_wconf 84' lang='lat' dir='ltr'>DE</span> <span class='ocrx_word' id='word_1_3' title='bbox 1093 284 1835 356; x_wconf 82' lang='lat' dir='ltr'>INTEllPELLATIONE</span> <span class='ocrx_word' id='word_1_4' title='bbox 1874 283 2013 355; x_wconf 76' lang='grc' dir='ltr'>,ΙοΒ</span> <span class='ocrx_word' id='word_1_5' title='bbox 2054 288 2157 356; x_wconf 81' lang='lat' dir='ltr'>ET</span> <span class='ocrx_word' id='word_1_6' title='bbox 2199 286 2444 358; x_wconf 77' lang='lat' dir='ltr'><strong>DAVID</strong></span> <span class='ocrx_word' id='word_1_7' title='bbox 2484 287 2637 358; x_wconf 88' lang='lat' dir='ltr'>LIB.</span> <span class='ocrx_word' id='word_1_8' title='bbox 2679 287 2761 358; x_wconf 84' lang='grc' dir='ltr'>Ῑῐ.</span> 
     </span>
    </p>
   </div>
   <div class='ocr_carea' id='block_1_3' title="bbox 3451 281 3572 353">
    <p class='ocr_par' dir='ltr' id='par_1_3' title="bbox 3451 281 3572 353">
     <span class='ocr_line' id='line_1_3' title="bbox 3451 281 3572 353; baseline 0.008 -1"><span class='ocrx_word' id='word_1_9' title='bbox 3451 281 3572 353; x_wconf 69' lang='grc'>854</span> 
     </span>
    </p>
   </div>
   <div class='ocr_carea' id='block_1_4' title="bbox 163 400 3577 502">
    <p class='ocr_par' dir='ltr' id='par_1_4' title="bbox 163 400 3577 502">
     <span class='ocr_line' id='line_1_4' title="bbox 163 400 3577 502; baseline -0.001 -16"><span class='ocrx_word' id='word_1_10' title='bbox 163 426 284 486; x_wconf 83' lang='lat' dir='ltr'>etsi</span> <span class='ocrx_word' id='word_1_11' title='bbox 316 442 433 485; x_wconf 89' lang='lat' dir='ltr'>non</span> <span class='ocrx_word' id='word_1_12' title='bbox 466 424 808 502; x_wconf 81' lang='lat' dir='ltr'>implicatur</span> <span class='ocrx_word' id='word_1_13' title='bbox 826 425 1050 500; x_wconf 89' lang='lat' dir='ltr'>justus,</span> <span class='ocrx_word' id='word_1_14' title='bbox 1081 429 1276 483; x_wconf 88' lang='lat' dir='ltr'>tamen</span> <span class='ocrx_word' id='word_1_15' title='bbox 1302 426 1620 499; x_wconf 88' lang='lat' dir='ltr'>impeditur</span> <span class='ocrx_word' id='word_1_16' title='bbox 1651 443 1662 480; x_wconf 93' lang='lat'><strong>:</strong></span> <span class='ocrx_word' id='word_1_17' title='bbox 1723 426 1819 482; x_wconf 90' lang='lat' dir='ltr'>hic</span> <span class='ocrx_word' id='word_1_18' title='bbox 1848 428 1900 494; x_wconf 79' lang='grc' dir='ltr'><strong>Α</strong></span> <span class='ocrx_word' id='word_1_19' title='bbox 1934 426 2127 482; x_wconf 88' lang='lat' dir='ltr'>naculi</span> <span class='ocrx_word' id='word_1_20' title='bbox 2154 427 2539 498; x_wconf 80' lang='lat' dir='ltr'>admirabilis,</span> <span class='ocrx_word' id='word_1_21' title='bbox 2570 444 2759 502; x_wconf 90' lang='lat' dir='ltr'>usque</span> <span class='ocrx_word' id='word_1_22' title='bbox 2786 426 2857 486; x_wconf 89' lang='lat' dir='ltr'>ad</span> <span class='ocrx_word' id='word_1_23' title='bbox 2890 425 3133 485; x_wconf 88' lang='lat' dir='ltr'>domum</span> <span class='ocrx_word' id='word_1_24' title='bbox 3161 422 3285 485; x_wconf 92' lang='lat' dir='ltr'>Dei.</span> <span class='ocrx_word' id='word_1_25' title='bbox 3320 421 3384 485; x_wconf 89' lang='lat' dir='ltr'>In</span> <span class='ocrx_word' id='word_1_26' title='bbox 3431 438 3577 483; x_wconf 86' lang='lat' dir='ltr'>voce.</span> 
     </span>
    </p>
   </div>
   <div class='ocr_carea' id='block_1_5' title="bbox 165 515 1816 587">
    <p class='ocr_par' dir='ltr' id='par_1_5' title="bbox 165 515 1816 587">
     <span class='ocr_line' id='line_1_5' title="bbox 165 515 1816 587; baseline -0.001 -13"><span class='ocrx_word' id='word_1_27' title='bbox 165 516 404 575; x_wconf 81' lang='lat' dir='ltr'>dolores</span> <span class='ocrx_word' id='word_1_28' title='bbox 428 522 487 573; x_wconf 89' lang='lat' dir='ltr'>et</span> <span class='ocrx_word' id='word_1_29' title='bbox 515 516 939 574; x_wconf 81' lang='lat' dir='ltr'>sollicitudines</span> <span class='ocrx_word' id='word_1_30' title='bbox 968 535 982 585; x_wconf 90' lang='lat'><strong>;</strong></span> <span class='ocrx_word' id='word_1_31' title='bbox 1016 515 1135 572; x_wconf 91' lang='lat' dir='ltr'>illic</span> <span class='ocrx_word' id='word_1_32' title='bbox 1171 516 1401 586; x_wconf 71' lang='lat' dir='ltr'>latitia,</span> <span class='ocrx_word' id='word_1_33' title='bbox 1429 516 1523 570; x_wconf 83' lang='lat' dir='ltr'>ubi</span> <span class='ocrx_word' id='word_1_34' title='bbox 1586 520 1770 587; x_wconf 73' lang='lat' dir='ltr'>gratia</span> <span class='ocrx_word' id='word_1_35' title='bbox 1804 536 1816 573; x_wconf 91' lang='lat'>:</span> 
     </span>
    </p>
   </div>
   <div class='ocr_carea' id='block_1_6' title="bbox 160 603 1821 681">
    <p class='ocr_par' dir='ltr' id='par_1_6' title="bbox 160 603 1821 681">
     <span class='ocr_line' id='line_1_6' title="bbox 160 603 1821 681; baseline -0.002 -17"><span class='ocrx_word' id='word_1_36' title='bbox 160 606 261 665; x_wconf 92' lang='lat' dir='ltr'>hic</span> <span class='ocrx_word' id='word_1_37' title='bbox 291 610 588 681; x_wconf 89' lang='lat' dir='ltr'>postremo</span> <span class='ocrx_word' id='word_1_38' title='bbox 618 605 877 679; x_wconf 90' lang='lat' dir='ltr'>corporis</span> <span class='ocrx_word' id='word_1_39' title='bbox 904 604 1160 672; x_wconf 91' lang='lat' dir='ltr'>vincula,</span> <span class='ocrx_word' id='word_1_40' title='bbox 1191 622 1318 677; x_wconf 89' lang='lat' dir='ltr'>qua</span> <span class='ocrx_word' id='word_1_41' title='bbox 1352 603 1565 659; x_wconf 84' lang='lat' dir='ltr'>Paulus</span> <span class='ocrx_word' id='word_1_42' title='bbox 1598 605 1821 661; x_wconf 84' lang='lat' dir='ltr'>solvere</span> 
     </span>
    </p>
   </div>
   <div class='ocr_carea' id='block_1_7' title="bbox 161 690 1818 770">
    <p class='ocr_par' dir='ltr' id='par_1_7' title="bbox 161 690 1818 770">
     <span class='ocr_line' id='line_1_7' title="bbox 161 690 1818 770; baseline -0.002 -18"><span class='ocrx_word' id='word_1_43' title='bbox 161 696 492 770; x_wconf 77' lang='lat' dir='ltr'>gestiebat;</span> <span class='ocrx_word' id='word_1_44' title='bbox 533 699 600 749; x_wconf 92' lang='lat' dir='ltr'>ut</span> <span class='ocrx_word' id='word_1_45' title='bbox 628 694 903 750; x_wconf 91' lang='lat' dir='ltr'>omnibus</span> <span class='ocrx_word' id='word_1_46' title='bbox 940 698 1152 749; x_wconf 85' lang='lat' dir='ltr'>exutus</span> <span class='ocrx_word' id='word_1_47' title='bbox 1209 690 1671 765; x_wconf 82' lang='lat' dir='ltr'>impedimentis,</span> <span class='ocrx_word' id='word_1_48' title='bbox 1706 692 1818 748; x_wconf 91' lang='lat' dir='ltr'>Do-</span> 
     </span>
    </p>
   </div>
   <div class='ocr_carea' id='block_1_8' title="bbox 162 781 1822 855">
    <p class='ocr_par' dir='ltr' id='par_1_8' title="bbox 162 781 1822 855">
     <span class='ocr_line' id='line_1_8' title="bbox 162 781 1822 855; baseline -0.003 -14"><span class='ocrx_word' id='word_1_49' title='bbox 162 786 330 842; x_wconf 89' lang='lat' dir='ltr'>mino</span> <span class='ocrx_word' id='word_1_50' title='bbox 360 784 509 840; x_wconf 89' lang='lat' dir='ltr'>liber</span> <span class='ocrx_word' id='word_1_51' title='bbox 538 784 858 840; x_wconf 90' lang='lat' dir='ltr'>assisteret.</span> <span class='ocrx_word' id='word_1_52' title='bbox 889 783 1009 839; x_wconf 91' lang='lat' dir='ltr'>Hoc</span> <span class='ocrx_word' id='word_1_53' title='bbox 1038 798 1175 855; x_wconf 90' lang='lat' dir='ltr'>ergo</span> <span class='ocrx_word' id='word_1_54' title='bbox 1208 781 1446 837; x_wconf 89' lang='lat' dir='ltr'>sitiebat</span> <span class='ocrx_word' id='word_1_55' title='bbox 1477 781 1676 836; x_wconf 89' lang='lat' dir='ltr'>anima</span> <span class='ocrx_word' id='word_1_56' title='bbox 1704 781 1822 837; x_wconf 86' lang='lat' dir='ltr'>Da-</span> 
     </span>
    </p>
   </div>
   <div class='ocr_carea' id='block_1_9' title="bbox 162 869 1820 944">
    <p class='ocr_par' dir='ltr' id='par_1_9' title="bbox 162 869 1820 944">
     <span class='ocr_line' id='line_1_9' title="bbox 162 869 1820 944; baseline -0.002 -15"><span class='ocrx_word' id='word_1_57' title='bbox 162 874 286 941; x_wconf 83' lang='lat' dir='ltr'>vid,</span> <span class='ocrx_word' id='word_1_58' title='bbox 322 876 386 929; x_wconf 90' lang='lat' dir='ltr'>ut</span> <span class='ocrx_word' id='word_1_59' title='bbox 407 874 535 944; x_wconf 88' lang='lat' dir='ltr'>jam</span> <span class='ocrx_word' id='word_1_60' title='bbox 582 889 695 927; x_wconf 90' lang='lat' dir='ltr'>non</span> <span class='ocrx_word' id='word_1_61' title='bbox 728 889 833 944; x_wconf 90' lang='lat' dir='ltr'>per</span> <span class='ocrx_word' id='word_1_62' title='bbox 886 872 1085 937; x_wconf 86' lang='lat' dir='ltr'>fidem,</span> <span class='ocrx_word' id='word_1_63' title='bbox 1135 872 1233 926; x_wconf 89' lang='lat' dir='ltr'>sed</span> <span class='ocrx_word' id='word_1_64' title='bbox 1268 869 1413 926; x_wconf 90' lang='lat' dir='ltr'>facie</span> <span class='ocrx_word' id='word_1_65' title='bbox 1472 869 1544 924; x_wconf 91' lang='lat' dir='ltr'>ad</span> <span class='ocrx_word' id='word_1_66' title='bbox 1612 870 1820 925; x_wconf 84' lang='lat' dir='ltr'>faciem</span> 
     </span>
    </p>
   </div>
   <div class='ocr_carea' id='block_1_10' title="bbox 160 958 1821 1033">
    <p class='ocr_par' dir='ltr' id='par_1_10' title="bbox 160 958 1821 1033">
     <span class='ocr_line' id='line_1_10' title="bbox 160 958 1821 1033; baseline -0.004 -13"><span class='ocrx_word' id='word_1_67' title='bbox 160 963 353 1020; x_wconf 88' lang='lat' dir='ltr'>Deum</span> <span class='ocrx_word' id='word_1_68' title='bbox 383 961 604 1016; x_wconf 81' lang='lat' dir='ltr'>videret</span> <span class='ocrx_word' id='word_1_69' title='bbox 636 979 649 1029; x_wconf 94' lang='lat'><strong>;</strong></span> <span class='ocrx_word' id='word_1_70' title='bbox 684 977 789 1017; x_wconf 92' lang='lat' dir='ltr'>nec</span> <span class='ocrx_word' id='word_1_71' title='bbox 821 959 1011 1016; x_wconf 92' lang='lat' dir='ltr'>solum</span> <span class='ocrx_word' id='word_1_72' title='bbox 1043 958 1512 1033; x_wconf 80' lang='lat' dir='ltr'>peregrinaretur</span> <span class='ocrx_word' id='word_1_73' title='bbox 1541 975 1575 1013; x_wconf 88' lang='lat' dir='ltr'>a</span> <span class='ocrx_word' id='word_1_74' title='bbox 1618 975 1821 1031; x_wconf 90' lang='lat' dir='ltr'>corpo-</span> 
     </span>
    </p>
   </div>
   <div class='ocr_carea' id='block_1_11' title="bbox 170 1046 1822 1121">
    <p class='ocr_par' dir='ltr' id='par_1_11' title="bbox 170 1046 1822 1121">
     <span class='ocr_line' id='line_1_11' title="bbox 170 1046 1822 1121; baseline -0.003 -13"><span class='ocrx_word' id='word_1_75' title='bbox 170 1068 256 1121; x_wconf 88' lang='lat' dir='ltr'>re,</span> <span class='ocrx_word' id='word_1_76' title='bbox 295 1051 397 1106; x_wconf 87' lang='lat' dir='ltr'>sed</span> <span class='ocrx_word' id='word_1_77' title='bbox 429 1066 668 1121; x_wconf 91' lang='lat' dir='ltr'>corpore</span> <span class='ocrx_word' id='word_1_78' title='bbox 718 1048 1056 1105; x_wconf 77' lang='lat' dir='ltr'>solveretur.</span> <span class='ocrx_word' id='word_1_79' title='bbox 1112 1046 1360 1104; x_wconf 74' lang='lat' dir='ltr'>Dissolvi</span> <span class='ocrx_word' id='word_1_80' title='bbox 1390 1047 1544 1103; x_wconf 88' lang='lat' dir='ltr'>enim</span> <span class='ocrx_word' id='word_1_81' title='bbox 1579 1051 1634 1102; x_wconf 89' lang='lat' dir='ltr'>et</span> <span class='ocrx_word' id='word_1_82' title='bbox 1690 1064 1822 1103; x_wconf 92' lang='lat' dir='ltr'>cum</span> 
     </span>
    </p>
   </div>
   <div class='ocr_carea' id='block_1_12' title="bbox 160 1135 1822 1211">
    <p class='ocr_par' dir='ltr' id='par_1_12' title="bbox 160 1135 1822 1211">
     <span class='ocr_line' id='line_1_12' title="bbox 160 1135 1822 1211; baseline -0.003 -15"><span class='ocrx_word' id='word_1_83' title='bbox 160 1139 400 1197; x_wconf 83' lang='lat' dir='ltr'>Christo</span> <span class='ocrx_word' id='word_1_84' title='bbox 416 1155 544 1196; x_wconf 86' lang='lat' dir='ltr'>esse</span> <span class='ocrx_word' id='word_1_85' title='bbox 576 1138 762 1194; x_wconf 90' lang='lat' dir='ltr'>multo</span> <span class='ocrx_word' id='word_1_86' title='bbox 792 1137 1002 1194; x_wconf 89' lang='lat' dir='ltr'>melius</span> <span class='ocrx_word' id='word_1_87' title='bbox 1035 1154 1048 1192; x_wconf 91' lang='lat'><strong>:</strong></span> <span class='ocrx_word' id='word_1_88' title='bbox 1084 1137 1223 1211; x_wconf 84' lang='lat' dir='ltr'>quia</span> <span class='ocrx_word' id='word_1_89' title='bbox 1244 1137 1409 1208; x_wconf 89' lang='lat' dir='ltr'>justo</span> <span class='ocrx_word' id='word_1_90' title='bbox 1445 1136 1590 1190; x_wconf 91' lang='lat' dir='ltr'>mori</span> <span class='ocrx_word' id='word_1_91' title='bbox 1620 1142 1707 1191; x_wconf 90' lang='lat' dir='ltr'>est</span> <span class='ocrx_word' id='word_1_92' title='bbox 1736 1135 1822 1191; x_wconf 85' lang='lat' dir='ltr'>lu-</span> 
     </span>
    </p>
   </div>
   <div class='ocr_carea' id='block_1_13' title="bbox 158 1225 1817 1301">
    <p class='ocr_par' dir='ltr' id='par_1_13' title="bbox 158 1225 1817 1301">
     <span class='ocr_line' id='line_1_13' title="bbox 158 1225 1817 1301; baseline -0.003 -16"><span class='ocrx_word' id='word_1_93' title='bbox 158 1229 445 1285; x_wconf 88' lang='lat' dir='ltr'>crum.Et</span> <span class='ocrx_word' id='word_1_94' title='bbox 472 1228 690 1301; x_wconf 85' lang='lat' dir='ltr'>grande</span> <span class='ocrx_word' id='word_1_95' title='bbox 734 1227 972 1299; x_wconf 86' lang='lat' dir='ltr'>quidem</span> <span class='ocrx_word' id='word_1_96' title='bbox 1002 1225 1233 1281; x_wconf 91' lang='lat' dir='ltr'>lucrum</span> <span class='ocrx_word' id='word_1_97' title='bbox 1292 1240 1501 1280; x_wconf 87' lang='lat' dir='ltr'>carere</span> <span class='ocrx_word' id='word_1_98' title='bbox 1560 1229 1817 1296; x_wconf 91' lang='lat' dir='ltr'>peccato,</span> 
     </span>
    </p>
   </div>
   <div class='ocr_carea' id='block_1_14' title="bbox 161 1312 1824 1378">
    <p class='ocr_par' dir='ltr' id='par_1_14' title="bbox 161 1312 1824 1378">
     <span class='ocr_line' id='line_1_14' title="bbox 161 1312 1824 1378; baseline -0.004 -5"><span class='ocrx_word' id='word_1_99' title='bbox 161 1317 516 1374; x_wconf 85' lang='lat' dir='ltr'>delictorum</span> <span class='ocrx_word' id='word_1_100' title='bbox 552 1315 840 1372; x_wconf 87' lang='lat' dir='ltr'>illecebris</span> <span class='ocrx_word' id='word_1_101' title='bbox 880 1332 995 1371; x_wconf 91' lang='lat' dir='ltr'>non</span> <span class='ocrx_word' id='word_1_102' title='bbox 1030 1314 1266 1370; x_wconf 88' lang='lat' dir='ltr'>moveri.</span> <span class='ocrx_word' id='word_1_103' title='bbox 1303 1312 1441 1378; x_wconf 72' lang='lat' dir='ltr'>Quis</span> <span class='ocrx_word' id='word_1_104' title='bbox 1474 1315 1631 1368; x_wconf 88' lang='lat' dir='ltr'>enim</span> <span class='ocrx_word' id='word_1_105' title='bbox 1657 1331 1824 1368; x_wconf 89' lang='lat' dir='ltr'>mun-</span> 
     </span>
    </p>
   </div>
   <div class='ocr_carea' id='block_1_15' title="bbox 158 1401 1819 1477">
    <p class='ocr_par' dir='ltr' id='par_1_15' title="bbox 158 1401 1819 1477">
     <span class='ocr_line' id='line_1_15' title="bbox 158 1401 1819 1477; baseline -0.004 -13"><span class='ocrx_word' id='word_1_106' title='bbox 158 1408 280 1464; x_wconf 86' lang='lat' dir='ltr'>dus</span> <span class='ocrx_word' id='word_1_107' title='bbox 312 1423 347 1462; x_wconf 92' lang='lat' dir='ltr'>a</span> <span class='ocrx_word' id='word_1_108' title='bbox 377 1406 566 1476; x_wconf 85' lang='lat' dir='ltr'>sorde,</span> <span class='ocrx_word' id='word_1_109' title='bbox 600 1405 837 1477; x_wconf 88' lang='lat' dir='ltr'>quando</span> <span class='ocrx_word' id='word_1_110' title='bbox 867 1421 973 1460; x_wconf 90' lang='lat' dir='ltr'>nec</span> <span class='ocrx_word' id='word_1_111' title='bbox 1005 1403 1181 1459; x_wconf 90' lang='lat' dir='ltr'>unius</span> <span class='ocrx_word' id='word_1_112' title='bbox 1223 1403 1336 1458; x_wconf 89' lang='lat' dir='ltr'>diei</span> <span class='ocrx_word' id='word_1_113' title='bbox 1391 1401 1507 1457; x_wconf 88' lang='lat' dir='ltr'>vita</span> <span class='ocrx_word' id='word_1_114' title='bbox 1562 1402 1819 1458; x_wconf 86' lang='lat' dir='ltr'>hominis</span> 
     </span>
    </p>
   </div>
   <div class='ocr_carea' id='block_1_16' title="bbox 156 1491 1817 1565">
    <p class='ocr_par' dir='ltr' id='par_1_16' title="bbox 156 1491 1817 1565">
     <span class='ocr_line' id='line_1_16' title="bbox 156 1491 1817 1565; baseline -0.004 -13"><span class='ocrx_word' id='word_1_115' title='bbox 156 1496 225 1552; x_wconf 86' lang='lat' dir='ltr'>in</span> <span class='ocrx_word' id='word_1_116' title='bbox 252 1500 416 1552; x_wconf 83' lang='lat' dir='ltr'>terra</span> <span class='ocrx_word' id='word_1_117' title='bbox 444 1498 599 1551; x_wconf 86' lang='lat' dir='ltr'>caret</span> <span class='ocrx_word' id='word_1_118' title='bbox 629 1493 975 1550; x_wconf 84' lang='lat' dir='ltr'>delictorum</span> <span class='ocrx_word' id='word_1_119' title='bbox 1008 1492 1353 1565; x_wconf 82' lang='lat' dir='ltr'>contagione</span> <span class='ocrx_word' id='word_1_120' title='bbox 1383 1492 1411 1546; x_wconf 75' lang='lat' dir='ltr'>‘I</span> <span class='ocrx_word' id='word_1_121' title='bbox 1441 1491 1697 1547; x_wconf 88' lang='lat' dir='ltr'>Vivendo</span> <span class='ocrx_word' id='word_1_122' title='bbox 1729 1508 1817 1547; x_wconf 87' lang='lat' dir='ltr'>er-</span> 
     </span>
    </p>
   </div>
   <div class='ocr_carea' id='block_1_17' title="bbox 154 1581 1815 1659">
    <p class='ocr_par' dir='ltr' id='par_1_17' title="bbox 154 1581 1815 1659">
     <span class='ocr_line' id='line_1_17' title="bbox 154 1581 1815 1659; baseline -0.003 -19"><span class='ocrx_word' id='word_1_123' title='bbox 154 1601 237 1659; x_wconf 87' lang='lat' dir='ltr'>go</span> <span class='ocrx_word' id='word_1_124' title='bbox 262 1585 484 1639; x_wconf 87' lang='lat' dir='ltr'>damna</span> <span class='ocrx_word' id='word_1_125' title='bbox 513 1583 918 1639; x_wconf 86' lang='lat' dir='ltr'>contrahimus</span> <span class='ocrx_word' id='word_1_126' title='bbox 957 1581 1330 1647; x_wconf 87' lang='lat' dir='ltr'>innocentia,</span> <span class='ocrx_word' id='word_1_127' title='bbox 1396 1583 1582 1635; x_wconf 88' lang='lat' dir='ltr'>morte</span> <span class='ocrx_word' id='word_1_128' title='bbox 1641 1581 1815 1635; x_wconf 86' lang='lat' dir='ltr'>ﬁnem</span> 
     </span>
    </p>
   </div>
   <div class='ocr_carea' id='block_1_18' title="bbox 154 1668 1818 1744">
    <p class='ocr_par' dir='ltr' id='par_1_18' title="bbox 154 1668 1818 1744">
     <span class='ocr_line' id='line_1_18' title="bbox 154 1668 1818 1744; baseline -0.004 -14"><span class='ocrx_word' id='word_1_129' title='bbox 154 1672 383 1730; x_wconf 83' lang='lat' dir='ltr'>erroris</span> <span class='ocrx_word' id='word_1_130' title='bbox 415 1671 818 1744; x_wconf 83' lang='lat' dir='ltr'>adipiscimur.</span> <span class='ocrx_word' id='word_1_131' title='bbox 857 1672 1111 1725; x_wconf 90' lang='lat' dir='ltr'>Lucrum</span> <span class='ocrx_word' id='word_1_132' title='bbox 1151 1686 1288 1741; x_wconf 91' lang='lat' dir='ltr'>ergo</span> <span class='ocrx_word' id='word_1_133' title='bbox 1322 1674 1510 1725; x_wconf 89' lang='lat' dir='ltr'>morte</span> <span class='ocrx_word' id='word_1_134' title='bbox 1563 1668 1818 1741; x_wconf 90' lang='lat' dir='ltr'>acquiri-</span> 
     </span>
    </p>
   </div>
   <div class='ocr_carea' id='block_1_19' title="bbox 155 1757 1895 1864">
    <p class='ocr_par' dir='ltr' id='par_1_19' title="bbox 155 1757 1895 1864">
     <span class='ocr_line' id='line_1_19' title="bbox 155 1757 1895 1864; baseline -0.003 -46"><span class='ocrx_word' id='word_1_135' title='bbox 155 1767 286 1829; x_wconf 85' lang='lat' dir='ltr'>tur,</span> <span class='ocrx_word' id='word_1_136' title='bbox 316 1761 444 1816; x_wconf 85' lang='lat' dir='ltr'>vita</span> <span class='ocrx_word' id='word_1_137' title='bbox 467 1763 664 1817; x_wconf 88' lang='lat' dir='ltr'>autem</span> <span class='ocrx_word' id='word_1_138' title='bbox 704 1776 813 1814; x_wconf 89' lang='lat' dir='ltr'>usu</span> <span class='ocrx_word' id='word_1_139' title='bbox 838 1764 1121 1831; x_wconf 84' lang='lat' dir='ltr'>tanquam</span> <span class='ocrx_word' id='word_1_140' title='bbox 1176 1758 1409 1814; x_wconf 85' lang='lat' dir='ltr'>miseris</span> <span class='ocrx_word' id='word_1_141' title='bbox 1455 1757 1817 1814; x_wconf 87' lang='lat' dir='ltr'>debitoribus</span> <span class='ocrx_word' id='word_1_142' title='bbox 1848 1799 1895 1864; x_wconf 79' lang='grc' dir='ltr'><strong>Β</strong></span> 
     </span>
    </p>
   </div>
   <div class='ocr_carea' id='block_1_20' title="bbox 156 1846 1819 1919">
    <p class='ocr_par' dir='ltr' id='par_1_20' title="bbox 156 1846 1819 1919">
     <span class='ocr_line' id='line_1_20' title="bbox 156 1846 1819 1919; baseline -0.004 -11"><span class='ocrx_word' id='word_1_143' title='bbox 156 1849 427 1908; x_wconf 89' lang='lat' dir='ltr'>usurarii</span> <span class='ocrx_word' id='word_1_144' title='bbox 455 1847 710 1904; x_wconf 89' lang='lat' dir='ltr'>nominis</span> <span class='ocrx_word' id='word_1_145' title='bbox 731 1848 804 1903; x_wconf 92' lang='lat' dir='ltr'>ad</span> <span class='ocrx_word' id='word_1_146' title='bbox 828 1852 1056 1903; x_wconf 86' lang='lat' dir='ltr'>reatum</span> <span class='ocrx_word' id='word_1_147' title='bbox 1079 1848 1268 1903; x_wconf 80' lang='lat' dir='ltr'>fanus</span> <span class='ocrx_word' id='word_1_148' title='bbox 1290 1851 1559 1919; x_wconf 89' lang='lat' dir='ltr'>augetur.</span> <span class='ocrx_word' id='word_1_149' title='bbox 1587 1846 1652 1901; x_wconf 91' lang='lat' dir='ltr'>Et</span> <span class='ocrx_word' id='word_1_150' title='bbox 1672 1847 1819 1903; x_wconf 88' lang='lat' dir='ltr'>bene</span> 
     </span>
    </p>
   </div>
   <div class='ocr_carea' id='block_1_21' title="bbox 158 1934 1819 2009">
    <p class='ocr_par' dir='ltr' id='par_1_21' title="bbox 158 1934 1819 2009">
     <span class='ocr_line' id='line_1_21' title="bbox 158 1934 1819 2009; baseline -0.005 -12"><span class='ocrx_word' id='word_1_151' title='bbox 158 1939 296 1998; x_wconf 82' lang='lat' dir='ltr'>sitit</span> <span class='ocrx_word' id='word_1_152' title='bbox 326 1939 544 2003; x_wconf 88' lang='lat' dir='ltr'>anima,</span> <span class='ocrx_word' id='word_1_153' title='bbox 566 1954 695 2009; x_wconf 88' lang='lat' dir='ltr'>qua</span> <span class='ocrx_word' id='word_1_154' title='bbox 725 1937 962 1993; x_wconf 86' lang='lat' dir='ltr'>festinat</span> <span class='ocrx_word' id='word_1_155' title='bbox 991 1934 1063 1992; x_wconf 89' lang='lat' dir='ltr'>ad</span> <span class='ocrx_word' id='word_1_156' title='bbox 1094 1936 1337 2004; x_wconf 88' lang='lat' dir='ltr'>fontem,</span> <span class='ocrx_word' id='word_1_157' title='bbox 1368 1952 1484 1992; x_wconf 89' lang='lat' dir='ltr'>non</span> <span class='ocrx_word' id='word_1_158' title='bbox 1541 1952 1703 2007; x_wconf 89' lang='lat' dir='ltr'>aqua</span> <span class='ocrx_word' id='word_1_159' title='bbox 1735 1936 1819 1990; x_wconf 88' lang='lat' dir='ltr'>is-</span> 
     </span>
    </p>
   </div>
   <div class='ocr_carea' id='block_1_22' title="bbox 158 2023 1821 2098">
    <p class='ocr_par' dir='ltr' id='par_1_22' title="bbox 158 2023 1821 2098">
     <span class='ocr_line' id='line_1_22' title="bbox 158 2023 1821 2098; baseline -0.004 -12"><span class='ocrx_word' id='word_1_160' title='bbox 158 2029 314 2095; x_wconf 81' lang='lat' dir='ltr'>tius,</span> <span class='ocrx_word' id='word_1_161' title='bbox 346 2028 447 2085; x_wconf 88' lang='lat' dir='ltr'>sed</span> <span class='ocrx_word' id='word_1_162' title='bbox 478 2026 606 2082; x_wconf 87' lang='lat' dir='ltr'>vita</span> <span class='ocrx_word' id='word_1_163' title='bbox 630 2029 875 2097; x_wconf 83' lang='lat' dir='ltr'>aterna,</span> <span class='ocrx_word' id='word_1_164' title='bbox 909 2026 980 2081; x_wconf 93' lang='lat' dir='ltr'>de</span> <span class='ocrx_word' id='word_1_165' title='bbox 1012 2042 1127 2098; x_wconf 91' lang='lat' dir='ltr'>quo</span> <span class='ocrx_word' id='word_1_166' title='bbox 1155 2041 1334 2096; x_wconf 88' lang='lat' dir='ltr'>supra</span> <span class='ocrx_word' id='word_1_167' title='bbox 1364 2023 1510 2080; x_wconf 88' lang='lat' dir='ltr'>dixit</span> <span class='ocrx_word' id='word_1_168' title='bbox 1541 2041 1554 2079; x_wconf 92' lang='lat'><strong>:</strong></span> <span class='ocrx_word' id='word_1_169' title='bbox 1588 2046 1615 2074; x_wconf 84' lang='lat'><strong><em>«</em></strong></span> <span class='ocrx_word' id='word_1_170' title='bbox 1676 2025 1821 2089; x_wconf 90' lang='lat' dir='ltr'>Quo-</span> 
     </span>
    </p>
   </div>
   <div class='ocr_carea' id='block_1_23' title="bbox 159 2113 1819 2188">
    <p class='ocr_par' dir='ltr' id='par_1_23' title="bbox 159 2113 1819 2188">
     <span class='ocr_line' id='line_1_23' title="bbox 159 2113 1819 2188; baseline -0.004 -14"><span class='ocrx_word' id='word_1_171' title='bbox 159 2118 334 2174; x_wconf 85' lang='lat' dir='ltr'>niam</span> <span class='ocrx_word' id='word_1_172' title='bbox 363 2116 605 2188; x_wconf 69' lang='lat' dir='ltr'>apud.te</span> <span class='ocrx_word' id='word_1_173' title='bbox 632 2119 723 2170; x_wconf 88' lang='lat' dir='ltr'>est</span> <span class='ocrx_word' id='word_1_174' title='bbox 754 2116 882 2170; x_wconf 86' lang='lat' dir='ltr'>fons</span> <span class='ocrx_word' id='word_1_175' title='bbox 914 2115 1062 2184; x_wconf 87' lang='lat' dir='ltr'>vita,</span> <span class='ocrx_word' id='word_1_176' title='bbox 1097 2118 1153 2169; x_wconf 90' lang='lat' dir='ltr'>et</span> <span class='ocrx_word' id='word_1_177' title='bbox 1184 2114 1243 2168; x_wconf 92' lang='lat' dir='ltr'>in</span> <span class='ocrx_word' id='word_1_178' title='bbox 1276 2113 1501 2169; x_wconf 87' lang='lat' dir='ltr'>lumine</span> <span class='ocrx_word' id='word_1_179' title='bbox 1530 2116 1631 2168; x_wconf 90' lang='lat' dir='ltr'>tuo</span> <span class='ocrx_word' id='word_1_180' title='bbox 1662 2113 1819 2169; x_wconf 91' lang='lat' dir='ltr'>vide-</span> 
     </span>
    </p>
   </div>
   <div class='ocr_carea' id='block_1_24' title="bbox 155 2202 1821 2276">
    <p class='ocr_par' dir='ltr' id='par_1_24' title="bbox 155 2202 1821 2276">
     <span class='ocr_line' id='line_1_24' title="bbox 155 2202 1821 2276; baseline -0.004 -13"><span class='ocrx_word' id='word_1_181' title='bbox 155 2207 373 2263; x_wconf 82' lang='lat' dir='ltr'>bimus</span> <span class='ocrx_word' id='word_1_182' title='bbox 401 2204 600 2260; x_wconf 89' lang='lat' dir='ltr'>lumen</span> <span class='ocrx_word' id='word_1_183' title='bbox 630 2205 799 2276; x_wconf 77' lang='lat' dir='ltr'>(Psat.</span> <span class='ocrx_word' id='word_1_184' title='bbox 833 2221 999 2273; x_wconf 84' lang='lat' dir='ltr'>xxxv,</span> <span class='ocrx_word' id='word_1_185' title='bbox 1035 2202 1146 2273; x_wconf 89' lang='grc'>10).</span> <span class='ocrx_word' id='word_1_186' title='bbox 1173 2224 1201 2252; x_wconf 92' lang='grc'><strong>››</strong></span> <span class='ocrx_word' id='word_1_187' title='bbox 1234 2202 1441 2258; x_wconf 90' lang='lat' dir='ltr'>Merito</span> <span class='ocrx_word' id='word_1_188' title='bbox 1472 2217 1608 2273; x_wconf 90' lang='lat' dir='ltr'>ergo</span> <span class='ocrx_word' id='word_1_189' title='bbox 1639 2202 1821 2257; x_wconf 87' lang='lat' dir='ltr'>David</span> 
     </span>
    </p>
   </div>
   <div class='ocr_carea' id='block_1_25' title="bbox 154 2290 1820 2370">
    <p class='ocr_par' dir='ltr' id='par_1_25' title="bbox 154 2290 1820 2370">
     <span class='ocr_line' id='line_1_25' title="bbox 154 2290 1820 2370; baseline -0.004 -19"><span class='ocrx_word' id='word_1_190' title='bbox 154 2294 521 2370; x_wconf 86' lang='lat' dir='ltr'>properabat</span> <span class='ocrx_word' id='word_1_191' title='bbox 552 2292 853 2365; x_wconf 90' lang='lat' dir='ltr'>pervenire</span> <span class='ocrx_word' id='word_1_192' title='bbox 880 2295 939 2347; x_wconf 91' lang='lat' dir='ltr'>et</span> <span class='ocrx_word' id='word_1_193' title='bbox 968 2305 1248 2363; x_wconf 90' lang='lat' dir='ltr'>apparere</span> <span class='ocrx_word' id='word_1_194' title='bbox 1270 2296 1405 2345; x_wconf 86' lang='lat' dir='ltr'>ante</span> <span class='ocrx_word' id='word_1_195' title='bbox 1436 2290 1583 2346; x_wconf 73' lang='lat'>641</span> <span class='ocrx_word' id='word_1_196' title='bbox 1615 2290 1820 2345; x_wconf 88' lang='lat' dir='ltr'>faciem</span> 
     </span>
    </p>
   </div>
   <div class='ocr_carea' id='block_1_26' title="bbox 161 2374 1822 2453">
    <p class='ocr_par' dir='ltr' id='par_1_26' title="bbox 161 2374 1822 2453">
     <span class='ocr_line' id='line_1_26' title="bbox 161 2374 1822 2453; baseline -0.005 -12"><span class='ocrx_word' id='word_1_197' title='bbox 161 2382 300 2451; x_wconf 89' lang='lat' dir='ltr'>Dei,</span> <span class='ocrx_word' id='word_1_198' title='bbox 334 2383 504 2453; x_wconf 88' lang='lat' dir='ltr'>cujus</span> <span class='ocrx_word' id='word_1_199' title='bbox 534 2380 729 2436; x_wconf 90' lang='lat' dir='ltr'>vultus</span> <span class='ocrx_word' id='word_1_200' title='bbox 776 2379 976 2436; x_wconf 89' lang='lat' dir='ltr'>lumen</span> <span class='ocrx_word' id='word_1_201' title='bbox 1034 2385 1169 2447; x_wconf 89' lang='lat' dir='ltr'>est;</span> <span class='ocrx_word' id='word_1_202' title='bbox 1219 2374 1361 2451; x_wconf 78' lang='lat' dir='ltr'>quia</span> <span class='ocrx_word' id='word_1_203' title='bbox 1411 2394 1616 2435; x_wconf 89' lang='lat' dir='ltr'>omnes</span> <span class='ocrx_word' id='word_1_204' title='bbox 1675 2395 1822 2451; x_wconf 91' lang='lat' dir='ltr'>quos</span> 
     </span>
    </p>
   </div>
   <div class='ocr_carea' id='block_1_27' title="bbox 160 2468 1082 2542">
    <p class='ocr_par' dir='ltr' id='par_1_27' title="bbox 160 2468 1082 2542">
     <span class='ocr_line' id='line_1_27' title="bbox 160 2468 1082 2542; baseline -0.008 -13"><span class='ocrx_word' id='word_1_205' title='bbox 160 2471 463 2529; x_wconf 85' lang='lat' dir='ltr'>Dominus</span> <span class='ocrx_word' id='word_1_206' title='bbox 491 2473 733 2542; x_wconf 90' lang='lat' dir='ltr'>spectat,</span> <span class='ocrx_word' id='word_1_207' title='bbox 766 2468 1082 2524; x_wconf 86' lang='lat' dir='ltr'>illuminat.</span> 
     </span>
    </p>
   </div>
   <div class='ocr_carea' id='block_1_28' title="bbox 240 2556 1822 2631">
    <p class='ocr_par' dir='ltr' id='par_1_28' title="bbox 240 2556 1822 2631">
     <span class='ocr_line' id='line_1_28' title="bbox 240 2556 1822 2631; baseline -0.003 -16"><span class='ocrx_word' id='word_1_208' title='bbox 240 2563 299 2628; x_wconf 90' lang='lat'>7,</span> <span class='ocrx_word' id='word_1_209' title='bbox 335 2583 362 2610; x_wconf 85' lang='grc'>‹‹</span> <span class='ocrx_word' id='word_1_210' title='bbox 397 2562 655 2614; x_wconf 83' lang='lat' dir='ltr'>Fuerunt</span> <span class='ocrx_word' id='word_1_211' title='bbox 683 2557 952 2631; x_wconf 82' lang='lat' dir='ltr'>lacryma</span> <span class='ocrx_word' id='word_1_212' title='bbox 979 2574 1120 2613; x_wconf 84' lang='lat' dir='ltr'>mea</span> <span class='ocrx_word' id='word_1_213' title='bbox 1180 2556 1323 2612; x_wconf 90' lang='lat' dir='ltr'>mihi</span> <span class='ocrx_word' id='word_1_214' title='bbox 1378 2573 1560 2628; x_wconf 88' lang='lat' dir='ltr'>panes</span> <span class='ocrx_word' id='word_1_215' title='bbox 1608 2557 1701 2612; x_wconf 90' lang='lat' dir='ltr'>die</span> <span class='ocrx_word' id='word_1_216' title='bbox 1758 2572 1822 2612; x_wconf 88' lang='lat' dir='ltr'>ac</span> 
     </span>
    </p>
   </div>
   <div class='ocr_carea' id='block_1_29' title="bbox 162 2645 1824 2718">
    <p class='ocr_par' dir='ltr' id='par_1_29' title="bbox 162 2645 1824 2718">
     <span class='ocr_line' id='line_1_29' title="bbox 162 2645 1824 2718; baseline -0.004 -12"><span class='ocrx_word' id='word_1_217' title='bbox 162 2655 368 2716; x_wconf 88' lang='lat' dir='ltr'>nocte,</span> <span class='ocrx_word' id='word_1_218' title='bbox 394 2649 533 2704; x_wconf 89' lang='lat' dir='ltr'>dum</span> <span class='ocrx_word' id='word_1_219' title='bbox 567 2647 782 2703; x_wconf 89' lang='lat' dir='ltr'>dicitur</span> <span class='ocrx_word' id='word_1_220' title='bbox 810 2646 952 2702; x_wconf 90' lang='lat' dir='ltr'>mihi</span> <span class='ocrx_word' id='word_1_221' title='bbox 974 2645 1235 2718; x_wconf 88' lang='lat' dir='ltr'>quotidie</span> <span class='ocrx_word' id='word_1_222' title='bbox 1269 2662 1281 2700; x_wconf 92' lang='lat'>:</span> <span class='ocrx_word' id='word_1_223' title='bbox 1312 2646 1417 2701; x_wconf 89' lang='lat' dir='ltr'>Ubi</span> <span class='ocrx_word' id='word_1_224' title='bbox 1444 2650 1534 2702; x_wconf 92' lang='lat' dir='ltr'>est</span> <span class='ocrx_word' id='word_1_225' title='bbox 1556 2646 1709 2701; x_wconf 88' lang='lat' dir='ltr'>Deus</span> <span class='ocrx_word' id='word_1_226' title='bbox 1736 2649 1824 2701; x_wconf 90' lang='lat' dir='ltr'>tu-</span> 
     </span>
    </p>
   </div>
   <div class='ocr_carea' id='block_1_30' title="bbox 164 2734 1823 2809">
    <p class='ocr_par' dir='ltr' id='par_1_30' title="bbox 164 2734 1823 2809">
     <span class='ocr_line' id='line_1_30' title="bbox 164 2734 1823 2809; baseline -0.004 -13"><span class='ocrx_word' id='word_1_227' title='bbox 164 2757 247 2796; x_wconf 88' lang='lat' dir='ltr'>us</span> <span class='ocrx_word' id='word_1_228' title='bbox 271 2739 445 2809; x_wconf 80' lang='lat' dir='ltr'>(Psal.</span> <span class='ocrx_word' id='word_1_229' title='bbox 469 2754 580 2803; x_wconf 76' lang='lat' dir='ltr'>xu,</span> <span class='ocrx_word' id='word_1_230' title='bbox 606 2736 723 2791; x_wconf 70' lang='lat' dir='ltr'>li?»</span> <span class='ocrx_word' id='word_1_231' title='bbox 748 2736 831 2791; x_wconf 91' lang='lat' dir='ltr'>Ibi</span> <span class='ocrx_word' id='word_1_232' title='bbox 853 2736 1001 2791; x_wconf 88' lang='lat' dir='ltr'>bene</span> <span class='ocrx_word' id='word_1_233' title='bbox 1019 2735 1287 2808; x_wconf 80' lang='lat' dir='ltr'>lacryma</span> <span class='ocrx_word' id='word_1_234' title='bbox 1311 2752 1490 2807; x_wconf 85' lang='lat' dir='ltr'>panes</span> <span class='ocrx_word' id='word_1_235' title='bbox 1513 2739 1671 2803; x_wconf 86' lang='lat' dir='ltr'>sunt,</span> <span class='ocrx_word' id='word_1_236' title='bbox 1722 2734 1823 2790; x_wconf 91' lang='lat' dir='ltr'>ubi</span> 
     </span>
    </p>
   </div>
   <div class='ocr_carea' id='block_1_31' title="bbox 167 2823 1827 2897">
    <p class='ocr_par' dir='ltr' id='par_1_31' title="bbox 167 2823 1827 2897">
     <span class='ocr_line' id='line_1_31' title="bbox 167 2823 1827 2897; baseline -0.005 -12"><span class='ocrx_word' id='word_1_237' title='bbox 167 2826 705 2897; x_wconf 83' lang='lat' dir='ltr'>esuriturjustitia.</span> <span class='ocrx_word' id='word_1_238' title='bbox 730 2825 887 2880; x_wconf 85' lang='lat' dir='ltr'>Beati</span> <span class='ocrx_word' id='word_1_239' title='bbox 909 2823 1064 2880; x_wconf 89' lang='lat' dir='ltr'>enim</span> <span class='ocrx_word' id='word_1_240' title='bbox 1090 2824 1186 2896; x_wconf 87' lang='lat' dir='ltr'>qui</span> <span class='ocrx_word' id='word_1_241' title='bbox 1225 2825 1496 2879; x_wconf 89' lang='lat' dir='ltr'>esuriunt</span> <span class='ocrx_word' id='word_1_242' title='bbox 1515 2827 1572 2879; x_wconf 91' lang='lat' dir='ltr'>et</span> <span class='ocrx_word' id='word_1_243' title='bbox 1618 2823 1827 2880; x_wconf 91' lang='lat' dir='ltr'>sitiunt</span> 
     </span>
    </p>
   </div>
   <div class='ocr_carea' id='block_1_32' title="bbox 169 2912 1827 2990">
    <p class='ocr_par' dir='ltr' id='par_1_32' title="bbox 169 2912 1827 2990">
     <span class='ocr_line' id='line_1_32' title="bbox 169 2912 1827 2990; baseline -0.004 -17"><span class='ocrx_word' id='word_1_244' title='bbox 169 2913 800 2990; x_wconf 81' lang='lat' dir='ltr'>iustitiam,quoniam</span> <span class='ocrx_word' id='word_1_245' title='bbox 820 2913 933 2986; x_wconf 91' lang='lat' dir='ltr'>ipsi</span> <span class='ocrx_word' id='word_1_246' title='bbox 956 2914 1397 2969; x_wconf 87' lang='lat' dir='ltr'>saturabuntur.</span> <span class='ocrx_word' id='word_1_247' title='bbox 1447 2914 1596 2969; x_wconf 87' lang='lat' dir='ltr'>Sunt</span> <span class='ocrx_word' id='word_1_248' title='bbox 1646 2912 1827 2984; x_wconf 81' lang='lat' dir='ltr'>igitur</span> 
     </span>
    </p>
   </div>
   <div class='ocr_carea' id='block_1_33' title="bbox 172 3001 1823 3078">
    <p class='ocr_par' dir='ltr' id='par_1_33' title="bbox 172 3001 1823 3078">
     <span class='ocr_line' id='line_1_33' title="bbox 172 3001 1823 3078; baseline -0.005 -15"><span class='ocrx_word' id='word_1_249' title='bbox 172 3007 454 3078; x_wconf 77' lang='lat' dir='ltr'>lacryma</span> <span class='ocrx_word' id='word_1_250' title='bbox 478 3020 607 3075; x_wconf 84' lang='lat' dir='ltr'>qua</span> <span class='ocrx_word' id='word_1_251' title='bbox 632 3020 811 3076; x_wconf 89' lang='lat' dir='ltr'>panes</span> <span class='ocrx_word' id='word_1_252' title='bbox 836 3004 994 3072; x_wconf 87' lang='lat' dir='ltr'>sunt,</span> <span class='ocrx_word' id='word_1_253' title='bbox 1019 3006 1077 3057; x_wconf 91' lang='lat' dir='ltr'>et</span> <span class='ocrx_word' id='word_1_254' title='bbox 1111 3001 1461 3057; x_wconf 80' lang='lat' dir='ltr'>confirmant</span> <span class='ocrx_word' id='word_1_255' title='bbox 1481 3018 1578 3058; x_wconf 93' lang='lat' dir='ltr'>cor</span> <span class='ocrx_word' id='word_1_256' title='bbox 1629 3001 1823 3058; x_wconf 83' lang='lat' dir='ltr'>homi—</span> 
     </span>
    </p>
   </div>
   <div class='ocr_carea' id='block_1_34' title="bbox 164 3089 1826 3164">
    <p class='ocr_par' dir='ltr' id='par_1_34' title="bbox 164 3089 1826 3164">
     <span class='ocr_line' id='line_1_34' title="bbox 164 3089 1826 3164; baseline -0.004 -12"><span class='ocrx_word' id='word_1_257' title='bbox 164 3096 295 3153; x_wconf 87' lang='lat' dir='ltr'>nis.</span> <span class='ocrx_word' id='word_1_258' title='bbox 311 3092 415 3151; x_wconf 87' lang='lat' dir='ltr'>Cui</span> <span class='ocrx_word' id='word_1_259' title='bbox 436 3091 820 3164; x_wconf 84' lang='lat' dir='ltr'>disputationi</span> <span class='ocrx_word' id='word_1_260' title='bbox 844 3090 1021 3146; x_wconf 89' lang='lat' dir='ltr'>etiam</span> <span class='ocrx_word' id='word_1_261' title='bbox 1044 3089 1185 3145; x_wconf 90' lang='lat' dir='ltr'>illud</span> <span class='ocrx_word' id='word_1_262' title='bbox 1208 3089 1678 3147; x_wconf 86' lang='lat' dir='ltr'>Ecclesiastieum</span> <span class='ocrx_word' id='word_1_263' title='bbox 1693 3107 1826 3146; x_wconf 91' lang='lat' dir='ltr'>eon-</span> 
     </span>
    </p>
   </div>
   <div class='ocr_carea' id='block_1_35' title="bbox 1868 513 3570 591">
    <p class='ocr_par' dir='ltr' id='par_1_35' title="bbox 1868 513 3570 591">
     <span class='ocr_line' id='line_1_35' title="bbox 1868 513 3570 591; baseline -0.001 -20"><span class='ocrx_word' id='word_1_264' title='bbox 1868 513 1873 517; x_wconf 71' lang='grc'><strong>’</strong></span> <span class='ocrx_word' id='word_1_265' title='bbox 1929 516 2355 584; x_wconf 74' lang='lat' dir='ltr'>exsuliatiouis,</span> <span class='ocrx_word' id='word_1_266' title='bbox 2388 524 2445 574; x_wconf 86' lang='lat' dir='ltr'>et</span> <span class='ocrx_word' id='word_1_267' title='bbox 2473 516 2857 576; x_wconf 84' lang='lat' dir='ltr'>confessionis</span> <span class='ocrx_word' id='word_1_268' title='bbox 2886 517 3115 575; x_wconf 90' lang='lat' dir='ltr'>sonitus</span> <span class='ocrx_word' id='word_1_269' title='bbox 3143 515 3436 591; x_wconf 89' lang='lat' dir='ltr'>epulantis</span> <span class='ocrx_word' id='word_1_270' title='bbox 3491 515 3570 587; x_wconf 94' lang='grc'>(1)</span> 
     </span>
    </p>
   </div>
   <div class='ocr_carea' id='block_1_36' title="bbox 1929 605 3571 681">
    <p class='ocr_par' dir='ltr' id='par_1_36' title="bbox 1929 605 3571 681">
     <span class='ocr_line' id='line_1_36' title="bbox 1929 605 3571 681; baseline -0.002 -20"><span class='ocrx_word' id='word_1_271' title='bbox 1929 605 2111 675; x_wconf 83' lang='lat' dir='ltr'>(Psal.</span> <span class='ocrx_word' id='word_1_272' title='bbox 2143 625 2256 676; x_wconf 78' lang='lat' dir='ltr'>xm,</span> <span class='ocrx_word' id='word_1_273' title='bbox 2285 609 2360 681; x_wconf 87' lang='grc'>5).</span> <span class='ocrx_word' id='word_1_274' title='bbox 2398 631 2424 657; x_wconf 85' lang='grc'><strong>››</strong></span> <span class='ocrx_word' id='word_1_275' title='bbox 2457 609 2581 665; x_wconf 92' lang='lat' dir='ltr'>Non</span> <span class='ocrx_word' id='word_1_276' title='bbox 2605 608 2900 664; x_wconf 89' lang='lat' dir='ltr'>immerito</span> <span class='ocrx_word' id='word_1_277' title='bbox 2925 608 3120 677; x_wconf 87' lang='lat' dir='ltr'>flebat,</span> <span class='ocrx_word' id='word_1_278' title='bbox 3145 605 3424 680; x_wconf 90' lang='lat' dir='ltr'>quoniam</span> <span class='ocrx_word' id='word_1_279' title='bbox 3444 619 3571 659; x_wconf 88' lang='lat' dir='ltr'>ver-</span> 
     </span>
    </p>
   </div>
   <div class='ocr_carea' id='block_1_37' title="bbox 1930 693 3573 766">
    <p class='ocr_par' dir='ltr' id='par_1_37' title="bbox 1930 693 3573 766">
     <span class='ocr_line' id='line_1_37' title="bbox 1930 693 3573 766; baseline -0.002 -14"><span class='ocrx_word' id='word_1_280' title='bbox 1930 700 2156 752; x_wconf 90' lang='lat' dir='ltr'>saretur</span> <span class='ocrx_word' id='word_1_281' title='bbox 2183 696 2242 752; x_wconf 92' lang='lat' dir='ltr'>in</span> <span class='ocrx_word' id='word_1_282' title='bbox 2272 697 2466 766; x_wconf 89' lang='lat' dir='ltr'>terris,</span> <span class='ocrx_word' id='word_1_283' title='bbox 2497 697 2586 753; x_wconf 92' lang='lat' dir='ltr'>cui</span> <span class='ocrx_word' id='word_1_284' title='bbox 2646 697 2904 754; x_wconf 83' lang='lat' dir='ltr'>coelestia</span> <span class='ocrx_word' id='word_1_285' title='bbox 2960 694 3343 754; x_wconf 87' lang='lat' dir='ltr'>tabernacula</span> <span class='ocrx_word' id='word_1_286' title='bbox 3396 693 3573 751; x_wconf 82' lang='lat' dir='ltr'>debe-</span> 
     </span>
    </p>
   </div>
   <div class='ocr_carea' id='block_1_38' title="bbox 1931 782 3572 860">
    <p class='ocr_par' dir='ltr' id='par_1_38' title="bbox 1931 782 3572 860">
     <span class='ocr_line' id='line_1_38' title="bbox 1931 782 3572 860; baseline -0.001 -20"><span class='ocrx_word' id='word_1_287' title='bbox 1931 790 2153 850; x_wconf 75' lang='lat' dir='ltr'>rentur,</span> <span class='ocrx_word' id='word_1_288' title='bbox 2186 791 2242 841; x_wconf 91' lang='lat' dir='ltr'>et</span> <span class='ocrx_word' id='word_1_289' title='bbox 2272 804 2446 858; x_wconf 90' lang='lat' dir='ltr'>quem</span> <span class='ocrx_word' id='word_1_290' title='bbox 2477 786 2621 842; x_wconf 88' lang='lat' dir='ltr'>aula</span> <span class='ocrx_word' id='word_1_291' title='bbox 2653 787 2907 860; x_wconf 88' lang='lat' dir='ltr'>potentis</span> <span class='ocrx_word' id='word_1_292' title='bbox 2947 788 3309 859; x_wconf 85' lang='lat' dir='ltr'>exspectaret</span> <span class='ocrx_word' id='word_1_293' title='bbox 3365 782 3572 840; x_wconf 61' lang='lat' dir='ltr'>introi«</span> 
     </span>
    </p>
   </div>
   <div class='ocr_carea' id='block_1_39' title="bbox 1931 871 3571 949">
    <p class='ocr_par' dir='ltr' id='par_1_39' title="bbox 1931 871 3571 949">
     <span class='ocr_line' id='line_1_39' title="bbox 1931 871 3571 949; baseline -0.001 -21"><span class='ocrx_word' id='word_1_294' title='bbox 1931 877 2053 931; x_wconf 91' lang='lat' dir='ltr'>tus.</span> <span class='ocrx_word' id='word_1_295' title='bbox 2075 875 2336 946; x_wconf 89' lang='lat' dir='ltr'>Denique</span> <span class='ocrx_word' id='word_1_296' title='bbox 2366 874 2529 931; x_wconf 88' lang='lat' dir='ltr'>illam</span> <span class='ocrx_word' id='word_1_297' title='bbox 2561 875 2746 932; x_wconf 90' lang='lat' dir='ltr'>solam</span> <span class='ocrx_word' id='word_1_298' title='bbox 2777 877 3054 932; x_wconf 91' lang='lat' dir='ltr'>omnibus</span> <span class='ocrx_word' id='word_1_299' title='bbox 3079 875 3241 949; x_wconf 88' lang='lat' dir='ltr'>regni</span> <span class='ocrx_word' id='word_1_300' title='bbox 3295 873 3388 930; x_wconf 88' lang='lat' dir='ltr'>sui</span> <span class='ocrx_word' id='word_1_301' title='bbox 3445 871 3571 946; x_wconf 81' lang='lat' dir='ltr'>opi-</span> 
     </span>
    </p>
   </div>
   <div class='ocr_carea' id='block_1_40' title="bbox 1930 960 3571 1036">
    <p class='ocr_par' dir='ltr' id='par_1_40' title="bbox 1930 960 3571 1036">
     <span class='ocr_line' id='line_1_40' title="bbox 1930 960 3571 1036; baseline 0 -19"><span class='ocrx_word' id='word_1_302' title='bbox 1930 962 2042 1018; x_wconf 89' lang='lat' dir='ltr'>bus</span> <span class='ocrx_word' id='word_1_303' title='bbox 2074 963 2430 1035; x_wconf 66' lang='lat' dir='ltr'>praeferebat,</span> <span class='ocrx_word' id='word_1_304' title='bbox 2464 964 2618 1020; x_wconf 88' lang='lat' dir='ltr'>sicut</span> <span class='ocrx_word' id='word_1_305' title='bbox 2644 964 2767 1036; x_wconf 90' lang='lat' dir='ltr'>ipse</span> <span class='ocrx_word' id='word_1_306' title='bbox 2798 964 3144 1021; x_wconf 85' lang='lat' dir='ltr'>testificatus</span> <span class='ocrx_word' id='word_1_307' title='bbox 3174 967 3264 1020; x_wconf 90' lang='lat' dir='ltr'>est</span> <span class='ocrx_word' id='word_1_308' title='bbox 3290 961 3430 1019; x_wconf 87' lang='lat' dir='ltr'>alibi</span> <span class='ocrx_word' id='word_1_309' title='bbox 3481 960 3571 1018; x_wconf 88' lang='lat' dir='ltr'>di-</span> 
     </span>
    </p>
   </div>
   <div class='ocr_carea' id='block_1_41' title="bbox 1931 1052 3574 1126">
    <p class='ocr_par' dir='ltr' id='par_1_41' title="bbox 1931 1052 3574 1126">
     <span class='ocr_line' id='line_1_41' title="bbox 1931 1052 3574 1126; baseline 0 -20"><span class='ocrx_word' id='word_1_310' title='bbox 1931 1068 2067 1108; x_wconf 89' lang='lat' dir='ltr'>cens</span> <span class='ocrx_word' id='word_1_311' title='bbox 2094 1070 2105 1107; x_wconf 92' lang='lat'><strong>:</strong></span> <span class='ocrx_word' id='word_1_312' title='bbox 2144 1074 2171 1101; x_wconf 83' lang='lat'><strong><em>«</em></strong></span> <span class='ocrx_word' id='word_1_313' title='bbox 2204 1052 2389 1108; x_wconf 89' lang='lat' dir='ltr'>Unam</span> <span class='ocrx_word' id='word_1_314' title='bbox 2422 1052 2559 1125; x_wconf 89' lang='lat' dir='ltr'>petii</span> <span class='ocrx_word' id='word_1_315' title='bbox 2590 1069 2623 1107; x_wconf 89' lang='lat' dir='ltr'>a</span> <span class='ocrx_word' id='word_1_316' title='bbox 2653 1053 2920 1122; x_wconf 92' lang='lat' dir='ltr'>Domino,</span> <span class='ocrx_word' id='word_1_317' title='bbox 2953 1053 3105 1109; x_wconf 90' lang='lat' dir='ltr'>hanc</span> <span class='ocrx_word' id='word_1_318' title='bbox 3129 1052 3425 1126; x_wconf 90' lang='lat' dir='ltr'>requiram</span> <span class='ocrx_word' id='word_1_319' title='bbox 3459 1068 3472 1107; x_wconf 88' lang='lat'><strong>:</strong></span> <span class='ocrx_word' id='word_1_320' title='bbox 3507 1054 3574 1107; x_wconf 89' lang='lat' dir='ltr'>ut</span> 
     </span>
    </p>
   </div>
   <div class='ocr_carea' id='block_1_42' title="bbox 1929 1140 3568 1198">
    <p class='ocr_par' dir='ltr' id='par_1_42' title="bbox 1929 1140 3568 1198">
     <span class='ocr_line' id='line_1_42' title="bbox 1929 1140 3568 1198; baseline 0 -2"><span class='ocrx_word' id='word_1_321' title='bbox 1929 1140 2253 1197; x_wconf 86' lang='lat' dir='ltr'>inhabitem</span> <span class='ocrx_word' id='word_1_322' title='bbox 2284 1142 2343 1196; x_wconf 88' lang='lat' dir='ltr'>in</span> <span class='ocrx_word' id='word_1_323' title='bbox 2375 1142 2549 1198; x_wconf 91' lang='lat' dir='ltr'>domo</span> <span class='ocrx_word' id='word_1_324' title='bbox 2580 1141 2813 1198; x_wconf 89' lang='lat' dir='ltr'>Domini</span> <span class='ocrx_word' id='word_1_325' title='bbox 2843 1158 3049 1198; x_wconf 86' lang='lat' dir='ltr'>omnes</span> <span class='ocrx_word' id='word_1_326' title='bbox 3078 1142 3203 1198; x_wconf 90' lang='lat' dir='ltr'>dies</span> <span class='ocrx_word' id='word_1_327' title='bbox 3233 1141 3362 1197; x_wconf 83' lang='lat' dir='ltr'>vita</span> <span class='ocrx_word' id='word_1_328' title='bbox 3422 1157 3568 1196; x_wconf 77' lang='lat' dir='ltr'>mea</span> 
     </span>
    </p>
   </div>
   <div class='ocr_carea' id='block_1_43' title="bbox 1930 1229 3571 1303">
    <p class='ocr_par' dir='ltr' id='par_1_43' title="bbox 1930 1229 3571 1303">
     <span class='ocr_line' id='line_1_43' title="bbox 1930 1229 3571 1303; baseline -0.001 -18"><span class='ocrx_word' id='word_1_329' title='bbox 1930 1232 1985 1285; x_wconf 91' lang='lat' dir='ltr'>et</span> <span class='ocrx_word' id='word_1_330' title='bbox 2017 1235 2082 1284; x_wconf 89' lang='lat' dir='ltr'>ut</span> <span class='ocrx_word' id='word_1_331' title='bbox 2110 1229 2338 1285; x_wconf 88' lang='lat' dir='ltr'>videam</span> <span class='ocrx_word' id='word_1_332' title='bbox 2372 1229 2817 1286; x_wconf 88' lang='lat' dir='ltr'>delectationem</span> <span class='ocrx_word' id='word_1_333' title='bbox 2848 1230 3078 1287; x_wconf 90' lang='lat' dir='ltr'>Domini</span> <span class='ocrx_word' id='word_1_334' title='bbox 3113 1251 3141 1281; x_wconf 83' lang='lat'>»</span> <span class='ocrx_word' id='word_1_335' title='bbox 3189 1231 3360 1303; x_wconf 78' lang='lat' dir='ltr'>(Psat.</span> <span class='ocrx_word' id='word_1_336' title='bbox 3418 1244 3571 1291; x_wconf 77' lang='lat' dir='ltr'><strong>XXVI.</strong></span> 
     </span>
    </p>
   </div>
   <div class='ocr_carea' id='block_1_44' title="bbox 1930 1317 3576 1390">
    <p class='ocr_par' dir='ltr' id='par_1_44' title="bbox 1930 1317 3576 1390">
     <span class='ocr_line' id='line_1_44' title="bbox 1930 1317 3576 1390; baseline 0 -17"><span class='ocrx_word' id='word_1_337' title='bbox 1930 1319 2005 1390; x_wconf 81' lang='grc'>4).</span> <span class='ocrx_word' id='word_1_338' title='bbox 2037 1317 2351 1373; x_wconf 90' lang='lat' dir='ltr'>Delectatio</span> <span class='ocrx_word' id='word_1_339' title='bbox 2382 1318 2613 1375; x_wconf 90' lang='lat' dir='ltr'>Domini</span> <span class='ocrx_word' id='word_1_340' title='bbox 2643 1320 2703 1374; x_wconf 93' lang='lat' dir='ltr'>in</span> <span class='ocrx_word' id='word_1_341' title='bbox 2734 1319 2991 1376; x_wconf 89' lang='lat' dir='ltr'>Ecclesia</span> <span class='ocrx_word' id='word_1_342' title='bbox 3013 1323 3102 1376; x_wconf 88' lang='lat' dir='ltr'>est</span> <span class='ocrx_word' id='word_1_343' title='bbox 3133 1336 3146 1376; x_wconf 90' lang='lat'><strong>:</strong></span> <span class='ocrx_word' id='word_1_344' title='bbox 3179 1317 3438 1376; x_wconf 85' lang='lat' dir='ltr'>Ecclesia</span> <span class='ocrx_word' id='word_1_345' title='bbox 3485 1321 3576 1374; x_wconf 89' lang='lat' dir='ltr'>est</span> 
     </span>
    </p>
   </div>
   <div class='ocr_carea' id='block_1_45' title="bbox 1930 1406 3572 1480">
    <p class='ocr_par' dir='ltr' id='par_1_45' title="bbox 1930 1406 3572 1480">
     <span class='ocr_line' id='line_1_45' title="bbox 1930 1406 3572 1480; baseline 0.001 -19"><span class='ocrx_word' id='word_1_346' title='bbox 1930 1407 2124 1479; x_wconf 86' lang='lat' dir='ltr'>imago</span> <span class='ocrx_word' id='word_1_347' title='bbox 2155 1406 2477 1463; x_wconf 82' lang='lat' dir='ltr'>caelestium</span> <span class='ocrx_word' id='word_1_348' title='bbox 2514 1408 2769 1475; x_wconf 88' lang='lat' dir='ltr'>;etenim</span> <span class='ocrx_word' id='word_1_349' title='bbox 2801 1412 3112 1480; x_wconf 85' lang='lat' dir='ltr'>postquam</span> <span class='ocrx_word' id='word_1_350' title='bbox 3164 1407 3376 1463; x_wconf 89' lang='lat' dir='ltr'>umbra</span> <span class='ocrx_word' id='word_1_351' title='bbox 3427 1423 3572 1479; x_wconf 74' lang='lat' dir='ltr'>pra-</span> 
     </span>
    </p>
   </div>
   <div class='ocr_carea' id='block_1_46' title="bbox 1927 1493 3570 1568">
    <p class='ocr_par' dir='ltr' id='par_1_46' title="bbox 1927 1493 3570 1568">
     <span class='ocr_line' id='line_1_46' title="bbox 1927 1493 3570 1568; baseline -0.001 -18"><span class='ocrx_word' id='word_1_352' title='bbox 1927 1494 2104 1564; x_wconf 86' lang='lat' dir='ltr'>teriit,</span> <span class='ocrx_word' id='word_1_353' title='bbox 2138 1495 2330 1565; x_wconf 89' lang='lat' dir='ltr'>imago</span> <span class='ocrx_word' id='word_1_354' title='bbox 2361 1496 2667 1551; x_wconf 87' lang='lat' dir='ltr'>successit.</span> <span class='ocrx_word' id='word_1_355' title='bbox 2702 1496 2921 1552; x_wconf 84' lang='lat' dir='ltr'>Umbra</span> <span class='ocrx_word' id='word_1_356' title='bbox 2975 1497 3283 1568; x_wconf 83' lang='lat' dir='ltr'>Synagoga</span> <span class='ocrx_word' id='word_1_357' title='bbox 3311 1497 3400 1551; x_wconf 89' lang='lat' dir='ltr'>est</span> <span class='ocrx_word' id='word_1_358' title='bbox 3433 1511 3446 1548; x_wconf 90' lang='lat'><strong>:</strong></span> <span class='ocrx_word' id='word_1_359' title='bbox 3510 1493 3570 1549; x_wconf 90' lang='lat' dir='ltr'>in</span> 
     </span>
    </p>
   </div>
   <div class='ocr_carea' id='block_1_47' title="bbox 1929 1582 3572 1657">
    <p class='ocr_par' dir='ltr' id='par_1_47' title="bbox 1929 1582 3572 1657">
     <span class='ocr_line' id='line_1_47' title="bbox 1929 1582 3572 1657; baseline -0.001 -19"><span class='ocrx_word' id='word_1_360' title='bbox 1929 1584 2138 1639; x_wconf 86' lang='lat' dir='ltr'>umbra</span> <span class='ocrx_word' id='word_1_361' title='bbox 2189 1583 2297 1654; x_wconf 87' lang='lat' dir='ltr'>lex,</span> <span class='ocrx_word' id='word_1_362' title='bbox 2328 1584 2387 1638; x_wconf 90' lang='lat' dir='ltr'>in</span> <span class='ocrx_word' id='word_1_363' title='bbox 2420 1584 2728 1657; x_wconf 88' lang='lat' dir='ltr'>Evangelio</span> <span class='ocrx_word' id='word_1_364' title='bbox 2760 1583 2991 1641; x_wconf 90' lang='lat' dir='ltr'>veritas.</span> <span class='ocrx_word' id='word_1_365' title='bbox 3026 1585 3158 1641; x_wconf 87' lang='lat' dir='ltr'>ldeo</span> <span class='ocrx_word' id='word_1_366' title='bbox 3187 1584 3248 1639; x_wconf 91' lang='lat' dir='ltr'>in</span> <span class='ocrx_word' id='word_1_367' title='bbox 3279 1582 3572 1656; x_wconf 81' lang='lat' dir='ltr'>Evangelii</span> 
     </span>
    </p>
   </div>
   <div class='ocr_carea' id='block_1_48' title="bbox 1928 1670 3575 1745">
    <p class='ocr_par' dir='ltr' id='par_1_48' title="bbox 1928 1670 3575 1745">
     <span class='ocr_line' id='line_1_48' title="bbox 1928 1670 3575 1745; baseline 0.001 -20"><span class='ocrx_word' id='word_1_368' title='bbox 1928 1670 2151 1727; x_wconf 89' lang='lat' dir='ltr'>lumine</span> <span class='ocrx_word' id='word_1_369' title='bbox 2181 1672 2440 1728; x_wconf 86' lang='lat' dir='ltr'>veritatis</span> <span class='ocrx_word' id='word_1_370' title='bbox 2490 1672 2684 1745; x_wconf 89' lang='lat' dir='ltr'>imago</span> <span class='ocrx_word' id='word_1_371' title='bbox 2734 1672 3086 1745; x_wconf 86' lang='lat' dir='ltr'>resplendet.</span> <span class='ocrx_word' id='word_1_372' title='bbox 3143 1670 3345 1729; x_wconf 83' lang='lat' dir='ltr'>Flebat</span> <span class='ocrx_word' id='word_1_373' title='bbox 3393 1671 3575 1744; x_wconf 86' lang='lat' dir='ltr'>igitur</span> 
     </span>
    </p>
   </div>
   <div class='ocr_carea' id='block_1_49' title="bbox 1928 1759 3576 1836">
    <p class='ocr_par' dir='ltr' id='par_1_49' title="bbox 1928 1759 3576 1836">
     <span class='ocr_line' id='line_1_49' title="bbox 1928 1759 3576 1836; baseline 0 -21"><span class='ocrx_word' id='word_1_374' title='bbox 1928 1759 2218 1833; x_wconf 90' lang='lat' dir='ltr'>Propheta</span> <span class='ocrx_word' id='word_1_375' title='bbox 2251 1779 2264 1827; x_wconf 90' lang='lat'><strong>;</strong></span> <span class='ocrx_word' id='word_1_376' title='bbox 2296 1761 2437 1833; x_wconf 91' lang='lat' dir='ltr'>quia</span> <span class='ocrx_word' id='word_1_377' title='bbox 2466 1760 2886 1817; x_wconf 79' lang='lat' dir='ltr'>diiferebantur</span> <span class='ocrx_word' id='word_1_378' title='bbox 2914 1760 3088 1835; x_wconf 90' lang='lat' dir='ltr'>plena</span> <span class='ocrx_word' id='word_1_379' title='bbox 3115 1760 3316 1836; x_wconf 84' lang='lat' dir='ltr'>gratia</span> <span class='ocrx_word' id='word_1_380' title='bbox 3343 1760 3499 1817; x_wconf 88' lang='lat' dir='ltr'>bona</span> <span class='ocrx_word' id='word_1_381' title='bbox 3517 1761 3576 1817; x_wconf 85' lang='lat' dir='ltr'>et</span> 
     </span>
    </p>
   </div>
   <div class='ocr_carea' id='block_1_50' title="bbox 1928 1849 2398 1906">
    <p class='ocr_par' dir='ltr' id='par_1_50' title="bbox 1928 1849 2398 1906">
     <span class='ocr_line' id='line_1_50' title="bbox 1928 1849 2398 1906; baseline 0.004 -2"><span class='ocrx_word' id='word_1_382' title='bbox 1928 1849 2140 1905; x_wconf 89' lang='lat' dir='ltr'>referta</span> <span class='ocrx_word' id='word_1_383' title='bbox 2168 1849 2398 1906; x_wconf 84' lang='lat' dir='ltr'>latitia.</span> 
     </span>
    </p>
   </div>
   <div class='ocr_carea' id='block_1_51' title="bbox 2571 1940 2951 1996">
    <p class='ocr_par' dir='ltr' id='par_1_51' title="bbox 2571 1940 2951 1996">
     <span class='ocr_line' id='line_1_51' title="bbox 2571 1940 2951 1996; baseline 0 0"><span class='ocrx_word' id='word_1_384' title='bbox 2571 1940 2803 1996; x_wconf 88' lang='lat' dir='ltr'>CAPUT</span> <span class='ocrx_word' id='word_1_385' title='bbox 2858 1940 2951 1996; x_wconf 86' lang='grc' dir='ltr'>ΙΙΙ.</span> 
     </span>
    </p>
   </div>
   <div class='ocr_carea' id='block_1_52' title="bbox 1927 2028 3575 2100">
    <p class='ocr_par' dir='ltr' id='par_1_52' title="bbox 1927 2028 3575 2100">
     <span class='ocr_line' id='line_1_52' title="bbox 1927 2028 3575 2100; baseline -0.001 -16"><span class='ocrx_word' id='word_1_386' title='bbox 1927 2029 2047 2084; x_wconf 88' lang='grc' dir='ltr'>Νοη</span> <span class='ocrx_word' id='word_1_387' title='bbox 2076 2029 2282 2083; x_wconf 85' lang='lat' dir='ltr'>mirum</span> <span class='ocrx_word' id='word_1_388' title='bbox 2308 2031 2363 2084; x_wconf 82' lang='lat' dir='ltr'>si</span> <span class='ocrx_word' id='word_1_389' title='bbox 2387 2029 2565 2085; x_wconf 81' lang='lat' dir='ltr'>David</span> <span class='ocrx_word' id='word_1_390' title='bbox 2593 2028 2758 2100; x_wconf 65' lang='lat' dir='ltr'>hujus</span> <span class='ocrx_word' id='word_1_391' title='bbox 2780 2031 2908 2085; x_wconf 65' lang='lat' dir='ltr'>vita</span> <span class='ocrx_word' id='word_1_392' title='bbox 2932 2029 3115 2097; x_wconf 84' lang='lat' dir='ltr'>malis,</span> <span class='ocrx_word' id='word_1_393' title='bbox 3148 2031 3201 2083; x_wconf 87' lang='lat' dir='ltr'>et</span> <span class='ocrx_word' id='word_1_394' title='bbox 3229 2029 3280 2084; x_wconf 79' lang='lat' dir='ltr'>si</span> <span class='ocrx_word' id='word_1_395' title='bbox 3321 2028 3575 2084; x_wconf 73' lang='lat' dir='ltr'>consola-</span> 
     </span>
    </p>
   </div>
   <div class='ocr_carea' id='block_1_53' title="bbox 1999 2100 3576 2169">
    <p class='ocr_par' dir='ltr' id='par_1_53' title="bbox 1999 2100 3576 2169">
     <span class='ocr_line' id='line_1_53' title="bbox 1999 2100 3576 2169; baseline 0.001 -16"><span class='ocrx_word' id='word_1_396' title='bbox 1999 2100 2146 2154; x_wconf 83' lang='lat' dir='ltr'>tione</span> <span class='ocrx_word' id='word_1_397' title='bbox 2168 2116 2272 2154; x_wconf 75' lang='lat' dir='ltr'>sua</span> <span class='ocrx_word' id='word_1_398' title='bbox 2300 2102 2528 2156; x_wconf 86' lang='lat' dir='ltr'>minime</span> <span class='ocrx_word' id='word_1_399' title='bbox 2556 2104 2801 2167; x_wconf 84' lang='lat' dir='ltr'>careant,</span> <span class='ocrx_word' id='word_1_400' title='bbox 2844 2100 3093 2156; x_wconf 77' lang='lat' dir='ltr'>turbatus</span> <span class='ocrx_word' id='word_1_401' title='bbox 3146 2101 3240 2156; x_wconf 75' lang='lat' dir='ltr'>sit.</span> <span class='ocrx_word' id='word_1_402' title='bbox 3289 2116 3414 2155; x_wconf 84' lang='lat' dir='ltr'>cum</span> <span class='ocrx_word' id='word_1_403' title='bbox 3459 2100 3576 2169; x_wconf 77' lang='lat' dir='ltr'>ipse</span> 
     </span>
    </p>
   </div>
   <div class='ocr_carea' id='block_1_54' title="bbox 2003 2170 3576 2243">
    <p class='ocr_par' dir='ltr' id='par_1_54' title="bbox 2003 2170 3576 2243">
     <span class='ocr_line' id='line_1_54' title="bbox 2003 2170 3576 2243; baseline 0.001 -19"><span class='ocrx_word' id='word_1_404' title='bbox 2003 2170 2247 2227; x_wconf 76' lang='lat' dir='ltr'>Christus</span> <span class='ocrx_word' id='word_1_405' title='bbox 2275 2173 2373 2243; x_wconf 83' lang='lat' dir='ltr'>qui</span> <span class='ocrx_word' id='word_1_406' title='bbox 2400 2175 2627 2226; x_wconf 84' lang='lat' dir='ltr'>mortem</span> <span class='ocrx_word' id='word_1_407' title='bbox 2653 2172 2857 2227; x_wconf 78' lang='lat' dir='ltr'>subivit</span> <span class='ocrx_word' id='word_1_408' title='bbox 2901 2172 3294 2243; x_wconf 82' lang='lat' dir='ltr'>voluntariam,</span> <span class='ocrx_word' id='word_1_409' title='bbox 3356 2171 3576 2225; x_wconf 80' lang='lat' dir='ltr'>turben</span> 
     </span>
    </p>
   </div>
   <div class='ocr_carea' id='block_1_55' title="bbox 2000 2242 3577 2313">
    <p class='ocr_par' dir='ltr' id='par_1_55' title="bbox 2000 2242 3577 2313">
     <span class='ocr_line' id='line_1_55' title="bbox 2000 2242 3577 2313; baseline 0 -17"><span class='ocrx_word' id='word_1_410' title='bbox 2000 2243 2254 2313; x_wconf 60' lang='lat' dir='ltr'>voluerit.</span> <span class='ocrx_word' id='word_1_411' title='bbox 2284 2242 2333 2298; x_wconf 81' lang='lat' dir='ltr'>et</span> <span class='ocrx_word' id='word_1_412' title='bbox 2364 2259 2467 2313; x_wconf 84' lang='lat' dir='ltr'>quo</span> <span class='ocrx_word' id='word_1_413' title='bbox 2497 2258 2661 2313; x_wconf 77' lang='lat' dir='ltr'>sensa</span> <span class='ocrx_word' id='word_1_414' title='bbox 2688 2244 2785 2298; x_wconf 86' lang='lat' dir='ltr'>hoc</span> <span class='ocrx_word' id='word_1_415' title='bbox 2810 2242 3246 2312; x_wconf 82' lang='lat' dir='ltr'>intelligendum.</span> <span class='ocrx_word' id='word_1_416' title='bbox 3279 2245 3423 2297; x_wconf 84' lang='lat' dir='ltr'>Item</span> <span class='ocrx_word' id='word_1_417' title='bbox 3444 2257 3577 2313; x_wconf 87' lang='lat' dir='ltr'>qua-</span> 
     </span>
    </p>
   </div>
   <div class='ocr_carea' id='block_1_56' title="bbox 2002 2310 3578 2440">
    <p class='ocr_par' dir='ltr' id='par_1_56' title="bbox 2002 2310 3578 2440">
     <span class='ocr_line' id='line_1_56' title="bbox 2002 2310 3578 2440; baseline 0.001 -73"><span class='ocrx_word' id='word_1_418' title='bbox 2002 2328 2062 2438; x_wconf 54' lang='lat' dir='ltr'>:le</span> <span class='ocrx_word' id='word_1_419' title='bbox 2089 2310 2208 2440; x_wconf 59' lang='lat' dir='ltr'>alsz</span> <span class='ocrx_word' id='word_1_420' title='bbox 2235 2313 2350 2439; x_wconf 48' lang='lat' dir='ltr'>{Ioco</span> <span class='ocrx_word' id='word_1_421' title='bbox 2372 2310 2488 2370; x_wconf 66' lang='lat' dir='ltr'>han</span> <span class='ocrx_word' id='word_1_422' title='bbox 2518 2312 2797 2369; x_wconf 83' lang='lat' dir='ltr'>conﬁteor</span> <span class='ocrx_word' id='word_1_423' title='bbox 2823 2314 2924 2370; x_wconf 77' lang='lat' dir='ltr'>sed</span> <span class='ocrx_word' id='word_1_424' title='bbox 2947 2310 3268 2369; x_wconf 80' lang='lat' dir='ltr'>confitebor</span> <span class='ocrx_word' id='word_1_425' title='bbox 3305 2310 3578 2385; x_wconf 81' lang='lat' dir='ltr'>Propheta</span> 
     </span>
     <span class='ocr_line' id='line_1_57' title="bbox 2042 2401 2183 2439; baseline 0.007 -1"><span class='ocrx_word' id='word_1_426' title='bbox 2042 2401 2183 2439; x_wconf 63' lang='lat' dir='ltr'>meri</span> 
     </span>
    </p>
   </div>
   <div class='ocr_carea' id='block_1_57' title="bbox 2002 2472 3575 2545">
    <p class='ocr_par' dir='ltr' id='par_1_57' title="bbox 2002 2472 3575 2545">
     <span class='ocr_line' id='line_1_58' title="bbox 2002 2472 3575 2545; baseline -0.001 -17"><span class='ocrx_word' id='word_1_427' title='bbox 2002 2472 2089 2528; x_wconf 78' lang='grc'>10.</span> <span class='ocrx_word' id='word_1_428' title='bbox 2124 2473 2386 2545; x_wconf 89' lang='lat' dir='ltr'>Denique</span> <span class='ocrx_word' id='word_1_429' title='bbox 2413 2476 2470 2528; x_wconf 90' lang='lat' dir='ltr'>et</span> <span class='ocrx_word' id='word_1_430' title='bbox 2500 2472 2557 2528; x_wconf 89' lang='lat' dir='ltr'>in</span> <span class='ocrx_word' id='word_1_431' title='bbox 2590 2472 3009 2545; x_wconf 89' lang='lat' dir='ltr'>posterioribus</span> <span class='ocrx_word' id='word_1_432' title='bbox 3039 2472 3217 2530; x_wconf 92' lang='lat' dir='ltr'>dicit:</span> <span class='ocrx_word' id='word_1_433' title='bbox 3251 2495 3281 2523; x_wconf 91' lang='grc'>‹‹</span> <span class='ocrx_word' id='word_1_434' title='bbox 3312 2472 3437 2530; x_wconf 84' lang='lat' dir='ltr'>Heu</span> <span class='ocrx_word' id='word_1_435' title='bbox 3459 2487 3575 2541; x_wconf 90' lang='lat' dir='ltr'>me,</span> 
     </span>
    </p>
   </div>
   <div class='ocr_carea' id='block_1_58' title="bbox 1934 2560 3575 2635">
    <p class='ocr_par' dir='ltr' id='par_1_58' title="bbox 1934 2560 3575 2635">
     <span class='ocr_line' id='line_1_59' title="bbox 1934 2560 3575 2635; baseline 0 -19"><span class='ocrx_word' id='word_1_436' title='bbox 1934 2561 2075 2633; x_wconf 90' lang='lat' dir='ltr'>quia</span> <span class='ocrx_word' id='word_1_437' title='bbox 2102 2561 2391 2617; x_wconf 90' lang='lat' dir='ltr'>iucolatus</span> <span class='ocrx_word' id='word_1_438' title='bbox 2415 2579 2581 2617; x_wconf 90' lang='lat' dir='ltr'>meus</span> <span class='ocrx_word' id='word_1_439' title='bbox 2612 2560 2995 2635; x_wconf 89' lang='lat' dir='ltr'>prolongatus</span> <span class='ocrx_word' id='word_1_440' title='bbox 3054 2566 3144 2618; x_wconf 89' lang='lat' dir='ltr'>est</span> <span class='ocrx_word' id='word_1_441' title='bbox 3190 2562 3363 2635; x_wconf 78' lang='lat' dir='ltr'>(Psal.</span> <span class='ocrx_word' id='word_1_442' title='bbox 3422 2578 3575 2628; x_wconf 68' lang='lat' dir='ltr'>cxxx,</span> 
     </span>
    </p>
   </div>
   <div class='ocr_carea' id='block_1_59' title="bbox 1931 2649 3578 2723">
    <p class='ocr_par' dir='ltr' id='par_1_59' title="bbox 1931 2649 3578 2723">
     <span class='ocr_line' id='line_1_60' title="bbox 1931 2649 3578 2723; baseline 0.001 -19"><span class='ocrx_word' id='word_1_443' title='bbox 1931 2652 1986 2721; x_wconf 89' lang='grc'>5)</span> <span class='ocrx_word' id='word_1_444' title='bbox 2020 2650 2033 2704; x_wconf 87' lang='lat' dir='ltr'>l</span> <span class='ocrx_word' id='word_1_445' title='bbox 2070 2673 2099 2699; x_wconf 84' lang='lat'><strong><em>»</em></strong></span> <span class='ocrx_word' id='word_1_446' title='bbox 2134 2650 2201 2705; x_wconf 90' lang='lat' dir='ltr'>Et</span> <span class='ocrx_word' id='word_1_447' title='bbox 2231 2651 2358 2706; x_wconf 88' lang='lat' dir='ltr'>ideo</span> <span class='ocrx_word' id='word_1_448' title='bbox 2390 2649 2801 2723; x_wconf 86' lang='lat' dir='ltr'>interpellabat</span> <span class='ocrx_word' id='word_1_449' title='bbox 2825 2650 3163 2719; x_wconf 91' lang='lat' dir='ltr'>Dominum,</span> <span class='ocrx_word' id='word_1_450' title='bbox 3195 2651 3341 2723; x_wconf 83' lang='lat' dir='ltr'>quia</span> <span class='ocrx_word' id='word_1_451' title='bbox 3362 2649 3434 2706; x_wconf 87' lang='lat' dir='ltr'>ad</span> <span class='ocrx_word' id='word_1_452' title='bbox 3457 2666 3578 2705; x_wconf 88' lang='lat' dir='ltr'>me-</span> 
     </span>
    </p>
   </div>
   <div class='ocr_carea' id='block_1_60' title="bbox 1933 2734 3580 2812">
    <p class='ocr_par' dir='ltr' id='par_1_60' title="bbox 1933 2734 3580 2812">
     <span class='ocr_line' id='line_1_61' title="bbox 1933 2734 3580 2812; baseline 0.001 -19"><span class='ocrx_word' id='word_1_453' title='bbox 1933 2738 2080 2794; x_wconf 89' lang='lat' dir='ltr'>liora</span> <span class='ocrx_word' id='word_1_454' title='bbox 2123 2734 2489 2811; x_wconf 85' lang='lat' dir='ltr'>properabat.</span> <span class='ocrx_word' id='word_1_455' title='bbox 2527 2739 2589 2795; x_wconf 90' lang='lat' dir='ltr'>In</span> <span class='ocrx_word' id='word_1_456' title='bbox 2649 2739 2795 2812; x_wconf 92' lang='lat' dir='ltr'>ipsis</span> <span class='ocrx_word' id='word_1_457' title='bbox 2851 2742 3045 2796; x_wconf 90' lang='lat' dir='ltr'>tamen</span> <span class='ocrx_word' id='word_1_458' title='bbox 3104 2738 3580 2795; x_wconf 83' lang='lat' dir='ltr'>alﬂictationibus</span> 
     </span>
    </p>
   </div>
   <div class='ocr_carea' id='block_1_61' title="bbox 1935 2826 3581 2900">
    <p class='ocr_par' dir='ltr' id='par_1_61' title="bbox 1935 2826 3581 2900">
     <span class='ocr_line' id='line_1_62' title="bbox 1935 2826 3581 2900; baseline 0.001 -17"><span class='ocrx_word' id='word_1_459' title='bbox 1935 2826 2131 2883; x_wconf 88' lang='lat' dir='ltr'>saculi</span> <span class='ocrx_word' id='word_1_460' title='bbox 2155 2844 2366 2900; x_wconf 86' lang='lat' dir='ltr'>magna</span> <span class='ocrx_word' id='word_1_461' title='bbox 2387 2831 2539 2884; x_wconf 89' lang='lat' dir='ltr'>esset</span> <span class='ocrx_word' id='word_1_462' title='bbox 2562 2827 2883 2884; x_wconf 89' lang='lat' dir='ltr'>consolatio</span> <span class='ocrx_word' id='word_1_463' title='bbox 2902 2827 3304 2900; x_wconf 86' lang='lat' dir='ltr'>prasentium,</span> <span class='ocrx_word' id='word_1_464' title='bbox 3330 2844 3466 2900; x_wconf 88' lang='lat' dir='ltr'>spes</span> <span class='ocrx_word' id='word_1_465' title='bbox 3481 2826 3581 2884; x_wconf 88' lang='lat' dir='ltr'>fu-</span> 
     </span>
    </p>
   </div>
   <div class='ocr_carea' id='block_1_62' title="bbox 1934 2914 3578 2989">
    <p class='ocr_par' dir='ltr' id='par_1_62' title="bbox 1934 2914 3578 2989">
     <span class='ocr_line' id='line_1_63' title="bbox 1934 2914 3578 2989; baseline 0.001 -18"><span class='ocrx_word' id='word_1_466' title='bbox 1934 2920 2225 2972; x_wconf 89' lang='lat' dir='ltr'>turorum.</span> <span class='ocrx_word' id='word_1_467' title='bbox 2254 2916 2394 2983; x_wconf 83' lang='lat' dir='ltr'>Quis</span> <span class='ocrx_word' id='word_1_468' title='bbox 2415 2916 2572 2972; x_wconf 90' lang='lat' dir='ltr'>enim</span> <span class='ocrx_word' id='word_1_469' title='bbox 2599 2933 2714 2971; x_wconf 92' lang='lat' dir='ltr'>non</span> <span class='ocrx_word' id='word_1_470' title='bbox 2738 2916 2986 2989; x_wconf 87' lang='lat' dir='ltr'>erigeret</span> <span class='ocrx_word' id='word_1_471' title='bbox 3006 2916 3293 2983; x_wconf 86' lang='lat' dir='ltr'>animum,</span> <span class='ocrx_word' id='word_1_472' title='bbox 3321 2914 3424 2989; x_wconf 88' lang='lat' dir='ltr'>qui</span> <span class='ocrx_word' id='word_1_473' title='bbox 3445 2932 3578 2989; x_wconf 84' lang='lat' dir='ltr'>pos-</span> 
     </span>
    </p>
   </div>
   <div class='ocr_carea' id='block_1_63' title="bbox 1935 3003 3581 3077">
    <p class='ocr_par' dir='ltr' id='par_1_63' title="bbox 1935 3003 3581 3077">
     <span class='ocr_line' id='line_1_64' title="bbox 1935 3003 3581 3077; baseline 0 -16"><span class='ocrx_word' id='word_1_474' title='bbox 1935 3009 2021 3061; x_wconf 90' lang='lat' dir='ltr'>set</span> <span class='ocrx_word' id='word_1_475' title='bbox 2039 3021 2273 3077; x_wconf 88' lang='lat' dir='ltr'>sperare</span> <span class='ocrx_word' id='word_1_476' title='bbox 2291 3004 2349 3059; x_wconf 92' lang='lat' dir='ltr'>in</span> <span class='ocrx_word' id='word_1_477' title='bbox 2370 3004 2743 3060; x_wconf 88' lang='lat' dir='ltr'>tabernaculo</span> <span class='ocrx_word' id='word_1_478' title='bbox 2767 3003 2982 3061; x_wconf 81' lang='lat' dir='ltr'>calesti</span> <span class='ocrx_word' id='word_1_479' title='bbox 3004 3005 3176 3061; x_wconf 89' lang='lat' dir='ltr'>beata</span> <span class='ocrx_word' id='word_1_480' title='bbox 3191 3003 3293 3061; x_wconf 84' lang='lat' dir='ltr'>illa</span> <span class='ocrx_word' id='word_1_481' title='bbox 3313 3004 3426 3061; x_wconf 90' lang='lat' dir='ltr'>sibi</span> <span class='ocrx_word' id='word_1_482' title='bbox 3441 3020 3581 3061; x_wconf 92' lang='lat' dir='ltr'>con-</span> 
     </span>
    </p>
   </div>
   <div class='ocr_carea' id='block_1_64' title="bbox 1934 3092 3582 3166">
    <p class='ocr_par' dir='ltr' id='par_1_64' title="bbox 1934 3092 3582 3166">
     <span class='ocr_line' id='line_1_65' title="bbox 1934 3092 3582 3166; baseline -0.001 -16"><span class='ocrx_word' id='word_1_483' title='bbox 1934 3095 2116 3150; x_wconf 91' lang='lat' dir='ltr'>sortia</span> <span class='ocrx_word' id='word_1_484' title='bbox 2145 3095 2298 3151; x_wconf 72' lang='lat'>642</span> <span class='ocrx_word' id='word_1_485' title='bbox 2332 3094 2631 3149; x_wconf 91' lang='lat' dir='ltr'>reservari.</span> <span class='ocrx_word' id='word_1_486' title='bbox 2666 3094 2776 3149; x_wconf 91' lang='lat' dir='ltr'>Sed</span> <span class='ocrx_word' id='word_1_487' title='bbox 2819 3094 2959 3166; x_wconf 88' lang='lat' dir='ltr'>quia</span> <span class='ocrx_word' id='word_1_488' title='bbox 2989 3093 3205 3149; x_wconf 80' lang='lat' dir='ltr'>inﬁma</span> <span class='ocrx_word' id='word_1_489' title='bbox 3262 3092 3582 3151; x_wconf 87' lang='lat' dir='ltr'>conditioni</span> 
     </span>
    </p>
   </div>
   <div class='ocr_carea' id='block_1_65' title="bbox 163 3166 3579 3256">
    <p class='ocr_par' dir='ltr' id='par_1_65' title="bbox 163 3166 3579 3256">
     <span class='ocr_line' id='line_1_66' title="bbox 163 3166 3579 3256; baseline -0.001 -15"><span class='ocrx_word' id='word_1_490' title='bbox 163 3183 579 3241; x_wconf 85' lang='lat' dir='ltr'>venitdictum</span> <span class='ocrx_word' id='word_1_491' title='bbox 605 3197 661 3234; x_wconf 61' lang='grc' dir='ltr'>ειη</span> <span class='ocrx_word' id='word_1_492' title='bbox 682 3181 843 3235; x_wconf 88' lang='lat' dir='ltr'>Mitte</span> <span class='ocrx_word' id='word_1_493' title='bbox 865 3196 1074 3252; x_wconf 88' lang='lat' dir='ltr'>panem</span> <span class='ocrx_word' id='word_1_494' title='bbox 1096 3184 1263 3235; x_wconf 92' lang='lat' dir='ltr'>tuum</span> <span class='ocrx_word' id='word_1_495' title='bbox 1281 3184 1413 3234; x_wconf 89' lang='lat' dir='ltr'>ante</span> <span class='ocrx_word' id='word_1_496' title='bbox 1429 3178 1634 3234; x_wconf 80' lang='lat' dir='ltr'>faciem</span> <span class='ocrx_word' id='word_1_497' title='bbox 1660 3196 1822 3252; x_wconf 86' lang='lat' dir='ltr'>aqua</span> <span class='ocrx_word' id='word_1_498' title='bbox 1855 3166 1898 3232; x_wconf 83' lang='lat' dir='ltr'><strong>C</strong></span> <span class='ocrx_word' id='word_1_499' title='bbox 1936 3183 2283 3256; x_wconf 90' lang='lat' dir='ltr'>plerumque</span> <span class='ocrx_word' id='word_1_500' title='bbox 2313 3183 2509 3237; x_wconf 88' lang='lat' dir='ltr'>futura</span> <span class='ocrx_word' id='word_1_501' title='bbox 2540 3181 2709 3237; x_wconf 82' lang='lat' dir='ltr'>tadio</span> <span class='ocrx_word' id='word_1_502' title='bbox 2739 3186 2897 3250; x_wconf 90' lang='lat' dir='ltr'>sunt,</span> <span class='ocrx_word' id='word_1_503' title='bbox 2931 3180 3239 3254; x_wconf 85' lang='lat' dir='ltr'>prasentia</span> <span class='ocrx_word' id='word_1_504' title='bbox 3266 3181 3579 3249; x_wconf 87' lang='lat' dir='ltr'>vexationi;</span> 
     </span>
    </p>
   </div>
   <div class='ocr_carea' id='block_1_66' title="bbox 160 3267 1825 3348">
    <p class='ocr_par' dir='ltr' id='par_1_66' title="bbox 160 3267 1825 3348">
     <span class='ocr_line' id='line_1_67' title="bbox 160 3267 1825 3348; baseline -0.004 -19"><span class='ocrx_word' id='word_1_505' title='bbox 160 3269 730 3348; x_wconf 80' lang='lat' dir='ltr'>(Eccle.x1,l);»quia</span> <span class='ocrx_word' id='word_1_506' title='bbox 750 3268 825 3324; x_wconf 87' lang='lat' dir='ltr'>ibi</span> <span class='ocrx_word' id='word_1_507' title='bbox 843 3267 1011 3340; x_wconf 89' lang='lat' dir='ltr'>panis</span> <span class='ocrx_word' id='word_1_508' title='bbox 1026 3267 1399 3333; x_wconf 79' lang='lat' dir='ltr'>calestis,uhi</span> <span class='ocrx_word' id='word_1_509' title='bbox 1416 3284 1568 3339; x_wconf 87' lang='lat' dir='ltr'>aqua</span> <span class='ocrx_word' id='word_1_510' title='bbox 1587 3268 1785 3341; x_wconf 88' lang='lat' dir='ltr'>gratia</span> <span class='ocrx_word' id='word_1_511' title='bbox 1811 3292 1825 3334; x_wconf 88' lang='lat'><strong>;</strong></span> 
     </span>
    </p>
   </div>
   <div class='ocr_carea' id='block_1_67' title="bbox 164 3355 1827 3436">
    <p class='ocr_par' dir='ltr' id='par_1_67' title="bbox 164 3355 1827 3436">
     <span class='ocr_line' id='line_1_68' title="bbox 164 3355 1827 3436; baseline -0.004 -18"><span class='ocrx_word' id='word_1_512' title='bbox 164 3359 461 3436; x_wconf 89' lang='lat' dir='ltr'>quoniam</span> <span class='ocrx_word' id='word_1_513' title='bbox 482 3362 632 3414; x_wconf 91' lang='lat' dir='ltr'>recte</span> <span class='ocrx_word' id='word_1_514' title='bbox 655 3357 954 3430; x_wconf 90' lang='lat' dir='ltr'>accipiunt</span> <span class='ocrx_word' id='word_1_515' title='bbox 974 3356 1373 3413; x_wconf 83' lang='lat' dir='ltr'>substantiam</span> <span class='ocrx_word' id='word_1_516' title='bbox 1393 3355 1573 3421; x_wconf 81' lang='lat' dir='ltr'>verbi,</span> <span class='ocrx_word' id='word_1_517' title='bbox 1596 3360 1651 3412; x_wconf 91' lang='lat' dir='ltr'>et</span> <span class='ocrx_word' id='word_1_518' title='bbox 1672 3372 1827 3428; x_wconf 77' lang='lat' dir='ltr'>mys-</span> 
     </span>
    </p>
   </div>
   <div class='ocr_carea' id='block_1_68' title="bbox 163 3443 1828 3516">
    <p class='ocr_par' dir='ltr' id='par_1_68' title="bbox 163 3443 1828 3516">
     <span class='ocr_line' id='line_1_69' title="bbox 163 3443 1828 3516; baseline -0.005 -8"><span class='ocrx_word' id='word_1_519' title='bbox 163 3451 305 3508; x_wconf 83' lang='lat' dir='ltr'>tica</span> <span class='ocrx_word' id='word_1_520' title='bbox 327 3446 569 3504; x_wconf 86' lang='lat' dir='ltr'>rationis</span> <span class='ocrx_word' id='word_1_521' title='bbox 590 3445 965 3513; x_wconf 87' lang='lat' dir='ltr'>alimentum,</span> <span class='ocrx_word' id='word_1_522' title='bbox 993 3444 1208 3515; x_wconf 90' lang='lat' dir='ltr'>quibus</span> <span class='ocrx_word' id='word_1_523' title='bbox 1232 3443 1475 3500; x_wconf 86' lang='lat' dir='ltr'>flumina</span> <span class='ocrx_word' id='word_1_524' title='bbox 1514 3461 1677 3516; x_wconf 88' lang='lat' dir='ltr'>aqua</span> <span class='ocrx_word' id='word_1_525' title='bbox 1699 3444 1828 3500; x_wconf 89' lang='lat' dir='ltr'>vita</span> 
     </span>
    </p>
   </div>
   <div class='ocr_carea' id='block_1_69' title="bbox 1935 3269 3581 3343">
    <p class='ocr_par' dir='ltr' id='par_1_69' title="bbox 1935 3269 3581 3343">
     <span class='ocr_line' id='line_1_70' title="bbox 1935 3269 3581 3343; baseline 0 -16"><span class='ocrx_word' id='word_1_526' title='bbox 1935 3272 2064 3329; x_wconf 91' lang='lat' dir='ltr'>ideo</span> <span class='ocrx_word' id='word_1_527' title='bbox 2113 3276 2170 3327; x_wconf 92' lang='lat' dir='ltr'>et</span> <span class='ocrx_word' id='word_1_528' title='bbox 2226 3271 2412 3327; x_wconf 88' lang='lat' dir='ltr'>sancti</span> <span class='ocrx_word' id='word_1_529' title='bbox 2472 3270 2768 3342; x_wconf 87' lang='lat' dir='ltr'>Propheta</span> <span class='ocrx_word' id='word_1_530' title='bbox 2817 3269 3263 3343; x_wconf 86' lang='lat' dir='ltr'>insurgentibus</span> <span class='ocrx_word' id='word_1_531' title='bbox 3320 3269 3581 3342; x_wconf 84' lang='lat' dir='ltr'>corporis</span> 
     </span>
    </p>
   </div>
   <div class='ocr_carea' id='block_1_70' title="bbox 1935 3354 2831 3416">
    <p class='ocr_par' dir='ltr' id='par_1_70' title="bbox 1935 3354 2831 3416">
     <span class='ocr_line' id='line_1_71' title="bbox 1935 3354 2831 3416; baseline -0.003 -2"><span class='ocrx_word' id='word_1_532' title='bbox 1935 3359 2215 3416; x_wconf 85' lang='lat' dir='ltr'>ﬂuctibus</span> <span class='ocrx_word' id='word_1_533' title='bbox 2243 3358 2439 3413; x_wconf 92' lang='lat' dir='ltr'>anima</span> <span class='ocrx_word' id='word_1_534' title='bbox 2465 3354 2831 3414; x_wconf 86' lang='lat' dir='ltr'>turbabatur.</span> 
     </span>
    </p>
   </div>
   <div class='ocr_carea' id='block_1_71' title="bbox 2012 3444 3580 3518">
    <p class='ocr_par' dir='ltr' id='par_1_71' title="bbox 2012 3444 3580 3518">
     <span class='ocr_line' id='line_1_72' title="bbox 2012 3444 3580 3518; baseline -0.001 -15"><span class='ocrx_word' id='word_1_535' title='bbox 2012 3450 2101 3503; x_wconf 92' lang='grc'>11.</span> <span class='ocrx_word' id='word_1_536' title='bbox 2133 3447 2276 3503; x_wconf 89' lang='lat' dir='ltr'>Nolo</span> <span class='ocrx_word' id='word_1_537' title='bbox 2307 3446 2463 3502; x_wconf 91' lang='lat' dir='ltr'>enim</span> <span class='ocrx_word' id='word_1_538' title='bbox 2493 3446 2724 3501; x_wconf 90' lang='lat' dir='ltr'>mireris</span> <span class='ocrx_word' id='word_1_539' title='bbox 2746 3446 2795 3501; x_wconf 93' lang='lat' dir='ltr'>si</span> <span class='ocrx_word' id='word_1_540' title='bbox 2823 3445 3110 3518; x_wconf 84' lang='lat' dir='ltr'>Propheta</span> <span class='ocrx_word' id='word_1_541' title='bbox 3128 3444 3387 3501; x_wconf 87' lang='lat' dir='ltr'>animam</span> <span class='ocrx_word' id='word_1_542' title='bbox 3409 3460 3580 3502; x_wconf 83' lang='lat' dir='ltr'>suam</span> 
     </span>
    </p>
   </div>
   <div class='ocr_carea' id='block_1_72' title="bbox 166 3532 3588 3618">
    <p class='ocr_par' dir='ltr' id='par_1_72' title="bbox 166 3532 3588 3618">
     <span class='ocr_line' id='line_1_73' title="bbox 166 3532 3588 3618; baseline -0.002 -22"><span class='ocrx_word' id='word_1_543' title='bbox 166 3541 249 3596; x_wconf 87' lang='lat' dir='ltr'>de</span> <span class='ocrx_word' id='word_1_544' title='bbox 270 3540 471 3594; x_wconf 89' lang='lat' dir='ltr'>ventre</span> <span class='ocrx_word' id='word_1_545' title='bbox 496 3535 797 3591; x_wconf 87' lang='lat' dir='ltr'>labuntur.</span> <span class='ocrx_word' id='word_1_546' title='bbox 817 3533 1103 3590; x_wconf 89' lang='lat' dir='ltr'>Similiter</span> <span class='ocrx_word' id='word_1_547' title='bbox 1124 3549 1360 3606; x_wconf 87' lang='lat' dir='ltr'>quoque</span> <span class='ocrx_word' id='word_1_548' title='bbox 1388 3532 1470 3589; x_wconf 91' lang='lat' dir='ltr'>ibi</span> <span class='ocrx_word' id='word_1_549' title='bbox 1516 3532 1686 3606; x_wconf 90' lang='lat' dir='ltr'>panis</span> <span class='ocrx_word' id='word_1_550' title='bbox 1737 3533 1832 3589; x_wconf 92' lang='lat' dir='ltr'>hic</span> <span class='ocrx_word' id='word_1_551' title='bbox 1940 3536 2082 3592; x_wconf 89' lang='lat' dir='ltr'>dicit</span> <span class='ocrx_word' id='word_1_552' title='bbox 2110 3551 2238 3593; x_wconf 90' lang='lat' dir='ltr'>esse</span> <span class='ocrx_word' id='word_1_553' title='bbox 2267 3535 2642 3607; x_wconf 84' lang='lat' dir='ltr'>exagitatam,</span> <span class='ocrx_word' id='word_1_554' title='bbox 2675 3550 2809 3589; x_wconf 90' lang='lat' dir='ltr'>cum</span> <span class='ocrx_word' id='word_1_555' title='bbox 2853 3533 3064 3590; x_wconf 83' lang='lat' dir='ltr'>dixerit</span> <span class='ocrx_word' id='word_1_556' title='bbox 3118 3534 3245 3618; x_wconf 74' lang='lat' dir='ltr'>ipse</span> <span class='ocrx_word' id='word_1_557' title='bbox 3298 3532 3588 3591; x_wconf 88' lang='lat' dir='ltr'>Dominus</span> 
     </span>
    </p>
   </div>
   <div class='ocr_carea' id='block_1_73' title="bbox 166 3622 1830 3698">
    <p class='ocr_par' dir='ltr' id='par_1_73' title="bbox 166 3622 1830 3698">
     <span class='ocr_line' id='line_1_74' title="bbox 166 3622 1830 3698; baseline -0.005 -14"><span class='ocrx_word' id='word_1_558' title='bbox 166 3628 372 3693; x_wconf 80' lang='lat' dir='ltr'>vivus,</span> <span class='ocrx_word' id='word_1_559' title='bbox 396 3624 495 3681; x_wconf 90' lang='lat' dir='ltr'>ubi</span> <span class='ocrx_word' id='word_1_560' title='bbox 518 3641 671 3698; x_wconf 88' lang='lat' dir='ltr'>aqua</span> <span class='ocrx_word' id='word_1_561' title='bbox 690 3622 1106 3693; x_wconf 84' lang='lat' dir='ltr'>lacrymarum,</span> <span class='ocrx_word' id='word_1_562' title='bbox 1132 3626 1187 3679; x_wconf 87' lang='lat' dir='ltr'>et</span> <span class='ocrx_word' id='word_1_563' title='bbox 1222 3627 1391 3679; x_wconf 82' lang='lat' dir='ltr'>ﬂetus</span> <span class='ocrx_word' id='word_1_564' title='bbox 1411 3626 1503 3679; x_wconf 88' lang='lat' dir='ltr'>est</span> <span class='ocrx_word' id='word_1_565' title='bbox 1552 3623 1830 3696; x_wconf 84' lang='lat' dir='ltr'>paniten-</span> 
     </span>
    </p>
   </div>
   <div class='ocr_carea' id='block_1_74' title="bbox 1940 3624 3587 3694">
    <p class='ocr_par' dir='ltr' id='par_1_74' title="bbox 1940 3624 3587 3694">
     <span class='ocr_line' id='line_1_75' title="bbox 1940 3624 3587 3694; baseline -0.001 -12"><span class='ocrx_word' id='word_1_566' title='bbox 1940 3627 2116 3682; x_wconf 87' lang='lat' dir='ltr'>Jesus</span> <span class='ocrx_word' id='word_1_567' title='bbox 2148 3643 2161 3681; x_wconf 88' lang='lat'>:</span> <span class='ocrx_word' id='word_1_568' title='bbox 2196 3648 2221 3674; x_wconf 90' lang='grc'><strong>‹‹</strong></span> <span class='ocrx_word' id='word_1_569' title='bbox 2257 3625 2423 3680; x_wconf 85' lang='lat' dir='ltr'>Nune</span> <span class='ocrx_word' id='word_1_570' title='bbox 2453 3624 2652 3679; x_wconf 88' lang='lat' dir='ltr'>anima</span> <span class='ocrx_word' id='word_1_571' title='bbox 2681 3640 2810 3678; x_wconf 87' lang='lat' dir='ltr'>mea</span> <span class='ocrx_word' id='word_1_572' title='bbox 2837 3624 3075 3679; x_wconf 88' lang='lat' dir='ltr'>turbata</span> <span class='ocrx_word' id='word_1_573' title='bbox 3103 3626 3193 3680; x_wconf 90' lang='lat' dir='ltr'>est</span> <span class='ocrx_word' id='word_1_574' title='bbox 3238 3627 3426 3694; x_wconf 78' lang='lat' dir='ltr'>(Joan.</span> <span class='ocrx_word' id='word_1_575' title='bbox 3486 3641 3587 3693; x_wconf 78' lang='lat' dir='ltr'>xu,</span> 
     </span>
    </p>
   </div>
   <div class='ocr_carea' id='block_1_75' title="bbox 173 3710 3596 3785">
    <p class='ocr_par' dir='ltr' id='par_1_75' title="bbox 173 3710 3596 3785">
     <span class='ocr_line' id='line_1_76' title="bbox 173 3710 3596 3785; baseline -0.002 -11"><span class='ocrx_word' id='word_1_576' title='bbox 173 3719 296 3774; x_wconf 84' lang='lat' dir='ltr'>tia.</span> <span class='ocrx_word' id='word_1_577' title='bbox 321 3715 413 3770; x_wconf 84' lang='lat' dir='ltr'>Sic</span> <span class='ocrx_word' id='word_1_578' title='bbox 432 3714 588 3770; x_wconf 90' lang='lat' dir='ltr'>enim</span> <span class='ocrx_word' id='word_1_579' title='bbox 613 3713 897 3785; x_wconf 90' lang='lat' dir='ltr'>scriptum</span> <span class='ocrx_word' id='word_1_580' title='bbox 922 3716 1046 3768; x_wconf 89' lang='lat' dir='ltr'>est:</span> <span class='ocrx_word' id='word_1_581' title='bbox 1074 3734 1102 3761; x_wconf 93' lang='grc'><strong>‹‹</strong></span> <span class='ocrx_word' id='word_1_582' title='bbox 1127 3712 1190 3767; x_wconf 92' lang='lat' dir='ltr'>In</span> <span class='ocrx_word' id='word_1_583' title='bbox 1219 3711 1357 3767; x_wconf 85' lang='lat' dir='ltr'>ﬂetu</span> <span class='ocrx_word' id='word_1_584' title='bbox 1381 3711 1667 3778; x_wconf 87' lang='lat' dir='ltr'>exierunt,</span> <span class='ocrx_word' id='word_1_585' title='bbox 1699 3716 1755 3767; x_wconf 91' lang='lat' dir='ltr'>et</span> <span class='ocrx_word' id='word_1_586' title='bbox 1775 3711 1835 3767; x_wconf 91' lang='lat' dir='ltr'>in</span> <span class='ocrx_word' id='word_1_587' title='bbox 1943 3716 2056 3785; x_wconf 86' lang='lat'>27).</span> <span class='ocrx_word' id='word_1_588' title='bbox 2097 3736 2123 3763; x_wconf 78' lang='lat' dir='ltr'>n</span> <span class='ocrx_word' id='word_1_589' title='bbox 2155 3712 2262 3780; x_wconf 89' lang='lat' dir='ltr'>Qui</span> <span class='ocrx_word' id='word_1_590' title='bbox 2293 3712 2448 3766; x_wconf 92' lang='lat' dir='ltr'>enim</span> <span class='ocrx_word' id='word_1_591' title='bbox 2481 3710 2741 3784; x_wconf 89' lang='lat' dir='ltr'>suscepit</span> <span class='ocrx_word' id='word_1_592' title='bbox 2770 3711 3142 3768; x_wconf 82' lang='lat' dir='ltr'>infirmitates</span> <span class='ocrx_word' id='word_1_593' title='bbox 3186 3715 3438 3781; x_wconf 84' lang='lat' dir='ltr'>nostras,</span> <span class='ocrx_word' id='word_1_594' title='bbox 3498 3729 3596 3769; x_wconf 88' lang='lat' dir='ltr'>uo-</span> 
     </span>
    </p>
   </div>
   <div class='ocr_carea' id='block_1_76' title="bbox 178 3800 3596 3875">
    <p class='ocr_par' dir='ltr' id='par_1_76' title="bbox 178 3800 3596 3875">
     <span class='ocr_line' id='line_1_77' title="bbox 178 3800 3596 3875; baseline -0.001 -12"><span class='ocrx_word' id='word_1_595' title='bbox 178 3803 590 3863; x_wconf 89' lang='lat' dir='ltr'>eonsolatione</span> <span class='ocrx_word' id='word_1_596' title='bbox 606 3801 886 3857; x_wconf 90' lang='lat' dir='ltr'>revocabo</span> <span class='ocrx_word' id='word_1_597' title='bbox 906 3817 1005 3856; x_wconf 91' lang='lat' dir='ltr'>eos</span> <span class='ocrx_word' id='word_1_598' title='bbox 1026 3804 1255 3870; x_wconf 87' lang='lat' dir='ltr'>(Jerem.</span> <span class='ocrx_word' id='word_1_599' title='bbox 1276 3818 1430 3865; x_wconf 75' lang='lat' dir='ltr'>XXXI,</span> <span class='ocrx_word' id='word_1_600' title='bbox 1471 3800 1547 3872; x_wconf 85' lang='lat'>9).</span> <span class='ocrx_word' id='word_1_601' title='bbox 1602 3823 1629 3849; x_wconf 84' lang='lat'>»</span> <span class='ocrx_word' id='word_1_602' title='bbox 1678 3800 1837 3856; x_wconf 86' lang='lat' dir='ltr'>Beati</span> <span class='ocrx_word' id='word_1_603' title='bbox 1949 3810 2138 3860; x_wconf 90' lang='lat' dir='ltr'>strum</span> <span class='ocrx_word' id='word_1_604' title='bbox 2172 3818 2405 3874; x_wconf 89' lang='lat' dir='ltr'>quoque</span> <span class='ocrx_word' id='word_1_605' title='bbox 2434 3800 2695 3874; x_wconf 87' lang='lat' dir='ltr'>suscepit</span> <span class='ocrx_word' id='word_1_606' title='bbox 2725 3800 3018 3871; x_wconf 75' lang='lat' dir='ltr'>affectum,</span> <span class='ocrx_word' id='word_1_607' title='bbox 3053 3801 3111 3858; x_wconf 92' lang='lat' dir='ltr'>in</span> <span class='ocrx_word' id='word_1_608' title='bbox 3159 3818 3275 3875; x_wconf 93' lang='lat' dir='ltr'>quo</span> <span class='ocrx_word' id='word_1_609' title='bbox 3304 3806 3363 3859; x_wconf 85' lang='lat' dir='ltr'>et</span> <span class='ocrx_word' id='word_1_610' title='bbox 3410 3801 3596 3859; x_wconf 87' lang='lat' dir='ltr'>tristis</span> 
     </span>
    </p>
   </div>
   <div class='ocr_carea' id='block_1_77' title="bbox 180 3889 1838 3968">
    <p class='ocr_par' dir='ltr' id='par_1_77' title="bbox 180 3889 1838 3968">
     <span class='ocr_line' id='line_1_78' title="bbox 180 3889 1838 3968; baseline -0.006 -15"><span class='ocrx_word' id='word_1_611' title='bbox 180 3911 329 3968; x_wconf 86' lang='lat' dir='ltr'>ergo</span> <span class='ocrx_word' id='word_1_612' title='bbox 353 3908 607 3965; x_wconf 89' lang='lat' dir='ltr'>quorum</span> <span class='ocrx_word' id='word_1_613' title='bbox 630 3890 898 3965; x_wconf 84' lang='lat' dir='ltr'>lacryma</span> <span class='ocrx_word' id='word_1_614' title='bbox 921 3906 1121 3963; x_wconf 90' lang='lat' dir='ltr'>panes,</span> <span class='ocrx_word' id='word_1_615' title='bbox 1142 3889 1241 3961; x_wconf 89' lang='lat' dir='ltr'>qui</span> <span class='ocrx_word' id='word_1_616' title='bbox 1264 3889 1454 3945; x_wconf 88' lang='lat' dir='ltr'>ridere</span> <span class='ocrx_word' id='word_1_617' title='bbox 1478 3894 1838 3956; x_wconf 87' lang='lat' dir='ltr'>meruerunt,</span> 
     </span>
    </p>
   </div>
   <div class='ocr_carea' id='block_1_78' title="bbox 185 3977 847 4057">
    <p class='ocr_par' dir='ltr' id='par_1_78' title="bbox 185 3977 847 4057">
     <span class='ocr_line' id='line_1_79' title="bbox 185 3977 847 4057; baseline -0.008 -17"><span class='ocrx_word' id='word_1_618' title='bbox 185 3982 339 4057; x_wconf 86' lang='lat' dir='ltr'>quia</span> <span class='ocrx_word' id='word_1_619' title='bbox 361 3980 516 4037; x_wconf 89' lang='lat' dir='ltr'>beati</span> <span class='ocrx_word' id='word_1_620' title='bbox 548 3978 648 4051; x_wconf 88' lang='lat' dir='ltr'>qui</span> <span class='ocrx_word' id='word_1_621' title='bbox 680 3977 847 4035; x_wconf 84' lang='lat' dir='ltr'>ﬂetis.</span> 
     </span>
    </p>
   </div>
   <div class='ocr_carea' id='block_1_79' title="bbox 263 4064 1847 4138">
    <p class='ocr_par' dir='ltr' id='par_1_79' title="bbox 263 4064 1847 4138">
     <span class='ocr_line' id='line_1_80' title="bbox 263 4064 1847 4138; baseline -0.004 -13"><span class='ocrx_word' id='word_1_622' title='bbox 263 4072 321 4125; x_wconf 92' lang='lat'>8.</span> <span class='ocrx_word' id='word_1_623' title='bbox 362 4090 390 4118; x_wconf 88' lang='grc'>‹‹</span> <span class='ocrx_word' id='word_1_624' title='bbox 420 4067 637 4123; x_wconf 86' lang='lat' dir='ltr'>Horum</span> <span class='ocrx_word' id='word_1_625' title='bbox 669 4083 913 4135; x_wconf 89' lang='lat' dir='ltr'>memor,</span> <span class='ocrx_word' id='word_1_626' title='bbox 948 4065 1161 4138; x_wconf 88' lang='lat' dir='ltr'>inquit,</span> <span class='ocrx_word' id='word_1_627' title='bbox 1189 4064 1367 4120; x_wconf 74' lang='lat' dir='ltr'>ell&#39;udi</span> <span class='ocrx_word' id='word_1_628' title='bbox 1397 4081 1574 4138; x_wconf 88' lang='lat' dir='ltr'>super</span> <span class='ocrx_word' id='word_1_629' title='bbox 1604 4081 1697 4119; x_wconf 90' lang='lat' dir='ltr'>me</span> <span class='ocrx_word' id='word_1_630' title='bbox 1728 4064 1847 4119; x_wconf 85' lang='lat' dir='ltr'>ani-</span> 
     </span>
    </p>
   </div>
   <div class='ocr_carea' id='block_1_80' title="bbox 1157 4153 1846 4225">
    <p class='ocr_par' dir='ltr' id='par_1_80' title="bbox 1157 4153 1846 4225">
     <span class='ocr_line' id='line_1_81' title="bbox 1157 4153 1846 4225; baseline -0.006 -16"><span class='ocrx_word' id='word_1_631' title='bbox 1157 4159 1402 4209; x_wconf 89' lang='lat' dir='ltr'>Sanctus</span> <span class='ocrx_word' id='word_1_632' title='bbox 1459 4153 1679 4225; x_wconf 90' lang='lat' dir='ltr'>colligit</span> <span class='ocrx_word' id='word_1_633' title='bbox 1735 4154 1846 4224; x_wconf 77' lang='lat'>(98)</span> 
     </span>
    </p>
   </div>
   <div class='ocr_carea' id='block_1_81' title="bbox 187 4155 1098 4227">
    <p class='ocr_par' dir='ltr' id='par_1_81' title="bbox 187 4155 1098 4227">
     <span class='ocr_line' id='line_1_82' title="bbox 187 4155 1098 4227; baseline -0.012 -11"><span class='ocrx_word' id='word_1_634' title='bbox 187 4175 357 4216; x_wconf 86' lang='lat' dir='ltr'>mam</span> <span class='ocrx_word' id='word_1_635' title='bbox 390 4172 581 4212; x_wconf 88' lang='lat' dir='ltr'>meam</span> <span class='ocrx_word' id='word_1_636' title='bbox 613 4156 782 4227; x_wconf 71' lang='lat' dir='ltr'>(Psal.</span> <span class='ocrx_word' id='word_1_637' title='bbox 817 4173 930 4221; x_wconf 77' lang='lat' dir='ltr'>xm,</span> <span class='ocrx_word' id='word_1_638' title='bbox 961 4155 1040 4226; x_wconf 84' lang='lat'>5).</span> <span class='ocrx_word' id='word_1_639' title='bbox 1077 4178 1098 4205; x_wconf 73' lang='grc' dir='ltr'><strong><em>ι</em></strong></span> 
     </span>
    </p>
   </div>
   <div class='ocr_carea' id='block_1_82' title="bbox 1950 3892 3600 3964">
    <p class='ocr_par' dir='ltr' id='par_1_82' title="bbox 1950 3892 3600 3964">
     <span class='ocr_line' id='line_1_83' title="bbox 1950 3892 3600 3964; baseline 0 -17"><span class='ocrx_word' id='word_1_640' title='bbox 1950 3897 2074 3948; x_wconf 89' lang='lat' dir='ltr'>erat</span> <span class='ocrx_word' id='word_1_641' title='bbox 2105 3908 2288 3963; x_wconf 89' lang='lat' dir='ltr'>usque</span> <span class='ocrx_word' id='word_1_642' title='bbox 2319 3892 2390 3946; x_wconf 87' lang='lat' dir='ltr'>ad</span> <span class='ocrx_word' id='word_1_643' title='bbox 2424 3894 2696 3959; x_wconf 88' lang='lat' dir='ltr'>mortem,</span> <span class='ocrx_word' id='word_1_644' title='bbox 2722 3907 2837 3947; x_wconf 91' lang='lat' dir='ltr'>non</span> <span class='ocrx_word' id='word_1_645' title='bbox 2858 3894 3096 3964; x_wconf 88' lang='lat' dir='ltr'>propter</span> <span class='ocrx_word' id='word_1_646' title='bbox 3115 3894 3363 3947; x_wconf 90' lang='lat' dir='ltr'>mortem</span> <span class='ocrx_word' id='word_1_647' title='bbox 3396 3915 3412 3960; x_wconf 86' lang='lat'><strong>;</strong></span> <span class='ocrx_word' id='word_1_648' title='bbox 3440 3907 3600 3947; x_wconf 87' lang='lat' dir='ltr'>mors</span> 
     </span>
    </p>
   </div>
   <div class='ocr_carea' id='block_1_83' title="bbox 1953 3976 3602 4050">
    <p class='ocr_par' dir='ltr' id='par_1_83' title="bbox 1953 3976 3602 4050">
     <span class='ocr_line' id='line_1_84' title="bbox 1953 3976 3602 4050; baseline -0.001 -15"><span class='ocrx_word' id='word_1_649' title='bbox 1953 3980 2112 4035; x_wconf 90' lang='lat' dir='ltr'>enim</span> <span class='ocrx_word' id='word_1_650' title='bbox 2143 3978 2477 4033; x_wconf 91' lang='lat' dir='ltr'>voluntaria</span> <span class='ocrx_word' id='word_1_651' title='bbox 2506 3976 2845 4033; x_wconf 82' lang='lat' dir='ltr'>mastitiam</span> <span class='ocrx_word' id='word_1_652' title='bbox 2872 3978 3087 4034; x_wconf 90' lang='lat' dir='ltr'>habere</span> <span class='ocrx_word' id='word_1_653' title='bbox 3116 3994 3233 4033; x_wconf 88' lang='lat' dir='ltr'>non</span> <span class='ocrx_word' id='word_1_654' title='bbox 3262 3982 3509 4050; x_wconf 84' lang='lat' dir='ltr'>poterat,</span> <span class='ocrx_word' id='word_1_655' title='bbox 3540 3977 3602 4034; x_wconf 90' lang='lat' dir='ltr'>in</span> 
     </span>
    </p>
   </div>
   <div class='ocr_carea' id='block_1_84' title="bbox 1954 4065 3604 4140">
    <p class='ocr_par' dir='ltr' id='par_1_84' title="bbox 1954 4065 3604 4140">
     <span class='ocr_line' id='line_1_85' title="bbox 1954 4065 3604 4140; baseline -0.001 -17"><span class='ocrx_word' id='word_1_656' title='bbox 1954 4086 2071 4140; x_wconf 87' lang='lat' dir='ltr'>qua</span> <span class='ocrx_word' id='word_1_657' title='bbox 2106 4068 2301 4123; x_wconf 85' lang='lat' dir='ltr'>futura</span> <span class='ocrx_word' id='word_1_658' title='bbox 2335 4071 2459 4122; x_wconf 86' lang='lat' dir='ltr'>erat</span> <span class='ocrx_word' id='word_1_659' title='bbox 2483 4065 2892 4121; x_wconf 89' lang='lat' dir='ltr'>universorum</span> <span class='ocrx_word' id='word_1_660' title='bbox 2918 4065 3140 4132; x_wconf 86' lang='lat' dir='ltr'>latitia,</span> <span class='ocrx_word' id='word_1_661' title='bbox 3199 4066 3604 4123; x_wconf 86' lang='lat' dir='ltr'>universorum</span> 
     </span>
    </p>
   </div>
   <div class='ocr_carea' id='block_1_85' title="bbox 1957 4153 3607 4226">
    <p class='ocr_par' dir='ltr' id='par_1_85' title="bbox 1957 4153 3607 4226">
     <span class='ocr_line' id='line_1_86' title="bbox 1957 4153 3607 4226; baseline -0.001 -14"><span class='ocrx_word' id='word_1_662' title='bbox 1957 4157 2210 4212; x_wconf 80' lang='lat' dir='ltr'>refectio.</span> <span class='ocrx_word' id='word_1_663' title='bbox 2249 4156 2326 4209; x_wconf 92' lang='lat' dir='ltr'>De</span> <span class='ocrx_word' id='word_1_664' title='bbox 2357 4171 2475 4226; x_wconf 88' lang='lat' dir='ltr'>qua</span> <span class='ocrx_word' id='word_1_665' title='bbox 2504 4158 2564 4208; x_wconf 89' lang='lat' dir='ltr'>et</span> <span class='ocrx_word' id='word_1_666' title='bbox 2594 4153 2730 4208; x_wconf 90' lang='lat' dir='ltr'>alibi</span> <span class='ocrx_word' id='word_1_667' title='bbox 2761 4153 2907 4208; x_wconf 79' lang='lat' dir='ltr'>dixit</span> <span class='ocrx_word' id='word_1_668' title='bbox 2942 4171 2954 4208; x_wconf 92' lang='lat'><strong>:</strong></span> <span class='ocrx_word' id='word_1_669' title='bbox 2995 4173 3017 4201; x_wconf 76' lang='grc' dir='ltr'>ι</span> <span class='ocrx_word' id='word_1_670' title='bbox 3048 4153 3113 4208; x_wconf 89' lang='lat' dir='ltr'>Et</span> <span class='ocrx_word' id='word_1_671' title='bbox 3142 4153 3387 4222; x_wconf 85' lang='lat' dir='ltr'>surrexi,</span> <span class='ocrx_word' id='word_1_672' title='bbox 3420 4157 3478 4210; x_wconf 87' lang='lat' dir='ltr'>et</span> <span class='ocrx_word' id='word_1_673' title='bbox 3529 4153 3607 4210; x_wconf 85' lang='lat' dir='ltr'>vi-</span> 
     </span>
    </p>
   </div>
   <div class='ocr_carea' id='block_1_86' title="bbox 189 4241 3603 4317">
    <p class='ocr_par' dir='ltr' id='par_1_86' title="bbox 189 4241 3603 4317">
     <span class='ocr_line' id='line_1_87' title="bbox 189 4241 3603 4317; baseline -0.002 -13"><span class='ocrx_word' id='word_1_674' title='bbox 189 4250 269 4305; x_wconf 90' lang='lat' dir='ltr'>ab</span> <span class='ocrx_word' id='word_1_675' title='bbox 301 4246 395 4302; x_wconf 88' lang='lat' dir='ltr'>his</span> <span class='ocrx_word' id='word_1_676' title='bbox 426 4263 553 4317; x_wconf 83' lang='lat' dir='ltr'>qua</span> <span class='ocrx_word' id='word_1_677' title='bbox 587 4244 726 4299; x_wconf 85' lang='lat' dir='ltr'>foris</span> <span class='ocrx_word' id='word_1_678' title='bbox 758 4248 917 4313; x_wconf 89' lang='lat' dir='ltr'>sunt,</span> <span class='ocrx_word' id='word_1_679' title='bbox 953 4248 1010 4299; x_wconf 88' lang='lat' dir='ltr'>et</span> <span class='ocrx_word' id='word_1_680' title='bbox 1039 4261 1219 4315; x_wconf 86' lang='lat' dir='ltr'>supra</span> <span class='ocrx_word' id='word_1_681' title='bbox 1251 4259 1312 4298; x_wconf 87' lang='lat' dir='ltr'>se</span> <span class='ocrx_word' id='word_1_682' title='bbox 1342 4242 1547 4298; x_wconf 77' lang='lat' dir='ltr'>elfudit</span> <span class='ocrx_word' id='word_1_683' title='bbox 1589 4241 1847 4297; x_wconf 89' lang='lat' dir='ltr'>animam</span> <span class='ocrx_word' id='word_1_684' title='bbox 1958 4246 2036 4310; x_wconf 90' lang='lat' dir='ltr'>di,</span> <span class='ocrx_word' id='word_1_685' title='bbox 2070 4248 2127 4301; x_wconf 89' lang='lat' dir='ltr'>et</span> <span class='ocrx_word' id='word_1_686' title='bbox 2159 4260 2404 4300; x_wconf 90' lang='lat' dir='ltr'>somnus</span> <span class='ocrx_word' id='word_1_687' title='bbox 2436 4241 2625 4297; x_wconf 91' lang='lat' dir='ltr'>dulcis</span> <span class='ocrx_word' id='word_1_688' title='bbox 2655 4242 2845 4297; x_wconf 83' lang='lat' dir='ltr'>factus</span> <span class='ocrx_word' id='word_1_689' title='bbox 2878 4246 2968 4297; x_wconf 91' lang='lat' dir='ltr'>est</span> <span class='ocrx_word' id='word_1_690' title='bbox 2998 4241 3143 4296; x_wconf 90' lang='lat' dir='ltr'>mihi</span> <span class='ocrx_word' id='word_1_691' title='bbox 3175 4242 3392 4314; x_wconf 71' lang='lat' dir='ltr'>(larem.</span> <span class='ocrx_word' id='word_1_692' title='bbox 3452 4260 3603 4308; x_wconf 76' lang='lat' dir='ltr'>xxxi,</span> 
     </span>
    </p>
   </div>
   <div class='ocr_carea' id='block_1_87' title="bbox 191 4322 3609 4404">
    <p class='ocr_par' dir='ltr' id='par_1_87' title="bbox 191 4322 3609 4404">
     <span class='ocr_line' id='line_1_88' title="bbox 191 4322 3609 4404; baseline -0.001 -13"><span class='ocrx_word' id='word_1_693' title='bbox 191 4352 371 4392; x_wconf 89' lang='lat' dir='ltr'>suam</span> <span class='ocrx_word' id='word_1_694' title='bbox 399 4339 497 4401; x_wconf 92' lang='lat' dir='ltr'>;ut</span> <span class='ocrx_word' id='word_1_695' title='bbox 527 4332 727 4387; x_wconf 90' lang='lat' dir='ltr'>anima</span> <span class='ocrx_word' id='word_1_696' title='bbox 757 4349 936 4404; x_wconf 88' lang='lat' dir='ltr'>supra</span> <span class='ocrx_word' id='word_1_697' title='bbox 965 4348 1176 4403; x_wconf 88' lang='lat' dir='ltr'>corpus</span> <span class='ocrx_word' id='word_1_698' title='bbox 1209 4330 1394 4386; x_wconf 86' lang='lat' dir='ltr'>elfusa</span> <span class='ocrx_word' id='word_1_699' title='bbox 1445 4330 1847 4386; x_wconf 77' lang='lat' dir='ltr'>infirmitatem</span> <span class='ocrx_word' id='word_1_700' title='bbox 1958 4336 2070 4403; x_wconf 83' lang='lat'>26).</span> <span class='ocrx_word' id='word_1_701' title='bbox 2104 4358 2130 4383; x_wconf 74' lang='grc' dir='ltr'><strong>η</strong></span> <span class='ocrx_word' id='word_1_702' title='bbox 2168 4338 2359 4387; x_wconf 84' lang='lat' dir='ltr'>Bonus</span> <span class='ocrx_word' id='word_1_703' title='bbox 2392 4348 2636 4386; x_wconf 83' lang='lat' dir='ltr'>somnus</span> <span class='ocrx_word' id='word_1_704' title='bbox 2661 4322 2761 4402; x_wconf 88' lang='lat' dir='ltr'>qui</span> <span class='ocrx_word' id='word_1_705' title='bbox 2796 4329 2931 4385; x_wconf 90' lang='lat' dir='ltr'>fecit</span> <span class='ocrx_word' id='word_1_706' title='bbox 2960 4347 3073 4385; x_wconf 90' lang='lat' dir='ltr'>non</span> <span class='ocrx_word' id='word_1_707' title='bbox 3107 4330 3330 4387; x_wconf 89' lang='lat' dir='ltr'>esurire</span> <span class='ocrx_word' id='word_1_708' title='bbox 3351 4330 3609 4387; x_wconf 87' lang='lat' dir='ltr'>esurien-</span> 
     </span>
    </p>
   </div>
   <div class='ocr_carea' id='block_1_88' title="bbox 191 4418 1851 4493">
    <p class='ocr_par' dir='ltr' id='par_1_88' title="bbox 191 4418 1851 4493">
     <span class='ocr_line' id='line_1_89' title="bbox 191 4418 1851 4493; baseline -0.005 -13"><span class='ocrx_word' id='word_1_709' title='bbox 191 4422 396 4482; x_wconf 84' lang='lat' dir='ltr'>carnis</span> <span class='ocrx_word' id='word_1_710' title='bbox 428 4422 769 4487; x_wconf 86' lang='lat' dir='ltr'>abscondat,</span> <span class='ocrx_word' id='word_1_711' title='bbox 806 4424 962 4493; x_wconf 88' lang='lat' dir='ltr'>tegat</span> <span class='ocrx_word' id='word_1_712' title='bbox 986 4420 1246 4491; x_wconf 88' lang='lat' dir='ltr'>corporis</span> <span class='ocrx_word' id='word_1_713' title='bbox 1289 4418 1400 4489; x_wconf 75' lang='lat'>(99)</span> <span class='ocrx_word' id='word_1_714' title='bbox 1433 4419 1502 4473; x_wconf 90' lang='lat' dir='ltr'>ad</span> <span class='ocrx_word' id='word_1_715' title='bbox 1566 4418 1851 4490; x_wconf 80' lang='lat' dir='ltr'>poeniten-</span> 
     </span>
    </p>
   </div>
   <div class='ocr_carea' id='block_1_89' title="bbox 1960 4419 3605 4500">
    <p class='ocr_par' dir='ltr' id='par_1_89' title="bbox 1960 4419 3605 4500">
     <span class='ocr_line' id='line_1_90' title="bbox 1960 4419 3605 4500; baseline -0.002 -20"><span class='ocrx_word' id='word_1_716' title='bbox 1960 4429 2067 4489; x_wconf 83' lang='lat' dir='ltr'>tes,</span> <span class='ocrx_word' id='word_1_717' title='bbox 2103 4440 2215 4477; x_wconf 92' lang='lat' dir='ltr'>non</span> <span class='ocrx_word' id='word_1_718' title='bbox 2250 4421 2410 4476; x_wconf 85' lang='lat' dir='ltr'>sitire</span> <span class='ocrx_word' id='word_1_719' title='bbox 2471 4419 2761 4486; x_wconf 86' lang='lat' dir='ltr'>sitientes,</span> <span class='ocrx_word' id='word_1_720' title='bbox 2823 4419 3046 4491; x_wconf 91' lang='lat' dir='ltr'>quibus</span> <span class='ocrx_word' id='word_1_721' title='bbox 3105 4423 3605 4500; x_wconf 67' lang='lat' dir='ltr'>sacramentorum</span> 
     </span>
    </p>
   </div>
   <div class='ocr_carea' id='block_1_90' title="bbox 198 4506 3608 4599">
    <p class='ocr_par' dir='ltr' id='par_1_90' title="bbox 198 4506 3608 4599">
     <span class='ocr_line' id='line_1_91' title="bbox 198 4506 3608 4599; baseline -0.001 -30"><span class='ocrx_word' id='word_1_722' title='bbox 198 4514 376 4580; x_wconf 87' lang='lat' dir='ltr'>tiam,</span> <span class='ocrx_word' id='word_1_723' title='bbox 398 4514 454 4565; x_wconf 89' lang='lat' dir='ltr'>et</span> <span class='ocrx_word' id='word_1_724' title='bbox 468 4510 657 4564; x_wconf 89' lang='lat' dir='ltr'>virtus</span> <span class='ocrx_word' id='word_1_725' title='bbox 682 4508 896 4581; x_wconf 90' lang='lat' dir='ltr'>ubique</span> <span class='ocrx_word' id='word_1_726' title='bbox 918 4508 1127 4563; x_wconf 83' lang='lat' dir='ltr'>anima</span> <span class='ocrx_word' id='word_1_727' title='bbox 1154 4507 1485 4579; x_wconf 86' lang='lat' dir='ltr'>mentisque</span> <span class='ocrx_word' id='word_1_728' title='bbox 1508 4508 1850 4579; x_wconf 87' lang='lat' dir='ltr'>pratendat.</span> <span class='ocrx_word' id='word_1_729' title='bbox 1887 4534 1932 4599; x_wconf 69' lang='grc' dir='ltr'>Β</span> <span class='ocrx_word' id='word_1_730' title='bbox 1964 4511 2333 4567; x_wconf 90' lang='lat' dir='ltr'>dulcedinem</span> <span class='ocrx_word' id='word_1_731' title='bbox 2367 4506 2730 4579; x_wconf 85' lang='lat' dir='ltr'>praparavit.</span> <span class='ocrx_word' id='word_1_732' title='bbox 2764 4506 3065 4570; x_wconf 87' lang='lat' dir='ltr'>Quomodo</span> <span class='ocrx_word' id='word_1_733' title='bbox 3095 4522 3232 4580; x_wconf 89' lang='lat' dir='ltr'>ergo</span> <span class='ocrx_word' id='word_1_734' title='bbox 3262 4509 3459 4565; x_wconf 87' lang='lat' dir='ltr'>anima</span> <span class='ocrx_word' id='word_1_735' title='bbox 3478 4508 3608 4580; x_wconf 83' lang='lat' dir='ltr'>ejus</span> 
     </span>
    </p>
   </div>
   <div class='ocr_carea' id='block_1_91' title="bbox 197 4594 1854 4671">
    <p class='ocr_par' dir='ltr' id='par_1_91' title="bbox 197 4594 1854 4671">
     <span class='ocr_line' id='line_1_92' title="bbox 197 4594 1854 4671; baseline -0.004 -13"><span class='ocrx_word' id='word_1_736' title='bbox 197 4601 373 4659; x_wconf 89' lang='lat' dir='ltr'>Unde</span> <span class='ocrx_word' id='word_1_737' title='bbox 405 4603 462 4654; x_wconf 89' lang='lat' dir='ltr'>et</span> <span class='ocrx_word' id='word_1_738' title='bbox 490 4599 547 4654; x_wconf 88' lang='lat' dir='ltr'>in</span> <span class='ocrx_word' id='word_1_739' title='bbox 579 4596 1003 4671; x_wconf 85' lang='lat' dir='ltr'>posterioribus</span> <span class='ocrx_word' id='word_1_740' title='bbox 1033 4594 1173 4651; x_wconf 88' lang='lat' dir='ltr'>dicit</span> <span class='ocrx_word' id='word_1_741' title='bbox 1199 4613 1212 4651; x_wconf 88' lang='lat'><strong>:</strong></span> <span class='ocrx_word' id='word_1_742' title='bbox 1251 4596 1610 4651; x_wconf 77' lang='lat' dir='ltr'>«Effundam</span> <span class='ocrx_word' id='word_1_743' title='bbox 1637 4597 1696 4651; x_wconf 89' lang='lat' dir='ltr'>in</span> <span class='ocrx_word' id='word_1_744' title='bbox 1718 4613 1854 4652; x_wconf 90' lang='lat' dir='ltr'>con-</span> 
     </span>
    </p>
   </div>
   <div class='ocr_carea' id='block_1_92' title="bbox 198 4685 1858 4765">
    <p class='ocr_par' dir='ltr' id='par_1_92' title="bbox 198 4685 1858 4765">
     <span class='ocr_line' id='line_1_93' title="bbox 198 4685 1858 4765; baseline -0.004 -19"><span class='ocrx_word' id='word_1_745' title='bbox 198 4693 415 4765; x_wconf 83' lang='lat' dir='ltr'>spectu</span> <span class='ocrx_word' id='word_1_746' title='bbox 445 4688 574 4759; x_wconf 86' lang='lat' dir='ltr'>ejus</span> <span class='ocrx_word' id='word_1_747' title='bbox 603 4685 926 4743; x_wconf 89' lang='lat' dir='ltr'>orationem</span> <span class='ocrx_word' id='word_1_748' title='bbox 959 4700 1152 4741; x_wconf 88' lang='lat' dir='ltr'>meam</span> <span class='ocrx_word' id='word_1_749' title='bbox 1181 4685 1352 4757; x_wconf 79' lang='lat' dir='ltr'>(Psal.</span> <span class='ocrx_word' id='word_1_750' title='bbox 1385 4701 1533 4752; x_wconf 82' lang='lat' dir='ltr'>cxu,</span> <span class='ocrx_word' id='word_1_751' title='bbox 1559 4685 1636 4757; x_wconf 85' lang='lat'>2).</span> <span class='ocrx_word' id='word_1_752' title='bbox 1676 4707 1702 4733; x_wconf 86' lang='lat'><strong>»</strong></span> <span class='ocrx_word' id='word_1_753' title='bbox 1752 4685 1858 4741; x_wconf 91' lang='lat' dir='ltr'>Ubi</span> 
     </span>
    </p>
   </div>
   <div class='ocr_carea' id='block_1_93' title="bbox 207 4775 1861 4847">
    <p class='ocr_par' dir='ltr' id='par_1_93' title="bbox 207 4775 1861 4847">
     <span class='ocr_line' id='line_1_94' title="bbox 207 4775 1861 4847; baseline -0.004 -10"><span class='ocrx_word' id='word_1_754' title='bbox 207 4776 537 4838; x_wconf 83' lang='lat' dir='ltr'>effunditur</span> <span class='ocrx_word' id='word_1_755' title='bbox 563 4776 768 4845; x_wconf 91' lang='lat' dir='ltr'>oratio,</span> <span class='ocrx_word' id='word_1_756' title='bbox 800 4775 879 4830; x_wconf 90' lang='lat' dir='ltr'>ibi</span> <span class='ocrx_word' id='word_1_757' title='bbox 913 4778 1150 4847; x_wconf 89' lang='lat' dir='ltr'>peccata</span> <span class='ocrx_word' id='word_1_758' title='bbox 1182 4777 1321 4829; x_wconf 90' lang='lat' dir='ltr'>sunt</span> <span class='ocrx_word' id='word_1_759' title='bbox 1368 4777 1539 4829; x_wconf 90' lang='lat' dir='ltr'>tecta.</span> <span class='ocrx_word' id='word_1_760' title='bbox 1601 4775 1861 4839; x_wconf 90' lang='lat' dir='ltr'>Quorum</span> 
     </span>
    </p>
   </div>
   <div class='ocr_carea' id='block_1_94' title="bbox 202 4861 1865 4934">
    <p class='ocr_par' dir='ltr' id='par_1_94' title="bbox 202 4861 1865 4934">
     <span class='ocr_line' id='line_1_95' title="bbox 202 4861 1865 4934; baseline -0.004 -11"><span class='ocrx_word' id='word_1_761' title='bbox 202 4870 412 4925; x_wconf 88' lang='lat' dir='ltr'>autem</span> <span class='ocrx_word' id='word_1_762' title='bbox 444 4880 763 4920; x_wconf 90' lang='lat' dir='ltr'>memorem</span> <span class='ocrx_word' id='word_1_763' title='bbox 795 4879 856 4920; x_wconf 87' lang='lat' dir='ltr'>se</span> <span class='ocrx_word' id='word_1_764' title='bbox 886 4861 1029 4918; x_wconf 91' lang='lat' dir='ltr'>dicit</span> <span class='ocrx_word' id='word_1_765' title='bbox 1059 4862 1088 4917; x_wconf 70' lang='grc' dir='ltr'><em>Ἰ</em></span> <span class='ocrx_word' id='word_1_766' title='bbox 1117 4862 1332 4917; x_wconf 89' lang='lat' dir='ltr'>Eorum</span> <span class='ocrx_word' id='word_1_767' title='bbox 1366 4862 1566 4934; x_wconf 88' lang='lat' dir='ltr'>utique</span> <span class='ocrx_word' id='word_1_768' title='bbox 1599 4878 1727 4933; x_wconf 89' lang='lat' dir='ltr'>qua</span> <span class='ocrx_word' id='word_1_769' title='bbox 1769 4863 1865 4917; x_wconf 89' lang='lat' dir='ltr'>de-</span> 
     </span>
    </p>
   </div>
   <div class='ocr_carea' id='block_1_95' title="bbox 201 4950 1862 5023">
    <p class='ocr_par' dir='ltr' id='par_1_95' title="bbox 201 4950 1862 5023">
     <span class='ocr_line' id='line_1_96' title="bbox 201 4950 1862 5023; baseline -0.005 -10"><span class='ocrx_word' id='word_1_770' title='bbox 201 4954 525 5018; x_wconf 86' lang='lat' dir='ltr'>siderabat,</span> <span class='ocrx_word' id='word_1_771' title='bbox 560 4957 625 5008; x_wconf 91' lang='lat' dir='ltr'>ut</span> <span class='ocrx_word' id='word_1_772' title='bbox 652 4951 874 5008; x_wconf 90' lang='lat' dir='ltr'>veniret</span> <span class='ocrx_word' id='word_1_773' title='bbox 902 4956 959 5007; x_wconf 91' lang='lat' dir='ltr'>et</span> <span class='ocrx_word' id='word_1_774' title='bbox 988 4955 1295 5023; x_wconf 90' lang='lat' dir='ltr'>appareret</span> <span class='ocrx_word' id='word_1_775' title='bbox 1321 4951 1380 5005; x_wconf 91' lang='lat' dir='ltr'>in</span> <span class='ocrx_word' id='word_1_776' title='bbox 1399 4955 1713 5023; x_wconf 88' lang='lat' dir='ltr'>conspectu</span> <span class='ocrx_word' id='word_1_777' title='bbox 1739 4950 1862 5015; x_wconf 90' lang='lat' dir='ltr'>Dei,</span> 
     </span>
    </p>
   </div>
   <div class='ocr_carea' id='block_1_96' title="bbox 204 5039 1863 5116">
    <p class='ocr_par' dir='ltr' id='par_1_96' title="bbox 204 5039 1863 5116">
     <span class='ocr_line' id='line_1_97' title="bbox 204 5039 1863 5116; baseline -0.005 -13"><span class='ocrx_word' id='word_1_778' title='bbox 204 5050 275 5103; x_wconf 92' lang='lat' dir='ltr'>ut</span> <span class='ocrx_word' id='word_1_779' title='bbox 306 5044 438 5116; x_wconf 84' lang='lat' dir='ltr'>ejus</span> <span class='ocrx_word' id='word_1_780' title='bbox 470 5041 666 5098; x_wconf 87' lang='lat' dir='ltr'>aulam</span> <span class='ocrx_word' id='word_1_781' title='bbox 699 5039 861 5096; x_wconf 89' lang='lat' dir='ltr'>illam</span> <span class='ocrx_word' id='word_1_782' title='bbox 889 5040 1109 5096; x_wconf 84' lang='lat' dir='ltr'>videret</span> <span class='ocrx_word' id='word_1_783' title='bbox 1137 5043 1432 5107; x_wconf 85' lang='lat' dir='ltr'>aternam,</span> <span class='ocrx_word' id='word_1_784' title='bbox 1469 5040 1526 5094; x_wconf 94' lang='lat' dir='ltr'>in</span> <span class='ocrx_word' id='word_1_785' title='bbox 1589 5057 1707 5111; x_wconf 86' lang='lat' dir='ltr'>qua</span> <span class='ocrx_word' id='word_1_786' title='bbox 1764 5056 1863 5111; x_wconf 87' lang='lat' dir='ltr'>pa-</span> 
     </span>
    </p>
   </div>
   <div class='ocr_carea' id='block_1_97' title="bbox 207 5128 1863 5202">
    <p class='ocr_par' dir='ltr' id='par_1_97' title="bbox 207 5128 1863 5202">
     <span class='ocr_line' id='line_1_98' title="bbox 207 5128 1863 5202; baseline -0.005 -11"><span class='ocrx_word' id='word_1_787' title='bbox 207 5131 687 5191; x_wconf 87' lang='lat' dir='ltr'>tiebaturanimo</span> <span class='ocrx_word' id='word_1_788' title='bbox 698 5132 1124 5202; x_wconf 86' lang='lat' dir='ltr'>etprasumpto</span> <span class='ocrx_word' id='word_1_789' title='bbox 1149 5128 1548 5185; x_wconf 88' lang='lat' dir='ltr'>delectabatur</span> <span class='ocrx_word' id='word_1_790' title='bbox 1568 5129 1863 5201; x_wconf 89' lang='lat' dir='ltr'>ingressu.</span> 
     </span>
    </p>
   </div>
   <div class='ocr_carea' id='block_1_98' title="bbox 278 5216 1867 5291">
    <p class='ocr_par' dir='ltr' id='par_1_98' title="bbox 278 5216 1867 5291">
     <span class='ocr_line' id='line_1_99' title="bbox 278 5216 1867 5291; baseline -0.004 -14"><span class='ocrx_word' id='word_1_791' title='bbox 278 5224 335 5277; x_wconf 89' lang='lat'>9.</span> <span class='ocrx_word' id='word_1_792' title='bbox 370 5242 399 5273; x_wconf 85' lang='lat'>«</span> <span class='ocrx_word' id='word_1_793' title='bbox 431 5218 720 5287; x_wconf 86' lang='lat' dir='ltr'>Quoniam</span> <span class='ocrx_word' id='word_1_794' title='bbox 747 5217 1062 5291; x_wconf 87' lang='lat' dir='ltr'>ingrediar,</span> <span class='ocrx_word' id='word_1_795' title='bbox 1096 5216 1307 5290; x_wconf 90' lang='lat' dir='ltr'>inquit,</span> <span class='ocrx_word' id='word_1_796' title='bbox 1340 5218 1401 5272; x_wconf 92' lang='lat' dir='ltr'>in</span> <span class='ocrx_word' id='word_1_797' title='bbox 1427 5217 1621 5272; x_wconf 90' lang='lat' dir='ltr'>locum</span> <span class='ocrx_word' id='word_1_798' title='bbox 1674 5217 1867 5272; x_wconf 80' lang='lat' dir='ltr'>taber-</span> 
     </span>
    </p>
   </div>
   <div class='ocr_carea' id='block_1_99' title="bbox 284 5393 1868 5469">
    <p class='ocr_par' dir='ltr' id='par_1_99' title="bbox 284 5393 1868 5469">
     <span class='ocr_line' id='line_1_100' title="bbox 284 5393 1868 5469; baseline -0.002 -15"><span class='ocrx_word' id='word_1_799' title='bbox 284 5399 403 5469; x_wconf 84' lang='lat'>(98)</span> <span class='ocrx_word' id='word_1_800' title='bbox 436 5395 610 5464; x_wconf 87' lang='lat' dir='ltr'>Edit.,</span> <span class='ocrx_word' id='word_1_801' title='bbox 638 5396 870 5452; x_wconf 80' lang='lat' dir='ltr'>Sanctus</span> <span class='ocrx_word' id='word_1_802' title='bbox 900 5410 1013 5469; x_wconf 72' lang='lat' dir='ltr'>esse</span> <span class='ocrx_word' id='word_1_803' title='bbox 1040 5394 1271 5465; x_wconf 81' lang='lat' dir='ltr'>colligit.</span> <span class='ocrx_word' id='word_1_804' title='bbox 1307 5393 1517 5451; x_wconf 90' lang='lat' dir='ltr'>Melius</span> <span class='ocrx_word' id='word_1_805' title='bbox 1547 5411 1688 5451; x_wconf 91' lang='lat' dir='ltr'>mss.</span> <span class='ocrx_word' id='word_1_806' title='bbox 1709 5466 1720 5469; x_wconf 24' lang='grc' dir='ltr'><strong>Α</strong></span> <span class='ocrx_word' id='word_1_807' title='bbox 1741 5412 1868 5451; x_wconf 83' lang='lat' dir='ltr'>san-</span> 
     </span>
    </p>
   </div>
   <div class='ocr_carea' id='block_1_100' title="bbox 203 5466 1869 5550">
    <p class='ocr_par' dir='ltr' id='par_1_100' title="bbox 203 5466 1869 5550">
     <span class='ocr_line' id='line_1_101' title="bbox 203 5466 1869 5550; baseline -0.003 -21"><span class='ocrx_word' id='word_1_808' title='bbox 203 5466 334 5529; x_wconf 73' lang='lat' dir='ltr'>ctas</span> <span class='ocrx_word' id='word_1_809' title='bbox 362 5466 602 5550; x_wconf 69' lang='lat' dir='ltr'>colligit,</span> <span class='ocrx_word' id='word_1_810' title='bbox 634 5483 843 5540; x_wconf 88' lang='lat' dir='ltr'>nempe</span> <span class='ocrx_word' id='word_1_811' title='bbox 872 5468 1140 5533; x_wconf 88' lang='lat' dir='ltr'>animam,</span> <span class='ocrx_word' id='word_1_812' title='bbox 1171 5483 1299 5539; x_wconf 90' lang='lat' dir='ltr'>qua</span> <span class='ocrx_word' id='word_1_813' title='bbox 1329 5483 1436 5522; x_wconf 87' lang='lat' dir='ltr'>vox</span> <span class='ocrx_word' id='word_1_814' title='bbox 1457 5466 1725 5539; x_wconf 80' lang='lat' dir='ltr'>sequenti</span> <span class='ocrx_word' id='word_1_815' title='bbox 1754 5485 1869 5524; x_wconf 85' lang='lat' dir='ltr'>vcr-</span> 
     </span>
    </p>
   </div>
   <div class='ocr_carea' id='block_1_101' title="bbox 208 5538 696 5602">
    <p class='ocr_par' dir='ltr' id='par_1_101' title="bbox 208 5538 696 5602">
     <span class='ocr_line' id='line_1_102' title="bbox 208 5538 696 5602; baseline -0.006 -5"><span class='ocrx_word' id='word_1_816' title='bbox 208 5559 284 5602; x_wconf 84' lang='lat' dir='ltr'>so</span> <span class='ocrx_word' id='word_1_817' title='bbox 315 5538 696 5602; x_wconf 86' lang='lat' dir='ltr'>exprimitur.</span> 
     </span>
    </p>
   </div>
   <div class='ocr_carea' id='block_1_102' title="bbox 1966 4595 3609 4669">
    <p class='ocr_par' dir='ltr' id='par_1_102' title="bbox 1966 4595 3609 4669">
     <span class='ocr_line' id='line_1_103' title="bbox 1966 4595 3609 4669; baseline -0.001 -12"><span class='ocrx_word' id='word_1_818' title='bbox 1966 4602 2176 4657; x_wconf 91' lang='lat' dir='ltr'>timore</span> <span class='ocrx_word' id='word_1_819' title='bbox 2208 4599 2442 4653; x_wconf 83' lang='lat' dir='ltr'>turbata</span> <span class='ocrx_word' id='word_1_820' title='bbox 2471 4601 2580 4664; x_wconf 87' lang='lat' dir='ltr'>est,</span> <span class='ocrx_word' id='word_1_821' title='bbox 2615 4597 2715 4669; x_wconf 91' lang='lat' dir='ltr'>qui</span> <span class='ocrx_word' id='word_1_822' title='bbox 2751 4595 2884 4652; x_wconf 84' lang='lat' dir='ltr'>fecit</span> <span class='ocrx_word' id='word_1_823' title='bbox 2912 4596 3162 4652; x_wconf 92' lang='lat' dir='ltr'>aliorum</span> <span class='ocrx_word' id='word_1_824' title='bbox 3208 4596 3437 4655; x_wconf 86' lang='lat' dir='ltr'>animas</span> <span class='ocrx_word' id='word_1_825' title='bbox 3493 4616 3609 4655; x_wconf 87' lang='lat' dir='ltr'>non</span> 
     </span>
    </p>
   </div>
   <div class='ocr_carea' id='block_1_103' title="bbox 1972 4685 3613 4758">
    <p class='ocr_par' dir='ltr' id='par_1_103' title="bbox 1972 4685 3613 4758">
     <span class='ocr_line' id='line_1_104' title="bbox 1972 4685 3613 4758; baseline 0 -13"><span class='ocrx_word' id='word_1_826' title='bbox 1972 4690 2173 4746; x_wconf 90' lang='lat' dir='ltr'>timere</span> <span class='ocrx_word' id='word_1_827' title='bbox 2194 4689 2222 4743; x_wconf 70' lang='lat' dir='ltr'>‘I</span> <span class='ocrx_word' id='word_1_828' title='bbox 2252 4686 2466 4743; x_wconf 89' lang='lat' dir='ltr'>Tristis</span> <span class='ocrx_word' id='word_1_829' title='bbox 2497 4702 2633 4758; x_wconf 89' lang='lat' dir='ltr'>ergo</span> <span class='ocrx_word' id='word_1_830' title='bbox 2666 4701 2852 4758; x_wconf 83' lang='lat' dir='ltr'>usque</span> <span class='ocrx_word' id='word_1_831' title='bbox 2882 4685 2953 4741; x_wconf 90' lang='lat' dir='ltr'>ad</span> <span class='ocrx_word' id='word_1_832' title='bbox 2974 4690 3246 4757; x_wconf 90' lang='lat' dir='ltr'>mortem,</span> <span class='ocrx_word' id='word_1_833' title='bbox 3267 4686 3451 4745; x_wconf 88' lang='lat' dir='ltr'>donec</span> <span class='ocrx_word' id='word_1_834' title='bbox 3471 4703 3613 4745; x_wconf 89' lang='lat' dir='ltr'>cou-</span> 
     </span>
    </p>
   </div>
   <div class='ocr_carea' id='block_1_104' title="bbox 1970 4773 3615 4848">
    <p class='ocr_par' dir='ltr' id='par_1_104' title="bbox 1970 4773 3615 4848">
     <span class='ocr_line' id='line_1_105' title="bbox 1970 4773 3615 4848; baseline -0.002 -14"><span class='ocrx_word' id='word_1_835' title='bbox 1970 4780 2368 4834; x_wconf 89' lang='lat' dir='ltr'>summaretur</span> <span class='ocrx_word' id='word_1_836' title='bbox 2399 4775 2587 4847; x_wconf 89' lang='lat' dir='ltr'>gratia</span> <span class='ocrx_word' id='word_1_837' title='bbox 2620 4791 2633 4828; x_wconf 89' lang='lat'><strong>:</strong></span> <span class='ocrx_word' id='word_1_838' title='bbox 2668 4773 2823 4846; x_wconf 89' lang='lat' dir='ltr'>quod</span> <span class='ocrx_word' id='word_1_839' title='bbox 2865 4774 3151 4846; x_wconf 89' lang='lat' dir='ltr'>probatur</span> <span class='ocrx_word' id='word_1_840' title='bbox 3206 4774 3395 4848; x_wconf 88' lang='lat' dir='ltr'>ipsius</span> <span class='ocrx_word' id='word_1_841' title='bbox 3450 4774 3615 4833; x_wconf 87' lang='lat' dir='ltr'>testi-</span> 
     </span>
    </p>
   </div>
   <div class='ocr_carea' id='block_1_105' title="bbox 1973 4862 3619 4934">
    <p class='ocr_par' dir='ltr' id='par_1_105' title="bbox 1973 4862 3619 4934">
     <span class='ocr_line' id='line_1_106' title="bbox 1973 4862 3619 4934; baseline -0.001 -12"><span class='ocrx_word' id='word_1_842' title='bbox 1973 4867 2167 4922; x_wconf 90' lang='lat' dir='ltr'>monio</span> <span class='ocrx_word' id='word_1_843' title='bbox 2197 4863 2445 4920; x_wconf 87' lang='lat' dir='ltr'>dicentis</span> <span class='ocrx_word' id='word_1_844' title='bbox 2477 4863 2548 4917; x_wconf 90' lang='lat' dir='ltr'>de</span> <span class='ocrx_word' id='word_1_845' title='bbox 2578 4866 2762 4917; x_wconf 90' lang='lat' dir='ltr'>morte</span> <span class='ocrx_word' id='word_1_846' title='bbox 2793 4878 2901 4917; x_wconf 85' lang='lat' dir='ltr'>sua</span> <span class='ocrx_word' id='word_1_847' title='bbox 2930 4877 2944 4917; x_wconf 89' lang='lat'><strong>:</strong></span> <span class='ocrx_word' id='word_1_848' title='bbox 2971 4884 2999 4911; x_wconf 85' lang='lat'><strong>«</strong></span> <span class='ocrx_word' id='word_1_849' title='bbox 3023 4862 3384 4934; x_wconf 82' lang='lat' dir='ltr'>Baptismate</span> <span class='ocrx_word' id='word_1_850' title='bbox 3431 4862 3619 4921; x_wconf 90' lang='lat' dir='ltr'>habeo</span> 
     </span>
    </p>
   </div>
   <div class='ocr_carea' id='block_1_106' title="bbox 1974 4949 3623 5026">
    <p class='ocr_par' dir='ltr' id='par_1_106' title="bbox 1974 4949 3623 5026">
     <span class='ocr_line' id='line_1_107' title="bbox 1974 4949 3623 5026; baseline -0.001 -17"><span class='ocrx_word' id='word_1_851' title='bbox 1974 4953 2276 5026; x_wconf 87' lang='lat' dir='ltr'>baptizari,</span> <span class='ocrx_word' id='word_1_852' title='bbox 2309 4956 2365 5006; x_wconf 89' lang='lat' dir='ltr'>et</span> <span class='ocrx_word' id='word_1_853' title='bbox 2395 4949 2687 5022; x_wconf 88' lang='lat' dir='ltr'>quomodo</span> <span class='ocrx_word' id='word_1_854' title='bbox 2736 4966 2938 5021; x_wconf 88' lang='lat' dir='ltr'>angor,</span> <span class='ocrx_word' id='word_1_855' title='bbox 2970 4966 3160 5020; x_wconf 89' lang='lat' dir='ltr'>usque</span> <span class='ocrx_word' id='word_1_856' title='bbox 3187 4950 3330 5005; x_wconf 91' lang='lat' dir='ltr'>dum</span> <span class='ocrx_word' id='word_1_857' title='bbox 3360 4950 3623 5022; x_wconf 82' lang='lat' dir='ltr'>perﬁcia-</span> 
     </span>
    </p>
   </div>
   <div class='ocr_carea' id='block_1_107' title="bbox 1972 5036 3342 5113">
    <p class='ocr_par' dir='ltr' id='par_1_107' title="bbox 1972 5036 3342 5113">
     <span class='ocr_line' id='line_1_108' title="bbox 1972 5036 3342 5113; baseline -0.007 -15"><span class='ocrx_word' id='word_1_858' title='bbox 1972 5046 2070 5098; x_wconf 88' lang='lat' dir='ltr'>tur</span> <span class='ocrx_word' id='word_1_859' title='bbox 2100 5044 2251 5113; x_wconf 87' lang='lat' dir='ltr'>(Luc.</span> <span class='ocrx_word' id='word_1_860' title='bbox 2283 5055 2384 5103; x_wconf 85' lang='lat' dir='ltr'>xu,</span> <span class='ocrx_word' id='word_1_861' title='bbox 2425 5036 2567 5105; x_wconf 85' lang='lat'>50)?</span> <span class='ocrx_word' id='word_1_862' title='bbox 2597 5057 2626 5085; x_wconf 83' lang='lat'>»</span> <span class='ocrx_word' id='word_1_863' title='bbox 3338 5040 3342 5045; x_wconf 85' lang='grc'><strong>’</strong></span> 
     </span>
    </p>
   </div>
   <div class='ocr_carea' id='block_1_108' title="bbox 2048 5123 3623 5200">
    <p class='ocr_par' dir='ltr' id='par_1_108' title="bbox 2048 5123 3623 5200">
     <span class='ocr_line' id='line_1_109' title="bbox 2048 5123 3623 5200; baseline -0.001 -15"><span class='ocrx_word' id='word_1_864' title='bbox 2048 5132 2134 5185; x_wconf 82' lang='lat' dir='ltr'>l2.</span> <span class='ocrx_word' id='word_1_865' title='bbox 2168 5128 2462 5183; x_wconf 88' lang='lat' dir='ltr'>Turbatus</span> <span class='ocrx_word' id='word_1_866' title='bbox 2490 5124 2670 5198; x_wconf 87' lang='lat' dir='ltr'>igitur</span> <span class='ocrx_word' id='word_1_867' title='bbox 2699 5123 2877 5180; x_wconf 81' lang='lat' dir='ltr'>David</span> <span class='ocrx_word' id='word_1_868' title='bbox 2908 5123 3151 5180; x_wconf 90' lang='lat' dir='ltr'>lubricis</span> <span class='ocrx_word' id='word_1_869' title='bbox 3183 5125 3380 5183; x_wconf 88' lang='lat' dir='ltr'>saculi</span> <span class='ocrx_word' id='word_1_870' title='bbox 3431 5126 3623 5200; x_wconf 87' lang='lat' dir='ltr'>hujus</span> 
     </span>
    </p>
   </div>
   <div class='ocr_carea' id='block_1_109' title="bbox 1976 5210 3622 5285">
    <p class='ocr_par' dir='ltr' id='par_1_109' title="bbox 1976 5210 3622 5285">
     <span class='ocr_line' id='line_1_110' title="bbox 1976 5210 3622 5285; baseline -0.002 -9"><span class='ocrx_word' id='word_1_871' title='bbox 1976 5214 2362 5283; x_wconf 86' lang='lat' dir='ltr'>anfractibus,</span> <span class='ocrx_word' id='word_1_872' title='bbox 2394 5210 2539 5267; x_wconf 89' lang='lat' dir='ltr'>dixit</span> <span class='ocrx_word' id='word_1_873' title='bbox 2571 5228 2584 5266; x_wconf 90' lang='lat'><strong>:</strong></span> <span class='ocrx_word' id='word_1_874' title='bbox 2614 5235 2641 5262; x_wconf 88' lang='grc'><em>‹‹</em></span> <span class='ocrx_word' id='word_1_875' title='bbox 2677 5212 2865 5276; x_wconf 87' lang='lat' dir='ltr'>Quare</span> <span class='ocrx_word' id='word_1_876' title='bbox 2896 5210 3083 5269; x_wconf 88' lang='lat' dir='ltr'>tristis</span> <span class='ocrx_word' id='word_1_877' title='bbox 3113 5228 3197 5284; x_wconf 91' lang='lat' dir='ltr'>es,</span> <span class='ocrx_word' id='word_1_878' title='bbox 3229 5214 3430 5271; x_wconf 88' lang='lat' dir='ltr'>anima</span> <span class='ocrx_word' id='word_1_879' title='bbox 3456 5231 3622 5285; x_wconf 89' lang='lat' dir='ltr'>mea;</span> 
     </span>
    </p>
   </div>
   <div class='ocr_carea' id='block_1_110' title="bbox 1980 5388 3083 5471">
    <p class='ocr_par' dir='ltr' id='par_1_110' title="bbox 1980 5388 3083 5471">
     <span class='ocr_line' id='line_1_111' title="bbox 1980 5388 3083 5471; baseline -0.008 -14"><span class='ocrx_word' id='word_1_880' title='bbox 1980 5399 2242 5471; x_wconf 62' lang='lat' dir='ltr'>corporis,</span> <span class='ocrx_word' id='word_1_881' title='bbox 2278 5388 2656 5471; x_wconf 83' lang='lat' dir='ltr'>subintellige</span> <span class='ocrx_word' id='word_1_882' title='bbox 2687 5389 3083 5471; x_wconf 59' lang='lat' dir='ltr'>iaﬁ_rmitatem.</span> 
     </span>
    </p>
   </div>
   <div class='ocr_carea' id='block_1_111' title="bbox 2051 5461 3628 5542">
    <p class='ocr_par' dir='ltr' id='par_1_111' title="bbox 2051 5461 3628 5542">
     <span class='ocr_line' id='line_1_112' title="bbox 2051 5461 3628 5542; baseline -0.003 -17"><span class='ocrx_word' id='word_1_883' title='bbox 2051 5461 2131 5540; x_wconf 61' lang='lat'>(&#39;1)</span> <span class='ocrx_word' id='word_1_884' title='bbox 2164 5461 2427 5542; x_wconf 3' lang='lat' dir='ltr'>Itapmss.</span> <span class='ocrx_word' id='word_1_885' title='bbox 2456 5466 2518 5542; x_wconf 87' lang='lat' dir='ltr'>_et</span> <span class='ocrx_word' id='word_1_886' title='bbox 2536 5466 2648 5517; x_wconf 88' lang='lat' dir='ltr'>vet.</span> <span class='ocrx_word' id='word_1_887' title='bbox 2683 5461 2820 5542; x_wconf 83' lang='lat' dir='ltr'>edit.</span> <span class='ocrx_word' id='word_1_888' title='bbox 2876 5462 3044 5542; x_wconf 58' lang='lat' dir='ltr'>item.</span> <span class='ocrx_word' id='word_1_889' title='bbox 3104 5466 3435 5542; x_wconf 76' lang='lat' dir='ltr'>vero,_soni</span> <span class='ocrx_word' id='word_1_890' title='bbox 3485 5467 3628 5537; x_wconf 76' lang='lat' dir='ltr'>festa</span> 
     </span>
    </p>
   </div>
   <div class='ocr_carea' id='block_1_112' title="bbox 1982 5534 3626 5609">
    <p class='ocr_par' dir='ltr' id='par_1_112' title="bbox 1982 5534 3626 5609">
     <span class='ocr_line' id='line_1_113' title="bbox 1982 5534 3626 5609; baseline -0.005 -9"><span class='ocrx_word' id='word_1_891' title='bbox 1982 5534 2325 5599; x_wconf 67' lang='lat' dir='ltr'>celebritatis.</span> <span class='ocrx_word' id='word_1_892' title='bbox 2363 5535 2494 5604; x_wconf 81' lang='lat' dir='ltr'>Quis</span> <span class='ocrx_word' id='word_1_893' title='bbox 2520 5548 2629 5609; x_wconf 73' lang='lat' dir='ltr'>non</span> <span class='ocrx_word' id='word_1_894' title='bbox 2656 5534 2888 5609; x_wconf 75' lang='lat' dir='ltr'>erigeret</span> <span class='ocrx_word' id='word_1_895' title='bbox 2909 5534 3165 5609; x_wconf 14' lang='lat' dir='ltr'>animum,</span> <span class='ocrx_word' id='word_1_896' title='bbox 3187 5539 3286 5608; x_wconf 85' lang='lat' dir='ltr'>qui</span> <span class='ocrx_word' id='word_1_897' title='bbox 3305 5534 3626 5609; x_wconf 53' lang='lat' dir='ltr'>peccatepe-</span> 
     </span>
    </p>
   </div>
   <div class='ocr_carea' id='block_1_113' title="bbox 285 5604 3625 5685">
    <p class='ocr_par' dir='ltr' id='par_1_113' title="bbox 285 5604 3625 5685">
     <span class='ocr_line' id='line_1_114' title="bbox 285 5604 3625 5685; baseline -0.001 -17"><span class='ocrx_word' id='word_1_898' title='bbox 285 5604 411 5685; x_wconf 76' lang='grc'>(99)</span> <span class='ocrx_word' id='word_1_899' title='bbox 435 5610 591 5668; x_wconf 86' lang='lat' dir='ltr'>Edit.</span> <span class='ocrx_word' id='word_1_900' title='bbox 625 5625 850 5679; x_wconf 90' lang='lat' dir='ltr'>omnes,</span> <span class='ocrx_word' id='word_1_901' title='bbox 876 5610 1017 5682; x_wconf 83' lang='lat' dir='ltr'>legat</span> <span class='ocrx_word' id='word_1_902' title='bbox 1037 5624 1231 5681; x_wconf 75' lang='lat' dir='ltr'>corpus</span> <span class='ocrx_word' id='word_1_903' title='bbox 1253 5625 1440 5674; x_wconf 87' lang='lat' dir='ltr'>;mss.</span> <span class='ocrx_word' id='word_1_904' title='bbox 1474 5613 1697 5677; x_wconf 91' lang='lat' dir='ltr'>contra,</span> <span class='ocrx_word' id='word_1_905' title='bbox 1732 5612 1875 5684; x_wconf 81' lang='lat' dir='ltr'>legat</span> <span class='ocrx_word' id='word_1_906' title='bbox 1984 5631 2110 5671; x_wconf 87' lang='lat' dir='ltr'>rare</span> <span class='ocrx_word' id='word_1_907' title='bbox 2157 5614 2221 5670; x_wconf 86' lang='lat' dir='ltr'>in</span> <span class='ocrx_word' id='word_1_908' title='bbox 2269 5606 2619 5666; x_wconf 79' lang='lat' dir='ltr'>tabernaculo</span> <span class='ocrx_word' id='word_1_909' title='bbox 2666 5604 2866 5660; x_wconf 77' lang='lat' dir='ltr'>cwlesti</span> <span class='ocrx_word' id='word_1_910' title='bbox 2916 5605 3073 5662; x_wconf 82' lang='lat' dir='ltr'>beata</span> <span class='ocrx_word' id='word_1_911' title='bbox 3100 5604 3213 5663; x_wconf 73' lang='grc' dir='ltr'>ίιιᾱ</span> <span class='ocrx_word' id='word_1_912' title='bbox 3256 5604 3364 5665; x_wconf 79' lang='lat' dir='ltr'>sibi</span> <span class='ocrx_word' id='word_1_913' title='bbox 3408 5604 3625 5666; x_wconf 54' lang='lat' dir='ltr'>confor-</span> 
     </span>
    </p>
   </div>
  </div>
