3866 6212
306 367 428 436 855

1767 370 1838 438 s.
1879 347 2255 438 sunaosn

310 525 492 583 quare
520 507 833 568 conturbas
863 511 1006 567 me?
1056 507 1236 581 Spera
1291 507 1350 563 in
1413 512 1620 571 Deum,
1677 507 1954 580 quoniam
1985 511 2038 576 Α
2072 513 2406 566 nostrarum
2437 507 2657 588 divisor
2685 510 3045 580 animarum,
3068 510 3170 586 qui
3199 511 3260 568 in
3317 509 3534 570 intima
3587 529 3718 571 cor-

311 599 630 656 conﬁtebor
657 598 742 655 illi
775 597 1066 654 :salutare
1091 597 1289 654 vultus
1320 597 1457 660 mei,
1491 605 1542 651 et
1579 599 1636 651 ι),
1664 617 1730 650 ll-i
1790 616 1952 652 ιιιιιυς

311 690 483 760 (Psal.
511 704 600 745 xu
631 691 666 744 6
695 693 751 743 et
779 691 856 756 7).
894 709 914 736 ι
951 689 1099 759 Ergo
1130 689 1365 758 quando
1422 689 1572 742 anxii
1610 695 1664 742 et
1724 687 1954 742 solliciti

312 795 543 840 sumus,
574 795 711 850 spes
737 795 843 832 nos
874 777 1205 832 futurorum
1258 777 1686 847 exspectatione
1743 777 1956 832 conﬁr-

312 872 451 924 met.
483 867 627 922 Vide
659 866 891 938 singula
924 884 937 922 :
972 888 1000 915 ‹‹
1033 867 1234 938 Spera,
1286 865 1565 937 quoniam
1615 865 1954 932 conﬁtebor,

313 957 524 1029 inquit.
559 979 588 1008 »ν
615 955 738 1012 Non
769 957 1068 1013 conﬁteor.
1105 955 1205 1010 sed
1256 955 1576 1010 conﬁtebor
1609 973 1623 1022 ;
1682 954 1792 1009 hoc
1847 959 1955 1020 est,

313 1053 454 1102 tunc
482 1045 693 1102 melius
720 1045 1060 1110 conﬁtebor,
1092 1045 1329 1116 quando
1361 1043 1609 1099 revelata
1640 1043 1784 1098 facie
1830 1042 1959 1115 glo-

313 1135 464 1192 riam
496 1135 726 1191 Domini
758 1133 1094 1206 speculatus
1127 1134 1184 1188 in
1217 1133 1484 1188 eamdem
1516 1133 1834 1206 imaginem
1867 1148 1955 1187 re-

317 1224 638 1280 formabor.

391 1315 481 1369 13.
516 1313 720 1368 Subito
753 1330 886 1368 cum
922 1329 982 1366 se
1013 1311 1430 1375 consolaretur,
1480 1310 1538 1365 in
1575 1327 1634 1366 se
1694 1325 1960 1366 reversus

319 1402 404 1457 ait
437 1420 450 1457 :
490 1427 515 1450 α
551 1402 636 1456 Ad
673 1418 763 1456 me
795 1402 984 1472 ipsum
1021 1400 1218 1454 anima
1251 1417 1377 1454 mea
1409 1399 1638 1454 turbata
1667 1405 1755 1454 est
1785 1399 1956 1469 (Psal.

315 1507 430 1557 ιιι,
457 1492 514 1558 7)
547 1507 560 1556 ;
595 1512 622 1540 υ
659 1490 713 1544 id
747 1495 854 1554 est,
889 1489 987 1561 qui
1022 1488 1165 1544 alios
1198 1489 1542 1543 conﬁrmare
1575 1488 1777 1554 debeo,
1835 1485 1961 1558 ipse

317 1578 654 1635 conturbor.
690 1579 755 1633 Et
779 1578 916 1649 quia
944 1595 1012 1634 ex
1058 1593 1150 1633 me
1207 1593 1320 1631 non
1382 1576 1566 1633 habeo
1627 1577 1959 1631 ﬁrmamen-

302 1672 470 1738 tum,
501 1667 572 1723 de
603 1672 838 1723 auctore
869 1683 1198 1723 sumamus.

939 1753 1170 1809 CAPUT
1227 1753 1322 1809 IV.
1345 1793 1356 1799 -

321 1844 430 1912 Qui
454 1843 675 1898 turbari
700 1859 756 1898 se
779 1844 905 1897 boni
930 1845 1220 1898 consulunt
1248 1859 1335 1898 eos
1391 1845 1544 1898 exire
1589 1859 1659 1898 ea:
1711 1845 1958 1913 {Egi/pio.

392 1931 512 1984 quae
535 1931 632 1984 per
661 1914 948 1969 Iordanem
991 1914 1343 1979 desimmtur:
1397 1931 1438 2036 ll

392 1985 712 2036 adumbrari
741 1988 906 2036 etiam
934 1985 1228 2036 Christum.
1275 2001 1396 2036 οιιοι

390 1985 712 2040 adumbrari
741 1988 906 2040 etiam
934 1985 1228 2048 Christum,
1275 1984 1413 2058 quod
1466 2001 1661 2056 nempe
1715 1984 1962 2058 cordium

391 2059 742 2124 cogitationes
768 2061 1030 2128 penetret,
1063 2061 1112 2112 et
1142 2059 1343 2111 sanctis
1389 2061 1661 2128 terrenam
1690 2073 1754 2110 ac
1779 2057 1961 2110 cales-

392 2137 498 2184 tem
526 2129 734 2183 dividat
763 2127 1166 2200 possessionem.
1199 2130 1306 2183 Iloc
1336 2131 1516 2182 tamen
1570 2127 1788 2200 Christo
1830 2143 1965 2200 Acon-

392 2201 600 2262 venire,
631 2197 794 2254 Patre
831 2217 957 2270 non,
987 2200 1202 2270 ercluso
1226 2203 1301 2270 (et
1357 2200 1434 2252 ibi
1479 2197 1610 2269 quid
1664 2215 1763 2270 per
1817 2197 1962 2252 Sici-

393 2287 544 2324 mam
570 2271 914 2342 signi/icitur
936 2269 966 2324 ?
1005 2270 1141 2324 Item
1177 2269 1452 2324 Christum
1502 2269 1738 2324 montem
1792 2271 1964 2338 fuisse

393 2341 656 2410 magnum
683 2358 783 2411 per
809 2343 1176 2406 divinitatem,
1209 2341 1479 2395 modicum
1505 2357 1603 2412 per
1623 2342 1962 2412 incarnatio-

393 2430 537 2479 nem,
570 2430 735 2483 quam
763 2429 888 2466 cum
919 2413 1028 2467 Lex
1057 2416 1205 2468 vetus
1229 2412 1298 2466 ad
1328 2411 1572 2467 homines
1621 2411 1962 2466 redimendos

393 2500 504 2539 non
535 2485 825 2555 sufﬁceret,
857 2485 1218 2554 Evangelium
1249 2484 1508 2538 illaturus
1535 2487 1836 2555 susceptam
1865 2498 1962 2537 vo-

390 2557 516 2610 luit.

293 2680 304 2686 -
389 2645 476 2700 li.
510 2667 538 2693 «
573 2644 902 2715 Propterea,
938 2643 1147 2715 inquit,
1176 2660 1400 2699 memor
1427 2659 1526 2699 ero
1552 2639 1660 2710 tui,
1695 2641 1959 2707 Domine,

317 2733 390 2790 de
417 2738 574 2789 terra
601 2733 876 2789 Jordanis
907 2738 965 2788 et
1003 2733 1362 2788 Hermoniim
1422 2734 1592 2801 (l’sut.
1624 2749 1736 2797 xu,
1795 2733 1870 2802 7).
1931 2752 1959 2779 »

317 2822 544 2878 Memor
571 2827 660 2878 est
682 2823 752 2877 de
786 2827 939 2877 terra
965 2821 1264 2888 Jordanis,
1299 2822 1359 2875 in
1383 2837 1499 2893 quo
1525 2821 1713 2892 gratia
1742 2835 1962 2875 memo-

317 2909 465 2966 riam
489 2910 810 2966 devotionis
833 2909 1186 2965 accumulat.
1225 2910 1284 2966 lu
1337 2910 1655 2966 Jordanem
1704 2910 1965 2964 Naaman

319 3001 498 3072 Syrus
530 2998 627 3053 ille
658 2998 978 3066 descendit,
1011 3003 1068 3054 et
1099 2999 1359 3053 mundus
1379 3015 1412 3054 a
1443 2998 1604 3071 lepra
1633 2997 1821 3054 factus
1855 3001 1962 3054 est.

325 3087 390 3143 In
419 3087 674 3143 Jordane
705 3087 1036 3158 baptizatus
1067 3092 1155 3142 est
1212 3086 1498 3153 Christus,
1559 3087 1792 3159 quando
1851 3089 1964 3142 t‘or-

327 3193 484 3232 mam
515 3175 728 3231 lavacri
759 3175 1035 3232 salutaris
1086 3176 1358 3230 instituit.
1415 3176 1691 3231 Jordanis
1753 3192 1965 3231 nomen

1440 1885 1542 1898 ν.,ν
1589 1885 1656 1898 νυν
1711 1885 1958 1923 ,Ἵππη
1995 1885 2042 1950 Β

1440 1931 1500 1969 er
1554 1929 1680 1968 eum
1733 1916 1963 1983 ﬂuvium

2069 599 2158 653 dis
2191 606 2410 654 seri-cla
2467 600 2801 668 descendat,
2862 605 2918 656 et
2982 601 3364 675 cogitationes
3421 603 3716 661 mentium

2067 687 2482 759 deprehendat.
2515 689 2616 744 Hic
2658 688 2890 762 gladius
2919 691 3160 746 verbum
3215 697 3306 747 est
3336 693 3437 748 Dei
3493 693 3720 766 vivum,

2067 777 2330 848 Denique
2359 779 2432 833 ad
2472 778 2755 834 HEBbt‘c'EOS
2786 779 2870 834 sic
2901 779 3048 852 legis
3079 797 3094 835 :
3145 802 3176 828 «
3235 780 3446 836 Vivum
3476 788 3570 838 est
3619 785 3722 840 Dei

2067 867 2308 922 verbum
2342 871 2397 922 et
2426 867 2703 936 validum,
2726 873 2784 924 et
2813 869 3042 924 acutius
3071 869 3232 925 omni
3269 869 3467 942 gladio
3497 872 3724 928 acutis-

2069 956 2240 1025 simo,
2274 962 2656 1028 penetratque
2686 957 2758 1012 ad
2790 957 3136 1014 divisionem
3192 957 3403 1014 animai
3431 964 3492 1015 et
3547 961 3728 1034 spiri—

2069 1050 2166 1098 tus
2188 1050 2540 1116 artuumque
2561 1050 2617 1100 et
2639 1045 3032 1102 medullarum
3063 1047 3245 1116 (Hebr.
3295 1065 3373 1116 1v,
3407 1050 3520 1115 12)..
3555 1073 3586 1098 ιι
3618 1050 3730 1105 Hic

2068 1138 2159 1188 est
2191 1134 2319 1190 fons
2336 1133 2516 1198 Siloa,
2541 1135 2641 1206 qui
2665 1135 2881 1190 dicitur
2901 1137 3122 1192 missus
3151 1137 3330 1207 (Joan.
3365 1154 3443 1204 Ix,
3464 1140 3546 1208 7),
3574 1153 3729 1210 quo-

2072 1223 2229 1278 niam
2260 1222 2526 1278 Christus
2557 1240 2591 1278 a
2623 1223 2790 1278 Patre
2821 1223 2965 1279 dixit
2991 1240 3055 1280 se
3082 1241 3214 1280 esse
3233 1225 3508 1282 missum.
3540 1227 3644 1282 Est
3661 1233 3726 1282 et

2071 1310 2170 1366 illa
2198 1312 2405 1367 divisio
2433 1329 2557 1384 (ίυῶ
2589 1311 2886 1384 colligitur
2934 1330 3004 1368 ex
3059 1327 3127 1370 eo
3185 1315 3342 1386 quod
3401 1319 3728 1388 utramque

2071 1400 2256 1472 ripam
2288 1401 2561 1456 Jordanis
2593 1401 2782 1457 tribus
2814 1401 3157 1458 incolueriul
3180 1402 3546 1470 Judaeorum,
3578 1421 3734 1476 quo—

2072 1489 2228 1544 niam
2263 1489 2440 1544 Filius
2471 1489 2729 1544 hominis
2756 1490 2856 1561 qui
2895 1490 3321 1561 posterioribus
3350 1493 3731 1563 temporibus

2071 1578 2621 1634 descenditectrlo.
2656 1595 2828 1634 verus
2883 1577 2982 1634 ille
3035 1579 3332 1647 Iordanis,
3389 1597 3570 1637 verus
3623 1581 3734 1637 ille

2071 1665 2431 1722 terrestrium
2465 1673 2640 1738 atque
2670 1667 2994 1724 cmlestium
3021 1667 3264 1736 divisor,
3287 1669 3734 1742 possessionem

2071 1755 2370 1810 dividuum
2401 1756 2668 1828 patribus
2698 1756 2894 1812 dedit:
2925 1773 3104 1812 unam
3135 1773 3264 1828 quis
3315 1757 3734 1829 possideretur

2072 1843 2132 1898 in
2165 1845 2357 1913 terris,
2389 1845 2632 1900 alteram
2663 1862 2790 1916 quae
2823 1845 3028 1900 futuras
3058 1845 3185 1903 vitae
3211 1845 3439 1902 meritis
3459 1862 3732 1904 servare—

2069 1939 2186 1987 tur.
2246 1933 2503 1997 Quorum
2589 1938 2905 2004 utrumque
2960 1934 3230 1990 convenit
3282 1934 3395 1990 soli
3462 1935 3728 2004 Christo,

2067 2021 2156 2076 vel
2197 2021 2457 2077 ccelestia
2512 2022 2786 2088 dividere,
2849 2021 2936 2078 vel
2977 2021 3206 2079 occulta
3258 2023 3728 2096 deprehendere.

2072 2109 2348 2166 Interiora
2404 2112 2563 2166 enim
2608 2109 2834 2178 dividit,
2870 2111 2971 2182 qui
3032 2110 3259 2167 occulta
3311 2112 3728 2185 deprehendit,

2070 2200 2226 2269 quod
2259 2205 2346 2254 est
2375 2199 2578 2272 utique
2621 2199 2948 2256 divinitatis
3007 2200 3254 2272 insigne.
3315 2201 3579 2274 Denique
3634 2203 3728 2259 sic

2071 2288 2252 2343 babes
2280 2288 2564 2358 scriptum
2597 2287 2735 2360 quia
2763 2287 3048 2344 Dominus
3077 2287 3226 2343 dixit
3257 2305 3270 2344 :
3311 2310 3338 2342 ι
3369 2289 3638 2348 Laetabor
3665 2297 3732 2347 et

2070 2375 2324 2430 dividam
2359 2375 2636 2432 Sicimam
2669 2377 2841 2448 (Psal.
2875 2393 2988 2442 nix,
3019 2377 3097 2447 8).
3135 2399 3164 2426 »
3195 2377 3313 2433 Hac
3341 2384 3435 2434 est
3455 2378 3559 2434 illa
3593 2396 3728 2436 ma-

2070 2463 2284 2534 gniﬁca
2315 2465 2521 2536 portio,
2555 2483 2733 2538 quam
2771 2465 2952 2522 Jacob
2982 2465 3104 2522 ﬁlio
3158 2482 3266 2522 suo
3295 2467 3515 2540 Josepb
3571 2485 3726 2540 pre-

2072 2553 2412 2609 stantiorem
2443 2554 2719 2610 omnibus
2746 2555 3060 2625 deputavit.
3094 2554 3258 2610 Unde
3310 2555 3394 2611 ait
3426 2572 3439 2611 :
3509 2579 3536 2607 α
3601 2559 3726 2630 Ego

2071 2640 2145 2696 do
2176 2641 2278 2696 tibi
2312 2643 2586 2698 Sicimam
2637 2643 3010 2715 magniﬁcam
3068 2657 3248 2716 super
3295 2643 3504 2701 fratres
3560 2650 3724 2716 tuos,

2072 2745 2250 2802 quam
2281 2733 2478 2804 accepi
2517 2732 2588 2787 de
2621 2749 2796 2786 manu
2851 2731 3342 2801 Amorrhaaorum,
3403 2733 3466 2789 in
3520 2733 3723 2808 gladio

2074 2835 2204 2874 meo
2233 2825 2284 2875 el
2319 2821 2532 2892 sagitta
2561 2819 2713 2892 (Gen.
2746 2837 2942 2890 xnvm,
2972 2823 3086 2890 22).
3117 2841 3145 2870 »
3177 2821 3339 2886 Quod
3378 2822 3592 2880 divisio
3623 2841 3719 2880 so-

2071 2907 2110 2962 li
2141 2907 2386 2964 Domino
2416 2909 2679 2972 debetur.
2712 2926 2839 2980 qua:
2874 2909 3080 2977 Verbo,
3139 2909 3249 2966 hoc
3289 2913 3402 2975 est,
3461 2912 3719 2984 spiritali

2075 2994 2173 3050 illo
2203 2996 2318 3052 veri
2349 2996 2681 3052 Salomonis
2717 2996 2910 3070 gladio
2968 2998 3505 3070 comprehenditur.
3566 3003 3718 3068 Quid

2073 3089 2163 3140 est
2192 3084 2298 3141 soli
2328 3086 2355 3141 ‘I
2383 3086 2538 3142 Patri
2568 3087 2697 3144 sine
2735 3087 2985 3154 Christo,
3016 3103 3090 3144 an
3121 3087 3350 3144 Christo
3371 3089 3504 3145 sine
3522 3091 3723 3147 Patre?

2077 3172 2336 3230 Minime.
2369 3176 2513 3231 Cum
2547 3175 2739 3231 solum
2765 3176 2894 3232 dico
2925 3175 3178 3246 Patrem,
3211 3175 3426 3233 Filium
3457 3195 3574 3234 non
3628 3197 3721 3236 se-

327 3265 765 3323 descensionem
808 3264 1120 3339 significat,
1175 3282 1292 3337 qua
1328 3265 1629 3320 descendit
1683 3264 1967 3320 Dominus
1999 3256 2042 3323 C
2081 3277 2220 3332 paro
2254 3281 2267 3329 ;
2296 3264 2434 3334 quia
2461 3264 2520 3319 in
2551 3264 2686 3320 sinu
2717 3269 2775 3320 et
2802 3269 3024 3322 secreto
3054 3264 3246 3320 Patris
3277 3265 3462 3322 Filius
3487 3273 3600 3326 est.
3636 3285 3725 3325 so-

325 3354 520 3425 Jesus,
550 3355 690 3428 quia
718 3355 987 3426 contagio
1018 3354 1362 3412 delictorum
1420 3353 1642 3410 vicinos
1696 3353 1970 3410 Jordanis
2080 3348 2204 3406 lum
2233 3351 2443 3408 Filium
2475 3353 2624 3419 dico,
2655 3357 2714 3409 et
2743 3353 2970 3410 Patrem
2993 3353 3204 3426 jungo,
3237 3354 3618 3427 sicutjunxit
3668 3363 3726 3414 et

327 3443 591 3498 ﬂuminis
617 3444 976 3499 emundavit.
1010 3443 1112 3498 Hic
1143 3443 1354 3498 ﬂuvius
1380 3441 1495 3498 exit
1524 3442 1594 3498 de
1619 3442 1880 3514 Egypto,
1914 3444 1972 3498 et
2078 3437 2258 3494 Filius
2290 3439 2490 3496 dicens
2522 3457 2535 3496 :
2568 3464 2597 3490 «
2633 3441 2774 3497 Ecce
2803 3441 2962 3497 venit
2989 3441 3152 3509 hora,
3184 3447 3252 3498 ut
3283 3459 3377 3498 me
3405 3443 3603 3500 solum
3635 3462 3728 3502 re-

326 3530 534 3586 dividit
560 3536 774 3586 terram
811 3531 1305 3604 repromissionis.
1339 3532 1487 3603 Ergo
1521 3531 1622 3603 qui
1673 3531 1966 3598 turbatur,

323 3621 374 3676 si
407 3620 540 3675 boni
573 3619 829 3676 consulit
859 3623 958 3691 (2),
1009 3621 1082 3676 de
1129 3622 1371 3694 Egypto
1403 3621 1536 3690 exit,
1597 3624 1654 3674 et
1701 3619 1968 3692 sequitur

317 3707 477 3762 viam
508 3707 676 3764 lucis.
705 3709 1066 3764 Hermoniim
1096 3709 1272 3764 etiam
1303 3708 1451 3762 viam
1489 3707 1738 3764 lucerna:
1785 3707 1961 3764 inter-

321 3795 528 3869 pretati
555 3800 714 3852 sunt.
749 3796 848 3852 Exi
876 3813 1012 3869 ergo
1045 3797 1207 3869 prius
1236 3814 1305 3853 ex
1334 3797 1597 3870 .Egypto,
1649 3795 1698 3852 si
1727 3795 1814 3853 vis
1873 3797 1962 3852 lu-

317 3901 452 3941 men
471 3886 623 3942 048
641 3885 855 3942 Christi
871 3885 1087 3952 videre,
1110 3885 1294 3942 Exivit
1319 3886 1645 3941 Chananaaa
1665 3903 1700 3941 a
1744 3885 1961 3941 ﬁnibus

315 3975 674 4048 gentium,et
693 3975 988 4030 Christum
1011 3975 1246 4041 invenit,
1266 3975 1357 4031 cui
1383 3975 1642 4030 dicebat:
1671 3998 1698 4025 «
1725 3974 1959 4031 Misere-

317 4080 380 4120 re
403 4064 630 4131 mei,ﬁli
657 4064 837 4120 David
859 4066 1065 4127 (Matth.
1089 4083 1180 4131 xv,
1203 4065 1291 4138 22)
1319 4066 1332 4120 l
1363 4089 1388 4113 »
1411 4065 1597 4120 Exivit
1625 4069 1683 4120 et
1731 4065 1958 4136 Moyses

313 4169 382 4210 ex
397 4154 659 4227 Egypto,
685 4159 742 4209 et
765 4154 1048 4226 propheta
1085 4154 1272 4209 factus
1307 4159 1415 4220 est,
1458 4159 1514 4209 et
1557 4153 1840 4210 remissus
1884 4155 1954 4210 ad

314 4242 621 4314 populum,
644 4249 709 4298 ut
725 4244 795 4298 de.
825 4250 981 4298 terra
1002 4243 1333 4298 atﬁictionis
1356 4242 1584 4298 animas
1599 4258 1799 4297 eorum
1819 4241 1958 4298 libe-

315 4335 486 4386 raret.
505 4333 586 4387 Lu
609 4349 784 4388 cerna
802 4337 998 4388 autem
1021 4333 1078 4386 in
1103 4331 1316 4387 Christi
1361 4347 1620 4402 corpore.
1673 4331 1803 4386 Πωο
1850 4329 1954 4386 tibi

311 4418 554 4499 lucet-pa
571 4420 724 4476 viam
748 4424 1057 4475 monstrat.
1077 4420 1239 4475 Unde
1259 4425 1316 4474 et
1343 4423 1582 4474 sanctus
1605 4419 1785 4474 David
1833 4419 1915 4474 ait
1939 4437 1951 4476 :

317 4529 340 4556 ι
368 4507 628 4563 Lucerna
653 4509 899 4580 pedibus
921 4508 1066 4563 meis
1087 4508 1328 4563 verbum
1353 4512 1521 4563 tuum
1543 4508 1715 4579 (Psal.
1753 4523 1950 4576 cxvm,

2077 3525 2361 3600 linquatis
2393 3545 2406 3584 :
2440 3531 2541 3585 sed
2575 3547 2688 3586 non
2719 3529 2904 3596 solus,
2936 3531 3214 3602 quoniam
3267 3531 3434 3588 Pater
3489 3550 3727 3590 mecum

2075 3622 2164 3671 est
2195 3617 2370 3688 (Joun.
2403 3634 2518 3685 xw,
2549 3619 2660 3690 32).
2695 3641 2724 3668 »
2757 3619 2849 3674 Sic
2877 3635 3015 3691 ergo
3046 3625 3106 3675 et
3158 3620 3329 3677 Pater
3366 3619 3528 3678 solus
3589 3623 3726 3678 bea-

2073 3707 2190 3765 tus.
2221 3709 2279 3760 et
2310 3705 2472 3761 solus
2503 3710 2707 3778 potens
2737 3707 2954 3763 dicitur
2983 3708 3032 3779 (1
3060 3709 3196 3764 Tim.
3228 3725 3304 3774 vr,
3339 3711 3428 3778 16)
3461 3729 3475 3778 ;
3511 3713 3576 3764 ιι
3646 3713 3720 3767 ab

2071 3807 2138 3846 eo
2171 3791 2351 3848 Filius
2383 3811 2494 3850 non
2539 3800 2956 3866 sequestretur,
2987 3796 3088 3867 qui
3143 3795 3204 3852 in
3261 3795 3430 3854 Patre
3485 3814 3723 3872 semper

2071 3885 2179 3936 est.
2212 3881 2472 3954 Denique
2500 3883 2772 3954 praeclare
2799 3883 3054 3941 Joannes
3087 3901 3101 3942 :
3135 3907 3162 3934 «
3197 3885 3262 3940 In
3284 3886 3567 3960 principio
3593 3895 3718 3945 erat

2072 3969 2326 4025 Verbum
2359 3973 2532 4041 (Joan,
2567 3989 2604 4028 1.
2639 3973 2712 4043 i),
2746 3995 2773 4022 ››
2807 3973 2907 4029 sed
2937 3973 3065 4030 sine
3094 3971 3260 4030 Patre
3300 3992 3416 4031 non
3442 3980 3590 4032 erat.
3649 3979 3716 4033 Et

2068 4057 2224 4114 Deus
2255 4059 2422 4115 Pater
2449 4067 2592 4127 erat,
2623 4063 2724 4116 sed
2755 4060 2882 4118 sine
2923 4061 3111 4118 Verbo
3167 4079 3284 4118 non
3342 4068 3465 4120 erat
3497 4081 3511 4121 :
3569 4066 3715 4138 quia

2069 4171 2096 4197 ‹‹
2130 4149 2376 4205 Verbum
2409 4155 2532 4204 erat
2561 4150 2716 4222 apud
2749 4155 2932 4206 Deum
2963 4151 3165 4222 (ibid)
3201 4175 3229 4200 »
3385 4211 3396 4224 ,

2140 4239 2224 4292 16.
2255 4237 2385 4294 1Ῑὶθο
2417 4238 2632 4294 Sicima
2663 4238 2917 4295 Ecclesia
2944 4245 3051 4296 est.
3079 4241 3273 4312 Ipsam
3327 4243 3487 4298 enim
3535 4242 3714 4316 elegit

2064 4327 2361 4394 Salomon,
2392 4329 2562 4398 cujus
2592 4327 2872 4384 latentem
2904 4329 3175 4385 distinxit
3223 4330 3523 4386 atl‘ectum.
3583 4333 3710 4388 Hec

2064 4416 2280 4472 Sicima
2311 4418 2492 4472 Maria
2523 4423 2630 4484 est,
2662 4419 2834 4489 cujus
2864 4417 3121 4473 animam
3149 4417 3387 4490 gladius
3417 4419 3520 4475 Dei
3551 4424 3710 4477 tran-

2065 4507 2142 4561 sit
2171 4511 2228 4560 et
2255 4505 2482 4562 dividit.
2519 4507 2649 4562 Haec
2679 4506 2896 4562 Sicima
2918 4511 3009 4563 est
3030 4507 3375 4578 ascendens,
3407 4508 3563 4565 sicut
3621 4511 3709 4565 in-

313 4596 460 4665 105).
487 4615 514 4644 »
539 4597 984 4668 Lucerna,quod
1007 4595 1426 4652 illuminaverit
1447 4595 1676 4652 animas
1716 4595 1951 4652 univer-
1981 4616 2029 4679 Β
2065 4595 2395 4666 terpretatio
2427 4596 2621 4652 habet.
2655 4595 2789 4659 Quae
2820 4595 2900 4650 sit
2927 4595 3274 4663 ascendens,
3307 4597 3448 4654 audi
3472 4597 3544 4654 de
3600 4599 3704 4654 Ec-

310 4699 534 4751 sarum,
557 4684 695 4739 etin
733 4686 988 4741 tenebris
1021 4685 1175 4740 viam
1219 4683 1644 4740 monstraverit.
1695 4686 1952 4758 Evange-

308 4772 454 4828 lium
475 4771 833 4828 vialucernai
854 4778 979 4841 est;
1006 4775 1063 4829 in
1083 4773 1294 4830 umbra
1327 4771 1500 4838 lucet,
1531 4772 1589 4828 id
1627 4777 1736 4842 est,
1764 4773 1820 4828 in
1853 4791 1952 4830 saa-

305 4859 457 4918 culo.
492 4861 657 4918 Unde
689 4866 746 4918 et
775 4861 914 4918 alibi
954 4862 1136 4918 babes
1164 4879 1176 4917 ε
1215 4884 1242 4912 ι(
1273 4862 1410 4917 Nive
1437 4861 1948 4919 dealbabunturin

241 4983 249 4988 -
305 4949 542 5008 Selmon
573 4951 740 5019 (Psal.
775 4969 906 5018 an,
941 4952 1050 5021 15),
1078 4975 1100 5004 ι
1139 4951 1197 5006 id
1225 4956 1334 5020 est,
1365 4949 1426 5006 in
1477 4951 1944 5008 obumbratione.

381 5041 463 5096 15.
496 5040 773 5097 Jordanis
803 5057 1038 5113 quoque
1068 5040 1336 5096 Christus
1367 5040 1468 5112 qui
1498 5040 1707 5096 dividit
1728 5045 1944 5096 terram

301 5130 604 5195 Quomodo
624 5129 860 5195 dividat,
893 5129 1031 5184 audi
1063 5145 1076 5185 :
1118 5151 1139 5178 α
1177 5129 1243 5184 Et
1270 5131 1434 5184 tuam
1465 5127 1655 5200 ipsius
1685 5127 1944 5182 animam

298 5218 682 5289 pertransibit
760 5217 1017 5288 gladius,
1093 5217 1165 5273 ad
1226 5215 1565 5272 revelandas
1619 5215 1941 5272 multorum

300 5308 680 5379 cogitationes
710 5305 973 5362 cordium
1006 5307 1155 5379 (Luc.
1192 5323 1250 5374 ιι,
1281 5307 1374 5372 35)
1407 5321 1419 5360 :
1459 5328 1486 5353 »
1542 5321 1608 5360 eo
1661 5305 1812 5376 quod
1866 5305 1944 5360 sit

299 5482 376 5535 tia
406 5485 694 5539 reservari.
727 5483 863 5546 Quae
892 5485 1066 5540 verba
1096 5483 1218 5540 loco
1250 5499 1357 5538 suo
1387 5481 1776 5538 restituimus.

368 5555 445 5621 (2)
477 5553 618 5608 Mss.
651 5554 788 5617 duo,
820 5557 872 5608 si
901 5557 1032 5610 bene
1059 5557 1168 5610 sibi
1186 5555 1440 5610 consulit.

369 5621 444 5689 (3)
471 5623 562 5676 Sic
591 5639 738 5678 mss.
769 5624 1016 5690 'fhuan.,
1049 5626 1213 5680 Dion.
1247 5627 1422 5680 Torn.
1455 5629 1511 5678 et
1538 5624 1684 5678 Vict.
1712 5622 1822 5678 Alii
1851 5641 1939 5681 ve-

302 5703 363 5744 ro
393 5694 570 5760 atque
601 5691 763 5755 edit.,
789 5695 945 5762 cujus
984 5696 1134 5762 ﬁlius
1174 5696 1326 5751 dicit.
1360 5694 1555 5751 Minus
1585 5695 1888 5752 commode
1922 5715 1934 5753 :

2061 4683 2256 4740 clesia.
2294 4706 2320 4735 «
2353 4684 2487 4748 Quae
2519 4690 2765 4755 estquae
2803 4683 3070 4740 ascendit
3123 4683 3396 4742 dealbata
3449 4687 3705 4743 innitens

2061 4789 2238 4844 super
2267 4775 2502 4828 fratrem
2535 4788 2713 4828 suum
2737 4773 2917 4844 (Cant.
2951 4790 3074 4840 vui,
3105 4775 3164 4843 5)
3192 4774 3221 4829 ?
3252 4798 3281 4825 ››
3308 4775 3441 4831 Haec
3481 4780 3572 4833 est
3609 4793 3701 4832 ac-

2062 4861 2268 4928 tinosa,
2301 4878 2429 4933 quis
2461 4861 2654 4917 Graece
2671 4859 2940 4922 ἀκτινωδῆς
2995 4862 3229 4931 dicitur,
3252 4865 3410 4936 quod
3442 4865 3556 4922 ﬁde
3575 4881 3701 4937 ope-

2058 4950 2340 5021 ribusque
2369 4949 2740 5020 resplendeat
2772 4967 2785 5007 :
2830 4951 2985 5008 644
3012 4953 3182 5022 cujus
3213 4951 3353 5010 ﬁliis
3382 4953 3528 5010 dicit
3569 4955 3652 5024 (3)
3681 4972 3694 5008 :

2055 5038 2243 5110 Opera
2267 5043 2458 5094 vestra
2487 5039 2725 5095 luceant
2753 5055 2948 5096 coram
2981 5039 3148 5096 Patre
3177 5057 3330 5106 meo,
3364 5042 3466 5114 qui
3497 5043 3554 5098 in
3581 5058 3694 5098 cae-

2055 5125 2128 5182 lis
2159 5132 2249 5183 est
2277 5127 2484 5197 (Matth.
2520 5144 2574 5194 v,
2610 5128 2718 5198 16).

2135 5218 2212 5271 i7.
2247 5217 2473 5272 Memor
2499 5231 2636 5288 ergo
2665 5221 2753 5273 est
2782 5215 2882 5273 Dei
2913 5215 3091 5273 David
3123 5217 3194 5274 de
3224 5221 3380 5275 terra
3421 5218 3688 5275 Jordanis

2051 5310 2108 5360 et
2137 5304 2498 5360 Hermoniim
2531 5322 2565 5360 a
2595 5309 2792 5360 monte
2822 5304 3068 5362 modico.
3103 5307 3244 5374 Quis
3273 5311 3366 5362 est
3393 5307 3502 5364 iste
3529 5321 3687 5364 mons

2051 5487 2117 5538 ut
2143 5481 2316 5542 docet
2345 5480 2628 5556 orationis
2659 5485 2987 5556 contextus.
3021 5482 3200 5539 Porro
3230 5482 3453 5556 passim
3481 5483 3538 5538 in
3579 5481 3677 5537 hoc

2053 5559 2299 5608 tractatu
2328 5551 2898 5625 vcrsiculosgPsalmi
2933 5569 3051 5625 xm,
3101 5551 3492 5625 resecavimus
3541 5567 3676 5625 quos

2047 5626 2185 5752 edcilt.
2223 5625 2390 5751 ltoirti.
2426 5630 2488 5680 ut
2519 5623 2866 5680 continuum
2900 5623 3155 5682 efficeret
3182 5623 3669 5688 commentarium,

2047 5714 2106 5752 In
2157 5712 2375 5754 uxera.
