3866 6212
269 375 392 442 857

1080 371 1182 437 ea
1223 367 1955 438 INTERPELLA’I‘IONE
1996 368 2133 437 sos
2179 368 2279 434 ET
2320 368 2564 436 nmo
2606 369 2755 436 LIB.
2798 367 2879 435 II.

3560 366 3679 437 858

273 508 593 568 modicus?
622 507 1072 567 Considersmus
1104 525 1175 566 ne
1206 508 1351 567 forte
1382 507 1654 564 divinitas
1703 505 1916 562 Christi
1952 507 2003 574 Α
2038 504 2197 561 misit
2225 502 2496 577 oraculis,
2530 504 2601 561 ad
2632 522 2833 579 preces
2864 521 3179 564 conversus
3208 504 3359 564 045
3401 503 3677 579 interpel-

260 616 451 661 _mons
480 597 1271 672 magnus.Denique«cmlum
1305 602 1359 653 et
1394 603 1605 652 lCI‘I'itlil
1639 596 1919 666 cmiiplci),

272 688 418 746 dicit
446 688 734 744 Dominus
766 690 979 755 (larem.
1010 705 1174 758 χχιιι,
1202 688 1318 758 24).
1356 687 1446 741 nSi
1479 703 1615 758 ergo
1647 685 1924 741 divinitas

272 776 492 832 Christi
525 792 696 832 mons
727 792 979 849 magnus
1029 781 1136 844 est,
1171 776 1374 847 utique
1421 774 1746 830 incarnatio
1797 775 1927 846 ejus

272 881 450 921 mons
498 864 745 938 exiguus
794 868 900 920 est.
956 864 1277 935 Utrumque
1326 879 1462 934 ergo
1519 862 1806 930 Christus,
1869 866 1927 916 et

273 970 451 1010 mons
489 970 742 1026 magnus
771 957 827 1008 et
858 953 1049 1009 minor
1079 969 1093 1007 :
1130 969 1379 1025 magnus
1424 968 1573 1018 vere,
1609 951 1749 1023 quia
1802 967 1926 1006 ma-

271 1058 432 1115 gnus
462 1040 747 1097 Dominus
777 1046 834 1096 et
866 1058 1080 1113 magna
1110 1041 1293 1095 virtus
1329 1040 1456 1111 ejus
1492 1056 1504 1093 :
1541 1040 1752 1108 minor,
1787 1039 1927 1112 quia

275 1129 565 1202 scriptum
597 1133 687 1185 est
715 1146 764 1184 ;‹‹
799 1128 1100 1184 Minorasti
1133 1145 1266 1184 eum
1299 1127 1475 1200 paulo
1507 1128 1704 1184 minus
1737 1128 1807 1183 ab
1830 1145 1929 1182 an-

269 1220 429 1293 gelis
456 1219 630 1292 (Psal.
666 1236 787 1285 νιιι,
822 1218 897 1289 0).
930 1240 957 1266 ››
988 1218 1148 1273 Unde
1179 1225 1235 1273 et
1270 1218 1448 1273 Isaias
1480 1217 1622 1272 dicit
1654 1233 1666 1270 ε
1704 1240 1731 1267 ‹‹
1764 1216 1925 1271 Vidi-

275 1325 419 1364 mus
449 1324 603 1376 eum,
636 1311 692 1362 et
722 1324 834 1361 non
865 1306 1117 1363 habebat
1146 1307 1421 1380 speciem,
1442 1323 1627 1370 neque
1659 1306 1926 1361 decorem

276 1397 410 1468 (lsa.
456 1414 571 1462 Lm,
620 1398 695 1467 2).
728 1418 755 1444 ››
790 1396 946 1450 Idem
991 1400 1186 1451 tamen
1239 1400 1295 1450 et
1342 1413 1410 1449 ex
1469 1411 1680 1464 magno
1739 1393 1931 1449 minor

277 1486 494 1549 factus,
526 1491 582 1540 et
626 1502 694 1540 ex
746 1484 969 1540 minore
1018 1501 1287 1557 magnus.
1325 1485 1407 1539 Ex
1452 1501 1663 1556 magno
1715 1482 1928 1551 minor,

276 1575 425 1648 quia
454 1590 587 1629 cum
619 1572 679 1629 in
713 1573 899 1629 ferina
947 1573 1043 1628 Dei
1092 1577 1266 1639 esset,
1300 1573 1685 1645 semetipsum
1732 1572 1926 1627 exina-

278 1662 449 1728 nivit,
479 1667 536 1718 et
565 1662 809 1717 formam
842 1662 990 1717 servi
1021 1662 1273 1733 accepit;
1310 1679 1377 1717 ex
1408 1661 1633 1717 minore
1654 1678 1926 1734 magnus,

277 1751 423 1826 quia
450 1751 593 1807 dicit
642 1750 843 1806 Daniel
882 1767 893 1806 :
929 1773 956 1800 «
990 1751 1060 1805 Et
1092 1749 1243 1822 lapis
1274 1751 1372 1822 qui
1404 1751 1559 1806 elisit
1588 1749 1929 1821 imaginem,

276 1841 473 1896 factus
516 1844 605 1897 est
654 1856 825 1895 mons
868 1855 1140 1911 magnus,
1175 1845 1231 1895 et
1260 1839 1523 1911 implevit
1553 1856 1784 1895 omnem
1817 1843 1929 1894 ter-

258 1947 411 1995 ram
445 1931 604 2002 (Dan.
639 1946 703 1996 ιι,
734 1929 845 1997 35).
897 1950 925 1978 ››
975 1927 1146 1999 Lapis
1185 1927 1280 1983 hie
1311 1928 1360 1984 si
1384 1928 1631 2000 requiris
1663 1929 1796 2000 quis
1828 1928 1925 1993 sit,

277 2035 550 2093 agnosce.
583 2041 603 2066 α
643 2015 921 2089 Lapidem
954 2010 1130 2088 quem
1163 2017 1623 2089 reprobaverunt
1647 2016 1933 2072 aedifican-

277 2113 393 2175 tes,
443 2107 537 2162 hic
588 2107 776 2162 factus
823 2110 912 2160 est
958 2105 1019 2161 in
1067 2110 1245 2177 caput
1292 2106 1488 2178 anguli
1541 2106 1710 2177 (Psal.
1756 2123 1929 2173 cxvn,

275 2198 395 2267 22).
432 2219 459 2247 »
493 2196 649 2252 Idem
681 2200 878 2251 tamen
912 2211 1045 2249 cum
1080 2200 1137 2249 et
1165 2193 1412 2267 exiguus
1458 2194 1772 2265 videretur,
1807 2213 1931 2251 ma-

276 2302 438 2359 gnus
466 2289 608 2340 erat.
637 2283 738 2338 Cui
772 2282 851 2337 rei
882 2282 1238 2354 astipulatur
1270 2282 1451 2339 Isaias
1486 2283 1723 2340 dicens:
1756 2284 1934 2338 «Puer

279 2378 461 2431 natus
496 2377 600 2430 .est
644 2366 834 2437 nobis,
876 2380 929 2427 et
980 2369 1137 2426 ﬁlius
1185 2372 1358 2428 datus
1396 2376 1484 2427 est
1534 2372 1722 2441 nobis,
1764 2373 1933 2444 cujus

277 2462 521 2518 initium
554 2477 733 2534 super
761 2459 1040 2515 humeros
1069 2460 1219 2530 ejus,
1270 2464 1328 2515 et
1385 2461 1688 2515 vocabitur
1736 2461 1934 2534 magni

278 2549 517 2608 consilii
571 2547 815 2623 angelus
864 2551 990 2618 (Isa.
1027 2566 1102 2615 ιχ,
1134 2549 1211 2616 6).
1269 2571 1289 2598 ι
1342 2548 1552 2605 Omnia
1598 2554 1834 2621 propter
1879 2555 1934 2605 te

282 2639 580 2697 Christus.
615 2638 788 2711 Lapis
820 2642 1054 2710 propter
1081 2630 1157 2705 te,
1194 2642 1256 2692 ut
1285 2641 1346 2692 tu
1379 2636 1682 2694 aediﬁceris
1717 2657 1729 2694 :
1766 2655 1934 2695 mons

280 2731 523 2801 propter
567 2730 642 2794 te,
682 2730 750 2782 ut
794 2728 857 2780 tu
906 2725 1207 2781 ascendas.
1261 2725 1526 2780 Ascende
1574 2742 1710 2797 ergo
1760 2742 1937 2798 super

280 2820 569 2882 montem,
604 2814 703 2885 qui
735 2811 992 2869 coelestia
1024 2812 1342 2883 petis.ldeo
1369 2811 1672 2867 inclinavit
1701 2813 1934 2880 coelum,

280 2909 354 2960 ut
384 2908 445 2959 tu
477 2918 637 2958 esses
666 2901 941 2957 vicinior:
967 2901 1095 2955 ideo
1121 2900 1372 2956 surrexit
1399 2898 1456 2956 in
1482 2901 1753 2957 verticem
1776 2920 1937 2957 mon-

280 2993 385 3063 tis,
421 2996 483 3048 ut
512 2996 567 3048 te
589 2990 855 3047 elevaret.

362 3084 446 3138 18.
480 3084 605 3136 Non
636 3078 927 3136 immerito
976 3095 1112 3152 ergo
1163 3080 1412 3152 abyssus
1457 3080 1738 3153 abyssum
1772 3081 1932 3137 invo-

280 3171 479 3236 cabat,
512 3173 576 3225 ut
622 3168 732 3224 iste
777 3185 945 3224 mons
994 3170 1156 3224 ﬁeret
1201 3168 1468 3241 exiguus,
1518 3169 1589 3225 de
1632 3187 1747 3242 quo
1800 3170 1937 3226 Pro-

277 3260 464 3333 pheta
508 3258 590 3314 ait
638 3276 651 3314 :
707 3277 727 3305 ι
773 3258 1034 3329 Abyssus
1084 3257 1362 3330 abyssum
1414 3257 1643 3313 invocat
1689 3258 1749 3313 in
1798 3275 1933 3315 voce
1965 3245 2007 3310 C

279 3351 710 3406 cataractarum
760 3350 992 3400 tuarum
1025 3345 1195 3412 (Psal.
1232 3363 1343 3412 xu,
1372 3346 1447 3417 8).
1484 3369 1511 3394 ››
1562 3345 1685 3401 Non
1720 3364 1933 3418 prmva-

276 3430 441 3493 lebat
468 3440 633 3492 vetus
663 3435 1105 3490 Testamentum
1136 3434 1209 3489 ad
1242 3432 1413 3489 istius
1448 3434 1653 3490 mundi
1706 3435 1933 3492 redem-

283 3526 546 3600 ptionem
575 3543 589 3592 ;
623 3522 947 3593 invocabat,
978 3518 1038 3578 et
1068 3521 1237 3594 quasi
1268 3521 1340 3578 ad
1374 3521 1655 3579 auxilium
1688 3541 1938 3579 arcesse-

279 3616 388 3671 bat
417 3614 640 3670 Novum
672 3612 1444 3668 Testamentum.Clamabat
1467 3610 1557 3667 lex
1578 3613 1938 3669 annuntians

283 3702 688 3776 Evangelium.
752 3701 885 3756 Erat
933 3702 1090 3756 enim
1139 3699 1465 3773 semiplena
1501 3718 1513 3757 :
1547 3705 1604 3756 et
1636 3683 1765 3757 ideo
1818 3708 1940 3758 erat

285 3790 678 3860 necessarius,
712 3795 777 3846 ut
802 3789 1025 3845 veniret
1055 3784 1155 3861 qui
1186 3789 1395 3862 Legem
1444 3787 1731 3861 impleret.
1777 3788 1937 3845 Finis

286 3880 451 3938 enim
500 3879 644 3952 legis
689 3879 956 3935 Christus
1000 3878 1074 3933 ad
1114 3876 1414 3950 justitiam
1464 3877 1623 3933 omni
1656 3876 1937 3945 credenti,

287 3968 395 4043 qui
444 3970 602 4025 venit
647 3967 835 4042 legem
891 3962 1151 4040 implere,
1186 3983 1300 4023 non
1352 3966 1593 4023 solvere.
1638 3968 1937 4030 Quomodo

287 4060 544 4132 abyssus
588 4057 695 4123 lex,
728 4057 866 4113 audi
916 4052 1206 4113 dicentem
1242 4073 1255 4112 :
1289 4079 1317 4107 «
1358 4056 1588 4112 Judieia
1637 4060 1737 4111 tua
1786 4058 1939 4113 sicut

286 4148 544 4219 nbyssus
573 4145 760 4201 multa
790 4145 1217 4217 (Psal.xxxv,7).
1258 4142 1483 4200 nSimul
1514 4144 1651 4199 hinc
1681 4145 1938 4218 intellige

285 4240 609 4308 utrumque
666 4234 842 4291 unius
910 4249 1036 4290 esse
1107 4232 1403 4305 sapientiae
1470 4233 1932 4304 Testamentum,

283 4325 448 4398 quod
474 4322 642 4396 quasi
672 4338 846 4379 suum
880 4322 1039 4379 venit
1066 4320 1329 4394 implere.
1362 4325 1696 4379 Cataractus
1735 4327 1932 4379 autem

281 4411 675 4485 intelligimus
714 4412 1002 4484 profunda
1049 4413 1379 4476 verborum,
1412 4417 1469 4467 et
1514 4410 1632 4466 vim
1681 4412 1933 4470 ecelestis

276 4499 502 4572 eloquii
555 4517 569 4556 :
623 4512 749 4573 quas
799 4500 1015 4556 ﬂuxere
1064 4499 1233 4555 nobis
1279 4500 1433 4555 sicut
1481 4500 1671 4555 imber
1700 4514 1730 4555 e
1761 4502 1925 4558 coelo.

198 4591 435 4666 _Ergo
484 4590 807 4645 remedium
856 4589 1164 4644 taediorum
1223 4587 1486 4644 omnium

276 4674 584 4753 Scriptura
615 4676 839 4747 divina;
873 4684 1046 4752 atque
1070 4677 1128 4733 in
1152 4676 1571 4733 tentationibus
1592 4692 1775 4733 unum
1801 4696 1927 4751 per-

278 4760 539 4842 fugiam.

941 4864 1176 4920 CAPUT
1214 4864 1283 4920 V.

282 4956 558 5027 Propheta
604 4957 845 5011 miseriis
890 4955 1132 5027 obsessus
1156 4954 1422 5027 (divinam
1468 4954 1730 5025 implerat
1766 4958 1933 5012 mise-

354 5024 672 5092 ricordiam,
706 5042 831 5098 qua:
860 5029 919 5082 in
948 5024 1189 5081 adversis
1213 5025 1493 5097 praecipue
1519 5024 1929 5097 manifestatur.

355 5099 529 5153 Deum
575 5098 813 5153 hominis
858 5102 1392 5169 susceptoremesse,
1423 5100 1540 5151 tum
1588 5098 1655 5169 ob
1699 5101 1931 5154 creatio-

351 5180 482 5225 nem
508 5178 619 5241 qua
643 5170 707 5224 in
731 5184 829 5225 nos
859 5167 1117 5239 idem7jus
1146 5167 1306 5223 habet
1328 5170 1493 5238 atque
1522 5169 1580 5223 in
1612 5168 1763 5241 lutea
1800 5185 1933 5225 vasa

351 5239 580 5314 ﬁgulus,
611 5246 728 5313 tum
755 5242 820 5297 ob
848 5241 1217 5311 defensionem
1246 5256 1354 5312 qua
1384 5255 1690 5295 concessam
1719 5239 1934 5296 homini

353 5315 529 5370 vitam
556 5316 858 5368 conservat.

351 5429 440 5484 19.
475 5417 737 5500 Denique
767 5425 869 5483 ubi
898 5426 1148 5483 advertit
1174 5422 1353 5496 David
1386 5426 1541 5497 quod
1581 5426 1931 5485 elevationes

275 5514 572 5573 fluetuum
604 5515 975 5571 saecularium
1006 5531 1186 5587 super
1231 5528 1294 5571 se
1332 5514 1615 5583 venirent,
1650 5532 1799 5588 quas
1830 5534 1928 5574 ne-

283 5623 452 5664 cesse
482 5610 574 5663 est
603 5600 891 5678 plurimas
938 5603 1256 5660 subeamus
1300 5602 1361 5660 in
1410 5603 1581 5660 istius
1614 5605 1739 5661 salo
1777 5607 1925 5676 vitae,

275 5712 511 5754 memor
538 5693 773 5752 Domini
804 5692 1248 5751 miserationum
1272 5709 1419 5764 quas
1449 5693 1777 5751 innumeris
1794 5712 1925 5767 pro-

2034 595 2113 647 lat
2155 595 2358 662 Deum,
2393 594 2583 651 sciens
2631 594 2785 668 quod
2835 593 3235 652 misericordia
3278 596 3405 668 ejus
3452 596 3504 651 in
3550 596 3678 653 luce

2034 684 2369 749 mandatur,
2404 683 2461 739 id
2493 688 2602 754 est,
2636 684 2696 740 in
2735 683 2894 759 lege;
2924 686 3065 758 quia
3086 709 3112 736 «
3138 685 3238 741 lux
3266 690 3551 758 praecepta
3579 691 3682 743 tua

2034 774 2161 844 (Isa.
2194 790 2348 842 xxvx,
2379 773 2433 843 0)
2470 792 2482 828 :
2520 796 2546 823 »
2577 774 2635 829 in
2690 774 3108 831 tentationibus
3156 781 3352 831 autem
3404 775 3573 849 quasi
3622 775 3679 831 in

2035 861 2223 917 noctis
2257 862 2535 930 tenebris,
2571 864 2998 920 manifestatur.
3033 862 3195 920 Unde
3226 867 3508 939 tanquam
3555 865 3678 920 via-

2013 955 2125 1015 ,tor
2153 950 2251 1022 qui
2288 952 2601 1024 repatriare
2634 952 2943 1020 desideret,
2972 957 3029 1010 et
3060 952 3358 1026 pervenire
3389 970 3505 1027 quo
3547 957 3679 1009 ten-

2035 1039 2158 1108 dat,
2179 1039 2517 1112 conl'ragoso
2544 1044 2739 1096 tamen
2772 1042 2903 1098 vitae
2935 1042 3111 1113 hujus
3142 1042 3345 1099 itinere
3379 1043 3676 1117 fatigatus,

2034 1127 2241 1183 ducem
2275 1128 2538 1198 arcessit,
2572 1136 2628 1184 et
2661 1128 3117 1186 allevamentum
3151 1132 3437 1188 obsecrat.

2106 1245 2194 1297 20.
2225 1266 2251 1291 ‹‹
2288 1245 2454 1313 Apud
2508 1261 2619 1310 me,
2654 1244 2865 1316 inquit,
2920 1246 3103 1301 oratio
3153 1246 3267 1301 Deo
3314 1246 3442 1301 vitas
3493 1263 3679 1313 meae;

2036 1331 2227 1385 dicam
2280 1331 2395 1386 Deo
2432 1348 2442 1386 :
2476 1333 2794 1404 Susceptor
2843 1351 3010 1391 meus
3056 1352 3119 1390 es
3151 1336 3319 1406 (Psal.
3351 1353 3465 1401 xu,
3498 1334 3609 1407 40).
3653 1356 3680 1385 »

2038 1408 2188 1474 Bene
2240 1426 2377 1475 nota
2417 1420 2544 1491 jam
2593 1422 2705 1476 sibi
2754 1423 2963 1494 quaerit
3010 1423 3246 1489 auxilia,
3302 1428 3359 1479 et
3408 1424 3683 1496 promissi

2036 1512 2333 1564 auctorem
2378 1510 2664 1576 convenit,
2699 1516 2874 1583 atque
2923 1512 3119 1567 usitati
3172 1512 3432 1568 inuneris
3477 1512 3682 1584 praebi-

2038 1602 2257 1664 torem;
2312 1602 2376 1653 ut
2424 1598 2480 1653 in
2535 1599 2953 1667 subveniendo,
3006 1599 3056 1656 si
3099 1600 3376 1657 meritum
3427 1601 3684 1657 hominis

2037 1686 2298 1753 offendit,
2357 1686 2602 1743 divitum
2661 1706 2777 1744 non
2818 1689 3072 1745 offendat
3120 1689 3473 1762 exemplum.
3534 1690 3687 1746 Dicit

2039 1775 2543 1847 aliquis:Quundo
2575 1778 2825 1850 suscipit
2853 1794 2987 1833 eum
3025 1779 3217 1835 Deus?
3247 1776 3317 1833 Ut
3334 1778 3443 1835 hoe
3465 1782 3689 1835 astrua-

1961 1872 2009 1939 B
2042 1881 2197 1929 mus,
2229 1865 2359 1919 veni
2393 1881 2621 1921 mecum
2672 1868 2744 1922 ad
2792 1866 3104 1939 Scripturae
3135 1882 3313 1923 sacras
3357 1868 3686 1935 exordium,

2041 1958 2099 2009 et
2129 1954 2259 2009 vide
2288 1955 2581 2024 quomodo
2622 1957 2904 2013 Dominus
2947 1957 3223 2013 manibus
3272 1957 3399 2015 suis
3451 1959 3522 2014 de
3564 1957 3686 2014 luto

2041 2041 2337 2098 hominem
2368 2046 2869 2117 Iiguraverit(Geu.
2894 2062 2959 2114 ιι,
2981 2046 3231 2119 7).Unde
3262 2051 3321 2104 et
3352 2047 3447 2102 hic
3479 2048 3603 2120 ipse
3626 2048 3685 2103 tn

2042 2131 2466 2202 posterioribus
2499 2133 2639 2188 dicit
2671 2150 2685 2189 :
2720 2157 2747 2183 «
2785 2135 2991 2191 Manus
3038 2139 3150 2190 tuas
3198 2136 3462 2192 fecerunt
3508 2152 3604 2193 me
3631 2140 3690 2192 et

2043 2218 2476 2289 plasmaverunt
2506 2238 2598 2278 me
2628 2224 2801 2290 (Psal.
2835 2240 3030 2291 cxvm,
3063 2225 3175 2280 73).
3203 2246 3230 2273 ››
3262 2223 3438 2290 Quasi
3470 2225 3688 2296 ﬁgulus

2044 2309 2283 2378 quidam
2317 2309 2472 2365 Deus
2504 2311 2783 2367 fabricam
2816 2312 3010 2369 carnis
3039 2319 3130 2368 est
3157 2318 3430 2385 operatus
3477 2312 3689 2370 huma-

2047 2413 2149 2451 nas.
2190 2398 2256 2451 Et
2304 2398 2376 2452 ad
2423 2398 2736 2456 Jeremiam
2772 2401 3033 2457 dicitur:
3076 2423 3103 2452 «
3138 2402 3432 2458 Descende
3480 2402 3538 2458 in
3582 2403 3689 2459 do-

2045 2501 2208 2540 mum
2268 2485 2454 2557 ﬁguli,
2510 2492 2569 2543 et
2614 2490 2820 2546 audies
2875 2489 2996 2546 illic
3051 2491 3228 2547 verba
3286 2507 3414 2547 mea
3473 2491 3685 2563 (Jerem.

2043 2589 2205 2641 xvm,
2238 2574 2314 2643 2).
2350 2575 2548 2647 Figulo
2580 2577 2781 2649 utique
2811 2596 2962 2651 stepe
2992 2579 3370 2652 contingit,ut
3408 2580 3551 2635 dum
3588 2597 3689 2635 vas

2046 2664 2305 2735 ﬁngitur,
2331 2665 2501 2721 cadat
2529 2666 2601 2722 de
2632 2667 2905 2722 manibus
2936 2668 3086 2739 ejus,
3119 2673 3177 2725 et
3207 2668 3420 2724 iterum
3453 2668 3691 2742 colligat

2044 2751 2256 2816 lutum,
2293 2759 2358 2807 ut
2385 2770 2485 2809 vas
2516 2755 3078 2829 refermet.Denique
3107 2760 3164 2813 et
3190 2756 3479 2813 Jeremias
3508 2757 3649 2814 dicit
3675 2776 3687 2813 :

2046 2862 2073 2890 «
2108 2840 2410 2912 Descendi,
2450 2848 2509 2898 et
2552 2843 2670 2899 vidi
2720 2861 2833 2916 quo
2887 2845 3059 2901 modo
3107 2846 3315 2902 cecidit
3360 2863 3484 2915 vas,
3532 2847 3688 2918 quod

2045 2929 2172 3000 ipse
2213 2930 2459 2986 faciebat
2487 2931 2548 2987 in
2582 2933 2856 2988 manibus
2885 2934 3010 2990 suis
3040 2934 3198 3005 (Ibid.
3229 2936 3347 3005 3).»
3379 2934 3450 2989 Et
3477 2935 3691 2992 iterum

2046 3016 2241 3089 inquit
2290 3034 2302 3072 :
2352 3021 2566 3076 «Fecit
2611 3038 2710 3077 vas
2760 3022 2919 3078 aliud
2977 3039 3093 3095 quo
3154 3023 3327 3080 modo
3380 3022 3602 3096 placuit
3638 3024 3692 3080 ei

2046 3106 2207 3173 (Ibid.
2266 3107 2341 3177 4).
2403 3129 2432 3157 ››
2478 3108 2651 3165 Recte
2697 3127 2834 3183 ergo
2892 3117 3198 3184 susceptor
3255 3112 3490 3179 dicitur,
3553 3113 3694 3185 quia

2048 3194 2323 3250 manibus
2371 3197 2495 3252 suis
2545 3215 2650 3254 nos
2706 3199 2833 3271 ipse
2880 3202 3159 3272 suscepit,
3210 3200 3335 3272 ipse
3394 3200 3683 3257 formavit.

2048 3282 2299 3338 Humani
2358 3284 2521 3357 figuli
2572 3303 2711 3342 vasa
2757 3294 2896 3343 sunt
2937 3288 3057 3355 illa,
3108 3288 3220 3344 alia
3277 3290 3335 3343 in
3384 3288 3689 3358 honorem,

2048 3370 2164 3426 alia
2193 3372 2251 3426 in
2283 3373 2717 3431 contumeliam.
2754 3379 2969 3432 Omnes
3001 3392 3209 3432 sumus
3256 3394 3394 3433 vasa
3442 3377 3643 3433 ﬁctilia
3676 3396 3689 3433 :

2046 3467 2106 3516 et
2133 3460 2183 3516 si
2214 3478 2310 3516 rex
2340 3462 2414 3518 sit
2444 3463 2679 3536 aliquis,
2712 3481 2815 3520 vas
2845 3465 3022 3521 fictile
3047 3471 3168 3533 est;
3203 3470 3260 3521 et
3288 3465 3336 3522 si
3370 3466 3689 3538 apostolus,

2046 3566 2148 3604 vas
2207 3550 2384 3607 ﬁctile
2442 3558 2548 3608 est.
2612 3554 2772 3609 Unde
2831 3559 2890 3610 et
2952 3553 3168 3610 Paulus
3216 3573 3229 3611 :
3295 3578 3315 3603 α
3372 3555 3687 3623 Habemus,

2048 3637 2259 3710 inquit,
2318 3638 2664 3698 thesaurum
2723 3644 2903 3699 istum
2962 3643 3022 3698 in
3081 3644 3236 3700 vasis
3294 3643 3571 3701 fictilibus
3622 3646 3690 3717 (II

2049 3726 2169 3783 Cor.
2219 3745 2291 3797 ιν,
2341 3730 2417 3800 7).
2454 3752 2483 3780 »
2514 3731 2582 3786 Et
2629 3732 2913 3805 propheta
2940 3733 3013 3789 de
3043 3750 3176 3806 rege
3205 3733 3347 3790 dicit
3378 3752 3392 3791 :
3426 3756 3454 3785 ‹‹
3478 3734 3691 3807 Depre-

2047 3816 2229 3873 tiatus
2273 3823 2363 3874 est
2408 3818 2716 3877 Jechonias
2773 3822 2926 3878 sicut
2970 3837 3092 3887 vas,
3129 3824 3297 3894 cujus
3345 3838 3523 3895 opera
3576 3840 3691 3880 non

2048 3910 2138 3961 est
2175 3908 2505 3963 necessaria
2552 3910 2775 3979 (Jerem.
2826 3929 2965 3977 χχιι,
3016 3913 3127 3979 28).
3182 3934 3210 3961 ››
3261 3912 3329 3966 Et
3386 3911 3611 3967 addidit
3678 3929 3690 3968 :

2049 4016 2077 4043 ‹‹
2145 3996 2340 4063 Terra,
2405 3998 2540 4053 audi
2599 3999 2838 4055 verbum
2906 3999 3158 4066 Domini,
3242 3999 3432 4055 scribe
3501 4000 3691 4056 virum

2045 4080 2225 4137 istum
2282 4085 2619 4141 abdicatum
2669 4088 2827 4157 (Ibid.
2890 4105 3027 4155 xxn,
3092 4090 3183 4153 29,
3251 4088 3360 4157 30).
3427 4110 3455 4138 ››
3513 4088 3690 4152 Quasi

2045 4171 2234 4241 patrio
2257 4173 2391 4242 jure
2422 4174 2577 4231 Deus
2608 4180 2807 4231 noster
2858 4176 3009 4231 ﬁlios
3044 4176 3193 4232 solet
3222 4176 3492 4232 abdicare
3519 4177 3690 4249 dege-

2046 4275 2248 4327 neres;
2279 4261 2408 4318 ideo
2439 4268 2497 4319 et
2529 4264 2585 4318 in
2618 4269 2774 4320 terra
2814 4281 2913 4321 eos
2961 4265 3185 4333 scribit,
3220 4265 3359 4337 quia
3390 4265 3491 4321 ﬁlii
3524 4270 3689 4322 terra:

2043 4350 2381 4406 sunt.Unde
2411 4368 2544 4407 cum
2574 4352 2761 4407 Judaei
2803 4357 3147 4409 accusarent
3193 4352 3540 4422 adulteram,
3577 4359 3689 4410 Do-

2044 4438 2241 4494 minus
2269 4439 2442 4496 Jesus
2468 4440 2652 4513 digito
2682 4441 2974 4497 scribebat
3005 4444 3062 4498 in
3097 4447 3272 4498 terra.
3302 4446 3332 4497 J
3343 4442 3454 4497 usti
3493 4447 3689 4499 autem

2044 4544 2160 4583 non
2192 4528 2248 4582 in
2282 4534 2436 4585 terra
2464 4528 2820 4596 scribuntur,
2853 4530 3071 4602 quibus
3099 4531 3315 4587 dicitur
3346 4549 3359 4587 :
3394 4554 3423 4582 ‹‹
3456 4532 3686 4587 Gaude-

1536 4588 1827 4658 Ch’ismsi
1871 4596 1928 4647 et
1967 4617 2011 4679 Ι)
2041 4621 2099 4672 te
2129 4619 2286 4688 quod
2317 4620 2559 4675 nomina
2587 4588 2778 4676 vestra
2807 4588 3048 4693 scripta
3094 4626 3234 4677 sunt
3268 4622 3326 4676 in
3358 4623 3501 4677 casio
3530 4622 3683 4693 (Luc.

2045 4724 2100 4772 χ,
2131 4708 2243 4777 20).
2284 4730 2311 4757 ››

2110 4806 2200 4860 21.
2259 4806 2531 4877 Suscepit
2572 4823 2711 4879 ergo
2764 4824 2872 4864 nos
2919 4810 3228 4878 Dominus,
3279 4809 3516 4881 quando
3584 4826 3690 4865 nos

2043 4893 2209 4948 ﬁnxit
2242 4911 2255 4948 :
2289 4894 2540 4963 suscipit
2569 4900 2626 4950 et
2656 4896 2891 4968 quando
2942 4913 3049 4953 nos
3090 4898 3262 4967 jubet
3291 4897 3472 4953 nasci.
3527 4897 3690 4954 Unde

2042 4982 2124 5038 ait
2168 4985 2369 5052 justus
2402 5025 2415 5037 .
2468 5006 2494 5032 «
2529 4984 2797 5056 Suscepit
2839 5001 2933 5040 me
2975 5003 3045 5041 ex
3091 4990 3255 5041 utero
3304 4985 3508 5042 matris
3548 5003 3691 5042 mem

2040 5072 2210 5142 (Psal.
2263 5086 2528 5139 cxxxvm,
2585 5074 2693 5143 13).
2752 5096 2773 5122 ι
2820 5074 3005 5144 Cujus
3054 5074 3308 5130 matris?
3338 5073 3687 5146 Priusquam

2041 5164 2097 5215 te
2128 5160 2440 5214 formarem
2474 5160 2532 5214 in
2565 5166 2751 5226 utero,
2784 5162 2915 5216 novi
2944 5167 3000 5218 te
3030 5164 3246 5232 (Jerem.
3282 5179 3320 5229 ι,
3351 5164 3427 5231 5).
3464 5185 3487 5212 ο
3533 5165 3689 5229 Quos

2040 5250 2254 5303 format
2282 5253 2339 5303 et
2368 5248 2637 5320 suscipit,
2673 5254 2949 5306 exeuntes
2981 5267 3213 5324 quoque
3244 5250 3510 5323 suscipit.
3548 5274 3576 5302 ‹‹
3621 5253 3692 5309 Et

2041 5337 2388 5408 priusquam
2459 5335 2645 5393 exires
2700 5339 2770 5393 de
2822 5338 2993 5396 vulva
3048 5339 3274 5405 matris,
3332 5338 3687 5419 sanctiﬁcavi

2039 5432 2096 5482 te
2128 5424 2334 5494 (Ibid.).
2370 5445 2399 5473 »
2431 5424 2750 5497 Susceptor
2777 5431 2866 5483 est
2910 5428 3011 5500 qui
3039 5427 3365 5501 susceperit
3391 5427 3687 5495 manibus,

2040 5521 2105 5573 ut
2133 5512 2364 5588 generis
2396 5518 2665 5584 operator
2696 5515 2937 5571 humani
2984 5523 3290 5590 susceptor
3337 5516 3582 5585 dicitur;
3634 5521 3691 5573 et

2039 5604 2139 5678 qui
2186 5601 2515 5659 visitatiene
2564 5604 2911 5675 susceperit,
2955 5610 3021 5661 ut
3070 5610 3352 5679 protegat.
3407 5602 3565 5662 Unde
3610 5606 3693 5661 ait

2040 5692 2327 5767 Propheta
2372 5708 2385 5748 :
2436 5691 2606 5759 «Qui
2664 5693 2887 5750 habitat
2936 5694 2995 5750 in
3046 5695 3336 5768 adjutorio
3375 5692 3685 5763 Altissimi,
