  <div class='ocr_page' id='page_1' title='image "/cluster/home/n/w/nwhite01/storage/ocr_20150623/14/uva.x000826552/444.png"; bbox 0 0 3856 6216; ppageno 0'>
   <div class='ocr_carea' id='block_1_1' title="bbox 314 300 437 372">
    <p class='ocr_par' dir='ltr' id='par_1_1' title="bbox 314 300 437 372">
     <span class='ocr_line' id='line_1_1' title="bbox 314 300 437 372; baseline -0.024 0"><span class='ocrx_word' id='word_1_1' title='bbox 314 300 437 372; x_wconf 76' lang='lat'><strong>859</strong></span> 
     </span>
    </p>
   </div>
   <div class='ocr_carea' id='block_1_2' title="bbox 1772 237 2256 368">
    <p class='ocr_par' dir='ltr' id='par_1_2' title="bbox 1772 237 2256 368">
     <span class='ocr_line' id='line_1_2' title="bbox 1772 237 2256 368; baseline -0.004 0"><span class='ocrx_word' id='word_1_2' title='bbox 1772 301 1837 368; x_wconf 80' lang='grc' dir='ltr'><strong>Β.</strong></span> <span class='ocrx_word' id='word_1_3' title='bbox 1881 237 2256 368; x_wconf 78' lang='lat' dir='ltr'><strong>AMBROSIl</strong></span> 
     </span>
    </p>
   </div>
   <div class='ocr_carea' id='block_1_3' title="bbox 3616 295 3735 381">
    <p class='ocr_par' dir='ltr' id='par_1_3' title="bbox 3616 295 3735 381">
     <span class='ocr_line' id='line_1_3' title="bbox 3616 295 3735 381; baseline 0 -17"><span class='ocrx_word' id='word_1_4' title='bbox 3616 295 3735 381; x_wconf 80' lang='lat' dir='ltr'><strong>eeo</strong></span> 
     </span>
    </p>
   </div>
   <div class='ocr_carea' id='block_1_4' title="bbox 317 435 3735 517">
    <p class='ocr_par' dir='ltr' id='par_1_4' title="bbox 317 435 3735 517">
     <span class='ocr_line' id='line_1_4' title="bbox 317 435 3735 517; baseline -0.002 -16"><span class='ocrx_word' id='word_1_5' title='bbox 317 444 468 502; x_wconf 86' lang='lat' dir='ltr'><strong>dicet</strong></span> <span class='ocrx_word' id='word_1_6' title='bbox 499 439 740 502; x_wconf 90' lang='lat' dir='ltr'><strong>Domino</strong></span> <span class='ocrx_word' id='word_1_7' title='bbox 772 459 786 500; x_wconf 91' lang='lat'><strong>:</strong></span> <span class='ocrx_word' id='word_1_8' title='bbox 819 438 1136 517; x_wconf 87' lang='lat' dir='ltr'><strong>Susceptor</strong></span> <span class='ocrx_word' id='word_1_9' title='bbox 1164 454 1330 498; x_wconf 87' lang='lat' dir='ltr'><strong>meus</strong></span> <span class='ocrx_word' id='word_1_10' title='bbox 1361 451 1423 497; x_wconf 90' lang='lat' dir='ltr'><strong>es</strong></span> <span class='ocrx_word' id='word_1_11' title='bbox 1454 440 1538 510; x_wconf 89' lang='lat' dir='ltr'><strong>tu,</strong></span> <span class='ocrx_word' id='word_1_12' title='bbox 1570 439 1629 497; x_wconf 90' lang='lat' dir='ltr'><strong>et</strong></span> <span class='ocrx_word' id='word_1_13' title='bbox 1666 436 1958 511; x_wconf 81' lang='lat' dir='ltr'><strong>refugium</strong></span> <span class='ocrx_word' id='word_1_14' title='bbox 1990 436 2045 504; x_wconf 80' lang='grc' dir='ltr'><strong>Α</strong></span> <span class='ocrx_word' id='word_1_15' title='bbox 2074 442 2236 495; x_wconf 80' lang='lat' dir='ltr'><strong>utero</strong></span> <span class='ocrx_word' id='word_1_16' title='bbox 2288 436 2583 511; x_wconf 88' lang='lat' dir='ltr'><strong>projectus</strong></span> <span class='ocrx_word' id='word_1_17' title='bbox 2627 438 2719 496; x_wconf 88' lang='lat' dir='ltr'><strong>est</strong></span> <span class='ocrx_word' id='word_1_18' title='bbox 2762 435 3057 514; x_wconf 81' lang='lat' dir='ltr'><strong>Virginis;</strong></span> <span class='ocrx_word' id='word_1_19' title='bbox 3112 453 3229 497; x_wconf 88' lang='lat' dir='ltr'><strong>non</strong></span> <span class='ocrx_word' id='word_1_20' title='bbox 3280 437 3449 496; x_wconf 87' lang='lat' dir='ltr'><strong>enim</strong></span> <span class='ocrx_word' id='word_1_21' title='bbox 3500 440 3735 493; x_wconf 82' lang='lat' dir='ltr'><strong>terrena</strong></span> 
     </span>
    </p>
   </div>
   <div class='ocr_carea' id='block_1_5' title="bbox 291 527 1960 607">
    <p class='ocr_par' dir='ltr' id='par_1_5' title="bbox 291 527 1960 607">
     <span class='ocr_line' id='line_1_5' title="bbox 291 527 1960 607; baseline -0.005 -17"><span class='ocrx_word' id='word_1_22' title='bbox 291 545 516 590; x_wconf 74' lang='lat' dir='ltr'><strong>‘meum</strong></span> <span class='ocrx_word' id='word_1_23' title='bbox 551 534 718 607; x_wconf 75' lang='lat' dir='ltr'><strong>(Psal.</strong></span> <span class='ocrx_word' id='word_1_24' title='bbox 753 551 843 602; x_wconf 86' lang='lat' dir='ltr'><strong>xc,</strong></span> <span class='ocrx_word' id='word_1_25' title='bbox 879 536 928 602; x_wconf 85' lang='lat'><strong>1,</strong></span> <span class='ocrx_word' id='word_1_26' title='bbox 960 534 1035 601; x_wconf 88' lang='lat'><strong>2).</strong></span> <span class='ocrx_word' id='word_1_27' title='bbox 1072 552 1100 582; x_wconf 82' lang='lat'><strong>»</strong></span> <span class='ocrx_word' id='word_1_28' title='bbox 1150 530 1345 587; x_wconf 88' lang='lat' dir='ltr'><strong>Prima</strong></span> <span class='ocrx_word' id='word_1_29' title='bbox 1393 527 1686 605; x_wconf 76' lang='lat' dir='ltr'><strong>susceptio</strong></span> <span class='ocrx_word' id='word_1_30' title='bbox 1714 532 1802 583; x_wconf 87' lang='lat' dir='ltr'><strong>est</strong></span> <span class='ocrx_word' id='word_1_31' title='bbox 1827 544 1960 600; x_wconf 89' lang='lat' dir='ltr'><strong>ope-</strong></span> 
     </span>
    </p>
   </div>
   <div class='ocr_carea' id='block_1_6' title="bbox 320 617 1959 695">
    <p class='ocr_par' dir='ltr' id='par_1_6' title="bbox 320 617 1959 695">
     <span class='ocr_line' id='line_1_6' title="bbox 320 617 1959 695; baseline -0.005 -15"><span class='ocrx_word' id='word_1_32' title='bbox 320 624 585 695; x_wconf 81' lang='lat' dir='ltr'><strong>rationis,</strong></span> <span class='ocrx_word' id='word_1_33' title='bbox 619 623 875 681; x_wconf 90' lang='lat' dir='ltr'><strong>secunda</strong></span> <span class='ocrx_word' id='word_1_34' title='bbox 903 620 1280 678; x_wconf 84' lang='lat' dir='ltr'><strong>defensionis.</strong></span> <span class='ocrx_word' id='word_1_35' title='bbox 1334 619 1593 690; x_wconf 87' lang='lat' dir='ltr'><strong>Denique</strong></span> <span class='ocrx_word' id='word_1_36' title='bbox 1623 617 1759 673; x_wconf 91' lang='lat' dir='ltr'><strong>audi</strong></span> <span class='ocrx_word' id='word_1_37' title='bbox 1805 618 1959 686; x_wconf 84' lang='lat' dir='ltr'><strong>Moy-</strong></span> 
     </span>
    </p>
   </div>
   <div class='ocr_carea' id='block_1_7' title="bbox 318 706 1964 779">
    <p class='ocr_par' dir='ltr' id='par_1_7' title="bbox 318 706 1964 779">
     <span class='ocr_line' id='line_1_7' title="bbox 318 706 1964 779; baseline -0.005 -9"><span class='ocrx_word' id='word_1_38' title='bbox 318 730 421 771; x_wconf 87' lang='lat' dir='ltr'><strong>sen</strong></span> <span class='ocrx_word' id='word_1_39' title='bbox 473 714 761 770; x_wconf 82' lang='lat' dir='ltr'><strong>dicentem</strong></span> <span class='ocrx_word' id='word_1_40' title='bbox 809 732 885 769; x_wconf 77' lang='lat' dir='ltr'><strong>:a</strong></span> <span class='ocrx_word' id='word_1_41' title='bbox 923 711 1252 768; x_wconf 86' lang='lat' dir='ltr'><strong>Extendens</strong></span> <span class='ocrx_word' id='word_1_42' title='bbox 1300 709 1423 766; x_wconf 88' lang='lat' dir='ltr'><strong>alas</strong></span> <span class='ocrx_word' id='word_1_43' title='bbox 1471 725 1609 765; x_wconf 86' lang='lat' dir='ltr'><strong>suas</strong></span> <span class='ocrx_word' id='word_1_44' title='bbox 1639 706 1964 779; x_wconf 84' lang='lat' dir='ltr'><strong>assumpsit</strong></span> 
     </span>
    </p>
   </div>
   <div class='ocr_carea' id='block_1_8' title="bbox 317 794 1958 873">
    <p class='ocr_par' dir='ltr' id='par_1_8' title="bbox 317 794 1958 873">
     <span class='ocr_line' id='line_1_8' title="bbox 317 794 1958 873; baseline -0.006 -14"><span class='ocrx_word' id='word_1_45' title='bbox 317 820 437 871; x_wconf 91' lang='lat' dir='ltr'><strong>eos,</strong></span> <span class='ocrx_word' id='word_1_46' title='bbox 495 808 551 858; x_wconf 90' lang='lat' dir='ltr'><strong>et</strong></span> <span class='ocrx_word' id='word_1_47' title='bbox 606 801 861 873; x_wconf 85' lang='lat' dir='ltr'><strong>suscepit</strong></span> <span class='ocrx_word' id='word_1_48' title='bbox 907 817 1005 856; x_wconf 91' lang='lat' dir='ltr'><strong>eos</strong></span> <span class='ocrx_word' id='word_1_49' title='bbox 1051 815 1228 871; x_wconf 81' lang='lat' dir='ltr'><strong>super</strong></span> <span class='ocrx_word' id='word_1_50' title='bbox 1275 796 1547 870; x_wconf 88' lang='lat' dir='ltr'><strong>scapulas</strong></span> <span class='ocrx_word' id='word_1_51' title='bbox 1595 812 1733 851; x_wconf 90' lang='lat' dir='ltr'><strong>suas</strong></span> <span class='ocrx_word' id='word_1_52' title='bbox 1782 794 1958 867; x_wconf 86' lang='lat' dir='ltr'><strong>(Deut.</strong></span> 
     </span>
    </p>
   </div>
   <div class='ocr_carea' id='block_1_9' title="bbox 316 884 1961 963">
    <p class='ocr_par' dir='ltr' id='par_1_9' title="bbox 316 884 1961 963">
     <span class='ocr_line' id='line_1_9' title="bbox 316 884 1961 963; baseline -0.004 -17"><span class='ocrx_word' id='word_1_53' title='bbox 316 909 490 961; x_wconf 66' lang='grc' dir='ltr'>χχχιι,</span> <span class='ocrx_word' id='word_1_54' title='bbox 528 892 645 963; x_wconf 89' lang='grc'><strong>11);</strong></span> <span class='ocrx_word' id='word_1_55' title='bbox 684 914 710 940; x_wconf 85' lang='grc'><strong>››</strong></span> <span class='ocrx_word' id='word_1_56' title='bbox 742 890 894 945; x_wconf 90' lang='lat' dir='ltr'><strong>sicut</strong></span> <span class='ocrx_word' id='word_1_57' title='bbox 922 887 1119 961; x_wconf 88' lang='lat' dir='ltr'><strong>aquila</strong></span> <span class='ocrx_word' id='word_1_58' title='bbox 1148 885 1414 959; x_wconf 78' lang='lat' dir='ltr'><strong>suscipit,</strong></span> <span class='ocrx_word' id='word_1_59' title='bbox 1446 901 1573 957; x_wconf 66' lang='lat' dir='ltr'><strong>quae</strong></span> <span class='ocrx_word' id='word_1_60' title='bbox 1620 884 1774 940; x_wconf 87' lang='lat' dir='ltr'><strong>fetus</strong></span> <span class='ocrx_word' id='word_1_61' title='bbox 1822 899 1961 939; x_wconf 89' lang='lat' dir='ltr'><strong>suos</strong></span> 
     </span>
    </p>
   </div>
   <div class='ocr_carea' id='block_1_10' title="bbox 315 971 1959 1045">
    <p class='ocr_par' dir='ltr' id='par_1_10' title="bbox 315 971 1959 1045">
     <span class='ocr_line' id='line_1_10' title="bbox 315 971 1959 1045; baseline -0.007 -10"><span class='ocrx_word' id='word_1_62' title='bbox 315 979 646 1035; x_wconf 85' lang='lat' dir='ltr'><strong>examinare</strong></span> <span class='ocrx_word' id='word_1_63' title='bbox 705 978 1037 1045; x_wconf 85' lang='lat' dir='ltr'><strong>consuevit;</strong></span> <span class='ocrx_word' id='word_1_64' title='bbox 1085 979 1149 1031; x_wconf 88' lang='lat' dir='ltr'><strong>ut</strong></span> <span class='ocrx_word' id='word_1_65' title='bbox 1207 978 1400 1030; x_wconf 77' lang='lat' dir='ltr'><strong>teneat</strong></span> <span class='ocrx_word' id='word_1_66' title='bbox 1455 977 1629 1045; x_wconf 88' lang='lat' dir='ltr'><strong>atque</strong></span> <span class='ocrx_word' id='word_1_67' title='bbox 1678 971 1959 1036; x_wconf 87' lang='lat' dir='ltr'><strong>enutriat,</strong></span> 
     </span>
    </p>
   </div>
   <div class='ocr_carea' id='block_1_11' title="bbox 316 1060 1958 1140">
    <p class='ocr_par' dir='ltr' id='par_1_11' title="bbox 316 1060 1958 1140">
     <span class='ocr_line' id='line_1_11' title="bbox 316 1060 1958 1140; baseline -0.004 -18"><span class='ocrx_word' id='word_1_68' title='bbox 316 1067 531 1140; x_wconf 89' lang='lat' dir='ltr'><strong>quibus</strong></span> <span class='ocrx_word' id='word_1_69' title='bbox 561 1066 678 1125; x_wconf 84' lang='lat' dir='ltr'><strong>veri</strong></span> <span class='ocrx_word' id='word_1_70' title='bbox 706 1066 959 1122; x_wconf 87' lang='lat' dir='ltr'><strong>indolem</strong></span> <span class='ocrx_word' id='word_1_71' title='bbox 993 1069 1216 1137; x_wconf 87' lang='lat' dir='ltr'><strong>partus,</strong></span> <span class='ocrx_word' id='word_1_72' title='bbox 1249 1070 1307 1119; x_wconf 91' lang='lat' dir='ltr'><strong>et</strong></span> <span class='ocrx_word' id='word_1_73' title='bbox 1337 1063 1683 1131; x_wconf 66' lang='lat' dir='ltr'><strong>incorruptis</strong></span> <span class='ocrx_word' id='word_1_74' title='bbox 1708 1060 1958 1134; x_wconf 82' lang='lat' dir='ltr'><strong>gratiam</strong></span> 
     </span>
    </p>
   </div>
   <div class='ocr_carea' id='block_1_12' title="bbox 316 1149 1960 1227">
    <p class='ocr_par' dir='ltr' id='par_1_12' title="bbox 316 1149 1960 1227">
     <span class='ocr_line' id='line_1_12' title="bbox 316 1149 1960 1227; baseline -0.005 -15"><span class='ocrx_word' id='word_1_75' title='bbox 316 1161 536 1213; x_wconf 85' lang='lat' dir='ltr'><strong>naturae</strong></span> <span class='ocrx_word' id='word_1_76' title='bbox 567 1155 871 1227; x_wconf 88' lang='lat' dir='ltr'><strong>astipulari</strong></span> <span class='ocrx_word' id='word_1_77' title='bbox 904 1153 1250 1213; x_wconf 81' lang='lat' dir='ltr'><strong>adverterit;</strong></span> <span class='ocrx_word' id='word_1_78' title='bbox 1286 1156 1384 1207; x_wconf 88' lang='lat' dir='ltr'><strong>aut</strong></span> <span class='ocrx_word' id='word_1_79' title='bbox 1416 1149 1673 1222; x_wconf 84' lang='lat' dir='ltr'><strong>repellat,</strong></span> <span class='ocrx_word' id='word_1_80' title='bbox 1716 1149 1775 1204; x_wconf 88' lang='lat' dir='ltr'><strong>in</strong></span> <span class='ocrx_word' id='word_1_81' title='bbox 1824 1149 1960 1222; x_wconf 89' lang='lat' dir='ltr'><strong>qui-</strong></span> 
     </span>
    </p>
   </div>
   <div class='ocr_carea' id='block_1_13' title="bbox 315 1239 1960 1315">
    <p class='ocr_par' dir='ltr' id='par_1_13' title="bbox 315 1239 1960 1315">
     <span class='ocr_line' id='line_1_13' title="bbox 315 1239 1960 1315; baseline -0.004 -15"><span class='ocrx_word' id='word_1_82' title='bbox 315 1246 428 1301; x_wconf 89' lang='lat' dir='ltr'><strong>bus</strong></span> <span class='ocrx_word' id='word_1_83' title='bbox 458 1244 761 1315; x_wconf 82' lang='lat' dir='ltr'><strong>degeneris</strong></span> <span class='ocrx_word' id='word_1_84' title='bbox 790 1242 1034 1315; x_wconf 86' lang='lat' dir='ltr'><strong>originis</strong></span> <span class='ocrx_word' id='word_1_85' title='bbox 1082 1242 1481 1296; x_wconf 76' lang='lat' dir='ltr'><strong>inﬁrmitatem</strong></span> <span class='ocrx_word' id='word_1_86' title='bbox 1530 1239 1589 1294; x_wconf 91' lang='lat' dir='ltr'><strong>in</strong></span> <span class='ocrx_word' id='word_1_87' title='bbox 1635 1244 1835 1294; x_wconf 87' lang='lat' dir='ltr'><strong>tenera</strong></span> <span class='ocrx_word' id='word_1_88' title='bbox 1864 1239 1960 1294; x_wconf 87' lang='lat' dir='ltr'><strong>ad-</strong></span> 
     </span>
    </p>
   </div>
   <div class='ocr_carea' id='block_1_14' title="bbox 316 1332 1125 1405">
    <p class='ocr_par' dir='ltr' id='par_1_14' title="bbox 316 1332 1125 1405">
     <span class='ocr_line' id='line_1_14' title="bbox 316 1332 1125 1405; baseline -0.005 -16"><span class='ocrx_word' id='word_1_89' title='bbox 316 1334 431 1390; x_wconf 83' lang='lat' dir='ltr'><strong>huc</strong></span> <span class='ocrx_word' id='word_1_90' title='bbox 461 1339 629 1389; x_wconf 67' lang='lat' dir='ltr'><strong>(etate</strong></span> <span class='ocrx_word' id='word_1_91' title='bbox 658 1332 1125 1405; x_wconf 86' lang='lat' dir='ltr'><strong>deprehenderit.</strong></span> 
     </span>
    </p>
   </div>
   <div class='ocr_carea' id='block_1_15' title="bbox 857 1437 1411 1495">
    <p class='ocr_par' dir='ltr' id='par_1_15' title="bbox 857 1437 1411 1495">
     <span class='ocr_line' id='line_1_15' title="bbox 857 1437 1411 1495; baseline -0.007 0"><span class='ocrx_word' id='word_1_92' title='bbox 857 1440 1010 1495; x_wconf 70' lang='lat'><strong>640</strong></span> <span class='ocrx_word' id='word_1_93' title='bbox 1048 1437 1281 1493; x_wconf 86' lang='lat' dir='ltr'><strong>CAPUT</strong></span> <span class='ocrx_word' id='word_1_94' title='bbox 1318 1437 1411 1492; x_wconf 91' lang='lat' dir='ltr'><strong>Vl.</strong></span> 
     </span>
    </p>
   </div>
   <div class='ocr_carea' id='block_1_16' title="bbox 317 1525 1954 1599">
    <p class='ocr_par' dir='ltr' id='par_1_16' title="bbox 317 1525 1954 1599">
     <span class='ocr_line' id='line_1_16' title="bbox 317 1525 1954 1599; baseline -0.003 -15"><span class='ocrx_word' id='word_1_95' title='bbox 317 1531 581 1599; x_wconf 85' lang='lat' dir='ltr'><strong>Queritur</strong></span> <span class='ocrx_word' id='word_1_96' title='bbox 612 1529 780 1584; x_wconf 88' lang='lat' dir='ltr'><strong>David</strong></span> <span class='ocrx_word' id='word_1_97' title='bbox 806 1530 898 1584; x_wconf 76' lang='lat' dir='ltr'><strong>sui</strong></span> <span class='ocrx_word' id='word_1_98' title='bbox 921 1528 1149 1584; x_wconf 85' lang='lat' dir='ltr'><strong>oblitum</strong></span> <span class='ocrx_word' id='word_1_99' title='bbox 1196 1528 1364 1581; x_wconf 86' lang='lat' dir='ltr'><strong>Deum</strong></span> <span class='ocrx_word' id='word_1_100' title='bbox 1394 1525 1589 1591; x_wconf 84' lang='lat' dir='ltr'><strong>videri,</strong></span> <span class='ocrx_word' id='word_1_101' title='bbox 1622 1541 1725 1596; x_wconf 85' lang='lat' dir='ltr'><strong>quo</strong></span> <span class='ocrx_word' id='word_1_102' title='bbox 1757 1532 1806 1599; x_wconf 64' lang='lat' dir='ltr'><strong>et</strong></span> <span class='ocrx_word' id='word_1_103' title='bbox 1835 1540 1954 1595; x_wconf 81' lang='lat' dir='ltr'><strong>pec-</strong></span> 
     </span>
    </p>
   </div>
   <div class='ocr_carea' id='block_1_17' title="bbox 382 1598 1955 1667">
    <p class='ocr_par' dir='ltr' id='par_1_17' title="bbox 382 1598 1955 1667">
     <span class='ocr_line' id='line_1_17' title="bbox 382 1598 1955 1667; baseline -0.004 -10"><span class='ocrx_word' id='word_1_104' title='bbox 382 1605 626 1657; x_wconf 84' lang='lat' dir='ltr'><strong>catorum</strong></span> <span class='ocrx_word' id='word_1_105' title='bbox 652 1616 877 1657; x_wconf 76' lang='lat' dir='ltr'><strong>suorum</strong></span> <span class='ocrx_word' id='word_1_106' title='bbox 904 1601 1123 1661; x_wconf 88' lang='lat' dir='ltr'><strong>merita,</strong></span> <span class='ocrx_word' id='word_1_107' title='bbox 1151 1602 1200 1653; x_wconf 88' lang='lat' dir='ltr'><strong>et</strong></span> <span class='ocrx_word' id='word_1_108' title='bbox 1236 1599 1527 1667; x_wconf 81' lang='lat' dir='ltr'><strong>praprium</strong></span> <span class='ocrx_word' id='word_1_109' title='bbox 1578 1598 1955 1663; x_wconf 77' lang='lat' dir='ltr'><strong>inﬁmitatem</strong></span> 
     </span>
    </p>
   </div>
   <div class='ocr_carea' id='block_1_18' title="bbox 381 1669 1952 1744">
    <p class='ocr_par' dir='ltr' id='par_1_18' title="bbox 381 1669 1952 1744">
     <span class='ocr_line' id='line_1_18' title="bbox 381 1669 1952 1744; baseline -0.004 -16"><span class='ocrx_word' id='word_1_110' title='bbox 381 1690 500 1744; x_wconf 64' lang='lat' dir='ltr'><strong>quae</strong></span> <span class='ocrx_word' id='word_1_111' title='bbox 526 1674 646 1727; x_wconf 77' lang='lat' dir='ltr'><strong>sine</strong></span> <span class='ocrx_word' id='word_1_112' title='bbox 673 1673 864 1744; x_wconf 77' lang='lat' dir='ltr'><strong>divina</strong></span> <span class='ocrx_word' id='word_1_113' title='bbox 878 1669 1135 1742; x_wconf 70' lang='lat' dir='ltr'><strong>praesidio</strong></span> <span class='ocrx_word' id='word_1_114' title='bbox 1151 1669 1591 1744; x_wconf 60' lang='lat' dir='ltr'><strong>subsisterepon</strong></span> <span class='ocrx_word' id='word_1_115' title='bbox 1620 1670 1808 1744; x_wconf 75' lang='lat' dir='ltr'><strong>potest,</strong></span> <span class='ocrx_word' id='word_1_116' title='bbox 1824 1684 1952 1744; x_wconf 44' lang='lat' dir='ltr'><strong>conf</strong></span> 
     </span>
    </p>
   </div>
   <div class='ocr_carea' id='block_1_19' title="bbox 380 1739 1953 1815">
    <p class='ocr_par' dir='ltr' id='par_1_19' title="bbox 380 1739 1953 1815">
     <span class='ocr_line' id='line_1_19' title="bbox 380 1739 1953 1815; baseline -0.005 -15"><span class='ocrx_word' id='word_1_117' title='bbox 380 1739 582 1815; x_wconf 79' lang='lat' dir='ltr'><strong>ﬁtetur.</strong></span> <span class='ocrx_word' id='word_1_118' title='bbox 614 1744 817 1800; x_wconf 83' lang='lat' dir='ltr'><strong>Ibidem</strong></span> <span class='ocrx_word' id='word_1_119' title='bbox 848 1739 993 1807; x_wconf 78' lang='lat' dir='ltr'><strong>luget</strong></span> <span class='ocrx_word' id='word_1_120' title='bbox 1022 1740 1161 1815; x_wconf 84' lang='lat' dir='ltr'><strong>quod</strong></span> <span class='ocrx_word' id='word_1_121' title='bbox 1188 1742 1358 1815; x_wconf 79' lang='lat' dir='ltr'><strong>fuerit</strong></span> <span class='ocrx_word' id='word_1_122' title='bbox 1388 1757 1419 1795; x_wconf 92' lang='lat' dir='ltr'><strong>a</strong></span> <span class='ocrx_word' id='word_1_123' title='bbox 1452 1741 1564 1815; x_wconf 9' lang='lat' dir='ltr'><strong>Deo,</strong></span> <span class='ocrx_word' id='word_1_124' title='bbox 1586 1740 1837 1815; x_wconf 66' lang='lat' dir='ltr'><strong>repulsus</strong></span> <span class='ocrx_word' id='word_1_125' title='bbox 1857 1739 1953 1815; x_wconf 81' lang='lat' dir='ltr'><strong>qui</strong></span> 
     </span>
    </p>
   </div>
   <div class='ocr_carea' id='block_1_20' title="bbox 380 1812 1953 1886">
    <p class='ocr_par' dir='ltr' id='par_1_20' title="bbox 380 1812 1953 1886">
     <span class='ocr_line' id='line_1_20' title="bbox 380 1812 1953 1886; baseline -0.004 -15"><span class='ocrx_word' id='word_1_126' title='bbox 380 1812 652 1886; x_wconf 72' lang='lat' dir='ltr'><strong>susceptus</strong></span> <span class='ocrx_word' id='word_1_127' title='bbox 683 1819 809 1869; x_wconf 84' lang='lat' dir='ltr'><strong>ante</strong></span> <span class='ocrx_word' id='word_1_128' title='bbox 831 1816 1031 1883; x_wconf 85' lang='lat' dir='ltr'><strong>fuerat.</strong></span> <span class='ocrx_word' id='word_1_129' title='bbox 1067 1813 1238 1881; x_wconf 83' lang='lat' dir='ltr'><strong>Quam</strong></span> <span class='ocrx_word' id='word_1_130' title='bbox 1268 1813 1485 1886; x_wconf 69' lang='lat' dir='ltr'><strong>beatum</strong></span> <span class='ocrx_word' id='word_1_131' title='bbox 1504 1812 1586 1886; x_wconf 73' lang='lat' dir='ltr'><strong>_sit</strong></span> <span class='ocrx_word' id='word_1_132' title='bbox 1614 1829 1684 1886; x_wconf 79' lang='lat' dir='ltr'><strong>ea:</strong></span> <span class='ocrx_word' id='word_1_133' title='bbox 1711 1814 1861 1866; x_wconf 83' lang='lat' dir='ltr'><strong>utero</strong></span> <span class='ocrx_word' id='word_1_134' title='bbox 1894 1812 1953 1865; x_wconf 85' lang='lat' dir='ltr'><strong>in</strong></span> 
     </span>
    </p>
   </div>
   <div class='ocr_carea' id='block_1_21' title="bbox 382 1882 1954 1957">
    <p class='ocr_par' dir='ltr' id='par_1_21' title="bbox 382 1882 1954 1957">
     <span class='ocr_line' id='line_1_21' title="bbox 382 1882 1954 1957; baseline -0.004 -14"><span class='ocrx_word' id='word_1_135' title='bbox 382 1882 552 1945; x_wconf 65' lang='lat' dir='ltr'><strong>Dauni</strong></span> <span class='ocrx_word' id='word_1_136' title='bbox 576 1887 778 1957; x_wconf 83' lang='lat' dir='ltr'><strong>projici</strong></span> <span class='ocrx_word' id='word_1_137' title='bbox 792 1906 812 1953; x_wconf 87' lang='lat'><strong>;</strong></span> <span class='ocrx_word' id='word_1_138' title='bbox 832 1882 891 1940; x_wconf 82' lang='lat' dir='ltr'><strong>et</strong></span> <span class='ocrx_word' id='word_1_139' title='bbox 918 1901 1025 1957; x_wconf 86' lang='lat' dir='ltr'><strong>qua</strong></span> <span class='ocrx_word' id='word_1_140' title='bbox 1056 1885 1269 1940; x_wconf 75' lang='lat' dir='ltr'><strong>ratione</strong></span> <span class='ocrx_word' id='word_1_141' title='bbox 1300 1882 1443 1938; x_wconf 80' lang='lat' dir='ltr'><strong>illud</strong></span> <span class='ocrx_word' id='word_1_142' title='bbox 1488 1882 1696 1939; x_wconf 73' lang='lat' dir='ltr'><strong>Christo</strong></span> <span class='ocrx_word' id='word_1_143' title='bbox 1749 1896 1954 1937; x_wconf 84' lang='lat' dir='ltr'><strong>accom-</strong></span> 
     </span>
    </p>
   </div>
   <div class='ocr_carea' id='block_1_22' title="bbox 381 1958 666 2015">
    <p class='ocr_par' dir='ltr' id='par_1_22' title="bbox 381 1958 666 2015">
     <span class='ocr_line' id='line_1_22' title="bbox 381 1958 666 2015; baseline -0.011 0"><span class='ocrx_word' id='word_1_144' title='bbox 381 1958 666 2015; x_wconf 80' lang='lat' dir='ltr'><strong>medetur?</strong></span> 
     </span>
    </p>
   </div>
   <div class='ocr_carea' id='block_1_23' title="bbox 378 2039 1954 2115">
    <p class='ocr_par' dir='ltr' id='par_1_23' title="bbox 378 2039 1954 2115">
     <span class='ocr_line' id='line_1_23' title="bbox 378 2039 1954 2115; baseline -0.004 -13"><span class='ocrx_word' id='word_1_145' title='bbox 378 2050 468 2102; x_wconf 88' lang='lat'><strong>22.</strong></span> <span class='ocrx_word' id='word_1_146' title='bbox 505 2069 533 2098; x_wconf 86' lang='lat'><strong>«</strong></span> <span class='ocrx_word' id='word_1_147' title='bbox 564 2047 749 2111; x_wconf 88' lang='lat' dir='ltr'><strong>Quare</strong></span> <span class='ocrx_word' id='word_1_148' title='bbox 773 2061 864 2101; x_wconf 88' lang='lat' dir='ltr'><strong>me</strong></span> <span class='ocrx_word' id='word_1_149' title='bbox 894 2044 1111 2101; x_wconf 89' lang='lat' dir='ltr'><strong>oblitus</strong></span> <span class='ocrx_word' id='word_1_150' title='bbox 1142 2061 1225 2109; x_wconf 88' lang='lat' dir='ltr'><strong>es,</strong></span> <span class='ocrx_word' id='word_1_151' title='bbox 1255 2047 1312 2100; x_wconf 90' lang='lat' dir='ltr'><strong>et</strong></span> <span class='ocrx_word' id='word_1_152' title='bbox 1341 2058 1522 2115; x_wconf 91' lang='lat' dir='ltr'><strong>quare</strong></span> <span class='ocrx_word' id='word_1_153' title='bbox 1553 2058 1648 2099; x_wconf 88' lang='lat' dir='ltr'><strong>me</strong></span> <span class='ocrx_word' id='word_1_154' title='bbox 1688 2039 1954 2113; x_wconf 87' lang='lat' dir='ltr'><strong>repulisti</strong></span> 
     </span>
    </p>
   </div>
   <div class='ocr_carea' id='block_1_24' title="bbox 308 2130 1953 2210">
    <p class='ocr_par' dir='ltr' id='par_1_24' title="bbox 308 2130 1953 2210">
     <span class='ocr_line' id='line_1_24' title="bbox 308 2130 1953 2210; baseline -0.005 -17"><span class='ocrx_word' id='word_1_155' title='bbox 308 2137 481 2210; x_wconf 68' lang='lat' dir='ltr'><strong>(Psal.</strong></span> <span class='ocrx_word' id='word_1_156' title='bbox 510 2154 623 2204; x_wconf 82' lang='lat' dir='ltr'><strong>XLI,</strong></span> <span class='ocrx_word' id='word_1_157' title='bbox 658 2134 788 2206; x_wconf 65' lang='lat'><strong>40)?</strong></span> <span class='ocrx_word' id='word_1_158' title='bbox 820 2157 847 2184; x_wconf 89' lang='grc'><strong>››</strong></span> <span class='ocrx_word' id='word_1_159' title='bbox 898 2139 1049 2189; x_wconf 90' lang='lat' dir='ltr'><strong>Deus</strong></span> <span class='ocrx_word' id='word_1_160' title='bbox 1100 2150 1216 2189; x_wconf 89' lang='lat' dir='ltr'><strong>non</strong></span> <span class='ocrx_word' id='word_1_161' title='bbox 1260 2131 1641 2188; x_wconf 80' lang='lat' dir='ltr'><strong>obliviscitur.</strong></span> <span class='ocrx_word' id='word_1_162' title='bbox 1675 2130 1953 2202; x_wconf 87' lang='lat' dir='ltr'><strong>Impossi-</strong></span> 
     </span>
    </p>
   </div>
   <div class='ocr_carea' id='block_1_25' title="bbox 308 2219 1955 2297">
    <p class='ocr_par' dir='ltr' id='par_1_25' title="bbox 308 2219 1955 2297">
     <span class='ocr_line' id='line_1_25' title="bbox 308 2219 1955 2297; baseline -0.005 -16"><span class='ocrx_word' id='word_1_163' title='bbox 308 2225 423 2282; x_wconf 87' lang='lat' dir='ltr'><strong>bile</strong></span> <span class='ocrx_word' id='word_1_164' title='bbox 452 2230 541 2281; x_wconf 90' lang='lat' dir='ltr'><strong>est</strong></span> <span class='ocrx_word' id='word_1_165' title='bbox 567 2224 724 2281; x_wconf 91' lang='lat' dir='ltr'><strong>enim</strong></span> <span class='ocrx_word' id='word_1_166' title='bbox 756 2227 821 2279; x_wconf 89' lang='lat' dir='ltr'><strong>ut</strong></span> <span class='ocrx_word' id='word_1_167' title='bbox 843 2223 1241 2291; x_wconf 87' lang='lat' dir='ltr'><strong>obliviscatur,</strong></span> <span class='ocrx_word' id='word_1_168' title='bbox 1274 2219 1367 2275; x_wconf 90' lang='lat' dir='ltr'><strong>cui</strong></span> <span class='ocrx_word' id='word_1_169' title='bbox 1400 2220 1598 2275; x_wconf 88' lang='lat' dir='ltr'><strong>omnia</strong></span> <span class='ocrx_word' id='word_1_170' title='bbox 1644 2236 1770 2291; x_wconf 82' lang='lat' dir='ltr'><strong>quae</strong></span> <span class='ocrx_word' id='word_1_171' title='bbox 1816 2223 1955 2297; x_wconf 86' lang='lat' dir='ltr'><strong>sunt</strong></span> 
     </span>
    </p>
   </div>
   <div class='ocr_carea' id='block_1_26' title="bbox 308 2308 1955 2383">
    <p class='ocr_par' dir='ltr' id='par_1_26' title="bbox 308 2308 1955 2383">
     <span class='ocr_line' id='line_1_26' title="bbox 308 2308 1955 2383; baseline -0.004 -15"><span class='ocrx_word' id='word_1_172' title='bbox 308 2314 458 2369; x_wconf 82' lang='lat' dir='ltr'><strong>facta</strong></span> <span class='ocrx_word' id='word_1_173' title='bbox 486 2318 542 2369; x_wconf 90' lang='lat' dir='ltr'><strong>et</strong></span> <span class='ocrx_word' id='word_1_174' title='bbox 576 2311 1107 2383; x_wconf 71' lang='lat' dir='ltr'><strong>futura,preesentia</strong></span> <span class='ocrx_word' id='word_1_175' title='bbox 1142 2313 1282 2363; x_wconf 90' lang='lat' dir='ltr'><strong>sunt</strong></span> <span class='ocrx_word' id='word_1_176' title='bbox 1313 2325 1326 2364; x_wconf 89' lang='lat'><strong>:</strong></span> <span class='ocrx_word' id='word_1_177' title='bbox 1360 2308 1462 2363; x_wconf 90' lang='lat' dir='ltr'><strong>sed</strong></span> <span class='ocrx_word' id='word_1_178' title='bbox 1493 2313 1696 2364; x_wconf 87' lang='lat' dir='ltr'><strong>nostra</strong></span> <span class='ocrx_word' id='word_1_179' title='bbox 1719 2310 1955 2380; x_wconf 87' lang='lat' dir='ltr'><strong>peccata</strong></span> 
     </span>
    </p>
   </div>
   <div class='ocr_carea' id='block_1_27' title="bbox 308 2396 1950 2464">
    <p class='ocr_par' dir='ltr' id='par_1_27' title="bbox 308 2396 1950 2464">
     <span class='ocr_line' id='line_1_27' title="bbox 308 2396 1950 2464; baseline -0.004 -8"><span class='ocrx_word' id='word_1_180' title='bbox 308 2402 581 2457; x_wconf 89' lang='lat' dir='ltr'><strong>meritum</strong></span> <span class='ocrx_word' id='word_1_181' title='bbox 616 2399 923 2455; x_wconf 89' lang='lat' dir='ltr'><strong>oblivionis</strong></span> <span class='ocrx_word' id='word_1_182' title='bbox 954 2398 1001 2453; x_wconf 90' lang='lat' dir='ltr'><strong>ei</strong></span> <span class='ocrx_word' id='word_1_183' title='bbox 1037 2398 1388 2464; x_wconf 87' lang='lat' dir='ltr'><strong>infundunt;</strong></span> <span class='ocrx_word' id='word_1_184' title='bbox 1424 2402 1489 2452; x_wconf 89' lang='lat' dir='ltr'><strong>ut</strong></span> <span class='ocrx_word' id='word_1_185' title='bbox 1517 2396 1784 2452; x_wconf 89' lang='lat' dir='ltr'><strong>obliteret</strong></span> <span class='ocrx_word' id='word_1_186' title='bbox 1831 2412 1950 2462; x_wconf 90' lang='lat' dir='ltr'><strong>eos,</strong></span> 
     </span>
    </p>
   </div>
   <div class='ocr_carea' id='block_1_28' title="bbox 307 2484 1952 2562">
    <p class='ocr_par' dir='ltr' id='par_1_28' title="bbox 307 2484 1952 2562">
     <span class='ocr_line' id='line_1_28' title="bbox 307 2484 1952 2562; baseline -0.004 -17"><span class='ocrx_word' id='word_1_187' title='bbox 307 2506 455 2562; x_wconf 90' lang='lat' dir='ltr'><strong>quos</strong></span> <span class='ocrx_word' id='word_1_188' title='bbox 488 2488 759 2561; x_wconf 89' lang='lat' dir='ltr'><strong>indignos</strong></span> <span class='ocrx_word' id='word_1_189' title='bbox 791 2504 899 2543; x_wconf 88' lang='lat' dir='ltr'><strong>sua</strong></span> <span class='ocrx_word' id='word_1_190' title='bbox 927 2486 1256 2542; x_wconf 89' lang='lat' dir='ltr'><strong>visitatione</strong></span> <span class='ocrx_word' id='word_1_191' title='bbox 1287 2485 1635 2558; x_wconf 83' lang='lat' dir='ltr'><strong>cognoverit.</strong></span> <span class='ocrx_word' id='word_1_192' title='bbox 1658 2485 1766 2541; x_wconf 91' lang='lat' dir='ltr'><strong>Eos</strong></span> <span class='ocrx_word' id='word_1_193' title='bbox 1794 2484 1952 2540; x_wconf 90' lang='lat' dir='ltr'><strong>enim</strong></span> 
     </span>
    </p>
   </div>
   <div class='ocr_carea' id='block_1_29' title="bbox 306 2572 1953 2653">
    <p class='ocr_par' dir='ltr' id='par_1_29' title="bbox 306 2572 1953 2653">
     <span class='ocr_line' id='line_1_29' title="bbox 306 2572 1953 2653; baseline -0.004 -19"><span class='ocrx_word' id='word_1_194' title='bbox 306 2578 607 2653; x_wconf 89' lang='lat' dir='ltr'><strong>cognoscit</strong></span> <span class='ocrx_word' id='word_1_195' title='bbox 632 2577 934 2643; x_wconf 90' lang='lat' dir='ltr'><strong>Dominus,</strong></span> <span class='ocrx_word' id='word_1_196' title='bbox 968 2576 1067 2648; x_wconf 90' lang='lat' dir='ltr'><strong>qui</strong></span> <span class='ocrx_word' id='word_1_197' title='bbox 1101 2580 1240 2631; x_wconf 86' lang='lat' dir='ltr'><strong>sunt</strong></span> <span class='ocrx_word' id='word_1_198' title='bbox 1271 2576 1418 2646; x_wconf 87' lang='lat' dir='ltr'><strong>ejus.</strong></span> <span class='ocrx_word' id='word_1_199' title='bbox 1453 2576 1675 2630; x_wconf 86' lang='lat' dir='ltr'><strong>Tamen</strong></span> <span class='ocrx_word' id='word_1_200' title='bbox 1708 2572 1808 2628; x_wconf 92' lang='lat' dir='ltr'><strong>ubi</strong></span> <span class='ocrx_word' id='word_1_201' title='bbox 1847 2572 1953 2628; x_wconf 85' lang='lat' dir='ltr'><strong>ali-</strong></span> 
     </span>
    </p>
   </div>
   <div class='ocr_carea' id='block_1_30' title="bbox 306 2663 1951 2740">
    <p class='ocr_par' dir='ltr' id='par_1_30' title="bbox 306 2663 1951 2740">
     <span class='ocr_line' id='line_1_30' title="bbox 306 2663 1951 2740; baseline -0.002 -18"><span class='ocrx_word' id='word_1_202' title='bbox 306 2667 406 2740; x_wconf 90' lang='lat' dir='ltr'><strong>qui</strong></span> <span class='ocrx_word' id='word_1_203' title='bbox 439 2666 810 2739; x_wconf 88' lang='lat' dir='ltr'><strong>iniquitatem</strong></span> <span class='ocrx_word' id='word_1_204' title='bbox 841 2669 1177 2737; x_wconf 86' lang='lat' dir='ltr'><strong>operantur,</strong></span> <span class='ocrx_word' id='word_1_205' title='bbox 1225 2664 1317 2720; x_wconf 91' lang='lat' dir='ltr'><strong>his</strong></span> <span class='ocrx_word' id='word_1_206' title='bbox 1365 2665 1507 2719; x_wconf 89' lang='lat' dir='ltr'><strong>dicit</strong></span> <span class='ocrx_word' id='word_1_207' title='bbox 1540 2680 1553 2718; x_wconf 90' lang='lat'><strong>:</strong></span> <span class='ocrx_word' id='word_1_208' title='bbox 1588 2687 1617 2713; x_wconf 86' lang='lat'><strong>«</strong></span> <span class='ocrx_word' id='word_1_209' title='bbox 1648 2664 1773 2719; x_wconf 90' lang='lat' dir='ltr'><strong>Non</strong></span> <span class='ocrx_word' id='word_1_210' title='bbox 1820 2663 1951 2718; x_wconf 91' lang='lat' dir='ltr'><strong>novi</strong></span> 
     </span>
    </p>
   </div>
   <div class='ocr_carea' id='block_1_31' title="bbox 302 2751 1952 2828">
    <p class='ocr_par' dir='ltr' id='par_1_31' title="bbox 302 2751 1952 2828">
     <span class='ocr_line' id='line_1_31' title="bbox 302 2751 1952 2828; baseline -0.002 -17"><span class='ocrx_word' id='word_1_211' title='bbox 302 2773 406 2812; x_wconf 86' lang='lat' dir='ltr'><strong>vos</strong></span> <span class='ocrx_word' id='word_1_212' title='bbox 436 2755 642 2828; x_wconf 76' lang='lat' dir='ltr'><strong>(Matth.</strong></span> <span class='ocrx_word' id='word_1_213' title='bbox 672 2772 772 2818; x_wconf 80' lang='lat' dir='ltr'><strong>vn,</strong></span> <span class='ocrx_word' id='word_1_214' title='bbox 805 2756 918 2827; x_wconf 88' lang='lat'><strong>23).</strong></span> <span class='ocrx_word' id='word_1_215' title='bbox 957 2776 984 2804; x_wconf 83' lang='grc'><strong>››</strong></span> <span class='ocrx_word' id='word_1_216' title='bbox 1014 2754 1155 2819; x_wconf 86' lang='lat' dir='ltr'><strong>Quis</strong></span> <span class='ocrx_word' id='word_1_217' title='bbox 1187 2769 1323 2826; x_wconf 87' lang='lat' dir='ltr'><strong>ergo</strong></span> <span class='ocrx_word' id='word_1_218' title='bbox 1354 2757 1443 2808; x_wconf 90' lang='lat' dir='ltr'><strong>est</strong></span> <span class='ocrx_word' id='word_1_219' title='bbox 1473 2752 1570 2824; x_wconf 90' lang='lat' dir='ltr'><strong>qui</strong></span> <span class='ocrx_word' id='word_1_220' title='bbox 1606 2751 1792 2825; x_wconf 87' lang='lat' dir='ltr'><strong>possit</strong></span> <span class='ocrx_word' id='word_1_221' title='bbox 1840 2756 1952 2807; x_wconf 89' lang='lat' dir='ltr'><strong>Deo</strong></span> 
     </span>
    </p>
   </div>
   <div class='ocr_carea' id='block_1_32' title="bbox 306 2841 1952 2908">
    <p class='ocr_par' dir='ltr' id='par_1_32' title="bbox 306 2841 1952 2908">
     <span class='ocr_line' id='line_1_32' title="bbox 306 2841 1952 2908; baseline -0.003 -8"><span class='ocrx_word' id='word_1_222' title='bbox 306 2844 496 2900; x_wconf 87' lang='lat' dir='ltr'><strong>dicere</strong></span> <span class='ocrx_word' id='word_1_223' title='bbox 530 2860 543 2897; x_wconf 91' lang='lat'>:</span> <span class='ocrx_word' id='word_1_224' title='bbox 575 2867 603 2892; x_wconf 89' lang='grc'><strong><em>‹‹</em></strong></span> <span class='ocrx_word' id='word_1_225' title='bbox 635 2845 823 2908; x_wconf 82' lang='lat' dir='ltr'><strong>Quare</strong></span> <span class='ocrx_word' id='word_1_226' title='bbox 850 2858 943 2896; x_wconf 90' lang='lat' dir='ltr'><strong>me</strong></span> <span class='ocrx_word' id='word_1_227' title='bbox 973 2841 1192 2897; x_wconf 89' lang='lat' dir='ltr'><strong>oblitus</strong></span> <span class='ocrx_word' id='word_1_228' title='bbox 1221 2841 1329 2897; x_wconf 81' lang='lat' dir='ltr'><strong>es?</strong></span> <span class='ocrx_word' id='word_1_229' title='bbox 1362 2864 1389 2889; x_wconf 81' lang='grc'><strong>››</strong></span> <span class='ocrx_word' id='word_1_230' title='bbox 1422 2841 1533 2897; x_wconf 89' lang='lat' dir='ltr'><strong>Sed</strong></span> <span class='ocrx_word' id='word_1_231' title='bbox 1561 2844 1755 2897; x_wconf 89' lang='lat' dir='ltr'><strong>tamen</strong></span> <span class='ocrx_word' id='word_1_232' title='bbox 1794 2856 1952 2896; x_wconf 89' lang='lat' dir='ltr'><strong>com-</strong></span> 
     </span>
    </p>
   </div>
   <div class='ocr_carea' id='block_1_33' title="bbox 299 2929 1953 3001">
    <p class='ocr_par' dir='ltr' id='par_1_33' title="bbox 299 2929 1953 3001">
     <span class='ocr_line' id='line_1_33' title="bbox 299 2929 1953 3001; baseline -0.003 -12"><span class='ocrx_word' id='word_1_233' title='bbox 299 2949 484 2989; x_wconf 87' lang='lat' dir='ltr'><strong>mune</strong></span> <span class='ocrx_word' id='word_1_234' title='bbox 514 2931 625 2986; x_wconf 92' lang='lat' dir='ltr'><strong>hoc</strong></span> <span class='ocrx_word' id='word_1_235' title='bbox 674 2930 895 2986; x_wconf 86' lang='lat' dir='ltr'><strong>sanctis</strong></span> <span class='ocrx_word' id='word_1_236' title='bbox 943 2930 1228 3001; x_wconf 89' lang='lat' dir='ltr'><strong>nobisque</strong></span> <span class='ocrx_word' id='word_1_237' title='bbox 1277 2929 1530 2985; x_wconf 81' lang='lat' dir='ltr'><strong>infirmis</strong></span> <span class='ocrx_word' id='word_1_238' title='bbox 1561 2932 1669 2985; x_wconf 88' lang='lat' dir='ltr'><strong>est.</strong></span> <span class='ocrx_word' id='word_1_239' title='bbox 1704 2930 1953 2985; x_wconf 87' lang='lat' dir='ltr'><strong>Sanctus</strong></span> 
     </span>
    </p>
   </div>
   <div class='ocr_carea' id='block_1_34' title="bbox 307 3018 1952 3091">
    <p class='ocr_par' dir='ltr' id='par_1_34' title="bbox 307 3018 1952 3091">
     <span class='ocr_line' id='line_1_34' title="bbox 307 3018 1952 3091; baseline -0.002 -14"><span class='ocrx_word' id='word_1_240' title='bbox 307 3020 447 3077; x_wconf 88' lang='lat' dir='ltr'><strong>dicit</strong></span> <span class='ocrx_word' id='word_1_241' title='bbox 477 3018 651 3091; x_wconf 85' lang='lat' dir='ltr'><strong>quasi</strong></span> <span class='ocrx_word' id='word_1_242' title='bbox 677 3018 868 3073; x_wconf 90' lang='lat' dir='ltr'><strong>meriti</strong></span> <span class='ocrx_word' id='word_1_243' title='bbox 901 3018 992 3075; x_wconf 89' lang='lat' dir='ltr'><strong>sui</strong></span> <span class='ocrx_word' id='word_1_244' title='bbox 1022 3018 1329 3085; x_wconf 83' lang='lat' dir='ltr'><strong>conscius;</strong></span> <span class='ocrx_word' id='word_1_245' title='bbox 1356 3023 1412 3073; x_wconf 89' lang='lat' dir='ltr'><strong>et</strong></span> <span class='ocrx_word' id='word_1_246' title='bbox 1442 3022 1637 3074; x_wconf 88' lang='lat' dir='ltr'><strong>tamen</strong></span> <span class='ocrx_word' id='word_1_247' title='bbox 1670 3035 1785 3090; x_wconf 91' lang='lat' dir='ltr'><strong>quo</strong></span> <span class='ocrx_word' id='word_1_248' title='bbox 1817 3036 1952 3074; x_wconf 88' lang='lat' dir='ltr'><strong>san-</strong></span> 
     </span>
    </p>
   </div>
   <div class='ocr_carea' id='block_1_35' title="bbox 308 3106 1949 3179">
    <p class='ocr_par' dir='ltr' id='par_1_35' title="bbox 308 3106 1949 3179">
     <span class='ocr_line' id='line_1_35' title="bbox 308 3106 1949 3179; baseline -0.002 -13"><span class='ocrx_word' id='word_1_249' title='bbox 308 3110 472 3175; x_wconf 91' lang='lat' dir='ltr'><strong>ctior,</strong></span> <span class='ocrx_word' id='word_1_250' title='bbox 506 3108 615 3164; x_wconf 89' lang='lat' dir='ltr'><strong>hoc</strong></span> <span class='ocrx_word' id='word_1_251' title='bbox 645 3106 944 3163; x_wconf 91' lang='lat' dir='ltr'><strong>humilior.</strong></span> <span class='ocrx_word' id='word_1_252' title='bbox 979 3108 1141 3175; x_wconf 84' lang='lat' dir='ltr'><strong>Quod</strong></span> <span class='ocrx_word' id='word_1_253' title='bbox 1172 3108 1222 3162; x_wconf 91' lang='lat' dir='ltr'><strong>si</strong></span> <span class='ocrx_word' id='word_1_254' title='bbox 1251 3107 1345 3162; x_wconf 88' lang='lat' dir='ltr'><strong>vix</strong></span> <span class='ocrx_word' id='word_1_255' title='bbox 1376 3112 1612 3163; x_wconf 89' lang='lat' dir='ltr'><strong>sanctus</strong></span> <span class='ocrx_word' id='word_1_256' title='bbox 1640 3107 1949 3179; x_wconf 85' lang='lat' dir='ltr'><strong>dicit,quid</strong></span> 
     </span>
    </p>
   </div>
   <div class='ocr_carea' id='block_1_36' title="bbox 2071 527 3730 601">
    <p class='ocr_par' dir='ltr' id='par_1_36' title="bbox 2071 527 3730 601">
     <span class='ocr_line' id='line_1_36' title="bbox 2071 527 3730 601; baseline 0.001 -19"><span class='ocrx_word' id='word_1_257' title='bbox 2071 543 2202 582; x_wconf 89' lang='lat' dir='ltr'><strong>eum</strong></span> <span class='ocrx_word' id='word_1_258' title='bbox 2237 544 2510 601; x_wconf 77' lang='lat' dir='ltr'><strong>excepere</strong></span> <span class='ocrx_word' id='word_1_259' title='bbox 2542 528 3103 587; x_wconf 82' lang='lat' dir='ltr'><strong>morientem.&#39;Unde</strong></span> <span class='ocrx_word' id='word_1_260' title='bbox 3148 527 3205 584; x_wconf 91' lang='lat' dir='ltr'><strong>in</strong></span> <span class='ocrx_word' id='word_1_261' title='bbox 3259 545 3438 585; x_wconf 88' lang='lat' dir='ltr'><strong>cruce</strong></span> <span class='ocrx_word' id='word_1_262' title='bbox 3481 527 3730 601; x_wconf 86' lang='lat' dir='ltr'><strong>positus,</strong></span> 
     </span>
    </p>
   </div>
   <div class='ocr_carea' id='block_1_37' title="bbox 2071 616 3733 691">
    <p class='ocr_par' dir='ltr' id='par_1_37' title="bbox 2071 616 3733 691">
     <span class='ocr_line' id='line_1_37' title="bbox 2071 616 3733 691; baseline 0.001 -20"><span class='ocrx_word' id='word_1_263' title='bbox 2071 632 2205 672; x_wconf 91' lang='lat' dir='ltr'><strong>cum</strong></span> <span class='ocrx_word' id='word_1_264' title='bbox 2248 616 2539 674; x_wconf 88' lang='lat' dir='ltr'><strong>emitteret</strong></span> <span class='ocrx_word' id='word_1_265' title='bbox 2566 617 2865 691; x_wconf 86' lang='lat' dir='ltr'><strong>spiritum,</strong></span> <span class='ocrx_word' id='word_1_266' title='bbox 2899 620 2969 675; x_wconf 86' lang='lat' dir='ltr'><strong>ad</strong></span> <span class='ocrx_word' id='word_1_267' title='bbox 3018 619 3248 675; x_wconf 86' lang='lat' dir='ltr'><strong>Patrem</strong></span> <span class='ocrx_word' id='word_1_268' title='bbox 3281 616 3365 674; x_wconf 85' lang='lat' dir='ltr'><strong>ait</strong></span> <span class='ocrx_word' id='word_1_269' title='bbox 3398 635 3413 673; x_wconf 87' lang='lat'>:</span> <span class='ocrx_word' id='word_1_270' title='bbox 3444 640 3477 667; x_wconf 74' lang='grc' dir='ltr'><strong><em>α</em></strong></span> <span class='ocrx_word' id='word_1_271' title='bbox 3513 616 3581 673; x_wconf 89' lang='lat' dir='ltr'><strong>In</strong></span> <span class='ocrx_word' id='word_1_272' title='bbox 3614 633 3733 673; x_wconf 84' lang='lat' dir='ltr'><strong>ma-</strong></span> 
     </span>
    </p>
   </div>
   <div class='ocr_carea' id='block_1_38' title="bbox 2072 707 3733 780">
    <p class='ocr_par' dir='ltr' id='par_1_38' title="bbox 2072 707 3733 780">
     <span class='ocr_line' id='line_1_38' title="bbox 2072 707 3733 780; baseline 0 -19"><span class='ocrx_word' id='word_1_273' title='bbox 2072 723 2185 763; x_wconf 90' lang='lat' dir='ltr'><strong>nus</strong></span> <span class='ocrx_word' id='word_1_274' title='bbox 2232 710 2368 764; x_wconf 88' lang='lat' dir='ltr'><strong>tuas</strong></span> <span class='ocrx_word' id='word_1_275' title='bbox 2413 708 2759 764; x_wconf 89' lang='lat' dir='ltr'><strong>commendo</strong></span> <span class='ocrx_word' id='word_1_276' title='bbox 2807 707 3082 780; x_wconf 87' lang='lat' dir='ltr'><strong>spiritum</strong></span> <span class='ocrx_word' id='word_1_277' title='bbox 3129 723 3329 764; x_wconf 89' lang='lat' dir='ltr'><strong>meum</strong></span> <span class='ocrx_word' id='word_1_278' title='bbox 3377 707 3538 779; x_wconf 86' lang='lat' dir='ltr'><strong>(Luc.</strong></span> <span class='ocrx_word' id='word_1_279' title='bbox 3574 723 3733 773; x_wconf 63' lang='grc' dir='ltr'>χχιιι,</span> 
     </span>
    </p>
   </div>
   <div class='ocr_carea' id='block_1_39' title="bbox 2072 797 2245 865">
    <p class='ocr_par' dir='ltr' id='par_1_39' title="bbox 2072 797 2245 865">
     <span class='ocr_line' id='line_1_39' title="bbox 2072 797 2245 865; baseline -0.029 -13"><span class='ocrx_word' id='word_1_280' title='bbox 2072 797 2182 865; x_wconf 80' lang='grc'><strong>46).</strong></span> <span class='ocrx_word' id='word_1_281' title='bbox 2216 819 2245 848; x_wconf 86' lang='lat'>»</span> 
     </span>
    </p>
   </div>
   <div class='ocr_carea' id='block_1_40' title="bbox 2140 883 3732 960">
    <p class='ocr_par' dir='ltr' id='par_1_40' title="bbox 2140 883 3732 960">
     <span class='ocr_line' id='line_1_40' title="bbox 2140 883 3732 960; baseline -0.002 -19"><span class='ocrx_word' id='word_1_282' title='bbox 2140 887 2229 941; x_wconf 81' lang='grc'><strong>24.</strong></span> <span class='ocrx_word' id='word_1_283' title='bbox 2264 886 2387 942; x_wconf 89' lang='lat' dir='ltr'><strong>Non</strong></span> <span class='ocrx_word' id='word_1_284' title='bbox 2419 902 2557 960; x_wconf 88' lang='lat' dir='ltr'><strong>ergo</strong></span> <span class='ocrx_word' id='word_1_285' title='bbox 2606 885 2788 959; x_wconf 88' lang='lat' dir='ltr'><strong>aliqui</strong></span> <span class='ocrx_word' id='word_1_286' title='bbox 2839 887 3059 943; x_wconf 89' lang='lat' dir='ltr'><strong>addant</strong></span> <span class='ocrx_word' id='word_1_287' title='bbox 3089 904 3103 944; x_wconf 90' lang='lat'><strong>:</strong></span> <span class='ocrx_word' id='word_1_288' title='bbox 3138 888 3391 952; x_wconf 77' lang='lat' dir='ltr'><strong>Domine,</strong></span> <span class='ocrx_word' id='word_1_289' title='bbox 3425 889 3495 940; x_wconf 84' lang='lat' dir='ltr'><strong>ut</strong></span> <span class='ocrx_word' id='word_1_290' title='bbox 3534 883 3732 957; x_wconf 68' lang='lat' dir='ltr'><strong>psaltes</strong></span> 
     </span>
    </p>
   </div>
   <div class='ocr_carea' id='block_1_41' title="bbox 2071 974 3729 1048">
    <p class='ocr_par' dir='ltr' id='par_1_41' title="bbox 2071 974 3729 1048">
     <span class='ocr_line' id='line_1_41' title="bbox 2071 974 3729 1048; baseline -0.001 -19"><span class='ocrx_word' id='word_1_291' title='bbox 2071 974 2310 1042; x_wconf 88' lang='lat' dir='ltr'><strong>faciunt,</strong></span> <span class='ocrx_word' id='word_1_292' title='bbox 2337 991 2567 1048; x_wconf 90' lang='lat' dir='ltr'><strong>quoque</strong></span> <span class='ocrx_word' id='word_1_293' title='bbox 2590 992 2778 1047; x_wconf 88' lang='lat' dir='ltr'><strong>neque</strong></span> <span class='ocrx_word' id='word_1_294' title='bbox 2805 975 2864 1031; x_wconf 91' lang='lat' dir='ltr'><strong>in</strong></span> <span class='ocrx_word' id='word_1_295' title='bbox 2895 975 3098 1031; x_wconf 91' lang='lat' dir='ltr'><strong>Latino</strong></span> <span class='ocrx_word' id='word_1_296' title='bbox 3128 975 3327 1031; x_wconf 89' lang='lat' dir='ltr'><strong>codice</strong></span> <span class='ocrx_word' id='word_1_297' title='bbox 3360 974 3559 1029; x_wconf 77' lang='lat' dir='ltr'><strong>inveni</strong></span> <span class='ocrx_word' id='word_1_298' title='bbox 3586 989 3729 1039; x_wconf 86' lang='lat' dir='ltr'><strong>meo,</strong></span> 
     </span>
    </p>
   </div>
   <div class='ocr_carea' id='block_1_42' title="bbox 2069 1060 3730 1136">
    <p class='ocr_par' dir='ltr' id='par_1_42' title="bbox 2069 1060 3730 1136">
     <span class='ocr_line' id='line_1_42' title="bbox 2069 1060 3730 1136; baseline -0.001 -19"><span class='ocrx_word' id='word_1_299' title='bbox 2069 1077 2259 1134; x_wconf 89' lang='lat' dir='ltr'><strong>neque</strong></span> <span class='ocrx_word' id='word_1_300' title='bbox 2306 1063 2365 1118; x_wconf 88' lang='lat' dir='ltr'><strong>in</strong></span> <span class='ocrx_word' id='word_1_301' title='bbox 2414 1064 2630 1129; x_wconf 78' lang='lat' dir='ltr'><strong>Graeco,</strong></span> <span class='ocrx_word' id='word_1_302' title='bbox 2681 1079 2871 1136; x_wconf 89' lang='lat' dir='ltr'><strong>neque</strong></span> <span class='ocrx_word' id='word_1_303' title='bbox 2928 1064 2988 1119; x_wconf 89' lang='lat' dir='ltr'><strong>in</strong></span> <span class='ocrx_word' id='word_1_304' title='bbox 3037 1060 3374 1134; x_wconf 82' lang='lat' dir='ltr'><strong>Evangelio,</strong></span> <span class='ocrx_word' id='word_1_305' title='bbox 3429 1061 3593 1134; x_wconf 89' lang='lat' dir='ltr'><strong>quod</strong></span> <span class='ocrx_word' id='word_1_306' title='bbox 3646 1065 3730 1115; x_wconf 87' lang='lat' dir='ltr'><strong>est</strong></span> 
     </span>
    </p>
   </div>
   <div class='ocr_carea' id='block_1_43' title="bbox 2068 1149 3728 1225">
    <p class='ocr_par' dir='ltr' id='par_1_43' title="bbox 2068 1149 3728 1225">
     <span class='ocr_line' id='line_1_43' title="bbox 2068 1149 3728 1225; baseline -0.002 -19"><span class='ocrx_word' id='word_1_307' title='bbox 2068 1150 2421 1208; x_wconf 84' lang='lat' dir='ltr'><strong>evidentius.</strong></span> <span class='ocrx_word' id='word_1_308' title='bbox 2479 1152 2737 1224; x_wconf 89' lang='lat' dir='ltr'><strong>Denique</strong></span> <span class='ocrx_word' id='word_1_309' title='bbox 2784 1169 2966 1225; x_wconf 87' lang='lat' dir='ltr'><strong>supra</strong></span> <span class='ocrx_word' id='word_1_310' title='bbox 3009 1152 3280 1208; x_wconf 79' lang='lat' dir='ltr'><strong>dixerat:</strong></span> <span class='ocrx_word' id='word_1_311' title='bbox 3316 1173 3347 1201; x_wconf 84' lang='grc'><strong>‹‹</strong></span> <span class='ocrx_word' id='word_1_312' title='bbox 3390 1151 3591 1212; x_wconf 85' lang='lat' dir='ltr'><strong>Pater.</strong></span> <span class='ocrx_word' id='word_1_313' title='bbox 3645 1149 3728 1204; x_wconf 88' lang='lat' dir='ltr'><strong>di-</strong></span> 
     </span>
    </p>
   </div>
   <div class='ocr_carea' id='block_1_44' title="bbox 2069 1240 3728 1313">
    <p class='ocr_par' dir='ltr' id='par_1_44' title="bbox 2069 1240 3728 1313">
     <span class='ocr_line' id='line_1_44' title="bbox 2069 1240 3728 1313; baseline -0.001 -18"><span class='ocrx_word' id='word_1_314' title='bbox 2069 1240 2232 1297; x_wconf 89' lang='lat' dir='ltr'><strong>mitte</strong></span> <span class='ocrx_word' id='word_1_315' title='bbox 2277 1240 2390 1296; x_wconf 83' lang='lat' dir='ltr'><strong>illis</strong></span> <span class='ocrx_word' id='word_1_316' title='bbox 2437 1240 2547 1298; x_wconf 86' lang='lat' dir='ltr'><strong>hoc</strong></span> <span class='ocrx_word' id='word_1_317' title='bbox 2594 1244 2893 1313; x_wconf 89' lang='lat' dir='ltr'><strong>peccatum</strong></span> <span class='ocrx_word' id='word_1_318' title='bbox 2926 1241 3083 1313; x_wconf 85' lang='lat' dir='ltr'><strong>(Ibid.</strong></span> <span class='ocrx_word' id='word_1_319' title='bbox 3119 1242 3242 1309; x_wconf 72' lang='lat' dir='ltr'><strong>3t);</strong></span> <span class='ocrx_word' id='word_1_320' title='bbox 3278 1262 3305 1291; x_wconf 86' lang='lat'>»</span> <span class='ocrx_word' id='word_1_321' title='bbox 3339 1245 3400 1296; x_wconf 90' lang='lat' dir='ltr'><strong>et</strong></span> <span class='ocrx_word' id='word_1_322' title='bbox 3429 1240 3564 1295; x_wconf 84' lang='lat' dir='ltr'><strong>ideo</strong></span> <span class='ocrx_word' id='word_1_323' title='bbox 3599 1242 3728 1293; x_wconf 86' lang='lat' dir='ltr'><strong>tan-</strong></span> 
     </span>
    </p>
   </div>
   <div class='ocr_carea' id='block_1_45' title="bbox 2068 1329 3728 1403">
    <p class='ocr_par' dir='ltr' id='par_1_45' title="bbox 2068 1329 3728 1403">
     <span class='ocr_line' id='line_1_45' title="bbox 2068 1329 3728 1403; baseline -0.002 -18"><span class='ocrx_word' id='word_1_324' title='bbox 2068 1347 2246 1403; x_wconf 89' lang='lat' dir='ltr'><strong>quam</strong></span> <span class='ocrx_word' id='word_1_325' title='bbox 2283 1330 2461 1395; x_wconf 84' lang='lat' dir='ltr'><strong>Patri,</strong></span> <span class='ocrx_word' id='word_1_326' title='bbox 2492 1330 2550 1385; x_wconf 90' lang='lat' dir='ltr'><strong>in</strong></span> <span class='ocrx_word' id='word_1_327' title='bbox 2583 1347 2795 1386; x_wconf 90' lang='lat' dir='ltr'><strong>manus</strong></span> <span class='ocrx_word' id='word_1_328' title='bbox 2844 1330 2972 1401; x_wconf 87' lang='lat' dir='ltr'><strong>ejus</strong></span> <span class='ocrx_word' id='word_1_329' title='bbox 3023 1330 3443 1386; x_wconf 87' lang='lat' dir='ltr'><strong>commendare</strong></span> <span class='ocrx_word' id='word_1_330' title='bbox 3496 1345 3561 1384; x_wconf 89' lang='lat' dir='ltr'><strong>se</strong></span> <span class='ocrx_word' id='word_1_331' title='bbox 3613 1329 3728 1400; x_wconf 84' lang='lat' dir='ltr'><strong>spi-</strong></span> 
     </span>
    </p>
   </div>
   <div class='ocr_carea' id='block_1_46' title="bbox 2067 1416 3725 1492">
    <p class='ocr_par' dir='ltr' id='par_1_46' title="bbox 2067 1416 3725 1492">
     <span class='ocr_line' id='line_1_46' title="bbox 2067 1416 3725 1492; baseline -0.001 -19"><span class='ocrx_word' id='word_1_332' title='bbox 2067 1419 2245 1474; x_wconf 91' lang='lat' dir='ltr'><strong>ritum</strong></span> <span class='ocrx_word' id='word_1_333' title='bbox 2306 1435 2505 1488; x_wconf 90' lang='lat' dir='ltr'><strong>suum,</strong></span> <span class='ocrx_word' id='word_1_334' title='bbox 2566 1419 2624 1474; x_wconf 89' lang='lat' dir='ltr'><strong>in</strong></span> <span class='ocrx_word' id='word_1_335' title='bbox 2675 1421 2845 1490; x_wconf 89' lang='lat' dir='ltr'><strong>cujus</strong></span> <span class='ocrx_word' id='word_1_336' title='bbox 2884 1419 3041 1475; x_wconf 87' lang='lat' dir='ltr'><strong>.sinu</strong></span> <span class='ocrx_word' id='word_1_337' title='bbox 3107 1435 3344 1492; x_wconf 88' lang='lat' dir='ltr'><strong>semper</strong></span> <span class='ocrx_word' id='word_1_338' title='bbox 3400 1423 3495 1473; x_wconf 89' lang='lat' dir='ltr'><strong>est</strong></span> <span class='ocrx_word' id='word_1_339' title='bbox 3548 1416 3725 1472; x_wconf 84' lang='lat' dir='ltr'><strong>ﬁlius.</strong></span> 
     </span>
    </p>
   </div>
   <div class='ocr_carea' id='block_1_47' title="bbox 2064 1507 3724 1580">
    <p class='ocr_par' dir='ltr' id='par_1_47' title="bbox 2064 1507 3724 1580">
     <span class='ocr_line' id='line_1_47' title="bbox 2064 1507 3724 1580; baseline -0.002 -17"><span class='ocrx_word' id='word_1_340' title='bbox 2064 1508 2408 1579; x_wconf 84' lang='lat' dir='ltr'><strong>Quanquam</strong></span> <span class='ocrx_word' id='word_1_341' title='bbox 2434 1508 2540 1563; x_wconf 91' lang='lat' dir='ltr'><strong>etsi</strong></span> <span class='ocrx_word' id='word_1_342' title='bbox 2573 1508 2792 1564; x_wconf 87' lang='lat' dir='ltr'><strong>addant</strong></span> <span class='ocrx_word' id='word_1_343' title='bbox 2820 1507 2975 1580; x_wconf 88' lang='lat' dir='ltr'><strong>quod</strong></span> <span class='ocrx_word' id='word_1_344' title='bbox 3027 1507 3258 1577; x_wconf 82' lang='lat' dir='ltr'><strong>dixerit,</strong></span> <span class='ocrx_word' id='word_1_345' title='bbox 3293 1509 3545 1574; x_wconf 78' lang='lat' dir='ltr'><strong>Domine,</strong></span> <span class='ocrx_word' id='word_1_346' title='bbox 3591 1522 3724 1562; x_wconf 90' lang='lat' dir='ltr'><strong>con-</strong></span> 
     </span>
    </p>
   </div>
   <div class='ocr_carea' id='block_1_48' title="bbox 2064 1593 3729 1669">
    <p class='ocr_par' dir='ltr' id='par_1_48' title="bbox 2064 1593 3729 1669">
     <span class='ocr_line' id='line_1_48' title="bbox 2064 1593 3729 1669; baseline -0.002 -16"><span class='ocrx_word' id='word_1_347' title='bbox 2064 1597 2321 1653; x_wconf 88' lang='lat' dir='ltr'><strong>siderent</strong></span> <span class='ocrx_word' id='word_1_348' title='bbox 2352 1597 2507 1669; x_wconf 88' lang='lat' dir='ltr'><strong>quod</strong></span> <span class='ocrx_word' id='word_1_349' title='bbox 2538 1597 2708 1669; x_wconf 89' lang='lat' dir='ltr'><strong>quasi</strong></span> <span class='ocrx_word' id='word_1_350' title='bbox 2742 1596 2915 1652; x_wconf 90' lang='lat' dir='ltr'><strong>homo</strong></span> <span class='ocrx_word' id='word_1_351' title='bbox 2942 1597 3000 1651; x_wconf 88' lang='lat' dir='ltr'><strong>in</strong></span> <span class='ocrx_word' id='word_1_352' title='bbox 3035 1600 3222 1653; x_wconf 88' lang='lat' dir='ltr'><strong>morte</strong></span> <span class='ocrx_word' id='word_1_353' title='bbox 3253 1596 3487 1668; x_wconf 89' lang='lat' dir='ltr'><strong>positus</strong></span> <span class='ocrx_word' id='word_1_354' title='bbox 3516 1595 3630 1651; x_wconf 88' lang='lat' dir='ltr'><strong>hoc</strong></span> <span class='ocrx_word' id='word_1_355' title='bbox 3652 1593 3729 1650; x_wconf 84' lang='lat' dir='ltr'><strong>lo-</strong></span> 
     </span>
    </p>
   </div>
   <div class='ocr_carea' id='block_1_49' title="bbox 2064 1690 2849 1759">
    <p class='ocr_par' dir='ltr' id='par_1_49' title="bbox 2064 1690 2849 1759">
     <span class='ocr_line' id='line_1_49' title="bbox 2064 1690 2849 1759; baseline -0.001 -18"><span class='ocrx_word' id='word_1_356' title='bbox 2064 1690 2298 1759; x_wconf 88' lang='lat' dir='ltr'><strong>quatur.</strong></span> <span class='ocrx_word' id='word_1_357' title='bbox 2846 1702 2849 1705; x_wconf 54' lang='grc' dir='ltr'>λ</span> 
     </span>
    </p>
   </div>
   <div class='ocr_carea' id='block_1_50' title="bbox 1985 1773 3727 1870">
    <p class='ocr_par' dir='ltr' id='par_1_50' title="bbox 1985 1773 3727 1870">
     <span class='ocr_line' id='line_1_50' title="bbox 1985 1773 3727 1870; baseline -0.001 -40"><span class='ocrx_word' id='word_1_358' title='bbox 1985 1804 2032 1870; x_wconf 77' lang='grc' dir='ltr'><strong>Β</strong></span> <span class='ocrx_word' id='word_1_359' title='bbox 2132 1776 2221 1830; x_wconf 89' lang='lat'><strong>25.</strong></span> <span class='ocrx_word' id='word_1_360' title='bbox 2256 1775 2404 1848; x_wconf 87' lang='lat' dir='ltr'><strong>Ergo</strong></span> <span class='ocrx_word' id='word_1_361' title='bbox 2452 1776 2747 1847; x_wconf 86' lang='lat' dir='ltr'><strong>projectus</strong></span> <span class='ocrx_word' id='word_1_362' title='bbox 2793 1779 2884 1831; x_wconf 91' lang='lat' dir='ltr'><strong>est</strong></span> <span class='ocrx_word' id='word_1_363' title='bbox 2927 1774 2999 1830; x_wconf 89' lang='lat' dir='ltr'><strong>de</strong></span> <span class='ocrx_word' id='word_1_364' title='bbox 3052 1779 3217 1870; x_wconf 73' lang='lat' dir='ltr'><strong>utero</strong></span> <span class='ocrx_word' id='word_1_365' title='bbox 3254 1773 3326 1870; x_wconf 72' lang='lat' dir='ltr'><strong>in</strong></span> <span class='ocrx_word' id='word_1_366' title='bbox 3369 1773 3727 1870; x_wconf 56' lang='lat' dir='ltr'><strong>Patrem,“de</strong></span> 
     </span>
    </p>
   </div>
   <div class='ocr_carea' id='block_1_51' title="bbox 2063 1860 3726 1935">
    <p class='ocr_par' dir='ltr' id='par_1_51' title="bbox 2063 1860 3726 1935">
     <span class='ocr_line' id='line_1_51' title="bbox 2063 1860 3726 1935; baseline 0 -17"><span class='ocrx_word' id='word_1_367' title='bbox 2063 1868 2262 1919; x_wconf 84' lang='lat' dir='ltr'><strong>ventre</strong></span> <span class='ocrx_word' id='word_1_368' title='bbox 2310 1863 2516 1920; x_wconf 83' lang='lat' dir='ltr'><strong>matris</strong></span> <span class='ocrx_word' id='word_1_369' title='bbox 2565 1880 2702 1931; x_wconf 61' lang='lat' dir='ltr'><strong>suae,</strong></span> <span class='ocrx_word' id='word_1_370' title='bbox 2761 1863 2873 1920; x_wconf 88' lang='lat' dir='ltr'><strong>hoc</strong></span> <span class='ocrx_word' id='word_1_371' title='bbox 2920 1865 3029 1929; x_wconf 83' lang='lat' dir='ltr'><strong>est,</strong></span> <span class='ocrx_word' id='word_1_372' title='bbox 3089 1861 3359 1918; x_wconf 82' lang='lat' dir='ltr'><strong>deﬁnivit</strong></span> <span class='ocrx_word' id='word_1_373' title='bbox 3416 1861 3578 1935; x_wconf 89' lang='lat' dir='ltr'><strong>quod</strong></span> <span class='ocrx_word' id='word_1_374' title='bbox 3632 1860 3726 1918; x_wconf 86' lang='lat' dir='ltr'><strong>ille</strong></span> 
     </span>
    </p>
   </div>
   <div class='ocr_carea' id='block_1_52' title="bbox 2061 1952 3721 2026">
    <p class='ocr_par' dir='ltr' id='par_1_52' title="bbox 2061 1952 3721 2026">
     <span class='ocr_line' id='line_1_52' title="bbox 2061 1952 3721 2026; baseline -0.001 -19"><span class='ocrx_word' id='word_1_375' title='bbox 2061 1957 2266 2009; x_wconf 85' lang='lat' dir='ltr'><strong>uterus</strong></span> <span class='ocrx_word' id='word_1_376' title='bbox 2309 1952 2411 2026; x_wconf 86' lang='lat' dir='ltr'><strong>qui</strong></span> <span class='ocrx_word' id='word_1_377' title='bbox 2461 1953 2708 2026; x_wconf 84' lang='lat' dir='ltr'><strong>projecit</strong></span> <span class='ocrx_word' id='word_1_378' title='bbox 2743 1969 2898 2018; x_wconf 90' lang='lat' dir='ltr'><strong>eum,</strong></span> <span class='ocrx_word' id='word_1_379' title='bbox 2929 1956 3131 2008; x_wconf 89' lang='lat' dir='ltr'><strong>venter</strong></span> <span class='ocrx_word' id='word_1_380' title='bbox 3187 1956 3278 2008; x_wconf 88' lang='lat' dir='ltr'><strong>est</strong></span> <span class='ocrx_word' id='word_1_381' title='bbox 3334 1952 3569 2009; x_wconf 88' lang='lat' dir='ltr'><strong>matris.</strong></span> <span class='ocrx_word' id='word_1_382' title='bbox 3618 1955 3721 2006; x_wconf 86' lang='lat' dir='ltr'><strong>Pa-</strong></span> 
     </span>
    </p>
   </div>
   <div class='ocr_carea' id='block_1_53' title="bbox 2061 2039 3720 2113">
    <p class='ocr_par' dir='ltr' id='par_1_53' title="bbox 2061 2039 3720 2113">
     <span class='ocr_line' id='line_1_53' title="bbox 2061 2039 3720 2113; baseline -0.001 -16"><span class='ocrx_word' id='word_1_383' title='bbox 2061 2045 2150 2097; x_wconf 87' lang='lat' dir='ltr'><strong>ter</strong></span> <span class='ocrx_word' id='word_1_384' title='bbox 2179 2046 2371 2098; x_wconf 88' lang='lat' dir='ltr'><strong>autem</strong></span> <span class='ocrx_word' id='word_1_385' title='bbox 2404 2041 2551 2097; x_wconf 85' lang='lat' dir='ltr'><strong>dixit</strong></span> <span class='ocrx_word' id='word_1_386' title='bbox 2582 2058 2594 2097; x_wconf 89' lang='lat'><strong>:</strong></span> <span class='ocrx_word' id='word_1_387' title='bbox 2631 2065 2657 2091; x_wconf 87' lang='lat'><strong>«</strong></span> <span class='ocrx_word' id='word_1_388' title='bbox 2690 2041 2770 2096; x_wconf 84' lang='lat' dir='ltr'><strong>Ex</strong></span> <span class='ocrx_word' id='word_1_389' title='bbox 2801 2044 2962 2096; x_wconf 89' lang='lat' dir='ltr'><strong>utero</strong></span> <span class='ocrx_word' id='word_1_390' title='bbox 2994 2044 3132 2096; x_wconf 87' lang='lat' dir='ltr'><strong>ante</strong></span> <span class='ocrx_word' id='word_1_391' title='bbox 3173 2039 3493 2096; x_wconf 86' lang='lat' dir='ltr'><strong>luciferum</strong></span> <span class='ocrx_word' id='word_1_392' title='bbox 3546 2040 3720 2113; x_wconf 87' lang='lat' dir='ltr'><strong>genui</strong></span> 
     </span>
    </p>
   </div>
   <div class='ocr_carea' id='block_1_54' title="bbox 2061 2128 3719 2203">
    <p class='ocr_par' dir='ltr' id='par_1_54' title="bbox 2061 2128 3719 2203">
     <span class='ocr_line' id='line_1_54' title="bbox 2061 2128 3719 2203; baseline -0.002 -17"><span class='ocrx_word' id='word_1_393' title='bbox 2061 2134 2119 2186; x_wconf 84' lang='lat' dir='ltr'><strong>te</strong></span> <span class='ocrx_word' id='word_1_394' title='bbox 2186 2132 2358 2203; x_wconf 79' lang='lat' dir='ltr'><strong>(Psal.</strong></span> <span class='ocrx_word' id='word_1_395' title='bbox 2423 2147 2534 2197; x_wconf 66' lang='lat' dir='ltr'><strong>cur,</strong></span> <span class='ocrx_word' id='word_1_396' title='bbox 2603 2131 2681 2201; x_wconf 90' lang='grc'><strong>3).</strong></span> <span class='ocrx_word' id='word_1_397' title='bbox 2741 2152 2768 2181; x_wconf 84' lang='grc'><strong>››</strong></span> <span class='ocrx_word' id='word_1_398' title='bbox 2841 2129 2964 2184; x_wconf 83' lang='grc' dir='ltr'>Νοιι</span> <span class='ocrx_word' id='word_1_399' title='bbox 3036 2129 3281 2201; x_wconf 79' lang='lat' dir='ltr'><strong>projecit</strong></span> <span class='ocrx_word' id='word_1_400' title='bbox 3350 2128 3562 2201; x_wconf 86' lang='lat' dir='ltr'><strong>utique</strong></span> <span class='ocrx_word' id='word_1_401' title='bbox 3632 2129 3719 2184; x_wconf 79' lang='lat' dir='ltr'><strong>Fi-</strong></span> 
     </span>
    </p>
   </div>
   <div class='ocr_carea' id='block_1_55' title="bbox 2063 2218 3715 2291">
    <p class='ocr_par' dir='ltr' id='par_1_55' title="bbox 2063 2218 3715 2291">
     <span class='ocr_line' id='line_1_55' title="bbox 2063 2218 3715 2291; baseline 0 -17"><span class='ocrx_word' id='word_1_402' title='bbox 2063 2218 2205 2275; x_wconf 92' lang='lat' dir='ltr'><strong>lium</strong></span> <span class='ocrx_word' id='word_1_403' title='bbox 2242 2221 2428 2287; x_wconf 87' lang='lat' dir='ltr'><strong>Pater,</strong></span> <span class='ocrx_word' id='word_1_404' title='bbox 2462 2236 2497 2274; x_wconf 89' lang='lat' dir='ltr'><strong>a</strong></span> <span class='ocrx_word' id='word_1_405' title='bbox 2535 2235 2650 2291; x_wconf 92' lang='lat' dir='ltr'><strong>quo</strong></span> <span class='ocrx_word' id='word_1_406' title='bbox 2699 2235 3003 2291; x_wconf 87' lang='lat' dir='ltr'><strong>nunquam</strong></span> <span class='ocrx_word' id='word_1_407' title='bbox 3052 2235 3329 2290; x_wconf 88' lang='lat' dir='ltr'><strong>egressus</strong></span> <span class='ocrx_word' id='word_1_408' title='bbox 3375 2222 3468 2274; x_wconf 83' lang='lat' dir='ltr'><strong>est</strong></span> <span class='ocrx_word' id='word_1_409' title='bbox 3515 2218 3715 2286; x_wconf 86' lang='lat' dir='ltr'><strong>Filius,</strong></span> 
     </span>
    </p>
   </div>
   <div class='ocr_carea' id='block_1_56' title="bbox 2063 2308 3719 2382">
    <p class='ocr_par' dir='ltr' id='par_1_56' title="bbox 2063 2308 3719 2382">
     <span class='ocr_line' id='line_1_56' title="bbox 2063 2308 3719 2382; baseline -0.001 -18"><span class='ocrx_word' id='word_1_410' title='bbox 2063 2309 2216 2365; x_wconf 87' lang='lat' dir='ltr'><strong>sicut</strong></span> <span class='ocrx_word' id='word_1_411' title='bbox 2266 2310 2390 2382; x_wconf 88' lang='lat' dir='ltr'><strong>ipse</strong></span> <span class='ocrx_word' id='word_1_412' title='bbox 2438 2308 2522 2365; x_wconf 86' lang='lat' dir='ltr'><strong>ait</strong></span> <span class='ocrx_word' id='word_1_413' title='bbox 2570 2326 2583 2364; x_wconf 90' lang='lat'><strong>:</strong></span> <span class='ocrx_word' id='word_1_414' title='bbox 2636 2331 2664 2359; x_wconf 86' lang='grc'><strong>‹‹</strong></span> <span class='ocrx_word' id='word_1_415' title='bbox 2719 2308 2994 2364; x_wconf 80' lang='lat' dir='ltr'><strong>Traditus</strong></span> <span class='ocrx_word' id='word_1_416' title='bbox 3053 2325 3209 2375; x_wconf 90' lang='lat' dir='ltr'><strong>sum,</strong></span> <span class='ocrx_word' id='word_1_417' title='bbox 3268 2312 3328 2364; x_wconf 88' lang='lat' dir='ltr'><strong>et</strong></span> <span class='ocrx_word' id='word_1_418' title='bbox 3382 2324 3503 2363; x_wconf 86' lang='lat' dir='ltr'><strong>non</strong></span> <span class='ocrx_word' id='word_1_419' title='bbox 3558 2323 3719 2381; x_wconf 83' lang='lat' dir='ltr'><strong>egre-</strong></span> 
     </span>
    </p>
   </div>
   <div class='ocr_carea' id='block_1_57' title="bbox 2062 2396 3714 2469">
    <p class='ocr_par' dir='ltr' id='par_1_57' title="bbox 2062 2396 3714 2469">
     <span class='ocr_line' id='line_1_57' title="bbox 2062 2396 3714 2469; baseline -0.001 -16"><span class='ocrx_word' id='word_1_420' title='bbox 2062 2397 2267 2454; x_wconf 89' lang='lat' dir='ltr'><strong>diebar</strong></span> <span class='ocrx_word' id='word_1_421' title='bbox 2326 2399 2494 2469; x_wconf 83' lang='lat' dir='ltr'><strong>(Psal.</strong></span> <span class='ocrx_word' id='word_1_422' title='bbox 2556 2413 2803 2464; x_wconf 78' lang='lat' dir='ltr'><strong>Lxxxvn,</strong></span> <span class='ocrx_word' id='word_1_423' title='bbox 2862 2396 2940 2469; x_wconf 85' lang='lat'><strong>9).</strong></span> <span class='ocrx_word' id='word_1_424' title='bbox 3004 2418 3033 2445; x_wconf 88' lang='lat'>»</span> <span class='ocrx_word' id='word_1_425' title='bbox 3089 2396 3216 2452; x_wconf 89' lang='lat' dir='ltr'><strong>Non</strong></span> <span class='ocrx_word' id='word_1_426' title='bbox 3267 2397 3517 2469; x_wconf 87' lang='lat' dir='ltr'><strong>projecit</strong></span> <span class='ocrx_word' id='word_1_427' title='bbox 3562 2414 3714 2467; x_wconf 89' lang='lat' dir='ltr'><strong>eum,</strong></span> 
     </span>
    </p>
   </div>
   <div class='ocr_carea' id='block_1_58' title="bbox 2062 2484 3713 2558">
    <p class='ocr_par' dir='ltr' id='par_1_58' title="bbox 2062 2484 3713 2558">
     <span class='ocr_line' id='line_1_58' title="bbox 2062 2484 3713 2558; baseline -0.001 -17"><span class='ocrx_word' id='word_1_428' title='bbox 2062 2486 2157 2542; x_wconf 91' lang='lat' dir='ltr'><strong>cui</strong></span> <span class='ocrx_word' id='word_1_429' title='bbox 2187 2487 2452 2558; x_wconf 86' lang='lat' dir='ltr'><strong>ejusdem</strong></span> <span class='ocrx_word' id='word_1_430' title='bbox 2483 2486 2828 2543; x_wconf 66' lang='lat' dir='ltr'><strong>substantiae</strong></span> <span class='ocrx_word' id='word_1_431' title='bbox 2867 2486 3017 2543; x_wconf 70' lang='lat'><strong>641</strong></span> <span class='ocrx_word' id='word_1_432' title='bbox 3074 2484 3299 2542; x_wconf 85' lang='lat' dir='ltr'><strong>unitate</strong></span> <span class='ocrx_word' id='word_1_433' title='bbox 3329 2485 3713 2543; x_wconf 87' lang='lat' dir='ltr'><strong>connectitur.</strong></span> 
     </span>
    </p>
   </div>
   <div class='ocr_carea' id='block_1_59' title="bbox 2062 2574 3713 2648">
    <p class='ocr_par' dir='ltr' id='par_1_59' title="bbox 2062 2574 3713 2648">
     <span class='ocr_line' id='line_1_59' title="bbox 2062 2574 3713 2648; baseline -0.002 -16"><span class='ocrx_word' id='word_1_434' title='bbox 2062 2576 2259 2633; x_wconf 88' lang='lat' dir='ltr'><strong>Potest</strong></span> <span class='ocrx_word' id='word_1_435' title='bbox 2307 2591 2444 2648; x_wconf 87' lang='lat' dir='ltr'><strong>ergo</strong></span> <span class='ocrx_word' id='word_1_436' title='bbox 2491 2579 2548 2632; x_wconf 89' lang='lat' dir='ltr'><strong>et</strong></span> <span class='ocrx_word' id='word_1_437' title='bbox 2594 2575 2680 2631; x_wconf 88' lang='lat' dir='ltr'><strong>sic</strong></span> <span class='ocrx_word' id='word_1_438' title='bbox 2729 2574 2891 2648; x_wconf 89' lang='lat' dir='ltr'><strong>legi:</strong></span> <span class='ocrx_word' id='word_1_439' title='bbox 2934 2597 2964 2625; x_wconf 67' lang='grc' dir='ltr'><strong><em>α</em></strong></span> <span class='ocrx_word' id='word_1_440' title='bbox 3011 2575 3075 2631; x_wconf 91' lang='lat' dir='ltr'><strong>In</strong></span> <span class='ocrx_word' id='word_1_441' title='bbox 3126 2578 3183 2629; x_wconf 89' lang='lat' dir='ltr'><strong>te</strong></span> <span class='ocrx_word' id='word_1_442' title='bbox 3232 2574 3535 2645; x_wconf 86' lang='lat' dir='ltr'><strong>projectus</strong></span> <span class='ocrx_word' id='word_1_443' title='bbox 3586 2591 3713 2631; x_wconf 87' lang='lat' dir='ltr'><strong>sum</strong></span> 
     </span>
    </p>
   </div>
   <div class='ocr_carea' id='block_1_60' title="bbox 2062 2663 3713 2735">
    <p class='ocr_par' dir='ltr' id='par_1_60' title="bbox 2062 2663 3713 2735">
     <span class='ocr_line' id='line_1_60' title="bbox 2062 2663 3713 2735; baseline -0.005 -14"><span class='ocrx_word' id='word_1_444' title='bbox 2062 2681 2130 2721; x_wconf 88' lang='lat' dir='ltr'><strong>ex</strong></span> <span class='ocrx_word' id='word_1_445' title='bbox 2164 2669 2330 2720; x_wconf 89' lang='lat' dir='ltr'><strong>utero</strong></span> <span class='ocrx_word' id='word_1_446' title='bbox 2380 2665 2451 2721; x_wconf 92' lang='lat' dir='ltr'><strong>de</strong></span> <span class='ocrx_word' id='word_1_447' title='bbox 2497 2669 2699 2720; x_wconf 87' lang='lat' dir='ltr'><strong>ventre</strong></span> <span class='ocrx_word' id='word_1_448' title='bbox 2756 2663 2964 2719; x_wconf 88' lang='lat' dir='ltr'><strong>matris</strong></span> <span class='ocrx_word' id='word_1_449' title='bbox 3007 2679 3148 2719; x_wconf 63' lang='lat' dir='ltr'><strong>mea;</strong></span> <span class='ocrx_word' id='word_1_450' title='bbox 3180 2663 3353 2735; x_wconf 85' lang='lat' dir='ltr'><strong>(Psal.</strong></span> <span class='ocrx_word' id='word_1_451' title='bbox 3388 2680 3512 2732; x_wconf 71' lang='lat' dir='ltr'><strong>xxx,</strong></span> <span class='ocrx_word' id='word_1_452' title='bbox 3547 2664 3655 2731; x_wconf 86' lang='grc'><strong>11),</strong></span> <span class='ocrx_word' id='word_1_453' title='bbox 3689 2686 3713 2713; x_wconf 67' lang='grc' dir='ltr'><strong>ο</strong></span> 
     </span>
    </p>
   </div>
   <div class='ocr_carea' id='block_1_61' title="bbox 2062 2753 3712 2826">
    <p class='ocr_par' dir='ltr' id='par_1_61' title="bbox 2062 2753 3712 2826">
     <span class='ocr_line' id='line_1_61' title="bbox 2062 2753 3712 2826; baseline -0.001 -16"><span class='ocrx_word' id='word_1_454' title='bbox 2062 2758 2129 2810; x_wconf 91' lang='lat' dir='ltr'><strong>ut</strong></span> <span class='ocrx_word' id='word_1_455' title='bbox 2192 2757 2519 2826; x_wconf 88' lang='lat' dir='ltr'><strong>sequatur:</strong></span> <span class='ocrx_word' id='word_1_456' title='bbox 2554 2777 2582 2803; x_wconf 89' lang='grc'><strong>‹‹</strong></span> <span class='ocrx_word' id='word_1_457' title='bbox 2631 2753 2785 2810; x_wconf 90' lang='lat' dir='ltr'><strong>Deus</strong></span> <span class='ocrx_word' id='word_1_458' title='bbox 2838 2769 3008 2809; x_wconf 89' lang='lat' dir='ltr'><strong>meus</strong></span> <span class='ocrx_word' id='word_1_459' title='bbox 3058 2768 3123 2809; x_wconf 89' lang='lat' dir='ltr'><strong>es</strong></span> <span class='ocrx_word' id='word_1_460' title='bbox 3176 2757 3263 2818; x_wconf 91' lang='lat' dir='ltr'><strong>tu,</strong></span> <span class='ocrx_word' id='word_1_461' title='bbox 3315 2769 3388 2808; x_wconf 89' lang='lat' dir='ltr'><strong>ne</strong></span> <span class='ocrx_word' id='word_1_462' title='bbox 3446 2754 3712 2809; x_wconf 85' lang='lat' dir='ltr'><strong>discedas</strong></span> 
     </span>
    </p>
   </div>
   <div class='ocr_carea' id='block_1_62' title="bbox 2062 2838 3712 2915">
    <p class='ocr_par' dir='ltr' id='par_1_62' title="bbox 2062 2838 3712 2915">
     <span class='ocr_line' id='line_1_62' title="bbox 2062 2838 3712 2915; baseline 0 -16"><span class='ocrx_word' id='word_1_463' title='bbox 2062 2861 2097 2899; x_wconf 90' lang='lat' dir='ltr'><strong>a</strong></span> <span class='ocrx_word' id='word_1_464' title='bbox 2154 2860 2247 2899; x_wconf 91' lang='lat' dir='ltr'><strong>me</strong></span> <span class='ocrx_word' id='word_1_465' title='bbox 2298 2838 2475 2915; x_wconf 55' lang='lat' dir='ltr'><strong>(Ibid.</strong></span> <span class='ocrx_word' id='word_1_466' title='bbox 2517 2842 2628 2914; x_wconf 85' lang='grc'><strong>12).</strong></span> <span class='ocrx_word' id='word_1_467' title='bbox 2682 2863 2711 2892; x_wconf 84' lang='grc'><strong>››</strong></span> <span class='ocrx_word' id='word_1_468' title='bbox 2754 2842 2949 2898; x_wconf 87' lang='lat' dir='ltr'><strong>Potest</strong></span> <span class='ocrx_word' id='word_1_469' title='bbox 2995 2846 3054 2897; x_wconf 88' lang='lat' dir='ltr'><strong>et</strong></span> <span class='ocrx_word' id='word_1_470' title='bbox 3100 2842 3185 2897; x_wconf 90' lang='lat' dir='ltr'><strong>sic</strong></span> <span class='ocrx_word' id='word_1_471' title='bbox 3237 2858 3249 2897; x_wconf 76' lang='grc' dir='ltr'>ε</span> <span class='ocrx_word' id='word_1_472' title='bbox 3298 2862 3327 2890; x_wconf 85' lang='grc'><strong>‹‹</strong></span> <span class='ocrx_word' id='word_1_473' title='bbox 3381 2841 3464 2897; x_wconf 92' lang='lat' dir='ltr'><strong>De</strong></span> <span class='ocrx_word' id='word_1_474' title='bbox 3520 2848 3712 2899; x_wconf 84' lang='lat' dir='ltr'><strong>ventre</strong></span> 
     </span>
    </p>
   </div>
   <div class='ocr_carea' id='block_1_63' title="bbox 2064 2930 3709 3003">
    <p class='ocr_par' dir='ltr' id='par_1_63' title="bbox 2064 2930 3709 3003">
     <span class='ocr_line' id='line_1_63' title="bbox 2064 2930 3709 3003; baseline 0 -16"><span class='ocrx_word' id='word_1_475' title='bbox 2064 2932 2270 2988; x_wconf 86' lang='lat' dir='ltr'><strong>matris</strong></span> <span class='ocrx_word' id='word_1_476' title='bbox 2300 2948 2442 2987; x_wconf 62' lang='lat' dir='ltr'><strong>mea;</strong></span> <span class='ocrx_word' id='word_1_477' title='bbox 2474 2936 2625 2988; x_wconf 88' lang='lat' dir='ltr'><strong>Deus</strong></span> <span class='ocrx_word' id='word_1_478' title='bbox 2656 2947 2824 2987; x_wconf 91' lang='lat' dir='ltr'><strong>meus</strong></span> <span class='ocrx_word' id='word_1_479' title='bbox 2853 2947 2917 2987; x_wconf 90' lang='lat' dir='ltr'><strong>es</strong></span> <span class='ocrx_word' id='word_1_480' title='bbox 2946 2934 3046 2999; x_wconf 87' lang='lat' dir='ltr'><strong>tu;</strong></span> <span class='ocrx_word' id='word_1_481' title='bbox 3083 2952 3111 2979; x_wconf 92' lang='grc'><strong>››</strong></span> <span class='ocrx_word' id='word_1_482' title='bbox 3143 2931 3429 3003; x_wconf 87' lang='lat' dir='ltr'><strong>quoniam</strong></span> <span class='ocrx_word' id='word_1_483' title='bbox 3458 2930 3521 2987; x_wconf 90' lang='lat' dir='ltr'><strong>in</strong></span> <span class='ocrx_word' id='word_1_484' title='bbox 3556 2937 3709 2988; x_wconf 88' lang='lat' dir='ltr'><strong>utero</strong></span> 
     </span>
    </p>
   </div>
   <div class='ocr_carea' id='block_1_64' title="bbox 2062 3019 3707 3095">
    <p class='ocr_par' dir='ltr' id='par_1_64' title="bbox 2062 3019 3707 3095">
     <span class='ocr_line' id='line_1_64' title="bbox 2062 3019 3707 3095; baseline -0.001 -18"><span class='ocrx_word' id='word_1_485' title='bbox 2062 3020 2290 3095; x_wconf 90' lang='lat' dir='ltr'><strong>positus</strong></span> <span class='ocrx_word' id='word_1_486' title='bbox 2338 3038 2372 3076; x_wconf 90' lang='lat' dir='ltr'><strong>a</strong></span> <span class='ocrx_word' id='word_1_487' title='bbox 2418 3024 2473 3076; x_wconf 89' lang='lat' dir='ltr'><strong>te</strong></span> <span class='ocrx_word' id='word_1_488' title='bbox 2520 3037 2825 3092; x_wconf 87' lang='lat' dir='ltr'><strong>nunquam</strong></span> <span class='ocrx_word' id='word_1_489' title='bbox 2869 3019 3114 3087; x_wconf 88' lang='lat' dir='ltr'><strong>recessi;</strong></span> <span class='ocrx_word' id='word_1_490' title='bbox 3166 3023 3359 3075; x_wconf 90' lang='lat' dir='ltr'><strong>tecum</strong></span> <span class='ocrx_word' id='word_1_491' title='bbox 3411 3036 3577 3077; x_wconf 88' lang='lat' dir='ltr'><strong>eram</strong></span> <span class='ocrx_word' id='word_1_492' title='bbox 3614 3023 3707 3093; x_wconf 89' lang='lat' dir='ltr'><strong>qui</strong></span> 
     </span>
    </p>
   </div>
   <div class='ocr_carea' id='block_1_65' title="bbox 2062 3108 3707 3184">
    <p class='ocr_par' dir='ltr' id='par_1_65' title="bbox 2062 3108 3707 3184">
     <span class='ocr_line' id='line_1_65' title="bbox 2062 3108 3707 3184; baseline -0.001 -19"><span class='ocrx_word' id='word_1_493' title='bbox 2062 3117 2344 3182; x_wconf 87' lang='lat' dir='ltr'><strong>tanquam</strong></span> <span class='ocrx_word' id='word_1_494' title='bbox 2372 3109 2552 3165; x_wconf 87' lang='lat' dir='ltr'><strong>Jonas</strong></span> <span class='ocrx_word' id='word_1_495' title='bbox 2582 3109 2642 3163; x_wconf 90' lang='lat' dir='ltr'><strong>in</strong></span> <span class='ocrx_word' id='word_1_496' title='bbox 2673 3113 2835 3165; x_wconf 90' lang='lat' dir='ltr'><strong>utero</strong></span> <span class='ocrx_word' id='word_1_497' title='bbox 2868 3108 2977 3164; x_wconf 88' lang='lat' dir='ltr'><strong>ceti</strong></span> <span class='ocrx_word' id='word_1_498' title='bbox 3009 3108 3255 3180; x_wconf 89' lang='lat' dir='ltr'><strong>positus,</strong></span> <span class='ocrx_word' id='word_1_499' title='bbox 3288 3114 3345 3165; x_wconf 88' lang='lat' dir='ltr'><strong>te</strong></span> <span class='ocrx_word' id='word_1_500' title='bbox 3366 3127 3471 3178; x_wconf 75' lang='lat' dir='ltr'><strong>pro</strong></span> <span class='ocrx_word' id='word_1_501' title='bbox 3503 3110 3707 3184; x_wconf 91' lang='lat' dir='ltr'><strong>populo</strong></span> 
     </span>
    </p>
   </div>
   <div class='ocr_carea' id='block_1_66' title="bbox 307 3173 3707 3273">
    <p class='ocr_par' dir='ltr' id='par_1_66' title="bbox 307 3173 3707 3273">
     <span class='ocr_line' id='line_1_66' title="bbox 307 3173 3707 3273; baseline -0 -17"><span class='ocrx_word' id='word_1_502' title='bbox 307 3215 413 3273; x_wconf 89' lang='lat' dir='ltr'><strong>ego</strong></span> <span class='ocrx_word' id='word_1_503' title='bbox 444 3173 637 3254; x_wconf 90' lang='lat' dir='ltr'><strong>dicam</strong></span> <span class='ocrx_word' id='word_1_504' title='bbox 685 3200 972 3269; x_wconf 87' lang='lat' dir='ltr'><strong>peccator,</strong></span> <span class='ocrx_word' id='word_1_505' title='bbox 1006 3173 1116 3250; x_wconf 82' lang='lat' dir='ltr'><strong>nisi</strong></span> <span class='ocrx_word' id='word_1_506' title='bbox 1152 3195 1224 3251; x_wconf 89' lang='lat' dir='ltr'><strong>ad</strong></span> <span class='ocrx_word' id='word_1_507' title='bbox 1255 3194 1402 3251; x_wconf 91' lang='lat' dir='ltr'><strong>illud</strong></span> <span class='ocrx_word' id='word_1_508' title='bbox 1436 3196 1684 3251; x_wconf 84' lang='lat' dir='ltr'><strong>referam</strong></span> <span class='ocrx_word' id='word_1_509' title='bbox 1718 3214 1730 3251; x_wconf 92' lang='lat'><strong>:</strong></span> <span class='ocrx_word' id='word_1_510' title='bbox 1764 3173 1952 3260; x_wconf 79' lang='lat' dir='ltr'><strong>Quare</strong></span> <span class='ocrx_word' id='word_1_511' title='bbox 1982 3173 2025 3242; x_wconf 66' lang='grc' dir='ltr'><strong>(ἶ</strong></span> <span class='ocrx_word' id='word_1_512' title='bbox 2063 3173 2435 3270; x_wconf 77' lang='lat' dir='ltr'><strong>deprecabar.</strong></span> <span class='ocrx_word' id='word_1_513' title='bbox 2498 3198 2562 3252; x_wconf 87' lang='lat' dir='ltr'><strong>Et</strong></span> <span class='ocrx_word' id='word_1_514' title='bbox 2608 3213 2737 3253; x_wconf 88' lang='lat' dir='ltr'><strong>vere</strong></span> <span class='ocrx_word' id='word_1_515' title='bbox 2786 3197 2858 3253; x_wconf 91' lang='lat' dir='ltr'><strong>de</strong></span> <span class='ocrx_word' id='word_1_516' title='bbox 2911 3173 3118 3253; x_wconf 76' lang='lat' dir='ltr'><strong>matris</strong></span> <span class='ocrx_word' id='word_1_517' title='bbox 3168 3173 3287 3252; x_wconf 72' lang='lat' dir='ltr'><strong>suae</strong></span> <span class='ocrx_word' id='word_1_518' title='bbox 3334 3173 3538 3254; x_wconf 65' lang='lat' dir='ltr'><strong>ventre</strong></span> <span class='ocrx_word' id='word_1_519' title='bbox 3584 3173 3707 3255; x_wconf 70' lang='lat' dir='ltr'><strong>cum</strong></span> 
     </span>
    </p>
   </div>
   <div class='ocr_carea' id='block_1_67' title="bbox 306 3284 1952 3360">
    <p class='ocr_par' dir='ltr' id='par_1_67' title="bbox 306 3284 1952 3360">
     <span class='ocr_line' id='line_1_67' title="bbox 306 3284 1952 3360; baseline -0.001 -17"><span class='ocrx_word' id='word_1_520' title='bbox 306 3287 499 3360; x_wconf 91' lang='lat' dir='ltr'><strong>operis</strong></span> <span class='ocrx_word' id='word_1_521' title='bbox 531 3287 614 3343; x_wconf 90' lang='lat' dir='ltr'><strong>tui</strong></span> <span class='ocrx_word' id='word_1_522' title='bbox 647 3285 865 3343; x_wconf 90' lang='lat' dir='ltr'><strong>oblitus</strong></span> <span class='ocrx_word' id='word_1_523' title='bbox 894 3301 985 3353; x_wconf 89' lang='lat' dir='ltr'><strong>es;</strong></span> <span class='ocrx_word' id='word_1_524' title='bbox 1020 3301 1201 3358; x_wconf 90' lang='lat' dir='ltr'><strong>quare</strong></span> <span class='ocrx_word' id='word_1_525' title='bbox 1231 3284 1580 3342; x_wconf 86' lang='lat' dir='ltr'><strong>visitationis</strong></span> <span class='ocrx_word' id='word_1_526' title='bbox 1604 3288 1715 3340; x_wconf 67' lang='lat' dir='ltr'><strong>tua:</strong></span> <span class='ocrx_word' id='word_1_527' title='bbox 1736 3284 1952 3342; x_wconf 90' lang='lat' dir='ltr'><strong>oblitus</strong></span> 
     </span>
    </p>
   </div>
   <div class='ocr_carea' id='block_1_68' title="bbox 307 3373 1952 3446">
    <p class='ocr_par' dir='ltr' id='par_1_68' title="bbox 307 3373 1952 3446">
     <span class='ocr_line' id='line_1_68' title="bbox 307 3373 1952 3446; baseline -0.002 -14"><span class='ocrx_word' id='word_1_528' title='bbox 307 3377 413 3432; x_wconf 86' lang='lat' dir='ltr'><strong>es?</strong></span> <span class='ocrx_word' id='word_1_529' title='bbox 444 3376 740 3431; x_wconf 89' lang='lat' dir='ltr'><strong>Postremo</strong></span> <span class='ocrx_word' id='word_1_530' title='bbox 787 3391 967 3446; x_wconf 88' lang='lat' dir='ltr'><strong>quare</strong></span> <span class='ocrx_word' id='word_1_531' title='bbox 1014 3373 1375 3430; x_wconf 76' lang='lat' dir='ltr'><strong>infirmitatis</strong></span> <span class='ocrx_word' id='word_1_532' title='bbox 1414 3389 1557 3429; x_wconf 70' lang='lat' dir='ltr'><strong>meae</strong></span> <span class='ocrx_word' id='word_1_533' title='bbox 1601 3373 1819 3429; x_wconf 90' lang='lat' dir='ltr'><strong>oblitus</strong></span> <span class='ocrx_word' id='word_1_534' title='bbox 1848 3374 1952 3429; x_wconf 86' lang='lat' dir='ltr'><strong>es?</strong></span> 
     </span>
    </p>
   </div>
   <div class='ocr_carea' id='block_1_69' title="bbox 308 3462 1949 3535">
    <p class='ocr_par' dir='ltr' id='par_1_69' title="bbox 308 3462 1949 3535">
     <span class='ocr_line' id='line_1_69' title="bbox 308 3462 1949 3535; baseline -0.002 -14"><span class='ocrx_word' id='word_1_535' title='bbox 308 3466 457 3532; x_wconf 89' lang='lat' dir='ltr'><strong>Quid</strong></span> <span class='ocrx_word' id='word_1_536' title='bbox 489 3468 578 3521; x_wconf 89' lang='lat' dir='ltr'><strong>est</strong></span> <span class='ocrx_word' id='word_1_537' title='bbox 613 3464 769 3520; x_wconf 88' lang='lat' dir='ltr'><strong>enim</strong></span> <span class='ocrx_word' id='word_1_538' title='bbox 800 3464 998 3531; x_wconf 85' lang='lat' dir='ltr'><strong>homo,</strong></span> <span class='ocrx_word' id='word_1_539' title='bbox 1031 3462 1143 3518; x_wconf 86' lang='lat' dir='ltr'><strong>nisi</strong></span> <span class='ocrx_word' id='word_1_540' title='bbox 1194 3463 1328 3535; x_wconf 84' lang='lat' dir='ltr'><strong>quia</strong></span> <span class='ocrx_word' id='word_1_541' title='bbox 1368 3462 1573 3518; x_wconf 88' lang='lat' dir='ltr'><strong>visitas</strong></span> <span class='ocrx_word' id='word_1_542' title='bbox 1618 3463 1797 3518; x_wconf 84' lang='lat' dir='ltr'><strong>eum?</strong></span> <span class='ocrx_word' id='word_1_543' title='bbox 1825 3463 1949 3518; x_wconf 90' lang='lat' dir='ltr'><strong>Non</strong></span> 
     </span>
    </p>
   </div>
   <div class='ocr_carea' id='block_1_70' title="bbox 307 3551 1953 3626">
    <p class='ocr_par' dir='ltr' id='par_1_70' title="bbox 307 3551 1953 3626">
     <span class='ocr_line' id='line_1_70' title="bbox 307 3551 1953 3626; baseline -0.001 -16"><span class='ocrx_word' id='word_1_544' title='bbox 307 3571 444 3626; x_wconf 78' lang='lat' dir='ltr'><strong>ergo</strong></span> <span class='ocrx_word' id='word_1_545' title='bbox 475 3552 838 3609; x_wconf 88' lang='lat' dir='ltr'><strong>obliviscaris</strong></span> <span class='ocrx_word' id='word_1_546' title='bbox 869 3552 1520 3619; x_wconf 85' lang='lat' dir='ltr'><strong>infirmum.Memento,</strong></span> <span class='ocrx_word' id='word_1_547' title='bbox 1540 3551 1953 3623; x_wconf 87' lang='lat' dir='ltr'><strong>Domine,quia</strong></span> 
     </span>
    </p>
   </div>
   <div class='ocr_carea' id='block_1_71' title="bbox 309 3640 1952 3712">
    <p class='ocr_par' dir='ltr' id='par_1_71' title="bbox 309 3640 1952 3712">
     <span class='ocr_line' id='line_1_71' title="bbox 309 3640 1952 3712; baseline -0.001 -15"><span class='ocrx_word' id='word_1_548' title='bbox 309 3643 612 3698; x_wconf 83' lang='lat' dir='ltr'><strong>inﬁrmum</strong></span> <span class='ocrx_word' id='word_1_549' title='bbox 644 3658 735 3697; x_wconf 90' lang='lat' dir='ltr'><strong>me</strong></span> <span class='ocrx_word' id='word_1_550' title='bbox 763 3640 950 3696; x_wconf 87' lang='lat' dir='ltr'><strong>fecisti</strong></span> <span class='ocrx_word' id='word_1_551' title='bbox 983 3657 996 3695; x_wconf 91' lang='lat'>:</span> <span class='ocrx_word' id='word_1_552' title='bbox 1033 3645 1327 3697; x_wconf 88' lang='lat' dir='ltr'><strong>memento</strong></span> <span class='ocrx_word' id='word_1_553' title='bbox 1359 3640 1497 3712; x_wconf 87' lang='lat' dir='ltr'><strong>quia</strong></span> <span class='ocrx_word' id='word_1_554' title='bbox 1527 3640 1827 3712; x_wconf 87' lang='lat' dir='ltr'><strong>pulverem</strong></span> <span class='ocrx_word' id='word_1_555' title='bbox 1859 3657 1952 3696; x_wconf 92' lang='lat' dir='ltr'><strong>me</strong></span> 
     </span>
    </p>
   </div>
   <div class='ocr_carea' id='block_1_72' title="bbox 310 3728 1953 3803">
    <p class='ocr_par' dir='ltr' id='par_1_72' title="bbox 310 3728 1953 3803">
     <span class='ocr_line' id='line_1_72' title="bbox 310 3728 1953 3803; baseline -0.001 -17"><span class='ocrx_word' id='word_1_556' title='bbox 310 3730 526 3786; x_wconf 79' lang='lat' dir='ltr'><strong>tinxisti</strong></span> <span class='ocrx_word' id='word_1_557' title='bbox 560 3730 657 3803; x_wconf 68' lang='lat'><strong>(&#39;4).</strong></span> <span class='ocrx_word' id='word_1_558' title='bbox 681 3729 979 3795; x_wconf 90' lang='lat' dir='ltr'><strong>Quomodo</strong></span> <span class='ocrx_word' id='word_1_559' title='bbox 1010 3732 1164 3784; x_wconf 87' lang='lat' dir='ltr'><strong>stare</strong></span> <span class='ocrx_word' id='word_1_560' title='bbox 1194 3734 1413 3800; x_wconf 90' lang='lat' dir='ltr'><strong>potero,</strong></span> <span class='ocrx_word' id='word_1_561' title='bbox 1446 3729 1560 3784; x_wconf 89' lang='lat' dir='ltr'><strong>nisi</strong></span> <span class='ocrx_word' id='word_1_562' title='bbox 1594 3728 1953 3785; x_wconf 88' lang='lat' dir='ltr'><strong>solidaturus</strong></span> 
     </span>
    </p>
   </div>
   <div class='ocr_carea' id='block_1_73' title="bbox 307 3815 1952 3889">
    <p class='ocr_par' dir='ltr' id='par_1_73' title="bbox 307 3815 1952 3889">
     <span class='ocr_line' id='line_1_73' title="bbox 307 3815 1952 3889; baseline -0.002 -14"><span class='ocrx_word' id='word_1_563' title='bbox 307 3819 419 3875; x_wconf 92' lang='lat' dir='ltr'><strong>hoc</strong></span> <span class='ocrx_word' id='word_1_564' title='bbox 448 3818 640 3874; x_wconf 89' lang='lat' dir='ltr'><strong>lutum</strong></span> <span class='ocrx_word' id='word_1_565' title='bbox 671 3832 902 3889; x_wconf 88' lang='lat' dir='ltr'><strong>semper</strong></span> <span class='ocrx_word' id='word_1_566' title='bbox 937 3816 1228 3880; x_wconf 88' lang='lat' dir='ltr'><strong>intendas.</strong></span> <span class='ocrx_word' id='word_1_567' title='bbox 1262 3822 1327 3872; x_wconf 89' lang='lat' dir='ltr'><strong>ut</strong></span> <span class='ocrx_word' id='word_1_568' title='bbox 1374 3817 1446 3873; x_wconf 91' lang='lat' dir='ltr'><strong>de</strong></span> <span class='ocrx_word' id='word_1_569' title='bbox 1485 3816 1651 3873; x_wconf 91' lang='lat' dir='ltr'><strong>vultu</strong></span> <span class='ocrx_word' id='word_1_570' title='bbox 1681 3821 1782 3873; x_wconf 89' lang='lat' dir='ltr'><strong>tuo</strong></span> <span class='ocrx_word' id='word_1_571' title='bbox 1815 3815 1952 3873; x_wconf 91' lang='lat' dir='ltr'><strong>soli-</strong></span> 
     </span>
    </p>
   </div>
   <div class='ocr_carea' id='block_1_74' title="bbox 310 3904 1951 3979">
    <p class='ocr_par' dir='ltr' id='par_1_74' title="bbox 310 3904 1951 3979">
     <span class='ocr_line' id='line_1_74' title="bbox 310 3904 1951 3979; baseline -0.001 -15"><span class='ocrx_word' id='word_1_572' title='bbox 310 3906 464 3964; x_wconf 89' lang='lat' dir='ltr'><strong>ditas</strong></span> <span class='ocrx_word' id='word_1_573' title='bbox 494 3923 624 3964; x_wconf 89' lang='lat' dir='ltr'><strong>mea</strong></span> <span class='ocrx_word' id='word_1_574' title='bbox 650 3904 936 3979; x_wconf 84' lang='lat' dir='ltr'><strong>prodeat?</strong></span> <span class='ocrx_word' id='word_1_575' title='bbox 966 3906 1111 3961; x_wconf 85' lang='lat' dir='ltr'><strong>Cum</strong></span> <span class='ocrx_word' id='word_1_576' title='bbox 1161 3905 1438 3962; x_wconf 85' lang='lat' dir='ltr'><strong>averteris</strong></span> <span class='ocrx_word' id='word_1_577' title='bbox 1488 3904 1718 3975; x_wconf 82' lang='lat' dir='ltr'><strong>faciem,</strong></span> <span class='ocrx_word' id='word_1_578' title='bbox 1753 3906 1951 3962; x_wconf 90' lang='lat' dir='ltr'><strong>turba-</strong></span> 
     </span>
    </p>
   </div>
   <div class='ocr_carea' id='block_1_75' title="bbox 308 3992 1954 4061">
    <p class='ocr_par' dir='ltr' id='par_1_75' title="bbox 308 3992 1954 4061">
     <span class='ocr_line' id='line_1_75' title="bbox 308 3992 1954 4061; baseline -0.002 -9"><span class='ocrx_word' id='word_1_579' title='bbox 308 3996 531 4052; x_wconf 90' lang='lat' dir='ltr'><strong>buntur</strong></span> <span class='ocrx_word' id='word_1_580' title='bbox 577 3993 807 4061; x_wconf 87' lang='lat' dir='ltr'><strong>omnia;</strong></span> <span class='ocrx_word' id='word_1_581' title='bbox 842 3993 891 4049; x_wconf 89' lang='lat' dir='ltr'><strong>si</strong></span> <span class='ocrx_word' id='word_1_582' title='bbox 923 3992 1197 4059; x_wconf 80' lang='lat' dir='ltr'><strong>intendis,</strong></span> <span class='ocrx_word' id='word_1_583' title='bbox 1245 4010 1324 4048; x_wconf 66' lang='lat' dir='ltr'><strong>vas</strong></span> <span class='ocrx_word' id='word_1_584' title='bbox 1374 3993 1554 4061; x_wconf 90' lang='lat' dir='ltr'><strong>mihi;</strong></span> <span class='ocrx_word' id='word_1_585' title='bbox 1608 4011 1722 4049; x_wconf 89' lang='lat' dir='ltr'><strong>non</strong></span> <span class='ocrx_word' id='word_1_586' title='bbox 1773 3994 1954 4050; x_wconf 87' lang='lat' dir='ltr'><strong>habes</strong></span> 
     </span>
    </p>
   </div>
   <div class='ocr_carea' id='block_1_76' title="bbox 312 4081 1955 4157">
    <p class='ocr_par' dir='ltr' id='par_1_76' title="bbox 312 4081 1955 4157">
     <span class='ocr_line' id='line_1_76' title="bbox 312 4081 1955 4157; baseline -0.001 -16"><span class='ocrx_word' id='word_1_587' title='bbox 312 4085 466 4157; x_wconf 90' lang='lat' dir='ltr'><strong>quod</strong></span> <span class='ocrx_word' id='word_1_588' title='bbox 492 4084 549 4139; x_wconf 89' lang='lat' dir='ltr'><strong>in</strong></span> <span class='ocrx_word' id='word_1_589' title='bbox 584 4101 675 4139; x_wconf 90' lang='lat' dir='ltr'><strong>me</strong></span> <span class='ocrx_word' id='word_1_590' title='bbox 705 4082 975 4155; x_wconf 86' lang='lat' dir='ltr'><strong>aspicias,</strong></span> <span class='ocrx_word' id='word_1_591' title='bbox 998 4081 1111 4138; x_wconf 87' lang='lat' dir='ltr'><strong>nisi</strong></span> <span class='ocrx_word' id='word_1_592' title='bbox 1143 4081 1410 4155; x_wconf 87' lang='lat' dir='ltr'><strong>contagia</strong></span> <span class='ocrx_word' id='word_1_593' title='bbox 1441 4082 1820 4150; x_wconf 89' lang='lat' dir='ltr'><strong>delictorum;</strong></span> <span class='ocrx_word' id='word_1_594' title='bbox 1849 4099 1955 4139; x_wconf 89' lang='lat' dir='ltr'><strong>nec</strong></span> 
     </span>
    </p>
   </div>
   <div class='ocr_carea' id='block_1_77' title="bbox 311 4171 1959 4243">
    <p class='ocr_par' dir='ltr' id='par_1_77' title="bbox 311 4171 1959 4243">
     <span class='ocr_line' id='line_1_77' title="bbox 311 4171 1959 4243; baseline -0.001 -15"><span class='ocrx_word' id='word_1_595' title='bbox 311 4174 497 4230; x_wconf 89' lang='lat' dir='ltr'><strong>deseri</strong></span> <span class='ocrx_word' id='word_1_596' title='bbox 532 4172 807 4237; x_wconf 82' lang='lat' dir='ltr'><strong>utile,nec</strong></span> <span class='ocrx_word' id='word_1_597' title='bbox 836 4171 1015 4227; x_wconf 86' lang='lat' dir='ltr'><strong>videri</strong></span> <span class='ocrx_word' id='word_1_598' title='bbox 1048 4175 1173 4238; x_wconf 89' lang='lat' dir='ltr'><strong>est;</strong></span> <span class='ocrx_word' id='word_1_599' title='bbox 1207 4171 1346 4243; x_wconf 91' lang='lat' dir='ltr'><strong>quia</strong></span> <span class='ocrx_word' id='word_1_600' title='bbox 1375 4172 1516 4228; x_wconf 92' lang='lat' dir='ltr'><strong>dum</strong></span> <span class='ocrx_word' id='word_1_601' title='bbox 1550 4172 1835 4238; x_wconf 88' lang='lat' dir='ltr'><strong>videmur,</strong></span> <span class='ocrx_word' id='word_1_602' title='bbox 1865 4173 1959 4227; x_wconf 86' lang='lat' dir='ltr'><strong>of-</strong></span> 
     </span>
    </p>
   </div>
   <div class='ocr_carea' id='block_1_78' title="bbox 312 4261 1954 4335">
    <p class='ocr_par' dir='ltr' id='par_1_78' title="bbox 312 4261 1954 4335">
     <span class='ocr_line' id='line_1_78' title="bbox 312 4261 1954 4335; baseline -0.001 -18"><span class='ocrx_word' id='word_1_603' title='bbox 312 4263 629 4319; x_wconf 82' lang='lat' dir='ltr'><strong>fendimus.</strong></span> <span class='ocrx_word' id='word_1_604' title='bbox 678 4262 1000 4316; x_wconf 86' lang='lat' dir='ltr'><strong>Possumus</strong></span> <span class='ocrx_word' id='word_1_605' title='bbox 1048 4263 1243 4315; x_wconf 89' lang='lat' dir='ltr'><strong>tamen</strong></span> <span class='ocrx_word' id='word_1_606' title='bbox 1291 4261 1603 4330; x_wconf 69' lang='lat' dir='ltr'><strong>aestimare,</strong></span> <span class='ocrx_word' id='word_1_607' title='bbox 1654 4261 1794 4335; x_wconf 88' lang='lat' dir='ltr'><strong>quia</strong></span> <span class='ocrx_word' id='word_1_608' title='bbox 1840 4277 1954 4317; x_wconf 89' lang='lat' dir='ltr'><strong>non</strong></span> 
     </span>
    </p>
   </div>
   <div class='ocr_carea' id='block_1_79' title="bbox 311 4348 1954 4423">
    <p class='ocr_par' dir='ltr' id='par_1_79' title="bbox 311 4348 1954 4423">
     <span class='ocr_line' id='line_1_79' title="bbox 311 4348 1954 4423; baseline -0.001 -16"><span class='ocrx_word' id='word_1_609' title='bbox 311 4350 544 4423; x_wconf 84' lang='lat' dir='ltr'><strong>repellit</strong></span> <span class='ocrx_word' id='word_1_610' title='bbox 580 4366 728 4421; x_wconf 90' lang='lat' dir='ltr'><strong>quos</strong></span> <span class='ocrx_word' id='word_1_611' title='bbox 772 4348 965 4415; x_wconf 83' lang='lat' dir='ltr'><strong>videt;</strong></span> <span class='ocrx_word' id='word_1_612' title='bbox 1018 4349 1157 4420; x_wconf 88' lang='lat' dir='ltr'><strong>quia</strong></span> <span class='ocrx_word' id='word_1_613' title='bbox 1203 4350 1485 4405; x_wconf 89' lang='lat' dir='ltr'><strong>emundat</strong></span> <span class='ocrx_word' id='word_1_614' title='bbox 1531 4366 1678 4422; x_wconf 91' lang='lat' dir='ltr'><strong>quos</strong></span> <span class='ocrx_word' id='word_1_615' title='bbox 1727 4350 1954 4422; x_wconf 88' lang='lat' dir='ltr'><strong>aspicit.</strong></span> 
     </span>
    </p>
   </div>
   <div class='ocr_carea' id='block_1_80' title="bbox 317 4436 1652 4511">
    <p class='ocr_par' dir='ltr' id='par_1_80' title="bbox 317 4436 1652 4511">
     <span class='ocr_line' id='line_1_80' title="bbox 317 4436 1652 4511; baseline -0.001 -16"><span class='ocrx_word' id='word_1_616' title='bbox 317 4439 470 4511; x_wconf 80' lang='lat' dir='ltr'><strong>Ignis</strong></span> <span class='ocrx_word' id='word_1_617' title='bbox 500 4444 633 4494; x_wconf 87' lang='lat' dir='ltr'><strong>ante</strong></span> <span class='ocrx_word' id='word_1_618' title='bbox 661 4454 796 4493; x_wconf 91' lang='lat' dir='ltr'><strong>eum</strong></span> <span class='ocrx_word' id='word_1_619' title='bbox 826 4438 1010 4506; x_wconf 87' lang='lat' dir='ltr'><strong>ardet,</strong></span> <span class='ocrx_word' id='word_1_620' title='bbox 1043 4436 1143 4509; x_wconf 91' lang='lat' dir='ltr'><strong>qui</strong></span> <span class='ocrx_word' id='word_1_621' title='bbox 1176 4437 1397 4494; x_wconf 87' lang='lat' dir='ltr'><strong>crimen</strong></span> <span class='ocrx_word' id='word_1_622' title='bbox 1428 4445 1652 4495; x_wconf 81' lang='lat' dir='ltr'><strong>exurat.</strong></span> 
     </span>
    </p>
   </div>
   <div class='ocr_carea' id='block_1_81' title="bbox 384 4526 2039 4607">
    <p class='ocr_par' dir='ltr' id='par_1_81' title="bbox 384 4526 2039 4607">
     <span class='ocr_line' id='line_1_81' title="bbox 384 4526 2039 4607; baseline 0.001 -26"><span class='ocrx_word' id='word_1_623' title='bbox 384 4529 472 4583; x_wconf 90' lang='lat'><strong>23.</strong></span> <span class='ocrx_word' id='word_1_624' title='bbox 505 4527 729 4582; x_wconf 89' lang='lat' dir='ltr'><strong>Bonum</strong></span> <span class='ocrx_word' id='word_1_625' title='bbox 761 4530 849 4581; x_wconf 90' lang='lat' dir='ltr'><strong>est</strong></span> <span class='ocrx_word' id='word_1_626' title='bbox 885 4542 1022 4598; x_wconf 91' lang='lat' dir='ltr'><strong>ergo</strong></span> <span class='ocrx_word' id='word_1_627' title='bbox 1071 4526 1259 4593; x_wconf 88' lang='lat' dir='ltr'><strong>nobis,</strong></span> <span class='ocrx_word' id='word_1_628' title='bbox 1311 4532 1377 4582; x_wconf 90' lang='lat' dir='ltr'><strong>ut</strong></span> <span class='ocrx_word' id='word_1_629' title='bbox 1418 4544 1535 4583; x_wconf 88' lang='lat' dir='ltr'><strong>non</strong></span> <span class='ocrx_word' id='word_1_630' title='bbox 1582 4528 1955 4601; x_wconf 90' lang='lat' dir='ltr'><strong>repellamur.</strong></span> <span class='ocrx_word' id='word_1_631' title='bbox 1992 4542 2039 4607; x_wconf 82' lang='lat' dir='ltr'><strong>D</strong></span> 
     </span>
    </p>
   </div>
   <div class='ocr_carea' id='block_1_82' title="bbox 318 4613 1962 4688">
    <p class='ocr_par' dir='ltr' id='par_1_82' title="bbox 318 4613 1962 4688">
     <span class='ocr_line' id='line_1_82' title="bbox 318 4613 1962 4688; baseline 0.002 -18"><span class='ocrx_word' id='word_1_632' title='bbox 318 4615 450 4670; x_wconf 90' lang='lat' dir='ltr'><strong>Ideo</strong></span> <span class='ocrx_word' id='word_1_633' title='bbox 499 4614 764 4686; x_wconf 89' lang='lat' dir='ltr'><strong>queritur</strong></span> <span class='ocrx_word' id='word_1_634' title='bbox 817 4613 1013 4682; x_wconf 83' lang='lat' dir='ltr'><strong>David,</strong></span> <span class='ocrx_word' id='word_1_635' title='bbox 1044 4615 1184 4685; x_wconf 90' lang='lat' dir='ltr'><strong>quia</strong></span> <span class='ocrx_word' id='word_1_636' title='bbox 1234 4614 1538 4687; x_wconf 90' lang='lat' dir='ltr'><strong>repulsum</strong></span> <span class='ocrx_word' id='word_1_637' title='bbox 1586 4632 1648 4672; x_wconf 89' lang='lat' dir='ltr'><strong>se</strong></span> <span class='ocrx_word' id='word_1_638' title='bbox 1696 4616 1962 4688; x_wconf 87' lang='lat' dir='ltr'><strong>credidit,</strong></span> 
     </span>
    </p>
   </div>
   <div class='ocr_carea' id='block_1_83' title="bbox 317 4703 1966 4777">
    <p class='ocr_par' dir='ltr' id='par_1_83' title="bbox 317 4703 1966 4777">
     <span class='ocr_line' id='line_1_83' title="bbox 317 4703 1966 4777; baseline 0.002 -19"><span class='ocrx_word' id='word_1_639' title='bbox 317 4703 417 4777; x_wconf 91' lang='lat' dir='ltr'><strong>qui</strong></span> <span class='ocrx_word' id='word_1_640' title='bbox 450 4703 637 4758; x_wconf 85' lang='lat' dir='ltr'><strong>fuerat</strong></span> <span class='ocrx_word' id='word_1_641' title='bbox 665 4705 799 4757; x_wconf 88' lang='lat' dir='ltr'><strong>ante</strong></span> <span class='ocrx_word' id='word_1_642' title='bbox 829 4703 1430 4776; x_wconf 88' lang='lat' dir='ltr'><strong>susceptus.Deniquc</strong></span> <span class='ocrx_word' id='word_1_643' title='bbox 1454 4705 1511 4760; x_wconf 91' lang='lat' dir='ltr'><strong>in</strong></span> <span class='ocrx_word' id='word_1_644' title='bbox 1546 4705 1966 4777; x_wconf 87' lang='lat' dir='ltr'><strong>posterioribus</strong></span> 
     </span>
    </p>
   </div>
   <div class='ocr_carea' id='block_1_84' title="bbox 317 4791 1961 4866">
    <p class='ocr_par' dir='ltr' id='par_1_84' title="bbox 317 4791 1961 4866">
     <span class='ocr_line' id='line_1_84' title="bbox 317 4791 1961 4866; baseline 0.002 -18"><span class='ocrx_word' id='word_1_645' title='bbox 317 4792 460 4848; x_wconf 90' lang='lat' dir='ltr'><strong>dicit</strong></span> <span class='ocrx_word' id='word_1_646' title='bbox 506 4808 519 4848; x_wconf 91' lang='lat'><strong>:</strong></span> <span class='ocrx_word' id='word_1_647' title='bbox 573 4814 600 4840; x_wconf 88' lang='grc'><strong>‹‹</strong></span> <span class='ocrx_word' id='word_1_648' title='bbox 646 4791 709 4846; x_wconf 88' lang='lat' dir='ltr'><strong>In</strong></span> <span class='ocrx_word' id='word_1_649' title='bbox 760 4795 816 4846; x_wconf 91' lang='lat' dir='ltr'><strong>te</strong></span> <span class='ocrx_word' id='word_1_650' title='bbox 867 4791 1248 4847; x_wconf 81' lang='lat' dir='ltr'><strong>confirmatus</strong></span> <span class='ocrx_word' id='word_1_651' title='bbox 1306 4809 1437 4848; x_wconf 88' lang='lat' dir='ltr'><strong>sum</strong></span> <span class='ocrx_word' id='word_1_652' title='bbox 1487 4810 1555 4850; x_wconf 80' lang='lat' dir='ltr'><strong>ex</strong></span> <span class='ocrx_word' id='word_1_653' title='bbox 1599 4797 1763 4849; x_wconf 92' lang='lat' dir='ltr'><strong>utero</strong></span> <span class='ocrx_word' id='word_1_654' title='bbox 1792 4794 1961 4866; x_wconf 80' lang='lat' dir='ltr'><strong>(Psal.</strong></span> 
     </span>
    </p>
   </div>
   <div class='ocr_carea' id='block_1_85' title="bbox 318 4880 1964 4953">
    <p class='ocr_par' dir='ltr' id='par_1_85' title="bbox 318 4880 1964 4953">
     <span class='ocr_line' id='line_1_85' title="bbox 318 4880 1964 4953; baseline 0.002 -17"><span class='ocrx_word' id='word_1_655' title='bbox 318 4898 445 4947; x_wconf 76' lang='lat' dir='ltr'><strong>LXX,</strong></span> <span class='ocrx_word' id='word_1_656' title='bbox 474 4880 552 4953; x_wconf 87' lang='lat'><strong>6).</strong></span> <span class='ocrx_word' id='word_1_657' title='bbox 591 4903 619 4929; x_wconf 84' lang='grc'><strong>››</strong></span> <span class='ocrx_word' id='word_1_658' title='bbox 652 4880 762 4935; x_wconf 88' lang='lat' dir='ltr'><strong>Sed</strong></span> <span class='ocrx_word' id='word_1_659' title='bbox 794 4884 852 4934; x_wconf 91' lang='lat' dir='ltr'><strong>et</strong></span> <span class='ocrx_word' id='word_1_660' title='bbox 881 4896 1060 4952; x_wconf 88' lang='lat' dir='ltr'><strong>supra</strong></span> <span class='ocrx_word' id='word_1_661' title='bbox 1107 4880 1390 4952; x_wconf 86' lang='lat' dir='ltr'><strong>scriptum</strong></span> <span class='ocrx_word' id='word_1_662' title='bbox 1442 4880 1729 4939; x_wconf 89' lang='lat' dir='ltr'><strong>habemus</strong></span> <span class='ocrx_word' id='word_1_663' title='bbox 1771 4900 1783 4938; x_wconf 88' lang='lat'><strong>:</strong></span> <span class='ocrx_word' id='word_1_664' title='bbox 1814 4906 1842 4933; x_wconf 86' lang='grc'><strong>‹‹</strong></span> <span class='ocrx_word' id='word_1_665' title='bbox 1900 4885 1964 4939; x_wconf 84' lang='lat' dir='ltr'><strong>In</strong></span> 
     </span>
    </p>
   </div>
   <div class='ocr_carea' id='block_1_86' title="bbox 316 4969 1964 5043">
    <p class='ocr_par' dir='ltr' id='par_1_86' title="bbox 316 4969 1964 5043">
     <span class='ocr_line' id='line_1_86' title="bbox 316 4969 1964 5043; baseline 0.002 -17"><span class='ocrx_word' id='word_1_666' title='bbox 316 4976 372 5026; x_wconf 88' lang='lat' dir='ltr'><strong>te</strong></span> <span class='ocrx_word' id='word_1_667' title='bbox 403 4971 697 5043; x_wconf 88' lang='lat' dir='ltr'><strong>projectus</strong></span> <span class='ocrx_word' id='word_1_668' title='bbox 727 4984 858 5024; x_wconf 89' lang='lat' dir='ltr'><strong>sum</strong></span> <span class='ocrx_word' id='word_1_669' title='bbox 891 4985 959 5023; x_wconf 83' lang='lat' dir='ltr'><strong>ex</strong></span> <span class='ocrx_word' id='word_1_670' title='bbox 988 4974 1151 5023; x_wconf 89' lang='lat' dir='ltr'><strong>utero</strong></span> <span class='ocrx_word' id='word_1_671' title='bbox 1184 4985 1197 5024; x_wconf 90' lang='lat'><strong>:</strong></span> <span class='ocrx_word' id='word_1_672' title='bbox 1232 4969 1303 5024; x_wconf 86' lang='lat' dir='ltr'><strong>de</strong></span> <span class='ocrx_word' id='word_1_673' title='bbox 1334 4973 1529 5025; x_wconf 89' lang='lat' dir='ltr'><strong>ventre</strong></span> <span class='ocrx_word' id='word_1_674' title='bbox 1576 4971 1784 5028; x_wconf 88' lang='lat' dir='ltr'><strong>matris</strong></span> <span class='ocrx_word' id='word_1_675' title='bbox 1823 4989 1964 5029; x_wconf 74' lang='lat' dir='ltr'><strong>meae</strong></span> 
     </span>
    </p>
   </div>
   <div class='ocr_carea' id='block_1_87' title="bbox 320 5058 1968 5130">
    <p class='ocr_par' dir='ltr' id='par_1_87' title="bbox 320 5058 1968 5130">
     <span class='ocr_line' id='line_1_87' title="bbox 320 5058 1968 5130; baseline 0.002 -16"><span class='ocrx_word' id='word_1_676' title='bbox 320 5065 470 5116; x_wconf 91' lang='lat' dir='ltr'><strong>Deus</strong></span> <span class='ocrx_word' id='word_1_677' title='bbox 503 5075 671 5115; x_wconf 90' lang='lat' dir='ltr'><strong>meus</strong></span> <span class='ocrx_word' id='word_1_678' title='bbox 717 5074 780 5113; x_wconf 90' lang='lat' dir='ltr'><strong>es</strong></span> <span class='ocrx_word' id='word_1_679' title='bbox 830 5061 889 5112; x_wconf 90' lang='lat' dir='ltr'><strong>tu</strong></span> <span class='ocrx_word' id='word_1_680' title='bbox 923 5058 1096 5130; x_wconf 74' lang='lat' dir='ltr'><strong>(Psal.</strong></span> <span class='ocrx_word' id='word_1_681' title='bbox 1130 5074 1246 5127; x_wconf 68' lang='lat' dir='ltr'><strong>xxr,</strong></span> <span class='ocrx_word' id='word_1_682' title='bbox 1283 5058 1392 5129; x_wconf 93' lang='grc'><strong>11).</strong></span> <span class='ocrx_word' id='word_1_683' title='bbox 1426 5079 1454 5108; x_wconf 83' lang='grc'><strong>›)</strong></span> <span class='ocrx_word' id='word_1_684' title='bbox 1499 5059 1724 5115; x_wconf 90' lang='lat' dir='ltr'><strong>Bonum</strong></span> <span class='ocrx_word' id='word_1_685' title='bbox 1773 5064 1862 5116; x_wconf 88' lang='lat' dir='ltr'><strong>est</strong></span> <span class='ocrx_word' id='word_1_686' title='bbox 1908 5066 1968 5118; x_wconf 87' lang='lat' dir='ltr'><strong>et</strong></span> 
     </span>
    </p>
   </div>
   <div class='ocr_carea' id='block_1_88' title="bbox 318 5145 1967 5221">
    <p class='ocr_par' dir='ltr' id='par_1_88' title="bbox 318 5145 1967 5221">
     <span class='ocr_line' id='line_1_88' title="bbox 318 5145 1967 5221; baseline 0.002 -18"><span class='ocrx_word' id='word_1_687' title='bbox 318 5148 545 5221; x_wconf 89' lang='lat' dir='ltr'><strong>projici,</strong></span> <span class='ocrx_word' id='word_1_688' title='bbox 576 5146 678 5203; x_wconf 89' lang='lat' dir='ltr'><strong>sed</strong></span> <span class='ocrx_word' id='word_1_689' title='bbox 710 5146 769 5201; x_wconf 89' lang='lat' dir='ltr'><strong>in</strong></span> <span class='ocrx_word' id='word_1_690' title='bbox 806 5151 1007 5201; x_wconf 87' lang='lat' dir='ltr'><strong>Deum.</strong></span> <span class='ocrx_word' id='word_1_691' title='bbox 1042 5145 1301 5218; x_wconf 89' lang='lat' dir='ltr'><strong>Denique</strong></span> <span class='ocrx_word' id='word_1_692' title='bbox 1347 5162 1416 5202; x_wconf 83' lang='lat' dir='ltr'><strong>ex</strong></span> <span class='ocrx_word' id='word_1_693' title='bbox 1463 5164 1715 5220; x_wconf 88' lang='lat' dir='ltr'><strong>persona</strong></span> <span class='ocrx_word' id='word_1_694' title='bbox 1751 5149 1967 5206; x_wconf 89' lang='lat' dir='ltr'><strong>Christi</strong></span> 
     </span>
    </p>
   </div>
   <div class='ocr_carea' id='block_1_89' title="bbox 320 5232 1989 5308">
    <p class='ocr_par' dir='ltr' id='par_1_89' title="bbox 320 5232 1989 5308">
     <span class='ocr_line' id='line_1_89' title="bbox 320 5232 1989 5308; baseline 0.004 -18"><span class='ocrx_word' id='word_1_695' title='bbox 320 5235 428 5291; x_wconf 93' lang='lat' dir='ltr'><strong>hoc</strong></span> <span class='ocrx_word' id='word_1_696' title='bbox 472 5237 534 5292; x_wconf 89' lang='lat' dir='ltr'><strong>in</strong></span> <span class='ocrx_word' id='word_1_697' title='bbox 575 5252 668 5292; x_wconf 71' lang='lat' dir='ltr'><strong>xx:</strong></span> <span class='ocrx_word' id='word_1_698' title='bbox 718 5234 950 5290; x_wconf 88' lang='lat' dir='ltr'><strong>Psalmo</strong></span> <span class='ocrx_word' id='word_1_699' title='bbox 984 5232 1219 5305; x_wconf 89' lang='lat' dir='ltr'><strong>dicitur,</strong></span> <span class='ocrx_word' id='word_1_700' title='bbox 1251 5236 1352 5308; x_wconf 90' lang='lat' dir='ltr'><strong>qui</strong></span> <span class='ocrx_word' id='word_1_701' title='bbox 1384 5252 1516 5292; x_wconf 84' lang='lat' dir='ltr'><strong>vere</strong></span> <span class='ocrx_word' id='word_1_702' title='bbox 1547 5238 1604 5292; x_wconf 91' lang='lat' dir='ltr'><strong>in</strong></span> <span class='ocrx_word' id='word_1_703' title='bbox 1638 5238 1866 5295; x_wconf 90' lang='lat' dir='ltr'><strong>Patrem</strong></span> <span class='ocrx_word' id='word_1_704' title='bbox 1895 5240 1989 5297; x_wconf 90' lang='lat' dir='ltr'><strong>de.</strong></span> 
     </span>
    </p>
   </div>
   <div class='ocr_carea' id='block_1_90' title="bbox 392 5402 1963 5479">
    <p class='ocr_par' dir='ltr' id='par_1_90' title="bbox 392 5402 1963 5479">
     <span class='ocr_line' id='line_1_90' title="bbox 392 5402 1963 5479; baseline 0.004 -22"><span class='ocrx_word' id='word_1_705' title='bbox 392 5402 470 5471; x_wconf 85' lang='grc'><strong>(4)</strong></span> <span class='ocrx_word' id='word_1_706' title='bbox 497 5404 676 5479; x_wconf 69' lang='lat' dir='ltr'><strong>h‘dit.,</strong></span> <span class='ocrx_word' id='word_1_707' title='bbox 698 5402 1010 5479; x_wconf 75' lang='lat' dir='ltr'><strong>depulvere</strong></span> <span class='ocrx_word' id='word_1_708' title='bbox 1039 5420 1126 5458; x_wconf 83' lang='lat' dir='ltr'><strong>me</strong></span> <span class='ocrx_word' id='word_1_709' title='bbox 1145 5402 1393 5472; x_wconf 69' lang='lat' dir='ltr'><strong>tinxisti;</strong></span> <span class='ocrx_word' id='word_1_710' title='bbox 1425 5421 1627 5461; x_wconf 89' lang='lat' dir='ltr'><strong>omnes</strong></span> <span class='ocrx_word' id='word_1_711' title='bbox 1659 5408 1963 5479; x_wconf 80' lang='lat' dir='ltr'><strong>mss.,pul-</strong></span> 
     </span>
    </p>
   </div>
   <div class='ocr_carea' id='block_1_91' title="bbox 324 5474 1943 5528">
    <p class='ocr_par' dir='ltr' id='par_1_91' title="bbox 324 5474 1943 5528">
     <span class='ocr_line' id='line_1_91' title="bbox 324 5474 1943 5528; baseline 0.004 -3"><span class='ocrx_word' id='word_1_712' title='bbox 324 5487 499 5526; x_wconf 86' lang='lat' dir='ltr'><strong>verem</strong></span> <span class='ocrx_word' id='word_1_713' title='bbox 529 5490 614 5527; x_wconf 77' lang='lat' dir='ltr'><strong>me</strong></span> <span class='ocrx_word' id='word_1_714' title='bbox 649 5474 876 5528; x_wconf 69' lang='lat' dir='ltr'><strong>tinxisti.</strong></span> <span class='ocrx_word' id='word_1_715' title='bbox 1840 5474 1853 5479; x_wconf 74' lang='grc'><em>’</em></span> <span class='ocrx_word' id='word_1_716' title='bbox 1938 5486 1943 5491; x_wconf 81' lang='grc'><em>’</em></span> 
     </span>
    </p>
   </div>
   <div class='ocr_carea' id='block_1_92' title="bbox 394 5541 1960 5619">
    <p class='ocr_par' dir='ltr' id='par_1_92' title="bbox 394 5541 1960 5619">
     <span class='ocr_line' id='line_1_92' title="bbox 394 5541 1960 5619; baseline 0.008 -26"><span class='ocrx_word' id='word_1_717' title='bbox 394 5541 468 5611; x_wconf 81' lang='grc'><strong>(5)</strong></span> <span class='ocrx_word' id='word_1_718' title='bbox 510 5544 600 5597; x_wconf 89' lang='lat' dir='ltr'><strong>Sic</strong></span> <span class='ocrx_word' id='word_1_719' title='bbox 652 5560 1058 5619; x_wconf 75' lang='lat' dir='ltr'><strong>mss._omnes</strong></span> <span class='ocrx_word' id='word_1_720' title='bbox 1096 5549 1270 5619; x_wconf 81' lang='lat' dir='ltr'><strong>atque</strong></span> <span class='ocrx_word' id='word_1_721' title='bbox 1318 5545 1457 5601; x_wconf 88' lang='lat' dir='ltr'><strong>edit.</strong></span> <span class='ocrx_word' id='word_1_722' title='bbox 1503 5547 1645 5619; x_wconf 89' lang='lat' dir='ltr'><strong>_Era.</strong></span> <span class='ocrx_word' id='word_1_723' title='bbox 1697 5552 1755 5604; x_wconf 89' lang='lat' dir='ltr'><strong>et</strong></span> <span class='ocrx_word' id='word_1_724' title='bbox 1802 5548 1960 5619; x_wconf 89' lang='lat' dir='ltr'><strong>Gill.;</strong></span> 
     </span>
    </p>
   </div>
   <div class='ocr_carea' id='block_1_93' title="bbox 327 5607 1961 5687">
    <p class='ocr_par' dir='ltr' id='par_1_93' title="bbox 327 5607 1961 5687">
     <span class='ocr_line' id='line_1_93' title="bbox 327 5607 1961 5687; baseline 0.009 -25"><span class='ocrx_word' id='word_1_725' title='bbox 327 5607 491 5664; x_wconf 84' lang='lat' dir='ltr'><strong>Rom.</strong></span> <span class='ocrx_word' id='word_1_726' title='bbox 525 5629 654 5667; x_wconf 89' lang='lat' dir='ltr'><strong>vero</strong></span> <span class='ocrx_word' id='word_1_727' title='bbox 687 5613 1094 5684; x_wconf 80' lang='lat' dir='ltr'><strong>praetermissis</strong></span> <span class='ocrx_word' id='word_1_728' title='bbox 1124 5607 1383 5684; x_wconf 73' lang='lat' dir='ltr'><strong>vdcibus,</strong></span> <span class='ocrx_word' id='word_1_729' title='bbox 1421 5617 1708 5676; x_wconf 78' lang='lat' dir='ltr'><strong>Videamus</strong></span> <span class='ocrx_word' id='word_1_730' title='bbox 1740 5607 1961 5687; x_wconf 64' lang='lat' dir='ltr'><strong>caetera,</strong></span> 
     </span>
    </p>
   </div>
   <div class='ocr_carea' id='block_1_94' title="bbox 2060 3286 3711 3359">
    <p class='ocr_par' dir='ltr' id='par_1_94' title="bbox 2060 3286 3711 3359">
     <span class='ocr_line' id='line_1_94' title="bbox 2060 3286 3711 3359; baseline 0 -16"><span class='ocrx_word' id='word_1_731' title='bbox 2060 3286 2176 3343; x_wconf 89' lang='lat' dir='ltr'><strong>Deo</strong></span> <span class='ocrx_word' id='word_1_732' title='bbox 2223 3290 2366 3353; x_wconf 90' lang='lat' dir='ltr'><strong>erat,</strong></span> <span class='ocrx_word' id='word_1_733' title='bbox 2400 3286 2727 3342; x_wconf 90' lang='lat' dir='ltr'><strong>secundum</strong></span> <span class='ocrx_word' id='word_1_734' title='bbox 2775 3286 2931 3358; x_wconf 88' lang='lat' dir='ltr'><strong>quod</strong></span> <span class='ocrx_word' id='word_1_735' title='bbox 2980 3286 3266 3359; x_wconf 88' lang='lat' dir='ltr'><strong>scriptum</strong></span> <span class='ocrx_word' id='word_1_736' title='bbox 3321 3292 3457 3343; x_wconf 86' lang='lat' dir='ltr'><strong>est:</strong></span> <span class='ocrx_word' id='word_1_737' title='bbox 3491 3312 3521 3337; x_wconf 90' lang='lat'>«</span> <span class='ocrx_word' id='word_1_738' title='bbox 3574 3290 3711 3355; x_wconf 81' lang='lat' dir='ltr'><strong>Quo-</strong></span> 
     </span>
    </p>
   </div>
   <div class='ocr_carea' id='block_1_95' title="bbox 2061 3374 3703 3448">
    <p class='ocr_par' dir='ltr' id='par_1_95' title="bbox 2061 3374 3703 3448">
     <span class='ocr_line' id='line_1_95' title="bbox 2061 3374 3703 3448; baseline 0.001 -17"><span class='ocrx_word' id='word_1_739' title='bbox 2061 3375 2219 3431; x_wconf 87' lang='lat' dir='ltr'><strong>niam</strong></span> <span class='ocrx_word' id='word_1_740' title='bbox 2250 3374 2596 3448; x_wconf 89' lang='lat' dir='ltr'><strong>priusquam</strong></span> <span class='ocrx_word' id='word_1_741' title='bbox 2636 3374 2811 3432; x_wconf 86' lang='lat' dir='ltr'><strong>sciret</strong></span> <span class='ocrx_word' id='word_1_742' title='bbox 2856 3391 3001 3448; x_wconf 90' lang='lat' dir='ltr'><strong>puer</strong></span> <span class='ocrx_word' id='word_1_743' title='bbox 3043 3375 3266 3431; x_wconf 90' lang='lat' dir='ltr'><strong>bonum</strong></span> <span class='ocrx_word' id='word_1_744' title='bbox 3316 3380 3419 3432; x_wconf 86' lang='lat' dir='ltr'><strong>aut</strong></span> <span class='ocrx_word' id='word_1_745' title='bbox 3465 3376 3703 3441; x_wconf 82' lang='lat' dir='ltr'><strong>malum.</strong></span> 
     </span>
    </p>
   </div>
   <div class='ocr_carea' id='block_1_96' title="bbox 2059 3462 3702 3538">
    <p class='ocr_par' dir='ltr' id='par_1_96' title="bbox 2059 3462 3702 3538">
     <span class='ocr_line' id='line_1_96' title="bbox 2059 3462 3702 3538; baseline 0.001 -17"><span class='ocrx_word' id='word_1_746' title='bbox 2059 3462 2234 3538; x_wconf 86' lang='lat' dir='ltr'><strong>elegit</strong></span> <span class='ocrx_word' id='word_1_747' title='bbox 2262 3464 2416 3536; x_wconf 88' lang='lat' dir='ltr'><strong>quod</strong></span> <span class='ocrx_word' id='word_1_748' title='bbox 2448 3464 2668 3520; x_wconf 90' lang='lat' dir='ltr'><strong>bonum</strong></span> <span class='ocrx_word' id='word_1_749' title='bbox 2699 3468 2790 3520; x_wconf 89' lang='lat' dir='ltr'><strong>est</strong></span> <span class='ocrx_word' id='word_1_750' title='bbox 2820 3464 2952 3536; x_wconf 65' lang='lat' dir='ltr'><strong>(Ira.</strong></span> <span class='ocrx_word' id='word_1_751' title='bbox 2986 3480 3087 3531; x_wconf 84' lang='lat' dir='ltr'><strong>vu,</strong></span> <span class='ocrx_word' id='word_1_752' title='bbox 3123 3464 3233 3537; x_wconf 87' lang='grc'><strong>16).</strong></span> <span class='ocrx_word' id='word_1_753' title='bbox 3271 3487 3298 3514; x_wconf 86' lang='lat'><strong>»</strong></span> <span class='ocrx_word' id='word_1_754' title='bbox 3324 3465 3390 3522; x_wconf 84' lang='lat' dir='ltr'><strong>Et</strong></span> <span class='ocrx_word' id='word_1_755' title='bbox 3427 3483 3440 3521; x_wconf 91' lang='lat'>:</span> <span class='ocrx_word' id='word_1_756' title='bbox 3476 3488 3503 3515; x_wconf 89' lang='grc'><em>‹‹</em></span> <span class='ocrx_word' id='word_1_757' title='bbox 3538 3468 3702 3523; x_wconf 79' lang='lat' dir='ltr'><strong>Ante-</strong></span> 
     </span>
    </p>
   </div>
   <div class='ocr_carea' id='block_1_97' title="bbox 2060 3554 3701 3626">
    <p class='ocr_par' dir='ltr' id='par_1_97' title="bbox 2060 3554 3701 3626">
     <span class='ocr_line' id='line_1_97' title="bbox 2060 3554 3701 3626; baseline 0.001 -17"><span class='ocrx_word' id='word_1_758' title='bbox 2060 3570 2237 3625; x_wconf 89' lang='lat' dir='ltr'><strong>quam</strong></span> <span class='ocrx_word' id='word_1_759' title='bbox 2268 3556 2493 3626; x_wconf 87' lang='lat' dir='ltr'><strong>patrem</strong></span> <span class='ocrx_word' id='word_1_760' title='bbox 2541 3555 2773 3608; x_wconf 86' lang='lat' dir='ltr'><strong>vocaret</strong></span> <span class='ocrx_word' id='word_1_761' title='bbox 2818 3556 2921 3609; x_wconf 84' lang='lat' dir='ltr'><strong>aut</strong></span> <span class='ocrx_word' id='word_1_762' title='bbox 2967 3557 3239 3619; x_wconf 88' lang='lat' dir='ltr'><strong>matrem,</strong></span> <span class='ocrx_word' id='word_1_763' title='bbox 3274 3554 3550 3611; x_wconf 86' lang='lat' dir='ltr'><strong>virtutem</strong></span> <span class='ocrx_word' id='word_1_764' title='bbox 3600 3555 3701 3611; x_wconf 83' lang='lat' dir='ltr'><strong>Da-</strong></span> 
     </span>
    </p>
   </div>
   <div class='ocr_carea' id='block_1_98' title="bbox 2061 3640 3707 3716">
    <p class='ocr_par' dir='ltr' id='par_1_98' title="bbox 2061 3640 3707 3716">
     <span class='ocr_line' id='line_1_98' title="bbox 2061 3640 3707 3716; baseline 0.001 -19"><span class='ocrx_word' id='word_1_765' title='bbox 2061 3640 2242 3697; x_wconf 83' lang='lat' dir='ltr'><strong>masci</strong></span> <span class='ocrx_word' id='word_1_766' title='bbox 2273 3646 2331 3697; x_wconf 86' lang='lat' dir='ltr'><strong>et</strong></span> <span class='ocrx_word' id='word_1_767' title='bbox 2359 3640 2545 3713; x_wconf 88' lang='lat' dir='ltr'><strong>spolia</strong></span> <span class='ocrx_word' id='word_1_768' title='bbox 2584 3640 2860 3697; x_wconf 69' lang='lat' dir='ltr'><strong>Samaria:</strong></span> <span class='ocrx_word' id='word_1_769' title='bbox 2908 3640 3278 3715; x_wconf 74' lang='lat' dir='ltr'><strong>deprzsdatus</strong></span> <span class='ocrx_word' id='word_1_770' title='bbox 3311 3646 3398 3698; x_wconf 88' lang='lat' dir='ltr'><strong>est</strong></span> <span class='ocrx_word' id='word_1_771' title='bbox 3429 3644 3559 3716; x_wconf 70' lang='lat' dir='ltr'><strong>(lea.</strong></span> <span class='ocrx_word' id='word_1_772' title='bbox 3593 3661 3707 3708; x_wconf 77' lang='lat' dir='ltr'><strong>vni,</strong></span> 
     </span>
    </p>
   </div>
   <div class='ocr_carea' id='block_1_99' title="bbox 2060 3729 3709 3803">
    <p class='ocr_par' dir='ltr' id='par_1_99' title="bbox 2060 3729 3709 3803">
     <span class='ocr_line' id='line_1_99' title="bbox 2060 3729 3709 3803; baseline 0.001 -18"><span class='ocrx_word' id='word_1_773' title='bbox 2060 3731 2149 3802; x_wconf 66' lang='lat'><strong>4);</strong></span> <span class='ocrx_word' id='word_1_774' title='bbox 2183 3751 2210 3780; x_wconf 83' lang='grc'><strong>››</strong></span> <span class='ocrx_word' id='word_1_775' title='bbox 2244 3732 2309 3784; x_wconf 90' lang='lat' dir='ltr'><strong>ut</strong></span> <span class='ocrx_word' id='word_1_776' title='bbox 2337 3729 2609 3803; x_wconf 84' lang='lat' dir='ltr'><strong>gentibus</strong></span> <span class='ocrx_word' id='word_1_777' title='bbox 2639 3731 2894 3786; x_wconf 88' lang='lat' dir='ltr'><strong>evocatis</strong></span> <span class='ocrx_word' id='word_1_778' title='bbox 2935 3745 3182 3802; x_wconf 87' lang='lat' dir='ltr'><strong>regnum</strong></span> <span class='ocrx_word' id='word_1_779' title='bbox 3233 3730 3383 3802; x_wconf 87' lang='lat' dir='ltr'><strong>patri</strong></span> <span class='ocrx_word' id='word_1_780' title='bbox 3414 3730 3523 3803; x_wconf 61' lang='lat' dir='ltr'><strong>piae</strong></span> <span class='ocrx_word' id='word_1_781' title='bbox 3552 3731 3709 3787; x_wconf 88' lang='lat' dir='ltr'><strong>cultu</strong></span> 
     </span>
    </p>
   </div>
   <div class='ocr_carea' id='block_1_100' title="bbox 2061 3817 3485 3890">
    <p class='ocr_par' dir='ltr' id='par_1_100' title="bbox 2061 3817 3485 3890">
     <span class='ocr_line' id='line_1_100' title="bbox 2061 3817 3485 3890; baseline 0 -15"><span class='ocrx_word' id='word_1_782' title='bbox 2061 3818 2386 3875; x_wconf 85' lang='lat' dir='ltr'><strong>devotionis</strong></span> <span class='ocrx_word' id='word_1_783' title='bbox 2417 3818 2762 3890; x_wconf 87' lang='lat' dir='ltr'><strong>acquireret.</strong></span> <span class='ocrx_word' id='word_1_784' title='bbox 2795 3817 3117 3875; x_wconf 88' lang='lat' dir='ltr'><strong>Videamus</strong></span> <span class='ocrx_word' id='word_1_785' title='bbox 3147 3822 3357 3875; x_wconf 64' lang='lat' dir='ltr'><strong>caetera</strong></span> <span class='ocrx_word' id='word_1_786' title='bbox 3389 3821 3485 3889; x_wconf 88' lang='lat'><strong>(5).</strong></span> 
     </span>
    </p>
   </div>
   <div class='ocr_carea' id='block_1_101' title="bbox 2066 3906 3707 4052">
    <p class='ocr_par' dir='ltr' id='par_1_101' title="bbox 2066 3906 3707 4052">
     <span class='ocr_line' id='line_1_101' title="bbox 2688 3906 3076 3965; baseline -0.003 -1"><span class='ocrx_word' id='word_1_787' title='bbox 2688 3907 2918 3965; x_wconf 86' lang='lat' dir='ltr'><strong>CAPUT</strong></span> <span class='ocrx_word' id='word_1_788' title='bbox 2955 3906 3076 3963; x_wconf 81' lang='lat' dir='ltr'><strong>VII.</strong></span> 
     </span>
     <span class='ocr_line' id='line_1_102' title="bbox 2066 3977 3707 4052; baseline 0.001 -17"><span class='ocrx_word' id='word_1_789' title='bbox 2066 3980 2203 4052; x_wconf 78' lang='lat' dir='ltr'><strong>Dum</strong></span> <span class='ocrx_word' id='word_1_790' title='bbox 2238 3981 2542 4052; x_wconf 56' lang='lat' dir='ltr'><strong>exoptatus</strong></span> <span class='ocrx_word' id='word_1_791' title='bbox 2586 3977 2808 4052; x_wconf 71' lang='lat' dir='ltr'><strong>Christi</strong></span> <span class='ocrx_word' id='word_1_792' title='bbox 2855 3978 3448 4052; x_wconf 31' lang='lat' dir='ltr'><strong>adventushdi/fertur,</strong></span> <span class='ocrx_word' id='word_1_793' title='bbox 3500 3982 3707 4037; x_wconf 63' lang='lat' dir='ltr'><strong>saevisse</strong></span> 
     </span>
    </p>
   </div>
   <div class='ocr_carea' id='block_1_102' title="bbox 2132 4049 3709 4124">
    <p class='ocr_par' dir='ltr' id='par_1_102' title="bbox 2132 4049 3709 4124">
     <span class='ocr_line' id='line_1_103' title="bbox 2132 4049 3709 4124; baseline 0.002 -18"><span class='ocrx_word' id='word_1_794' title='bbox 2132 4049 2433 4124; x_wconf 69' lang='lat' dir='ltr'><strong>diabolum,</strong></span> <span class='ocrx_word' id='word_1_795' title='bbox 2472 4056 2533 4105; x_wconf 86' lang='lat' dir='ltr'><strong>ut</strong></span> <span class='ocrx_word' id='word_1_796' title='bbox 2571 4050 2630 4124; x_wconf 72' lang='lat' dir='ltr'><strong>in</strong></span> <span class='ocrx_word' id='word_1_797' title='bbox 2660 4049 2958 4124; x_wconf 57' lang='lat' dir='ltr'><strong>Christum</strong></span> <span class='ocrx_word' id='word_1_798' title='bbox 2995 4049 3306 4124; x_wconf 60' lang='lat' dir='ltr'><strong>credituros</strong></span> <span class='ocrx_word' id='word_1_799' title='bbox 3349 4051 3641 4124; x_wconf 79' lang='lat' dir='ltr'><strong>obtereret,</strong></span> <span class='ocrx_word' id='word_1_800' title='bbox 3662 4055 3709 4108; x_wconf 79' lang='lat' dir='ltr'><strong>et</strong></span> 
     </span>
    </p>
   </div>
   <div class='ocr_carea' id='block_1_103' title="bbox 2136 4121 3715 4196">
    <p class='ocr_par' dir='ltr' id='par_1_103' title="bbox 2136 4121 3715 4196">
     <span class='ocr_line' id='line_1_104' title="bbox 2136 4121 3715 4196; baseline 0.001 -19"><span class='ocrx_word' id='word_1_801' title='bbox 2136 4124 2196 4178; x_wconf 84' lang='lat' dir='ltr'><strong>in</strong></span> <span class='ocrx_word' id='word_1_802' title='bbox 2223 4123 2355 4196; x_wconf 77' lang='lat' dir='ltr'><strong>ipsis</strong></span> <span class='ocrx_word' id='word_1_803' title='bbox 2384 4122 2545 4196; x_wconf 78' lang='lat' dir='ltr'><strong>signa</strong></span> <span class='ocrx_word' id='word_1_804' title='bbox 2572 4121 2832 4192; x_wconf 71' lang='lat' dir='ltr'><strong>deligeret</strong></span> <span class='ocrx_word' id='word_1_805' title='bbox 2857 4138 2979 4186; x_wconf 80' lang='lat' dir='ltr'><strong>sua,</strong></span> <span class='ocrx_word' id='word_1_806' title='bbox 3012 4121 3109 4177; x_wconf 85' lang='lat' dir='ltr'><strong>ubi</strong></span> <span class='ocrx_word' id='word_1_807' title='bbox 3147 4121 3231 4196; x_wconf 11' lang='lat' dir='ltr'><strong>de,</strong></span> <span class='ocrx_word' id='word_1_808' title='bbox 3258 4123 3434 4196; x_wconf 76' lang='lat' dir='ltr'><strong>signis</strong></span> <span class='ocrx_word' id='word_1_809' title='bbox 3472 4138 3599 4196; x_wconf 63' lang='lat' dir='ltr'><strong>quae</strong></span> <span class='ocrx_word' id='word_1_810' title='bbox 3622 4121 3715 4179; x_wconf 74' lang='grc' dir='ltr'><strong>’.ςε-</strong></span> 
     </span>
    </p>
   </div>
   <div class='ocr_carea' id='block_1_104' title="bbox 2172 4193 3714 4264">
    <p class='ocr_par' dir='ltr' id='par_1_104' title="bbox 2172 4193 3714 4264">
     <span class='ocr_line' id='line_1_105' title="bbox 2172 4193 3714 4264; baseline 0.003 -17"><span class='ocrx_word' id='word_1_811' title='bbox 2172 4194 2233 4248; x_wconf 84' lang='lat' dir='ltr'><strong>ui</strong></span> <span class='ocrx_word' id='word_1_812' title='bbox 2259 4197 2313 4249; x_wconf 87' lang='lat' dir='ltr'><strong>et</strong></span> <span class='ocrx_word' id='word_1_813' title='bbox 2342 4207 2468 4263; x_wconf 70' lang='lat' dir='ltr'><strong>quae</strong></span> <span class='ocrx_word' id='word_1_814' title='bbox 2506 4194 2697 4264; x_wconf 82' lang='lat' dir='ltr'><strong>fugere</strong></span> <span class='ocrx_word' id='word_1_815' title='bbox 2731 4209 2830 4249; x_wconf 74' lang='lat' dir='ltr'><strong>nos</strong></span> <span class='ocrx_word' id='word_1_816' title='bbox 2875 4198 3141 4264; x_wconf 81' lang='lat' dir='ltr'><strong>oporteat.</strong></span> <span class='ocrx_word' id='word_1_817' title='bbox 3171 4193 3494 4250; x_wconf 53' lang='lat' dir='ltr'><strong>disseritur;</strong></span> <span class='ocrx_word' id='word_1_818' title='bbox 3518 4196 3714 4253; x_wconf 86' lang='lat' dir='ltr'><strong>Diabo-</strong></span> 
     </span>
    </p>
   </div>
   <div class='ocr_carea' id='block_1_105' title="bbox 2164 4265 3717 4338">
    <p class='ocr_par' dir='ltr' id='par_1_105' title="bbox 2164 4265 3717 4338">
     <span class='ocr_line' id='line_1_106' title="bbox 2164 4265 3717 4338; baseline 0.001 -20"><span class='ocrx_word' id='word_1_819' title='bbox 2164 4282 2257 4318; x_wconf 89' lang='lat' dir='ltr'><strong>um</strong></span> <span class='ocrx_word' id='word_1_820' title='bbox 2284 4266 2455 4338; x_wconf 13' lang='lat' dir='ltr'><strong>signa,</strong></span> <span class='ocrx_word' id='word_1_821' title='bbox 2491 4280 2595 4319; x_wconf 75' lang='lat' dir='ltr'><strong>sua</strong></span> <span class='ocrx_word' id='word_1_822' title='bbox 2641 4266 2699 4319; x_wconf 80' lang='lat' dir='ltr'><strong>in</strong></span> <span class='ocrx_word' id='word_1_823' title='bbox 2745 4267 2823 4320; x_wconf 73' lang='lat' dir='ltr'><strong>eis</strong></span> <span class='ocrx_word' id='word_1_824' title='bbox 2866 4280 3089 4338; x_wconf 81' lang='lat' dir='ltr'><strong>ponere,</strong></span> <span class='ocrx_word' id='word_1_825' title='bbox 3118 4266 3221 4338; x_wconf 85' lang='lat' dir='ltr'><strong>qui</strong></span> <span class='ocrx_word' id='word_1_826' title='bbox 3259 4265 3625 4338; x_wconf 9' lang='lat' dir='ltr'><strong>ﬁdeirsemen</strong></span> <span class='ocrx_word' id='word_1_827' title='bbox 3664 4268 3717 4322; x_wconf 78' lang='lat' dir='ltr'><strong>in</strong></span> 
     </span>
    </p>
   </div>
   <div class='ocr_carea' id='block_1_106' title="bbox 2138 4336 3717 4407">
    <p class='ocr_par' dir='ltr' id='par_1_106' title="bbox 2138 4336 3717 4407">
     <span class='ocr_line' id='line_1_107' title="bbox 2138 4336 3717 4407; baseline 0.002 -16"><span class='ocrx_word' id='word_1_828' title='bbox 2138 4339 2229 4391; x_wconf 81' lang='lat' dir='ltr'><strong>via</strong></span> <span class='ocrx_word' id='word_1_829' title='bbox 2275 4336 2596 4407; x_wconf 70' lang='lat' dir='ltr'><strong>excipiunt,-</strong></span> <span class='ocrx_word' id='word_1_830' title='bbox 2645 4336 2930 4392; x_wconf 53' lang='lat' dir='ltr'><strong>sanetos&#39;e</strong></span> <span class='ocrx_word' id='word_1_831' title='bbox 2975 4336 3255 4392; x_wconf 79' lang='lat' dir='ltr'><strong>contrario</strong></span> <span class='ocrx_word' id='word_1_832' title='bbox 3301 4336 3518 4392; x_wconf 80' lang='lat' dir='ltr'><strong>diaboli</strong></span> <span class='ocrx_word' id='word_1_833' title='bbox 3566 4338 3717 4407; x_wconf 76' lang='lat' dir='ltr'><strong>ﬁdem</strong></span> 
     </span>
    </p>
   </div>
   <div class='ocr_carea' id='block_1_107' title="bbox 2137 4407 3714 4477">
    <p class='ocr_par' dir='ltr' id='par_1_107' title="bbox 2137 4407 3714 4477">
     <span class='ocr_line' id='line_1_108' title="bbox 2137 4407 3714 4477; baseline 0.003 -15"><span class='ocrx_word' id='word_1_834' title='bbox 2137 4407 2401 4463; x_wconf 83' lang='lat' dir='ltr'><strong>collocare</strong></span> <span class='ocrx_word' id='word_1_835' title='bbox 2431 4408 2488 4461; x_wconf 85' lang='lat' dir='ltr'><strong>in</strong></span> <span class='ocrx_word' id='word_1_836' title='bbox 2516 4408 2702 4477; x_wconf 86' lang='lat' dir='ltr'><strong>pervio</strong></span> <span class='ocrx_word' id='word_1_837' title='bbox 2730 4425 2749 4461; x_wconf 91' lang='lat'><strong><em>:</em></strong></span> <span class='ocrx_word' id='word_1_838' title='bbox 2780 4407 3000 4463; x_wconf 80' lang='lat' dir='ltr'><strong>tandem</strong></span> <span class='ocrx_word' id='word_1_839' title='bbox 3028 4423 3100 4462; x_wconf 80' lang='lat' dir='ltr'><strong>ne</strong></span> <span class='ocrx_word' id='word_1_840' title='bbox 3127 4407 3379 4464; x_wconf 68' lang='lat' dir='ltr'><strong>diabolus</strong></span> <span class='ocrx_word' id='word_1_841' title='bbox 3400 4409 3714 4466; x_wconf 77' lang='lat' dir='ltr'><strong>tabernacu-</strong></span> 
     </span>
    </p>
   </div>
   <div class='ocr_carea' id='block_1_108' title="bbox 2139 4477 3717 4561">
    <p class='ocr_par' dir='ltr' id='par_1_108' title="bbox 2139 4477 3717 4561">
     <span class='ocr_line' id='line_1_109' title="bbox 2139 4477 3717 4561; baseline 0.003 -29"><span class='ocrx_word' id='word_1_842' title='bbox 2139 4478 2255 4533; x_wconf 84' lang='lat' dir='ltr'><strong>lum</strong></span> <span class='ocrx_word' id='word_1_843' title='bbox 2308 4478 2413 4561; x_wconf 77' lang='lat' dir='ltr'><strong>Dei</strong></span> <span class='ocrx_word' id='word_1_844' title='bbox 2460 4478 2693 4549; x_wconf 87' lang='lat' dir='ltr'><strong>polluat,</strong></span> <span class='ocrx_word' id='word_1_845' title='bbox 2723 4477 3138 4561; x_wconf 67' lang='lat' dir='ltr'><strong>providendum,</strong></span> <span class='ocrx_word' id='word_1_846' title='bbox 3184 4479 3255 4534; x_wconf 87' lang='lat' dir='ltr'><strong>ad</strong></span> <span class='ocrx_word' id='word_1_847' title='bbox 3301 4479 3445 4552; x_wconf 86' lang='lat' dir='ltr'><strong>quod</strong></span> <span class='ocrx_word' id='word_1_848' title='bbox 3485 4484 3717 4537; x_wconf 73' lang='lat' dir='ltr'><strong>maxime</strong></span> 
     </span>
    </p>
   </div>
   <div class='ocr_carea' id='block_1_109' title="bbox 2139 4551 3714 4699">
    <p class='ocr_par' dir='ltr' id='par_1_109' title="bbox 2139 4551 3714 4699">
     <span class='ocr_line' id='line_1_110' title="bbox 2139 4551 3323 4620; baseline -0.001 -14"><span class='ocrx_word' id='word_1_849' title='bbox 2139 4566 2272 4620; x_wconf 70' lang='lat' dir='ltr'><strong>opus</strong></span> <span class='ocrx_word' id='word_1_850' title='bbox 2299 4551 2376 4605; x_wconf 80' lang='lat' dir='ltr'><strong>est</strong></span> <span class='ocrx_word' id='word_1_851' title='bbox 2401 4552 2822 4620; x_wconf 79' lang='lat' dir='ltr'><strong>perseverantia.</strong></span> <span class='ocrx_word' id='word_1_852' title='bbox 3314 4551 3323 4552; x_wconf 49' lang='grc'><strong>“</strong></span> 
     </span>
     <span class='ocr_line' id='line_1_111' title="bbox 2141 4619 3714 4699; baseline 0.001 -23"><span class='ocrx_word' id='word_1_853' title='bbox 2141 4622 2231 4676; x_wconf 84' lang='grc'><strong>26.</strong></span> <span class='ocrx_word' id='word_1_854' title='bbox 2267 4641 2295 4669; x_wconf 89' lang='grc'><strong>‹‹</strong></span> <span class='ocrx_word' id='word_1_855' title='bbox 2323 4622 2531 4688; x_wconf 89' lang='lat' dir='ltr'><strong>Quare,</strong></span> <span class='ocrx_word' id='word_1_856' title='bbox 2566 4619 2776 4693; x_wconf 87' lang='lat' dir='ltr'><strong>inquit,</strong></span> <span class='ocrx_word' id='word_1_857' title='bbox 2809 4636 2903 4699; x_wconf 87' lang='lat' dir='ltr'><strong>me</strong></span> <span class='ocrx_word' id='word_1_858' title='bbox 2932 4620 3200 4693; x_wconf 88' lang='lat' dir='ltr'><strong>repulisti</strong></span> <span class='ocrx_word' id='word_1_859' title='bbox 3233 4639 3247 4678; x_wconf 89' lang='lat'><strong>:</strong></span> <span class='ocrx_word' id='word_1_860' title='bbox 3279 4626 3338 4678; x_wconf 89' lang='lat' dir='ltr'><strong>et</strong></span> <span class='ocrx_word' id='word_1_861' title='bbox 3366 4638 3555 4695; x_wconf 88' lang='lat' dir='ltr'><strong>quare</strong></span> <span class='ocrx_word' id='word_1_862' title='bbox 3591 4621 3714 4678; x_wconf 84' lang='lat' dir='ltr'><strong>tris-</strong></span> 
     </span>
    </p>
   </div>
   <div class='ocr_carea' id='block_1_110' title="bbox 2072 4706 3714 4782">
    <p class='ocr_par' dir='ltr' id='par_1_110' title="bbox 2072 4706 3714 4782">
     <span class='ocr_line' id='line_1_112' title="bbox 2072 4706 3714 4782; baseline 0.001 -19"><span class='ocrx_word' id='word_1_863' title='bbox 2072 4707 2149 4764; x_wconf 88' lang='lat' dir='ltr'><strong>tis</strong></span> <span class='ocrx_word' id='word_1_864' title='bbox 2197 4707 2422 4775; x_wconf 90' lang='lat' dir='ltr'><strong>incedo,</strong></span> <span class='ocrx_word' id='word_1_865' title='bbox 2473 4708 2616 4763; x_wconf 90' lang='lat' dir='ltr'><strong>dum</strong></span> <span class='ocrx_word' id='word_1_866' title='bbox 2672 4706 2879 4782; x_wconf 83' lang='lat' dir='ltr'><strong>afﬂigit</strong></span> <span class='ocrx_word' id='word_1_867' title='bbox 2926 4723 3019 4764; x_wconf 89' lang='lat' dir='ltr'><strong>me</strong></span> <span class='ocrx_word' id='word_1_868' title='bbox 3066 4707 3345 4765; x_wconf 89' lang='lat' dir='ltr'><strong>inimicus</strong></span> <span class='ocrx_word' id='word_1_869' title='bbox 3401 4726 3414 4766; x_wconf 92' lang='lat'>:</span> <span class='ocrx_word' id='word_1_870' title='bbox 3466 4710 3714 4767; x_wconf 85' lang='lat' dir='ltr'><strong>confrin-</strong></span> 
     </span>
    </p>
   </div>
   <div class='ocr_carea' id='block_1_111' title="bbox 2074 4796 3715 4871">
    <p class='ocr_par' dir='ltr' id='par_1_111' title="bbox 2074 4796 3715 4871">
     <span class='ocr_line' id='line_1_113' title="bbox 2074 4796 3715 4871; baseline 0 -19"><span class='ocrx_word' id='word_1_871' title='bbox 2074 4796 2160 4871; x_wconf 89' lang='lat' dir='ltr'><strong>git</strong></span> <span class='ocrx_word' id='word_1_872' title='bbox 2205 4813 2341 4853; x_wconf 89' lang='lat' dir='ltr'><strong>ossa</strong></span> <span class='ocrx_word' id='word_1_873' title='bbox 2369 4811 2499 4852; x_wconf 89' lang='lat' dir='ltr'><strong>mea</strong></span> <span class='ocrx_word' id='word_1_874' title='bbox 2533 4814 2546 4852; x_wconf 88' lang='lat'><strong>:</strong></span> <span class='ocrx_word' id='word_1_875' title='bbox 2578 4797 3075 4869; x_wconf 85' lang='lat' dir='ltr'><strong>exprobraverunt</strong></span> <span class='ocrx_word' id='word_1_876' title='bbox 3107 4797 3248 4853; x_wconf 91' lang='lat' dir='ltr'><strong>mihi</strong></span> <span class='ocrx_word' id='word_1_877' title='bbox 3283 4799 3387 4871; x_wconf 91' lang='lat' dir='ltr'><strong>qui</strong></span> <span class='ocrx_word' id='word_1_878' title='bbox 3435 4798 3715 4855; x_wconf 82' lang='lat' dir='ltr'><strong>tribulant</strong></span> 
     </span>
    </p>
   </div>
   <div class='ocr_carea' id='block_1_112' title="bbox 2076 4876 3712 4957">
    <p class='ocr_par' dir='ltr' id='par_1_112' title="bbox 2076 4876 3712 4957">
     <span class='ocr_line' id='line_1_114' title="bbox 2076 4876 3712 4957; baseline -0.001 -15"><span class='ocrx_word' id='word_1_879' title='bbox 2076 4886 2338 4956; x_wconf 88' lang='lat' dir='ltr'><strong>me,dum</strong></span> <span class='ocrx_word' id='word_1_880' title='bbox 2370 4884 2586 4941; x_wconf 88' lang='lat' dir='ltr'><strong>dicitur</strong></span> <span class='ocrx_word' id='word_1_881' title='bbox 2614 4885 2759 4941; x_wconf 92' lang='lat' dir='ltr'><strong>mihi</strong></span> <span class='ocrx_word' id='word_1_882' title='bbox 2790 4886 3048 4957; x_wconf 88' lang='lat' dir='ltr'><strong>quotidie</strong></span> <span class='ocrx_word' id='word_1_883' title='bbox 3081 4902 3093 4940; x_wconf 92' lang='lat'>:</span> <span class='ocrx_word' id='word_1_884' title='bbox 3130 4886 3237 4943; x_wconf 91' lang='lat' dir='ltr'><strong>Ubi</strong></span> <span class='ocrx_word' id='word_1_885' title='bbox 3255 4890 3346 4944; x_wconf 87' lang='lat' dir='ltr'><strong>est</strong></span> <span class='ocrx_word' id='word_1_886' title='bbox 3360 4876 3523 4945; x_wconf 81' lang='lat' dir='ltr'><strong>Deus</strong></span> <span class='ocrx_word' id='word_1_887' title='bbox 3553 4887 3712 4944; x_wconf 86' lang='lat' dir='ltr'><strong>tuus?</strong></span> 
     </span>
    </p>
   </div>
   <div class='ocr_carea' id='block_1_113' title="bbox 2077 4972 3710 5049">
    <p class='ocr_par' dir='ltr' id='par_1_113' title="bbox 2077 4972 3710 5049">
     <span class='ocr_line' id='line_1_115' title="bbox 2077 4972 3710 5049; baseline 0 -19"><span class='ocrx_word' id='word_1_888' title='bbox 2077 4991 2260 5047; x_wconf 88' lang='lat' dir='ltr'><strong>quare</strong></span> <span class='ocrx_word' id='word_1_889' title='bbox 2306 4972 2492 5030; x_wconf 89' lang='lat' dir='ltr'><strong>tristis</strong></span> <span class='ocrx_word' id='word_1_890' title='bbox 2547 4990 2631 5043; x_wconf 91' lang='lat' dir='ltr'><strong>es,</strong></span> <span class='ocrx_word' id='word_1_891' title='bbox 2673 4974 2871 5030; x_wconf 87' lang='lat' dir='ltr'><strong>anima</strong></span> <span class='ocrx_word' id='word_1_892' title='bbox 2917 4990 3048 5030; x_wconf 89' lang='lat' dir='ltr'><strong>mea</strong></span> <span class='ocrx_word' id='word_1_893' title='bbox 3075 4973 3253 5047; x_wconf 79' lang='lat' dir='ltr'><strong>(Psal.</strong></span> <span class='ocrx_word' id='word_1_894' title='bbox 3285 4992 3402 5042; x_wconf 82' lang='lat' dir='ltr'><strong>xu,</strong></span> <span class='ocrx_word' id='word_1_895' title='bbox 3433 4977 3499 5032; x_wconf 91' lang='grc'><strong>11</strong></span> <span class='ocrx_word' id='word_1_896' title='bbox 3535 4975 3659 5049; x_wconf 76' lang='lat'><strong>12)?</strong></span> <span class='ocrx_word' id='word_1_897' title='bbox 3685 4996 3710 5023; x_wconf 72' lang='grc' dir='ltr'><strong>ιι</strong></span> 
     </span>
    </p>
   </div>
   <div class='ocr_carea' id='block_1_114' title="bbox 2076 5060 3706 5136">
    <p class='ocr_par' dir='ltr' id='par_1_114' title="bbox 2076 5060 3706 5136">
     <span class='ocr_line' id='line_1_116' title="bbox 2076 5060 3706 5136; baseline -0.001 -17"><span class='ocrx_word' id='word_1_898' title='bbox 2076 5064 2147 5119; x_wconf 90' lang='lat' dir='ltr'><strong>Et</strong></span> <span class='ocrx_word' id='word_1_899' title='bbox 2184 5061 2428 5135; x_wconf 86' lang='lat' dir='ltr'><strong>reliqua.</strong></span> <span class='ocrx_word' id='word_1_900' title='bbox 2462 5061 2661 5119; x_wconf 89' lang='lat' dir='ltr'><strong>Prima</strong></span> <span class='ocrx_word' id='word_1_901' title='bbox 2703 5060 3093 5135; x_wconf 87' lang='lat' dir='ltr'><strong>interpellatio</strong></span> <span class='ocrx_word' id='word_1_902' title='bbox 3146 5062 3447 5136; x_wconf 87' lang='lat' dir='ltr'><strong>querelam</strong></span> <span class='ocrx_word' id='word_1_903' title='bbox 3496 5064 3706 5128; x_wconf 87' lang='lat' dir='ltr'><strong>habuit,</strong></span> 
     </span>
    </p>
   </div>
   <div class='ocr_carea' id='block_1_115' title="bbox 2076 5148 3706 5224">
    <p class='ocr_par' dir='ltr' id='par_1_115' title="bbox 2076 5148 3706 5224">
     <span class='ocr_line' id='line_1_117' title="bbox 2076 5148 3706 5224; baseline -0.002 -17"><span class='ocrx_word' id='word_1_904' title='bbox 2076 5150 2231 5224; x_wconf 88' lang='lat' dir='ltr'><strong>quod</strong></span> <span class='ocrx_word' id='word_1_905' title='bbox 2264 5149 2918 5223; x_wconf 87' lang='lat' dir='ltr'><strong>comperendinarenlur</strong></span> <span class='ocrx_word' id='word_1_906' title='bbox 2946 5148 3387 5222; x_wconf 87' lang='lat' dir='ltr'><strong>bona,quorum</strong></span> <span class='ocrx_word' id='word_1_907' title='bbox 3408 5150 3539 5223; x_wconf 86' lang='lat' dir='ltr'><strong>jam</strong></span> <span class='ocrx_word' id='word_1_908' title='bbox 3568 5151 3706 5206; x_wconf 85' lang='lat' dir='ltr'><strong>fruc-</strong></span> 
     </span>
    </p>
   </div>
   <div class='ocr_carea' id='block_1_116' title="bbox 2074 5236 3705 5311">
    <p class='ocr_par' dir='ltr' id='par_1_116' title="bbox 2074 5236 3705 5311">
     <span class='ocr_line' id='line_1_118' title="bbox 2074 5236 3705 5311; baseline -0.002 -16"><span class='ocrx_word' id='word_1_909' title='bbox 2074 5243 2171 5295; x_wconf 90' lang='lat' dir='ltr'><strong>tus</strong></span> <span class='ocrx_word' id='word_1_910' title='bbox 2236 5238 2699 5295; x_wconf 87' lang='lat' dir='ltr'><strong>desiderabatur.</strong></span> <span class='ocrx_word' id='word_1_911' title='bbox 2769 5237 3037 5294; x_wconf 87' lang='lat' dir='ltr'><strong>Secunda</strong></span> <span class='ocrx_word' id='word_1_912' title='bbox 3095 5237 3508 5311; x_wconf 86' lang='lat' dir='ltr'><strong>interpellatio,</strong></span> <span class='ocrx_word' id='word_1_913' title='bbox 3567 5236 3705 5311; x_wconf 87' lang='lat' dir='ltr'><strong>quod</strong></span> 
     </span>
    </p>
   </div>
   <div class='ocr_carea' id='block_1_117' title="bbox 2074 5406 3701 5479">
    <p class='ocr_par' dir='ltr' id='par_1_117' title="bbox 2074 5406 3701 5479">
     <span class='ocr_line' id='line_1_119' title="bbox 2074 5406 3701 5479; baseline 0.001 -15"><span class='ocrx_word' id='word_1_914' title='bbox 2074 5411 2133 5464; x_wconf 91' lang='lat' dir='ltr'><strong>et</strong></span> <span class='ocrx_word' id='word_1_915' title='bbox 2174 5423 2345 5465; x_wconf 90' lang='lat' dir='ltr'><strong>versu</strong></span> <span class='ocrx_word' id='word_1_916' title='bbox 2393 5406 2684 5479; x_wconf 61' lang='lat' dir='ltr'><strong>sequenti,</strong></span> <span class='ocrx_word' id='word_1_917' title='bbox 2716 5421 2946 5479; x_wconf 90' lang='lat' dir='ltr'><strong>nempe,</strong></span> <span class='ocrx_word' id='word_1_918' title='bbox 2976 5421 3170 5479; x_wconf 82' lang='lat' dir='ltr'><strong>quare,</strong></span> <span class='ocrx_word' id='word_1_919' title='bbox 3200 5407 3403 5479; x_wconf 73' lang='lat' dir='ltr'><strong>inquit,</strong></span> <span class='ocrx_word' id='word_1_920' title='bbox 3430 5423 3518 5479; x_wconf 75' lang='lat' dir='ltr'><strong>me</strong></span> <span class='ocrx_word' id='word_1_921' title='bbox 3558 5421 3701 5479; x_wconf 59' lang='lat' dir='ltr'><strong>repit-</strong></span> 
     </span>
    </p>
   </div>
   <div class='ocr_carea' id='block_1_118' title="bbox 2075 5466 3700 5560">
    <p class='ocr_par' dir='ltr' id='par_1_118' title="bbox 2075 5466 3700 5560">
     <span class='ocr_line' id='line_1_120' title="bbox 2075 5466 3700 5560; baseline -0.002 -26"><span class='ocrx_word' id='word_1_922' title='bbox 2075 5480 2208 5560; x_wconf 78' lang='lat' dir='ltr'><strong>listi,</strong></span> <span class='ocrx_word' id='word_1_923' title='bbox 2237 5484 2345 5560; x_wconf 72' lang='lat' dir='ltr'><strong>etc.</strong></span> <span class='ocrx_word' id='word_1_924' title='bbox 2385 5466 2524 5560; x_wconf 51' lang='lat' dir='ltr'><strong>fl‘rés</strong></span> <span class='ocrx_word' id='word_1_925' title='bbox 2572 5466 3172 5560; x_wconf 33' lang='lat' dir='ltr'><strong>alios‘consequentes</strong></span> <span class='ocrx_word' id='word_1_926' title='bbox 3202 5466 3320 5560; x_wconf 52' lang='lat' dir='ltr'><strong>nom</strong></span> <span class='ocrx_word' id='word_1_927' title='bbox 3350 5466 3550 5551; x_wconf 73' lang='lat' dir='ltr'><strong>paucis</strong></span> <span class='ocrx_word' id='word_1_928' title='bbox 3577 5466 3700 5533; x_wconf 78' lang='lat' dir='ltr'><strong>voci-</strong></span> 
     </span>
    </p>
   </div>
   <div class='ocr_carea' id='block_1_119' title="bbox 2074 5548 3399 5623">
    <p class='ocr_par' dir='ltr' id='par_1_119' title="bbox 2074 5548 3399 5623">
     <span class='ocr_line' id='line_1_121' title="bbox 2074 5548 3399 5623; baseline -0.002 -17"><span class='ocrx_word' id='word_1_929' title='bbox 2074 5552 2184 5607; x_wconf 89' lang='lat' dir='ltr'><strong>bus</strong></span> <span class='ocrx_word' id='word_1_930' title='bbox 2215 5549 2460 5622; x_wconf 87' lang='lat' dir='ltr'><strong>adjectis</strong></span> <span class='ocrx_word' id='word_1_931' title='bbox 2491 5554 2592 5607; x_wconf 88' lang='lat' dir='ltr'><strong>aut</strong></span> <span class='ocrx_word' id='word_1_932' title='bbox 2619 5550 2861 5607; x_wconf 85' lang='lat' dir='ltr'><strong>mutatis</strong></span> <span class='ocrx_word' id='word_1_933' title='bbox 2891 5548 2984 5605; x_wconf 84' lang='lat' dir='ltr'><strong>hic</strong></span> <span class='ocrx_word' id='word_1_934' title='bbox 3016 5555 3314 5623; x_wconf 85' lang='lat' dir='ltr'><strong>posuerat.</strong></span> <span class='ocrx_word' id='word_1_935' title='bbox 3352 5548 3369 5551; x_wconf 66' lang='grc'>⁷</span> <span class='ocrx_word' id='word_1_936' title='bbox 3396 5559 3399 5562; x_wconf 78' lang='lat'><strong><em>&#39;</em></strong></span> 
     </span>
    </p>
   </div>
  </div>
