3866 6212
366 346 515 415 ’861

1195 347 1298 413 DE
1339 346 2086 416 INTERPELLATIONE
2126 346 2267 415 JOB
2309 348 2410 413 ΕΤ
2452 347 2695 415 DAVID
2738 346 2891 415 LIB.
2936 349 3014 415 II.

3688 349 3809 416 862

408 483 1189 560 exspectatusprudentibus
1207 483 1420 543 Christi
1446 485 1821 541 diﬂerebatur
1842 484 2054 541 adven-
2086 485 2140 551 Α
2172 487 2446 544 societate
2488 486 2547 542 in
2596 503 2691 544 me
2737 485 3033 545 transtuli.
3079 485 3243 543 Unde
3289 488 3347 543 et
3394 484 3466 543 do
3513 483 3612 542 Dei
3665 483 3809 541 Filio

403 583 523 645 tus,
585 592 760 648 quem
820 574 909 633 lex
985 575 1453 633 annuntiaverat.
1522 593 1694 647 quem
1768 575 2055 646 pI'OgilII‘tm

406 664 860 739 pollicebantur,
889 669 946 719 et
974 681 1042 720 eo
1070 663 1474 737 impatientius
1517 665 1839 719 :estuabaut
1885 665 2061 719 corda

396 756 726 827 justorum,
759 753 1039 826 quoniam
1072 754 1143 809 ad
1176 754 1637 825 redemptionem
1668 757 2062 827 cognoverant

404 858 535 899 esse
550 847 797 898 venturu
809 858 863 897 m
887 842 1316 898 universorum.
1333 843 1588 907 Quorum
1615 843 2020 898 universorum
2035 841 2063 894 ?

408 931 637 998 Quibus
667 930 1000 1004 evangelico
1030 930 1263 987 tramite
1304 931 1461 987 viam
1507 932 1741 987 virtutis
1791 930 2060 1003 aperiret,

403 1023 818 1093 bonorumque
847 1036 1092 1091 operum
1126 1021 1368 1076 semitas
1411 1021 1858 1087 demonstraret,
1910 1019 2065 1075 sicut

406 1108 534 1181 ipse
581 1108 727 1163 dixit
764 1108 821 1163 in
877 1108 1239 1165 Proverbiis:
1290 1133 1318 1159 ‹‹
1368 1110 1652 1166 Dominus
1707 1110 1920 1166 creavit
1977 1124 2066 1163 me

410 1197 766 1271 principium
825 1198 1052 1254 viarum
1111 1215 1355 1253 suarum
1415 1201 1609 1270 (Prov:
1678 1216 1800 1266 VIII,
1852 1200 1961 1267 2'2).
2039 1220 2065 1245 ››

412 1287 549 1343 ldeo
578 1301 714 1357 ergo
747 1285 1051 1341 dicebatur
1075 1285 1165 1341 ei:
1203 1308 1230 1335 ‹‹
1286 1287 1391 1342 Ubi
1441 1292 1532 1344 est
1589 1289 1743 1343 lle‘us
1792 1290 1982 1342 tuus?
2037 1309 2064 1336 ››

413 1374 556 1445 quia
586 1373 778 1431 adhuc
810 1390 926 1428 non
958 1379 1194 1429 venerat
1224 1375 1512 1442 Christus,
1553 1377 1652 1431 sed
1701 1378 2066 1448 sperabatur.

415 1461 698 1518 Saaviebat
730 1477 867 1534 ergo
899 1462 1190 1533 diabolus,
1224 1468 1289 1518 ut
1319 1465 1601 1521 obtereret
1648 1482 1796 1537 quos
1851 1464 2072 1519 sciebat

416 1550 477 1604 in
508 1550 826 1606 adventum
861 1550 1089 1606 Domini
1123 1553 1469 1622 credituros,
1513 1558 1568 1607 et
1616 1553 1860 1609 diversis
1910 1553 2071 1609 affic-

416 1639 582 1694 tabat
612 1639 824 1694 exitiis.
878 1639 1214 1711 interpellat
1264 1658 1401 1713 ergo
1454 1642 1652 1705 David,
1712 1646 1777 1697 ut
1833 1659 2071 1697 moran~

416 1732 537 1783 tem
569 1728 781 1786 excitet
835 1732 1048 1799 questu
1106 1728 1468 1801 prophetico,
1519 1730 1797 1786 festinare
1844 1736 2071 1803 urgeat,

415 1816 732 1872 admoneat
751 1816 1081 1872 subvenire.
1106 1817 1401 1874 Habemus
1424 1818 1876 1875 similitudinem
1892 1820 2071 1891 hujus

413 1904 905 1977 interpellationis
934 1906 1109 1961 etiam
1164 1906 1223 1961 in
1276 1908 1718 1979 posterioribus,
1770 1909 1870 1964 ubi
1931 1908 2074 1964 dicit

417 1992 579 2050 idem
638 1993 955 2065 Propheta:
1020 1994 1230 2067 thuid
1295 1996 1554 2069 repulisti
1607 2013 1731 2064 nos,
1780 1998 1954 2067 Deus,
2014 1998 2074 2054 in

424 2083 601 2139 tinem
656 2084 831 2153 (Psal.
894 2100 1087 2149 LXXIII,
1151 2085 1202 2154 1)
1259 2086 1286 2140 ?
1319 2107 1345 2135 ››
1408 2087 1475 2141 Et
1531 2086 1608 2142 ibi
1662 2092 1859 2159 aperte
1919 2088 2077 2159 quod

423 2171 891 2244 congregationis
921 2189 1040 2228 suae
1091 2172 1309 2229 oblitus
1366 2176 1462 2245 sit,
1513 2180 1571 2231 et
1626 2176 1848 2247 virgam
1897 2176 2077 2231 baare-

426 2260 631 2316 ditatis
661 2278 779 2316 sua:
812 2261 1109 2332 abjecerit,
1144 2262 1414 2319 flebiliter
1450 2263 1770 2337 deploravit
1817 2270 1875 2320 et
1921 2266 2073 2337 quod

427 2348 488 2403 in
551 2348 781 2421 plebem
849 2349 947 2404 Dei
1026 2350 1449 2406 insurrexerint
1515 2354 1642 2423 ejus
1715 2353 1937 2409 inimici
2009 2355 2080 2410 de

431 2437 652 2509 quibus
682 2436 798 2493 ait:
834 2460 863 2487 ‹‹
896 2439 966 2493 Et
994 2436 1221 2510 gloriati
1267 2445 1406 2496 sunt
1454 2442 1553 2513 qui
1600 2442 1850 2497 oderunt
1891 2447 1969 2512 te,
2019 2444 2079 2497 in

432 2526 625 2581 medio
657 2526 789 2582 festi
818 2527 904 2581 tui
953 2528 1108 2597 (Ibid.
1163 2529 1235 2601 4).
1301 2552 1328 2578 ››
1386 2530 1551 2585 Forte
1608 2529 1703 2586 hic
1724 2574 1735 2583 η.
1761 2532 2081 2587 versiculus

430 2613 728 2671 videretur
794 2617 1064 2688 Assyrios
1130 2616 1447 2685 declarare,
1515 2619 1616 2691 qui
1684 2620 2081 2693 triumphave—

432 2709 573 2759 runt
595 2702 877 2776 populum
907 2705 1267 2769 Judazorum,
1298 2707 1411 2763 nisi
1454 2714 1831 2780 sequeretur:
1886 2732 1912 2759 ››
1970 2710 2081 2766 Pc-

435 2798 684 2849 suerunt
713 2792 881 2866 signa
912 2810 1038 2862 sua,
1072 2795 1261 2868 signa,
1295 2800 1350 2852 et
1382 2814 1494 2851 non
1528 2797 1767 2869 cognovi
1819 2799 1977 2867 (Ibid.
2030 2801 2082 2865 4,

432 2882 514 2954 5).
552 2905 578 2929 ››
630 2882 810 2955 Signa
870 2900 1101 2955 semper
1158 2885 1216 2939 in
1277 2884 1423 2941 bello
1481 2891 1620 2942 sunt
1679 2904 1806 2958 qua:
1866 2887 2085 2960 praelia-

437 2975 604 3027 turos
635 2971 836 3042 praeire
867 2978 1311 3039 consueverunt,
1346 2978 1402 3029 et
1430 2991 1637 3047 agmen
1671 2976 1881 3031 ducere
1931 2977 2091 3031 mili-'

438 3067 583 3115 tare.
628 3059 1044 3133 Unusquisque
1092 3079 1373 3117 numerus
1420 3068 1519 3117 aut
1565 3064 1714 3138 legio
1765 3064 1932 3138 signa
1980 3083 2088 3122 sua

442 3148 732 3219 sequitur.
762 3149 830 3203 Et
861 3149 907 3205 si
942 3149 1190 3222 dispersi
1225 3152 1439 3206 fuerint
1469 3151 1751 3208 bellorum
1803 3154 2084 3223 tumultu,

443 3253 510 3292 eo
564 3236 663 3292 ubi
712 3237 882 3309 signa
930 3255 1038 3294 sua
1094 3241 1500 3311 prospexerint
1557 3258 1705 3308 esse,
1766 3228 2163 3314 quamlibetC

443 3325 616 3398 longe
647 3326 816 3398 positi
853 3333 1241 3384 revertuntur.
1277 3330 1430 3384 018
1480 3330 1895 3402 Unusquisque
1953 3332 2091 3387 doc-

446 3418 541 3469 tor
569 3413 688 3470 haec
714 3416 884 3486 signa
923 3417 1245 3484 constituit,
1294 3422 1349 3472 et
1398 3420 1698 3490 sequenda
1744 3421 2087 3491 praescribit.

446 3504 557 3559 Sed
588 3507 725 3559 sunt
756 3504 929 3561 etiam
962 3504 1076 3560 alia
1103 3506 1288 3577 signa,
1324 3524 1448 3577 quae
1479 3508 1660 3563 victor
1690 3508 1874 3564 hostis
1903 3508 2089 3581 impo-

442 3590 549 3659 nit,
583 3596 640 3647 et
672 3597 952 3665 tanquam
985 3595 1226 3666 captivis
1255 3596 1615 3652 observando
1646 3598 1940 3665 decernit;
1990 3601 2089 3653 sed

441 3683 545 3753 qui
577 3681 766 3737 lidelis
795 3686 884 3738 est
916 3682 1103 3751 miles,
1140 3684 1375 3756 propria
1422 3684 1590 3757 signa
1638 3688 1923 3758 sequitur,
1975 3705 2090 3743 non

439 3770 707 3843 agnoscit
734 3770 944 3827 aliena.

512 3905 601 3958 27.
635 3903 768 3967 Qum
801 3905 919 3959 sint
948 3905 1136 3961 aliena
1166 3905 1336 3979 signa
1366 3906 1645 3963 intentius
1676 3911 1733 3963 et
1764 3908 2090 3980 impensius

439 3992 903 4049 consideremus.
936 3993 1184 4065 Signum
1230 4011 1405 4049 suum
1458 3994 1652 4066 posuit
1710 3995 1977 4051 Christus
2028 3996 2088 4051 in

438 4081 735 4137 trontihus
792 4081 1207 4154 singulorum:
1270 4082 1349 4137 ibi
1409 4100 1641 4155 quoque
1696 4084 2091 4141 Antichristus

440 4187 552 4225 sua
584 4169 752 4243 signa
782 4178 975 4243 ponet,
1010 4176 1072 4226 ut
1103 4172 1369 4243 proprios
1401 4176 1797 4245 recognoscat.
1847 4174 1957 4228 Sed
1990 4174 2090 4245 qui

436 4258 500 4313 in
532 4256 757 4313 occulto
785 4259 1023 4315 Judaeus
1053 4263 1160 4328 est,
1208 4257 1304 4314 ille
1350 4276 1519 4315 verus
1569 4260 1866 4316 confessor
1908 4260 2087 4317 dicit:

442 4368 469 4400 ο
506 4351 831 4403 Posuerunt
861 4347 1030 4420 signa
1059 4365 1188 4416 sua,
1217 4347 1404 4421 signa,
1428 4352 1486 4403 et
1507 4365 1620 4404 non
1643 4350 1899 4421 cognovi.
1932 4371 1959 4398 ››
1983 4354 2089 4405 Ρο-

438 4440 688 4492 suerunt
718 4435 987 4492 diabolus
1017 4441 1074 4492 et
1105 4435 1359 4492 ministri
1391 4438 1540 4509 ejus,
1578 4437 1678 4493 sed
1720 4454 1825 4510 ego
1874 4438 2091 4494 nescivi

439 4524 581 4593 illa;
617 4524 754 4597 quia
786 4542 902 4581 non
934 4525 1204 4582 consensi
1236 4524 1462 4582 artibus
1494 4527 1643 4597 ejus,
1678 4544 1793 4582 non
1827 4528 2089 4599 acquievi

437 4612 703 4686 imperiis
760 4615 909 4685 ejus.
968 4614 1169 4670 Posuit
1224 4614 1498 4687 Assyrius
1556 4601 2168 4672 NabuchodonosorD

437 4704 612 4777 signa
641 4704 840 4776 pueris
866 4703 1261 4770 Hebraeorum,
1294 4707 1352 4759 et
1382 4704 1631 4759 mutavit
1660 4704 1777 4760 illis
1810 4706 2051 4761 nomina
2076 4724 2089 4762 :

436 4797 500 4849 et
520 4791 794 4865 praecepit
824 4797 888 4847 ut
917 4792 1227 4849 adorarent
1256 4792 1573 4864 imaginem
1604 4794 1753 4865 ejus,
1787 4797 1843 4849 et
1863 4796 2091 4850 recede-

437 4886 574 4938 rent
604 4898 638 4937 a
669 4880 1032 4937 solemnibus
1064 4885 1296 4953 patrum
1329 4896 1593 4948 suorum,
1626 4881 1894 4953 ritusque
1923 4881 2090 4938 Chal-

437 4972 615 5037 daeos,
649 4968 986 5042 posthabita
1017 4969 1117 5025 Dei
1148 4969 1292 5041 lege.
1329 4974 1731 5041 sequerentur.
1779 4970 2095 5026 Constituit

438 5060 551 5115 hoc
600 5058 825 5127 reX,sed
876 5058 1084 5113 statuit
1132 5056 1333 5114 Daniel
1366 5057 1424 5114 in
1453 5058 1623 5113 corde
1645 5074 1772 5125 suo,
1798 5062 1862 5113 ut
1882 5058 2093 5131 regalis

440 5165 656 5204 mensae
687 5145 959 5220 contagia
988 5145 1323 5203 declinaret.
1359 5147 1531 5202 Recte
1561 5163 1696 5219 ergo
1726 5146 1776 5202 ei
1828 5147 2095 5202 convenit

438 5237 651 5292 dicere:
674 5236 854 5309 Signa
894 5253 1008 5291 non
1030 5236 1268 5307 cognovi
1291 5234 1747 5291 aliena.Jussum
1773 5240 1895 5291 erat
1915 5240 1978 5290 ut
1992 5236 2094 5291 He-

439 5325 581 5381 braei
607 5324 772 5398 pueri
796 5325 1106 5380 adorarent
1128 5324 1444 5397 imaginem
1469 5323 1641 5397 regis;
1666 5324 2092 5397 responderunt

440 5413 532 5469 ei:
569 5436 595 5463 «
629 5413 752 5469 Non
786 5412 1101 5469 adoramus
1132 5412 1448 5485 imaginem
1480 5416 1643 5469 tuam
1673 5413 1833 5486 (Dan.
1865 5430 1946 5480 ιιι,
1982 5414 2091 5481 18).

442 5507 592 5575 Apte
622 5518 757 5576 ergo
783 5502 926 5559 dixit
959 5501 1363 5574 unusquisque
1394 5519 1593 5558 eorum
1620 5518 1633 5557 :
1688 5525 1716 5554 «
1768 5502 2093 5559 Posuerunt

444 5591 617 5664 signa
645 5609 772 5661 sua,
807 5592 996 5665 signa,
1029 5594 1084 5647 et
1113 5608 1230 5647 non
1262 5591 1501 5664 cognovi
1529 5610 1586 5659 ;ι›
1615 5582 1793 5647 idest
1818 5609 1932 5647 non
1959 5609 2091 5648 sum

445 5684 737 5753 expertus,
770 5696 884 5736 non
929 5679 1048 5737 ullo
1108 5695 1397 5737 consensu
1451 5680 1661 5752 recepi,
1721 5696 1835 5736 non
1896 5679 2094 5753 aliqua

2168 576 2418 648 legimus
2450 577 2604 649 quod
2640 581 2940 650 peccatum
2972 593 3087 633 non
3131 575 3399 651 cognovit
3445 576 3519 647 (II
3573 573 3692 630 Cor.
3752 591 3809 641 v,

2166 670 2277 737 2t).
2306 667 2374 721 Et
2403 666 2541 722 alibi
2570 666 2790 725 habes:
2824 690 2852 717 «
2886 666 3172 733 Quoniam
3206 664 3304 738 qui
3346 664 3601 721 custodit
3646 680 3811 719 man-

2170 756 2370 811 datum
2402 773 2517 811 non
2551 756 2853 829 cognoscit
2887 756 3130 812 verbum
3180 771 3431 828 nequam
3485 754 3678 823 (Eccle.
3710 769 3811 807 VIII

2168 846 2263 913 5):
2298 866 2326 894 »
2358 861 2493 900 cum
2524 844 2748 916 liquido
2781 844 3013 914 clareat,
3056 846 3195 916 quia
3224 861 3341 899 non
3390 842 3643 917 cognitio
3702 840 3811 896 im-

2172 934 2501 1005 probitatis,
2531 934 2632 990 sed
2666 933 2911 990 societas
2943 934 3258 989 criminosa
3305 933 3401 1001 sit,
3455 933 3580 1004 ipse
3638 930 3813 986 etiam

2172 1020 2347 1076 David
2380 1022 2438 1076 in
2472 1022 2890 1093 posterioribus
2921 1022 3062 1077 dicit
3090 1039 3102 1077 :
3139 1046 3166 1072 ‹‹
3200 1022 3571 1078 Declinantes
3620 1022 3813 1075 autem

2178 1109 2462 1182 malignos
2494 1128 2526 1165 a
2584 1126 2675 1165 me
2730 1128 2841 1165 non
2892 1111 3278 1182 agnosceham
3327 1111 3499 1181 (Psal.
3545 1126 3598 1177 c,
3650 1109 3722 1180 4).
3790 1130 3815 1156 υ

2177 1199 2283 1254 Ubi
2333 1204 2525 1253 autem
2585 1199 2875 1255 voluerint
2932 1199 3053 1254 haec
3110 1199 3278 1272 signa
3332 1198 3649 1254 adversarii
3712 1213 3821 1269 p0-

2178 1304 2336 1355 nere,
2390 1288 2691 1344 declarat:
2755 1313 2781 1337 u
2844 1288 3003 1344 Sicut
3061 1288 3122 1343 in
3178 1289 3291 1354 via,
3361 1288 3575 1359 inquit,
3643 1301 3821 1357 super

2178 1393 2480 1431 summum
2508 1395 2519 1431 :
2553 1377 2721 1449 quasi
2750 1377 2810 1432 in
2842 1377 2987 1432 silva
3015 1377 3308 1449 lignorum
3342 1376 3647 1433 securibus
3677 1391 3821 1431 con-

2179 1466 2447 1521 ciderunt
2470 1467 2684 1538 januas
2720 1468 2849 1537 ejus
2878 1466 2936 1521 in
2967 1466 3024 1521 id
3059 1466 3276 1538 ipsum,
3309 1465 3542 1536 bipenni
3571 1468 3627 1520 et
3667 1464 3823 1519 ascia

2181 1556 2517 1625 dejecerunt
2563 1554 2706 1610 illud
2739 1556 2909 1626 (Paul.
2946 1573 3140 1621 LXXIII,
3168 1558 3223 1619 5,
3244 1556 3354 1627 6).»
3391 1554 3537 1620 Quid
3570 1553 3679 1609 hoc
3711 1552 3822 1609 sibi

2180 1629 2324 1709 vult,
2355 1644 2467 1700 nisi
2495 1644 2601 1700 hoc
2632 1644 2906 1699 ostendat
2937 1644 3073 1717 quia
3106 1644 3251 1699 ﬁdes
3282 1648 3483 1699 nostra
3512 1659 3623 1698 non
3657 1642 3823 1713 quasi

2181 1732 2240 1786 in
2270 1731 2362 1787 via
2404 1749 2532 1788 esse
2580 1734 2807 1803 debeat,
2857 1749 2930 1788 ne
2974 1732 3210 1787 veniant
3265 1732 3528 1788 volucres
3585 1730 3713 1787 cceli
3770 1734 3829 1787 et

2184 1821 2451 1877 auferant
2493 1839 2644 1890 eam,
2692 1822 2844 1877 sicut
2888 1822 3128 1877 verbum
3194 1819 3337 1876 illud
3389 1821 3540 1892 quod
3596 1819 3738 1892 legis
3768 1819 3827 1875 in

2186 1909 2514 1981 Evangelio,
2546 1927 2661 1965 non
2693 1910 2903 1966 debere
2934 1910 3087 1965 circa
3115 1910 3239 1965 vias
3269 1914 3325 1965 et
3368 1910 3609 1966 semitas
3653 1909 3826 1966 semi-

2186 1999 2309 2053 nari
2343 2000 2491 2071 (Luc.
2526 2017 2647 2066 VIII,
2670 2000 2747 2069 5).

2254 2134 2343 2187 28.
2376 2133 2524 2204 Ergo
2556 2131 2741 2187 sancti
2772 2132 3027 2188 volentes
3058 2131 3231 2188 fidem
3263 2131 3508 2204 hujusce
3538 2131 3832 2187 eradicare

2189 2221 2526 2286 adversarii,
2560 2221 2658 2293 qui
2687 2238 2801 2276 non
2833 2221 3032 2277 vident
3062 2222 3234 2293 signa
3263 2237 3371 2277 sua
3403 2220 3460 2275 in
3485 2221 3656 2275 corde
3679 2221 3830 2291 ejus,

2188 2313 2558 2365 tentaverunt
2588 2310 2757 2381 quasi
2788 2310 2846 2364 in
2878 2309 3061 2373 via,id
3092 2313 3200 2374 est,
3220 2309 3278 2363 in
3312 2309 3503 2380 pervio
3529 2306 3831 2378 collocare,

2189 2399 2296 2452 Cor
2326 2402 2520 2453 autem
2560 2398 2618 2453 in
2674 2415 2907 2454 summo
2934 2406 3059 2465 est;
3093 2396 3232 2469 quia
3260 2396 3409 2453 oculi
3442 2396 3723 2469 sapientis
3773 2396 3833 2451 in

2190 2486 2375 2559 capite
2408 2487 2555 2557 ejus.
2593 2489 2661 2543 Et
2691 2491 3013 2559 posuerunt
3043 2487 3211 2560 signa
3254 2486 3422 2559 quasi
3472 2485 3531 2541 in
3575 2484 3721 2541 silva
3764 2484 3833 2541 li-

2191 2592 2463 2647 gnorum,
2499 2593 2624 2648 quae
2657 2577 2769 2632 cito
2823 2582 3147 2632 exuruntur
3193 2575 3337 2646 igni,
3388 2578 3490 2631 aut
3534 2574 3835 2631 securibus

2192 2664 2597 2719 conciduntur.
2648 2665 2779 2720 Exit
2830 2665 2986 2720 enim
3036 2665 3190 2737 ignis
3238 2665 3308 2719 de
3357 2662 3522 2729 silva,
3552 2667 3609 2718 et
3650 2662 3837 2719 exurit

2192 2753 2368 2808 etiam
2402 2754 2606 2808 cedros
2636 2753 2862 2809 Libani.
2896 2754 3013 2809 Hoc
3034 2757 3229 2808 autem
3283 2752 3613 2807 faciendum
3668 2755 3836 2824 puta-

2192 2848 2400 2897 verunt
2425 2861 2436 2911 ;
2471 2847 2535 2898 ut
2558 2843 2882 2914 polluerent
2902 2840 3081 2897 divini
3116 2842 3372 2897 nominis
3394 2840 3836 2897 tabernaculum

2194 2933 2347 3002 quod
2371 2937 2457 2987 est
2478 2931 2536 2988 in
2561 2932 2748 2988 nobis.
2773 2932 2935 2988 Sicut
2964 2932 3121 2987 enim
3153 2931 3439 3004 templum
3474 2930 3569 2985 Dei
3596 2947 3835 2985 sumus:

2196 3021 2276 3075 ita
2296 3038 2502 3075 sumus
2524 3026 2580 3076 et
2600 3021 3043 3077 tabernaculum
3070 3020 3255 3085 Dei,in
3287 3037 3402 3092 quo
3435 3019 3580 3074 festa
3602 3010 3839 3073 Domini

2198 3198 2341 3261 todi,

2200 3287 2392 3358 capilli
2446 3286 2979 3359 perambulantium
3029 3287 3200 3357 (Psal.
3252 3302 3419 3351 LXVII,
3466 3284 3576 3355 32).

2202 3376 2439 3447 perﬂuis
2471 3376 2625 3431 enim
2660 3374 3091 3447 perambulant,
3123 3390 3236 3428 non
3269 3373 3327 3427 in
3355 3372 3574 3427 sanctis
3598 3389 3612 3429 :
3636 3371 3694 3427 in
3719 3389 3841 3427 ver-

2202 3462 2312 3517 tice
2343 3462 2559 3533 capilli,
2594 3479 2708 3516 non
2742 3462 2801 3515 in
2832 3461 3044 3515 vertice
3075 3458 3395 3515 devotionis
3424 3462 3480 3514 et
3511 3457 3664 3512 fidei.
3701 3481 3728 3507 ‹‹
3781 3460 3844 3514 Et

2204 3552 2249 3607 si
2284 3551 2527 3623 spiritus
2559 3555 2905 3621 potestatem
2932 3549 3200 3604 habentis
3235 3548 3290 3603 in
3324 3552 3375 3602 te
3406 3547 3703 3614 ascendat,
3731 3569 3757 3595 ››
3786 3553 3847 3601 ut

2202 3640 2382 3695 habes
2412 3639 2470 3693 in
2509 3637 2872 3705 Ecclesiaste,
2912 3658 2933 3685 α
2986 3637 3178 3692 locum
3226 3640 3396 3691 tuum
3445 3652 3558 3690 non
3600 3633 3845 3690 derelin-

2202 3747 2349 3801 quas
2380 3729 2571 3797 (Eccte.
2606 3746 2661 3797 X,
2687 3729 2761 3799 4).
2799 3751 2826 3776 ››
2856 3727 3085 3783 Etenim
3116 3724 3476 3798 superiorem
3498 3728 3557 3779 te
3581 3721 3847 3779 Christus

2200 3817 2521 3885 constituit,
2555 3834 2729 3889 quem
2762 3818 2832 3873 ad
2866 3816 3181 3889 imaginem
3213 3814 3311 3870 Dei
3341 3813 3492 3869 fecit.
3526 3814 3683 3868 Tene
3710 3826 3847 3884 ergo

2201 3908 2562 3978 superiorem
2595 3907 2726 3962 ﬁdei
2763 3914 2811 3962 et
2849 3905 3081 3977 pietatis
3112 3904 3326 3972 locum,
3353 3917 3526 3973 quem
3551 3899 3847 3956 aChristo

2199 3996 2473 4066 accepisti
2501 4013 2513 4051 :
2550 3998 2702 4051 649
2738 4000 2799 4050 ut
2829 3994 3094 4066 superior
3124 3986 3753 4058 factus,ascendentem
3778 3989 3848 4043 de

2199 4084 2712 4148 inferioribus,boc
2743 4085 2929 4150 est,de
2958 4081 3205 4137 terrenis
3236 4084 3293 4135 et
3323 4077 3847 4149 szecularibus,spi-

2199 4173 2375 4227 ritum
2410 4188 2660 4242 nequam
2688 4171 2853 4227 facile
2876 4169 3211 4241 repellas,et
3234 4167 3403 4239 signa
3423 4182 3536 4221 non
3561 4165 3846 4237 suscipias

2200 4261 2258 4315 in
2291 4265 2521 4331 pectore
2553 4264 2688 4315 tuo:
2726 4277 2839 4314 non
2885 4266 3125 4330 occupet
3173 4255 3382 4311 anima:
3432 4260 3545 4308 tua:
3592 4255 3844 4310 vestibu-

2201 4348 2455 4418 lum,nec
2486 4348 2760 4403 introitus
2795 4346 3007 4402 mentis
3043 4351 3152 4401 tuas
3180 4362 3193 4412 ;
3226 4349 3283 4400 et
3315 4342 3484 4415 quasi
3514 4342 3574 4398 in
3606 4342 3750 4398 silva
3780 4341 3842 4396 li-

2199 4454 2446 4511 gnorum
2467 4437 2702 4509 ignibus
2728 4437 2854 4493 suis
2870 4436 2973 4492 cad
2986 4451 3090 4490 uca
3101 4440 3157 4491 et
3171 4432 3393 4506 fragilia
3414 4431 3840 4504 populetur,aul

2200 4527 2502 4583 securibus
2533 4525 2656 4582 suis
2678 4527 2894 4597 januas
2926 4524 3009 4580 tui
3036 4524 3227 4580 cordis
3256 4523 3501 4578 excidat.
3536 4520 3624 4577 Sit
3672 4520 3838 4593 igitul

2202 4618 2260 4673 in
2289 4617 2459 4672 nobis
2490 4632 2606 4672 non
2640 4615 2807 4683 silva,
2841 4614 2942 4671 sed
2977 4614 3181 4681 vinea;
3216 4613 3292 4668 sit
3325 4616 3489 4684 porta
3513 4610 3694 4665 nostri
3727 4609 3836 4664 oris

2203 4713 2260 4761 et
2317 4706 2510 4761 cordis
2558 4704 2759 4760 clausa
2811 4701 3169 4776 diligentius,
3221 4717 3291 4757 ne
3336 4699 3522 4756 hostis
3578 4698 3824 4753 introeat

2204 4795 2326 4851 Cito
2357 4795 2559 4851 deﬁdit
2581 4796 2852 4865 januam,
2884 4794 2934 4849 si
2965 4798 3257 4866 patentem
3288 4806 3413 4845 eam
3447 4786 3749 4843 inveniret.
3778 4791 3834 4840 Ατ

2203 4900 2336 4939 vero
2366 4883 2632 4939 Christus
2664 4882 2877 4956 pulsat,
2912 4899 3025 4938 non
3060 4880 3288 4951 dejecit,
3334 4877 3435 4950 qui
3482 4872 3823 4932 confortavit

2203 4990 2236 5027 ο
2264 4971 2779 5037 Jerusalem,seras
2800 4976 3096 5043 portarum
3122 4966 3829 5023 tuarum.ChristusmanI

2204 5060 2419 5132 pulsat,
2454 5065 2518 5115 ut
2547 5059 2795 5132 aperias,
2828 5058 3198 5113 adversarius
3228 5054 3535 5111 securibus
3565 5052 3816 5109 concidit

2203 5154 2259 5204 et
2291 5149 2417 5203 ideo
2440 5148 2723 5218 scriptum
2747 5152 2836 5202 est
2858 5163 2929 5201 ne
2952 5145 3173 5201 securis
3185 5149 3243 5200 et
3264 5143 3511 5198 malleus
3532 5142 3589 5197 in
3604 5142 3826 5197 domun

2206 5235 2300 5291 Dei
2332 5234 2511 5289 intret
2539 5235 2637 5305 (III
2674 5237 2800 5303 Reg.
2832 5251 2910 5299 v1,
2943 5234 3017 5304 7).
3046 5230 3207 5287 Foris
3228 5229 3399 5284 debet
3422 5244 3550 5283 esse
3572 5227 3824 5299 superbia

2203 5330 2258 5379 et
2291 5322 2538 5387 fallacia,
2565 5339 2679 5378 non
2713 5323 2890 5378 intus.
2926 5320 3087 5378 Foris
3135 5320 3292 5376 enim
3316 5334 3531 5391 pugna,
3555 5317 3822 5389 paxintu:

2203 5430 2329 5484 quae
2361 5428 2542 5483 supra
2569 5429 2800 5467 omnem
2860 5410 3219 5467 intellectum
3247 5412 3353 5463 est.
3377 5407 3503 5463 Non
3547 5404 3809 5461 scindatu

2202 5504 2352 5559 ferro
2383 5500 2582 5555 anima
2610 5505 2746 5555 tua:
2781 5502 2881 5555 sed
2916 5507 2979 5555 ut
3026 5500 3222 5556 anima
3248 5496 3490 5569 Joseph,
3522 5496 3600 5551 ita
3649 5494 3820 5550 animi

2202 5596 2302 5648 tua
2333 5592 2548 5646 ferrum
2574 5594 2971 5662 pertranseat;
3007 5606 3076 5644 ne
3105 5585 3422 5660 principale
3452 5590 3641 5652 tuum,
3689 5580 3817 5637 velu

2204 5680 2501 5754 quoddam
2529 5676 2975 5736 tabernaculqu
3005 5677 3200 5749 Verbi,
3229 5677 3287 5731 in
3319 5675 3445 5749 ipso
3492 5671 3627 5728 ﬁdei
3684 5670 3814 5743 prin
