  <div class='ocr_page' id='page_1' title='image "/cluster/home/n/w/nwhite01/storage/ocr_20150623/14/uva.x000826552/447.png"; bbox 0 0 3866 6212; ppageno 0'>
   <div class='ocr_carea' id='block_1_1' title="bbox 306 366 428 435">
    <p class='ocr_par' dir='ltr' id='par_1_1' title="bbox 306 366 428 435">
     <span class='ocr_line' id='line_1_1' title="bbox 306 366 428 435; baseline 0 -5"><span class='ocrx_word' id='word_1_1' title='bbox 306 366 428 435; x_wconf 73' lang='lat'><strong>885</strong></span> 
     </span>
    </p>
   </div>
   <div class='ocr_carea' id='block_1_2' title="bbox 1097 351 2900 440">
    <p class='ocr_par' dir='ltr' id='par_1_2' title="bbox 1097 351 2900 440">
     <span class='ocr_line' id='line_1_2' title="bbox 1097 351 2900 440; baseline 0.004 -7"><span class='ocrx_word' id='word_1_2' title='bbox 1097 372 1200 433; x_wconf 90' lang='lat' dir='ltr'><strong>DE</strong></span> <span class='ocrx_word' id='word_1_3' title='bbox 1241 351 1976 435; x_wconf 68' lang='lat' dir='ltr'><strong>INTERPELLATIONE</strong></span> <span class='ocrx_word' id='word_1_4' title='bbox 2017 371 2154 436; x_wconf 76' lang='lat'><strong>1013</strong></span> <span class='ocrx_word' id='word_1_5' title='bbox 2203 375 2299 436; x_wconf 69' lang='lat' dir='ltr'><strong>ur</strong></span> <span class='ocrx_word' id='word_1_6' title='bbox 2342 374 2582 439; x_wconf 74' lang='lat' dir='ltr'><strong>mmo</strong></span> <span class='ocrx_word' id='word_1_7' title='bbox 2630 379 2778 439; x_wconf 76' lang='lat'><strong>1.13.</strong></span> <span class='ocrx_word' id='word_1_8' title='bbox 2825 376 2900 440; x_wconf 86' lang='lat'><strong>11.</strong></span> 
     </span>
    </p>
   </div>
   <div class='ocr_carea' id='block_1_3' title="bbox 3586 380 3705 444">
    <p class='ocr_par' dir='ltr' id='par_1_3' title="bbox 3586 380 3705 444">
     <span class='ocr_line' id='line_1_3' title="bbox 3586 380 3705 444; baseline -0.008 0"><span class='ocrx_word' id='word_1_9' title='bbox 3586 380 3705 444; x_wconf 69' lang='grc'>8156</span> 
     </span>
    </p>
   </div>
   <div class='ocr_carea' id='block_1_4' title="bbox 306 505 3705 587">
    <p class='ocr_par' dir='ltr' id='par_1_4' title="bbox 306 505 3705 587">
     <span class='ocr_line' id='line_1_4' title="bbox 306 505 3705 587; baseline 0.003 -27"><span class='ocrx_word' id='word_1_10' title='bbox 306 508 435 560; x_wconf 83' lang='lat' dir='ltr'><strong>erat</strong></span> <span class='ocrx_word' id='word_1_11' title='bbox 462 519 655 576; x_wconf 79' lang='lat' dir='ltr'><strong>usque</strong></span> <span class='ocrx_word' id='word_1_12' title='bbox 682 505 760 561; x_wconf 77' lang='lat' dir='ltr'><strong>ad</strong></span> <span class='ocrx_word' id='word_1_13' title='bbox 780 522 998 573; x_wconf 75' lang='lat' dir='ltr'><strong>unum,</strong></span> <span class='ocrx_word' id='word_1_14' title='bbox 1028 506 1261 578; x_wconf 81' lang='lat' dir='ltr'><strong>quando</strong></span> <span class='ocrx_word' id='word_1_15' title='bbox 1302 523 1414 562; x_wconf 83' lang='lat' dir='ltr'><strong>nec</strong></span> <span class='ocrx_word' id='word_1_16' title='bbox 1443 506 1560 562; x_wconf 90' lang='lat' dir='ltr'><strong>Deo</strong></span> <span class='ocrx_word' id='word_1_17' title='bbox 1619 507 1783 574; x_wconf 82' lang='lat' dir='ltr'><strong>ﬁdes,</strong></span> <span class='ocrx_word' id='word_1_18' title='bbox 1846 525 1948 562; x_wconf 85' lang='lat' dir='ltr'><strong>nec</strong></span> <span class='ocrx_word' id='word_1_19' title='bbox 1983 507 2028 573; x_wconf 78' lang='grc' dir='ltr'><strong>Α</strong></span> <span class='ocrx_word' id='word_1_20' title='bbox 2068 508 2223 561; x_wconf 80' lang='lat' dir='ltr'><strong>tibus</strong></span> <span class='ocrx_word' id='word_1_21' title='bbox 2254 508 2646 581; x_wconf 79' lang='lat' dir='ltr'><strong>singulorum,</strong></span> <span class='ocrx_word' id='word_1_22' title='bbox 2681 513 2950 569; x_wconf 74' lang='lat' dir='ltr'><strong>auferens</strong></span> <span class='ocrx_word' id='word_1_23' title='bbox 2980 530 3144 585; x_wconf 83' lang='lat' dir='ltr'><strong>spem</strong></span> <span class='ocrx_word' id='word_1_24' title='bbox 3175 514 3498 579; x_wconf 60' lang='lat' dir='ltr'><strong>discordiis,</strong></span> <span class='ocrx_word' id='word_1_25' title='bbox 3530 516 3705 587; x_wconf 66' lang='lat' dir='ltr'><strong>quasi</strong></span> 
     </span>
    </p>
   </div>
   <div class='ocr_carea' id='block_1_5' title="bbox 307 591 1957 668">
    <p class='ocr_par' dir='ltr' id='par_1_5' title="bbox 307 591 1957 668">
     <span class='ocr_line' id='line_1_5' title="bbox 307 591 1957 668; baseline 0.002 -20"><span class='ocrx_word' id='word_1_26' title='bbox 307 591 508 650; x_wconf 82' lang='lat' dir='ltr'><strong>fratris</strong></span> <span class='ocrx_word' id='word_1_27' title='bbox 537 594 910 667; x_wconf 80' lang='lat' dir='ltr'><strong>germanitati</strong></span> <span class='ocrx_word' id='word_1_28' title='bbox 942 596 1019 667; x_wconf 89' lang='lat'>(8)</span> <span class='ocrx_word' id='word_1_29' title='bbox 1050 594 1236 668; x_wconf 89' lang='lat' dir='ltr'><strong>pietas</strong></span> <span class='ocrx_word' id='word_1_30' title='bbox 1294 600 1588 652; x_wconf 88' lang='lat' dir='ltr'><strong>reservata</strong></span> <span class='ocrx_word' id='word_1_31' title='bbox 1619 600 1727 652; x_wconf 90' lang='lat' dir='ltr'><strong>est.</strong></span> <span class='ocrx_word' id='word_1_32' title='bbox 1786 597 1957 653; x_wconf 85' lang='lat' dir='ltr'><strong>Venit</strong></span> 
     </span>
    </p>
   </div>
   <div class='ocr_carea' id='block_1_6' title="bbox 308 680 1953 744">
    <p class='ocr_par' dir='ltr' id='par_1_6' title="bbox 308 680 1953 744">
     <span class='ocr_line' id='line_1_6' title="bbox 308 680 1953 744; baseline 0.006 -10"><span class='ocrx_word' id='word_1_33' title='bbox 308 680 596 737; x_wconf 82' lang='lat' dir='ltr'><strong>Dominus</strong></span> <span class='ocrx_word' id='word_1_34' title='bbox 624 680 797 737; x_wconf 87' lang='lat' dir='ltr'><strong>Jesus</strong></span> <span class='ocrx_word' id='word_1_35' title='bbox 827 684 893 737; x_wconf 93' lang='lat' dir='ltr'><strong>ut</strong></span> <span class='ocrx_word' id='word_1_36' title='bbox 929 681 1305 738; x_wconf 83' lang='lat' dir='ltr'><strong>resuscitaret</strong></span> <span class='ocrx_word' id='word_1_37' title='bbox 1356 683 1563 739; x_wconf 87' lang='lat' dir='ltr'><strong>Adam.</strong></span> <span class='ocrx_word' id='word_1_38' title='bbox 1621 683 1953 744; x_wconf 84' lang='lat' dir='ltr'><strong>Resuscita-</strong></span> 
     </span>
    </p>
   </div>
   <div class='ocr_carea' id='block_1_7' title="bbox 306 768 1952 844">
    <p class='ocr_par' dir='ltr' id='par_1_7' title="bbox 306 768 1952 844">
     <span class='ocr_line' id='line_1_7' title="bbox 306 768 1952 844; baseline 0.004 -20"><span class='ocrx_word' id='word_1_39' title='bbox 306 773 406 826; x_wconf 90' lang='lat' dir='ltr'><strong>tus</strong></span> <span class='ocrx_word' id='word_1_40' title='bbox 436 774 527 826; x_wconf 88' lang='lat' dir='ltr'><strong>est</strong></span> <span class='ocrx_word' id='word_1_41' title='bbox 556 773 614 826; x_wconf 91' lang='lat' dir='ltr'><strong>et</strong></span> <span class='ocrx_word' id='word_1_42' title='bbox 641 768 805 839; x_wconf 86' lang='lat' dir='ltr'><strong>Abel,</strong></span> <span class='ocrx_word' id='word_1_43' title='bbox 839 771 1009 843; x_wconf 82' lang='lat' dir='ltr'><strong>cujus</strong></span> <span class='ocrx_word' id='word_1_44' title='bbox 1040 787 1285 828; x_wconf 89' lang='lat' dir='ltr'><strong>munera</strong></span> <span class='ocrx_word' id='word_1_45' title='bbox 1316 770 1666 844; x_wconf 86' lang='lat' dir='ltr'><strong>placuerunt</strong></span> <span class='ocrx_word' id='word_1_46' title='bbox 1693 773 1810 830; x_wconf 91' lang='lat' dir='ltr'><strong>Deo</strong></span> <span class='ocrx_word' id='word_1_47' title='bbox 1839 773 1952 831; x_wconf 85' lang='lat' dir='ltr'><strong>Ob-</strong></span> 
     </span>
    </p>
   </div>
   <div class='ocr_carea' id='block_1_8' title="bbox 305 857 1955 934">
    <p class='ocr_par' dir='ltr' id='par_1_8' title="bbox 305 857 1955 934">
     <span class='ocr_line' id='line_1_8' title="bbox 305 857 1955 934; baseline 0.004 -22"><span class='ocrx_word' id='word_1_48' title='bbox 305 857 447 914; x_wconf 81' lang='lat' dir='ltr'><strong>tulit</strong></span> <span class='ocrx_word' id='word_1_49' title='bbox 478 859 864 932; x_wconf 86' lang='lat' dir='ltr'><strong>semetipsum</strong></span> <span class='ocrx_word' id='word_1_50' title='bbox 896 859 1180 916; x_wconf 84' lang='lat' dir='ltr'><strong>Dominus</strong></span> <span class='ocrx_word' id='word_1_51' title='bbox 1208 860 1402 929; x_wconf 90' lang='lat' dir='ltr'><strong>Jesus,</strong></span> <span class='ocrx_word' id='word_1_52' title='bbox 1433 859 1493 917; x_wconf 91' lang='lat' dir='ltr'><strong>id</strong></span> <span class='ocrx_word' id='word_1_53' title='bbox 1522 865 1629 931; x_wconf 87' lang='lat' dir='ltr'><strong>est,</strong></span> <span class='ocrx_word' id='word_1_54' title='bbox 1660 861 1955 934; x_wconf 83' lang='lat' dir='ltr'><strong>primitias</strong></span> 
     </span>
    </p>
   </div>
   <div class='ocr_carea' id='block_1_9' title="bbox 307 947 1952 1023">
    <p class='ocr_par' dir='ltr' id='par_1_9' title="bbox 307 947 1952 1023">
     <span class='ocr_line' id='line_1_9' title="bbox 307 947 1952 1023; baseline 0.002 -20"><span class='ocrx_word' id='word_1_55' title='bbox 307 948 573 1020; x_wconf 88' lang='lat' dir='ltr'><strong>corporis</strong></span> <span class='ocrx_word' id='word_1_56' title='bbox 602 948 717 1015; x_wconf 89' lang='lat' dir='ltr'><strong>sui,</strong></span> <span class='ocrx_word' id='word_1_57' title='bbox 748 947 807 1004; x_wconf 91' lang='lat' dir='ltr'><strong>in</strong></span> <span class='ocrx_word' id='word_1_58' title='bbox 841 948 1151 1022; x_wconf 85' lang='lat' dir='ltr'><strong>sanguinis</strong></span> <span class='ocrx_word' id='word_1_59' title='bbox 1199 949 1537 1023; x_wconf 87' lang='lat' dir='ltr'><strong>aspersione</strong></span> <span class='ocrx_word' id='word_1_60' title='bbox 1593 951 1807 1007; x_wconf 89' lang='lat' dir='ltr'><strong>melius</strong></span> <span class='ocrx_word' id='word_1_61' title='bbox 1864 950 1952 1008; x_wconf 51' lang='lat' dir='ltr'><strong>lo-</strong></span> 
     </span>
    </p>
   </div>
   <div class='ocr_carea' id='block_1_10' title="bbox 308 1037 1949 1111">
    <p class='ocr_par' dir='ltr' id='par_1_10' title="bbox 308 1037 1949 1111">
     <span class='ocr_line' id='line_1_10' title="bbox 308 1037 1949 1111; baseline 0.002 -18"><span class='ocrx_word' id='word_1_62' title='bbox 308 1044 543 1109; x_wconf 85' lang='lat' dir='ltr'><strong>quente,</strong></span> <span class='ocrx_word' id='word_1_63' title='bbox 575 1053 754 1109; x_wconf 90' lang='lat' dir='ltr'><strong>quam</strong></span> <span class='ocrx_word' id='word_1_64' title='bbox 786 1037 1033 1111; x_wconf 84' lang='lat' dir='ltr'><strong>sanguis</strong></span> <span class='ocrx_word' id='word_1_65' title='bbox 1061 1038 1205 1094; x_wconf 87' lang='lat' dir='ltr'><strong>Abel</strong></span> <span class='ocrx_word' id='word_1_66' title='bbox 1252 1038 1484 1096; x_wconf 90' lang='lat' dir='ltr'><strong>locutus</strong></span> <span class='ocrx_word' id='word_1_67' title='bbox 1512 1043 1601 1096; x_wconf 90' lang='lat' dir='ltr'><strong>est</strong></span> <span class='ocrx_word' id='word_1_68' title='bbox 1658 1039 1719 1096; x_wconf 89' lang='lat' dir='ltr'><strong>in</strong></span> <span class='ocrx_word' id='word_1_69' title='bbox 1775 1045 1949 1097; x_wconf 88' lang='lat' dir='ltr'><strong>terra.</strong></span> 
     </span>
    </p>
   </div>
   <div class='ocr_carea' id='block_1_11' title="bbox 309 1125 1952 1202">
    <p class='ocr_par' dir='ltr' id='par_1_11' title="bbox 309 1125 1952 1202">
     <span class='ocr_line' id='line_1_11' title="bbox 309 1125 1952 1202; baseline 0.004 -21"><span class='ocrx_word' id='word_1_70' title='bbox 309 1125 585 1199; x_wconf 66' lang='lat' dir='ltr'><strong>Respexit</strong></span> <span class='ocrx_word' id='word_1_71' title='bbox 612 1126 766 1183; x_wconf 83' lang='lat' dir='ltr'><strong>Deus</strong></span> <span class='ocrx_word' id='word_1_72' title='bbox 794 1127 854 1183; x_wconf 89' lang='lat' dir='ltr'><strong>in</strong></span> <span class='ocrx_word' id='word_1_73' title='bbox 883 1128 1014 1200; x_wconf 86' lang='lat' dir='ltr'><strong>ejus</strong></span> <span class='ocrx_word' id='word_1_74' title='bbox 1041 1142 1308 1196; x_wconf 80' lang='lat' dir='ltr'><strong>munera,</strong></span> <span class='ocrx_word' id='word_1_75' title='bbox 1340 1143 1410 1185; x_wconf 79' lang='lat' dir='ltr'><strong>ex</strong></span> <span class='ocrx_word' id='word_1_76' title='bbox 1436 1144 1555 1201; x_wconf 73' lang='lat' dir='ltr'><strong>quo</strong></span> <span class='ocrx_word' id='word_1_77' title='bbox 1584 1128 1711 1202; x_wconf 86' lang='lat' dir='ltr'><strong>ipse</strong></span> <span class='ocrx_word' id='word_1_78' title='bbox 1752 1146 1952 1187; x_wconf 82' lang='lat' dir='ltr'><strong>recen-</strong></span> 
     </span>
    </p>
   </div>
   <div class='ocr_carea' id='block_1_12' title="bbox 309 1214 1950 1290">
    <p class='ocr_par' dir='ltr' id='par_1_12' title="bbox 309 1214 1950 1290">
     <span class='ocr_line' id='line_1_12' title="bbox 309 1214 1950 1290; baseline 0.004 -21"><span class='ocrx_word' id='word_1_79' title='bbox 309 1214 629 1271; x_wconf 82' lang='lat' dir='ltr'><strong>eiliationis</strong></span> <span class='ocrx_word' id='word_1_80' title='bbox 659 1215 864 1273; x_wconf 63' lang='lat' dir='ltr'><strong>divina:</strong></span> <span class='ocrx_word' id='word_1_81' title='bbox 877 1216 1127 1290; x_wconf 78' lang='lat' dir='ltr'><strong>gratiam</strong></span> <span class='ocrx_word' id='word_1_82' title='bbox 1149 1216 1320 1273; x_wconf 81' lang='lat' dir='ltr'><strong>bonis</strong></span> <span class='ocrx_word' id='word_1_83' title='bbox 1341 1216 1581 1290; x_wconf 84' lang='lat' dir='ltr'><strong>reliquit</strong></span> <span class='ocrx_word' id='word_1_84' title='bbox 1599 1217 1950 1276; x_wconf 64' lang='lat' dir='ltr'><strong>haredibus.</strong></span> 
     </span>
    </p>
   </div>
   <div class='ocr_carea' id='block_1_13' title="bbox 310 1303 1952 1380">
    <p class='ocr_par' dir='ltr' id='par_1_13' title="bbox 310 1303 1952 1380">
     <span class='ocr_line' id='line_1_13' title="bbox 310 1303 1952 1380; baseline 0.004 -21"><span class='ocrx_word' id='word_1_85' title='bbox 310 1303 486 1360; x_wconf 81' lang='lat' dir='ltr'><strong>Recte</strong></span> <span class='ocrx_word' id='word_1_86' title='bbox 513 1304 694 1377; x_wconf 80' lang='lat' dir='ltr'><strong>igitur</strong></span> <span class='ocrx_word' id='word_1_87' title='bbox 724 1309 964 1363; x_wconf 84' lang='lat' dir='ltr'><strong>sanctus</strong></span> <span class='ocrx_word' id='word_1_88' title='bbox 1006 1305 1210 1375; x_wconf 79' lang='lat' dir='ltr'><strong>David,</strong></span> <span class='ocrx_word' id='word_1_89' title='bbox 1240 1305 1413 1379; x_wconf 76' lang='lat' dir='ltr'><strong>quasi</strong></span> <span class='ocrx_word' id='word_1_90' title='bbox 1442 1322 1512 1364; x_wconf 83' lang='lat' dir='ltr'><strong>ex</strong></span> <span class='ocrx_word' id='word_1_91' title='bbox 1560 1324 1809 1380; x_wconf 82' lang='lat' dir='ltr'><strong>persona</strong></span> <span class='ocrx_word' id='word_1_92' title='bbox 1864 1325 1952 1365; x_wconf 88' lang='lat' dir='ltr'><strong>re-</strong></span> 
     </span>
    </p>
   </div>
   <div class='ocr_carea' id='block_1_14' title="bbox 309 1392 1951 1455">
    <p class='ocr_par' dir='ltr' id='par_1_14' title="bbox 309 1392 1951 1455">
     <span class='ocr_line' id='line_1_14' title="bbox 309 1392 1951 1455; baseline 0.001 -4"><span class='ocrx_word' id='word_1_93' title='bbox 309 1392 601 1451; x_wconf 78' lang='lat' dir='ltr'><strong>conciliati</strong></span> <span class='ocrx_word' id='word_1_94' title='bbox 634 1394 892 1451; x_wconf 89' lang='lat' dir='ltr'><strong>hominis</strong></span> <span class='ocrx_word' id='word_1_95' title='bbox 916 1395 999 1451; x_wconf 83' lang='lat' dir='ltr'><strong>ait</strong></span> <span class='ocrx_word' id='word_1_96' title='bbox 1031 1412 1045 1450; x_wconf 90' lang='lat'><strong>:</strong></span> <span class='ocrx_word' id='word_1_97' title='bbox 1076 1419 1107 1446; x_wconf 74' lang='grc' dir='ltr'>α</span> <span class='ocrx_word' id='word_1_98' title='bbox 1138 1395 1214 1451; x_wconf 80' lang='lat' dir='ltr'><strong>Et</strong></span> <span class='ocrx_word' id='word_1_99' title='bbox 1246 1395 1499 1452; x_wconf 77' lang='lat' dir='ltr'><strong>introibo</strong></span> <span class='ocrx_word' id='word_1_100' title='bbox 1528 1397 1601 1452; x_wconf 84' lang='lat' dir='ltr'><strong>ad</strong></span> <span class='ocrx_word' id='word_1_101' title='bbox 1630 1396 1814 1455; x_wconf 86' lang='lat' dir='ltr'><strong>altare</strong></span> <span class='ocrx_word' id='word_1_102' title='bbox 1850 1397 1951 1455; x_wconf 85' lang='lat' dir='ltr'><strong>Dei</strong></span> 
     </span>
    </p>
   </div>
   <div class='ocr_carea' id='block_1_15' title="bbox 311 1482 1865 1556">
    <p class='ocr_par' dir='ltr' id='par_1_15' title="bbox 311 1482 1865 1556">
     <span class='ocr_line' id='line_1_15' title="bbox 311 1482 1865 1556; baseline 0 -18"><span class='ocrx_word' id='word_1_103' title='bbox 311 1483 447 1550; x_wconf 86' lang='lat' dir='ltr'><strong>mei,</strong></span> <span class='ocrx_word' id='word_1_104' title='bbox 468 1482 541 1539; x_wconf 84' lang='lat' dir='ltr'><strong>ad</strong></span> <span class='ocrx_word' id='word_1_105' title='bbox 570 1482 754 1540; x_wconf 85' lang='lat' dir='ltr'><strong>Deum</strong></span> <span class='ocrx_word' id='word_1_106' title='bbox 786 1483 884 1556; x_wconf 88' lang='lat' dir='ltr'><strong>qui</strong></span> <span class='ocrx_word' id='word_1_107' title='bbox 912 1483 1165 1540; x_wconf 73' lang='lat' dir='ltr'><strong>laetificat</strong></span> <span class='ocrx_word' id='word_1_108' title='bbox 1186 1483 1558 1556; x_wconf 76' lang='lat' dir='ltr'><strong>juventutem</strong></span> <span class='ocrx_word' id='word_1_109' title='bbox 1590 1502 1804 1543; x_wconf 85' lang='lat' dir='ltr'><strong>meam.</strong></span> <span class='ocrx_word' id='word_1_110' title='bbox 1836 1508 1865 1539; x_wconf 82' lang='grc'><strong>››</strong></span> 
     </span>
    </p>
   </div>
   <div class='ocr_carea' id='block_1_16' title="bbox 380 1571 1950 1647">
    <p class='ocr_par' dir='ltr' id='par_1_16' title="bbox 380 1571 1950 1647">
     <span class='ocr_line' id='line_1_16' title="bbox 380 1571 1950 1647; baseline 0.004 -21"><span class='ocrx_word' id='word_1_111' title='bbox 380 1571 470 1627; x_wconf 89' lang='grc'><strong>33.</strong></span> <span class='ocrx_word' id='word_1_112' title='bbox 501 1573 848 1628; x_wconf 85' lang='lat' dir='ltr'><strong>Astruamus</strong></span> <span class='ocrx_word' id='word_1_113' title='bbox 878 1572 1033 1629; x_wconf 86' lang='lat' dir='ltr'><strong>hunc</strong></span> <span class='ocrx_word' id='word_1_114' title='bbox 1063 1571 1280 1642; x_wconf 90' lang='lat' dir='ltr'><strong>locum,</strong></span> <span class='ocrx_word' id='word_1_115' title='bbox 1315 1573 1365 1628; x_wconf 93' lang='lat' dir='ltr'><strong>si</strong></span> <span class='ocrx_word' id='word_1_116' title='bbox 1405 1588 1744 1647; x_wconf 75' lang='lat' dir='ltr'><strong>possumus,</strong></span> <span class='ocrx_word' id='word_1_117' title='bbox 1777 1575 1950 1632; x_wconf 78' lang='lat' dir='ltr'><strong>etiam</strong></span> 
     </span>
    </p>
   </div>
   <div class='ocr_carea' id='block_1_17' title="bbox 311 1659 1952 1735">
    <p class='ocr_par' dir='ltr' id='par_1_17' title="bbox 311 1659 1952 1735">
     <span class='ocr_line' id='line_1_17' title="bbox 311 1659 1952 1735; baseline 0.003 -20"><span class='ocrx_word' id='word_1_118' title='bbox 311 1659 555 1717; x_wconf 82' lang='lat' dir='ltr'><strong>alterius</strong></span> <span class='ocrx_word' id='word_1_119' title='bbox 584 1661 874 1735; x_wconf 76' lang='lat' dir='ltr'><strong>prephetre</strong></span> <span class='ocrx_word' id='word_1_120' title='bbox 904 1661 1186 1734; x_wconf 68' lang='lat' dir='ltr'><strong>exemplo,</strong></span> <span class='ocrx_word' id='word_1_121' title='bbox 1210 1663 1717 1735; x_wconf 34' lang='lat' dir='ltr'><strong>[quemadmodum</strong></span> <span class='ocrx_word' id='word_1_122' title='bbox 1747 1669 1805 1720; x_wconf 89' lang='lat' dir='ltr'><strong>et</strong></span> <span class='ocrx_word' id='word_1_123' title='bbox 1842 1664 1952 1721; x_wconf 87' lang='lat' dir='ltr'><strong>ho-</strong></span> 
     </span>
    </p>
   </div>
   <div class='ocr_carea' id='block_1_18' title="bbox 310 1748 1955 1824">
    <p class='ocr_par' dir='ltr' id='par_1_18' title="bbox 310 1748 1955 1824">
     <span class='ocr_line' id='line_1_18' title="bbox 310 1748 1955 1824; baseline 0.004 -21"><span class='ocrx_word' id='word_1_124' title='bbox 310 1748 489 1805; x_wconf 80' lang='lat' dir='ltr'><strong>minis</strong></span> <span class='ocrx_word' id='word_1_125' title='bbox 515 1754 816 1807; x_wconf 75' lang='lat' dir='ltr'><strong>aversatus</strong></span> <span class='ocrx_word' id='word_1_126' title='bbox 842 1751 919 1808; x_wconf 86' lang='lat' dir='ltr'><strong>sit</strong></span> <span class='ocrx_word' id='word_1_127' title='bbox 976 1752 1262 1809; x_wconf 88' lang='lat' dir='ltr'><strong>Dominus</strong></span> <span class='ocrx_word' id='word_1_128' title='bbox 1318 1752 1484 1824; x_wconf 87' lang='lat' dir='ltr'><strong>prius</strong></span> <span class='ocrx_word' id='word_1_129' title='bbox 1537 1753 1845 1822; x_wconf 76' lang='lat' dir='ltr'><strong>sacrificia,</strong></span> <span class='ocrx_word' id='word_1_130' title='bbox 1896 1759 1955 1811; x_wconf 88' lang='lat' dir='ltr'><strong>et</strong></span> 
     </span>
    </p>
   </div>
   <div class='ocr_carea' id='block_1_19' title="bbox 310 1838 2031 1940">
    <p class='ocr_par' dir='ltr' id='par_1_19' title="bbox 310 1838 2031 1940">
     <span class='ocr_line' id='line_1_19' title="bbox 310 1838 2031 1940; baseline 0.001 -45"><span class='ocrx_word' id='word_1_131' title='bbox 539 1838 618 1940; x_wconf 70' lang='lat' dir='ltr'><strong>sit</strong></span> <span class='ocrx_word' id='word_1_132' title='bbox 646 1838 1297 1940; x_wconf 37' lang='lat' dir='ltr'><strong>eidem‘reconoiliatu.s.</strong></span> <span class='ocrx_word' id='word_1_133' title='bbox 1341 1840 1638 1940; x_wconf 59' lang='lat' dir='ltr'><strong>Habemus</strong></span> <span class='ocrx_word' id='word_1_134' title='bbox 1667 1842 1728 1940; x_wconf 65' lang='lat' dir='ltr'><strong>in</strong></span> <span class='ocrx_word' id='word_1_135' title='bbox 1756 1842 1951 1940; x_wconf 44' lang='lat' dir='ltr'><strong>.Isaiaz</strong></span> <span class='ocrx_word' id='word_1_136' title='bbox 1983 1877 2031 1940; x_wconf 75' lang='grc' dir='ltr'><strong>Β</strong></span> 
     </span>
    </p>
   </div>
   <div class='ocr_carea' id='block_1_20' title="bbox 308 1925 1955 2002">
    <p class='ocr_par' dir='ltr' id='par_1_20' title="bbox 308 1925 1955 2002">
     <span class='ocr_line' id='line_1_20' title="bbox 308 1925 1955 2002; baseline 0.002 -20"><span class='ocrx_word' id='word_1_137' title='bbox 308 1925 459 1984; x_wconf 89' lang='lat' dir='ltr'><strong>libro</strong></span> <span class='ocrx_word' id='word_1_138' title='bbox 490 1927 795 2002; x_wconf 85' lang='lat' dir='ltr'><strong>scriptum,</strong></span> <span class='ocrx_word' id='word_1_139' title='bbox 830 1928 1057 1985; x_wconf 86' lang='lat' dir='ltr'><strong>dicente</strong></span> <span class='ocrx_word' id='word_1_140' title='bbox 1086 1928 1333 1987; x_wconf 81' lang='lat' dir='ltr'><strong>Domino</strong></span> <span class='ocrx_word' id='word_1_141' title='bbox 1366 1948 1378 1984; x_wconf 90' lang='lat'><strong>:</strong></span> <span class='ocrx_word' id='word_1_142' title='bbox 1414 1953 1441 1980; x_wconf 86' lang='lat'>«</span> <span class='ocrx_word' id='word_1_143' title='bbox 1474 1930 1599 1995; x_wconf 87' lang='lat' dir='ltr'><strong>Quo</strong></span> <span class='ocrx_word' id='word_1_144' title='bbox 1628 1931 1774 1987; x_wconf 89' lang='lat' dir='ltr'><strong>mihi</strong></span> <span class='ocrx_word' id='word_1_145' title='bbox 1808 1931 1955 1989; x_wconf 91' lang='lat' dir='ltr'><strong>mul-</strong></span> 
     </span>
    </p>
   </div>
   <div class='ocr_carea' id='block_1_21' title="bbox 308 2014 1955 2078">
    <p class='ocr_par' dir='ltr' id='par_1_21' title="bbox 308 2014 1955 2078">
     <span class='ocr_line' id='line_1_21' title="bbox 308 2014 1955 2078; baseline 0.004 -7"><span class='ocrx_word' id='word_1_146' title='bbox 308 2014 617 2072; x_wconf 84' lang='lat' dir='ltr'><strong>titudinem</strong></span> <span class='ocrx_word' id='word_1_147' title='bbox 651 2018 1071 2074; x_wconf 80' lang='lat' dir='ltr'><strong>sacrificiorum</strong></span> <span class='ocrx_word' id='word_1_148' title='bbox 1110 2022 1440 2075; x_wconf 83' lang='lat' dir='ltr'><strong>vestrorum</strong></span> <span class='ocrx_word' id='word_1_149' title='bbox 1466 2018 1499 2073; x_wconf 81' lang='lat'><strong>‘?</strong></span> <span class='ocrx_word' id='word_1_150' title='bbox 1553 2019 1696 2076; x_wconf 86' lang='lat' dir='ltr'><strong>dicit</strong></span> <span class='ocrx_word' id='word_1_151' title='bbox 1752 2021 1955 2078; x_wconf 82' lang='lat' dir='ltr'><strong>Do&#39;mi-</strong></span> 
     </span>
    </p>
   </div>
   <div class='ocr_carea' id='block_1_22' title="bbox 314 2106 1954 2180">
    <p class='ocr_par' dir='ltr' id='par_1_22' title="bbox 314 2106 1954 2180">
     <span class='ocr_line' id='line_1_22' title="bbox 314 2106 1954 2180; baseline 0.004 -20"><span class='ocrx_word' id='word_1_152' title='bbox 314 2123 443 2163; x_wconf 86' lang='lat' dir='ltr'><strong>nus.</strong></span> <span class='ocrx_word' id='word_1_153' title='bbox 475 2106 688 2163; x_wconf 89' lang='lat' dir='ltr'><strong>Plenus</strong></span> <span class='ocrx_word' id='word_1_154' title='bbox 719 2124 846 2162; x_wconf 89' lang='lat' dir='ltr'><strong>sum</strong></span> <span class='ocrx_word' id='word_1_155' title='bbox 877 2106 1005 2179; x_wconf 82' lang='lat' dir='ltr'><strong>(Isa.</strong></span> <span class='ocrx_word' id='word_1_156' title='bbox 1039 2124 1078 2176; x_wconf 88' lang='lat'><strong>1,</strong></span> <span class='ocrx_word' id='word_1_157' title='bbox 1105 2108 1198 2180; x_wconf 91' lang='grc'><strong>11)</strong></span> <span class='ocrx_word' id='word_1_158' title='bbox 1234 2123 1247 2162; x_wconf 90' lang='lat'><strong>:</strong></span> <span class='ocrx_word' id='word_1_159' title='bbox 1284 2130 1309 2156; x_wconf 78' lang='grc' dir='ltr'>ι)</span> <span class='ocrx_word' id='word_1_160' title='bbox 1333 2107 1388 2163; x_wconf 90' lang='lat' dir='ltr'><strong>id</strong></span> <span class='ocrx_word' id='word_1_161' title='bbox 1421 2112 1509 2164; x_wconf 85' lang='lat' dir='ltr'><strong>est</strong></span> <span class='ocrx_word' id='word_1_162' title='bbox 1530 2109 1763 2166; x_wconf 88' lang='lat' dir='ltr'><strong>abundo</strong></span> <span class='ocrx_word' id='word_1_163' title='bbox 1786 2111 1954 2168; x_wconf 83' lang='lat' dir='ltr'><strong>meis-</strong></span> 
     </span>
    </p>
   </div>
   <div class='ocr_carea' id='block_1_23' title="bbox 307 2195 1960 2268">
    <p class='ocr_par' dir='ltr' id='par_1_23' title="bbox 307 2195 1960 2268">
     <span class='ocr_line' id='line_1_23' title="bbox 307 2195 1960 2268; baseline 0.004 -19"><span class='ocrx_word' id='word_1_164' title='bbox 307 2198 505 2252; x_wconf 89' lang='lat' dir='ltr'><strong>vestra</strong></span> <span class='ocrx_word' id='word_1_165' title='bbox 542 2211 657 2252; x_wconf 86' lang='lat' dir='ltr'><strong>non</strong></span> <span class='ocrx_word' id='word_1_166' title='bbox 715 2213 912 2268; x_wconf 70' lang='lat' dir='ltr'><strong>quaero</strong></span> <span class='ocrx_word' id='word_1_167' title='bbox 974 2214 987 2252; x_wconf 90' lang='lat'><strong>:</strong></span> <span class='ocrx_word' id='word_1_168' title='bbox 1047 2195 1524 2253; x_wconf 88' lang='lat' dir='ltr'><strong>holocautomata</strong></span> <span class='ocrx_word' id='word_1_169' title='bbox 1579 2197 1850 2265; x_wconf 87' lang='lat' dir='ltr'><strong>arietum,</strong></span> <span class='ocrx_word' id='word_1_170' title='bbox 1902 2205 1960 2256; x_wconf 90' lang='lat' dir='ltr'><strong>et</strong></span> 
     </span>
    </p>
   </div>
   <div class='ocr_carea' id='block_1_24' title="bbox 311 2283 1959 2358">
    <p class='ocr_par' dir='ltr' id='par_1_24' title="bbox 311 2283 1959 2358">
     <span class='ocr_line' id='line_1_24' title="bbox 311 2283 1959 2358; baseline 0.004 -19"><span class='ocrx_word' id='word_1_171' title='bbox 311 2283 545 2357; x_wconf 86' lang='lat' dir='ltr'><strong>adipem</strong></span> <span class='ocrx_word' id='word_1_172' title='bbox 575 2300 858 2358; x_wconf 84' lang='lat' dir='ltr'><strong>agnorum</strong></span> <span class='ocrx_word' id='word_1_173' title='bbox 890 2288 947 2341; x_wconf 89' lang='lat' dir='ltr'><strong>et</strong></span> <span class='ocrx_word' id='word_1_174' title='bbox 977 2284 1323 2358; x_wconf 86' lang='lat' dir='ltr'><strong>sanguinem</strong></span> <span class='ocrx_word' id='word_1_175' title='bbox 1354 2289 1658 2345; x_wconf 86' lang='lat' dir='ltr'><strong>taurorum</strong></span> <span class='ocrx_word' id='word_1_176' title='bbox 1688 2292 1745 2344; x_wconf 87' lang='lat' dir='ltr'><strong>et</strong></span> <span class='ocrx_word' id='word_1_177' title='bbox 1774 2287 1959 2347; x_wconf 83' lang='lat' dir='ltr'><strong>hirco-</strong></span> 
     </span>
    </p>
   </div>
   <div class='ocr_carea' id='block_1_25' title="bbox 312 2372 1953 2449">
    <p class='ocr_par' dir='ltr' id='par_1_25' title="bbox 312 2372 1953 2449">
     <span class='ocr_line' id='line_1_25' title="bbox 312 2372 1953 2449; baseline 0.003 -21"><span class='ocrx_word' id='word_1_178' title='bbox 312 2389 442 2428; x_wconf 85' lang='lat' dir='ltr'><strong>rum</strong></span> <span class='ocrx_word' id='word_1_179' title='bbox 478 2372 629 2441; x_wconf 88' lang='lat' dir='ltr'><strong>nolo,</strong></span> <span class='ocrx_word' id='word_1_180' title='bbox 664 2389 770 2431; x_wconf 89' lang='lat' dir='ltr'><strong>nec</strong></span> <span class='ocrx_word' id='word_1_181' title='bbox 801 2373 884 2431; x_wconf 89' lang='lat' dir='ltr'><strong>sic</strong></span> <span class='ocrx_word' id='word_1_182' title='bbox 910 2373 1158 2432; x_wconf 76' lang='lat' dir='ltr'><strong>veniatis</strong></span> <span class='ocrx_word' id='word_1_183' title='bbox 1189 2373 1248 2429; x_wconf 90' lang='lat' dir='ltr'><strong>in</strong></span> <span class='ocrx_word' id='word_1_184' title='bbox 1297 2380 1676 2449; x_wconf 88' lang='lat' dir='ltr'><strong>conspectum</strong></span> <span class='ocrx_word' id='word_1_185' title='bbox 1733 2393 1953 2435; x_wconf 91' lang='lat' dir='ltr'><strong>meum.</strong></span> 
     </span>
    </p>
   </div>
   <div class='ocr_carea' id='block_1_26' title="bbox 310 2460 1956 2536">
    <p class='ocr_par' dir='ltr' id='par_1_26' title="bbox 310 2460 1956 2536">
     <span class='ocr_line' id='line_1_26' title="bbox 310 2460 1956 2536; baseline 0.003 -18"><span class='ocrx_word' id='word_1_186' title='bbox 310 2462 382 2518; x_wconf 84' lang='lat' dir='ltr'><strong>Et</strong></span> <span class='ocrx_word' id='word_1_187' title='bbox 413 2460 612 2536; x_wconf 84' lang='lat' dir='ltr'><strong>utique</strong></span> <span class='ocrx_word' id='word_1_188' title='bbox 641 2462 766 2519; x_wconf 75' lang='lat' dir='ltr'><strong>fetu</strong></span> <span class='ocrx_word' id='word_1_189' title='bbox 798 2479 1071 2536; x_wconf 88' lang='lat' dir='ltr'><strong>pecorum</strong></span> <span class='ocrx_word' id='word_1_190' title='bbox 1104 2461 1394 2519; x_wconf 87' lang='lat' dir='ltr'><strong>obtulerat</strong></span> <span class='ocrx_word' id='word_1_191' title='bbox 1422 2463 1561 2521; x_wconf 83' lang='lat' dir='ltr'><strong>Abel</strong></span> <span class='ocrx_word' id='word_1_192' title='bbox 1602 2465 1956 2523; x_wconf 83' lang='lat' dir='ltr'><strong>sacriﬁcium</strong></span> 
     </span>
    </p>
   </div>
   <div class='ocr_carea' id='block_1_27' title="bbox 314 2550 1954 2627">
    <p class='ocr_par' dir='ltr' id='par_1_27' title="bbox 314 2550 1954 2627">
     <span class='ocr_line' id='line_1_27' title="bbox 314 2550 1954 2627; baseline 0.004 -20"><span class='ocrx_word' id='word_1_193' title='bbox 314 2553 374 2608; x_wconf 89' lang='lat' dir='ltr'><strong>in</strong></span> <span class='ocrx_word' id='word_1_194' title='bbox 403 2568 521 2624; x_wconf 89' lang='lat' dir='ltr'><strong>quo</strong></span> <span class='ocrx_word' id='word_1_195' title='bbox 548 2550 851 2624; x_wconf 81' lang='lat' dir='ltr'><strong>placuerat</strong></span> <span class='ocrx_word' id='word_1_196' title='bbox 877 2551 1001 2609; x_wconf 92' lang='lat' dir='ltr'><strong>Duo</strong></span> <span class='ocrx_word' id='word_1_197' title='bbox 1036 2569 1048 2607; x_wconf 90' lang='lat'><strong>:</strong></span> <span class='ocrx_word' id='word_1_198' title='bbox 1083 2552 1184 2609; x_wconf 90' lang='lat' dir='ltr'><strong>sed</strong></span> <span class='ocrx_word' id='word_1_199' title='bbox 1218 2556 1422 2625; x_wconf 74' lang='lat' dir='ltr'><strong>typum</strong></span> <span class='ocrx_word' id='word_1_200' title='bbox 1455 2570 1569 2609; x_wconf 85' lang='lat' dir='ltr'><strong>non</strong></span> <span class='ocrx_word' id='word_1_201' title='bbox 1602 2554 1954 2627; x_wconf 86' lang='lat' dir='ltr'><strong>requirebat,</strong></span> 
     </span>
    </p>
   </div>
   <div class='ocr_carea' id='block_1_28' title="bbox 312 2639 1958 2717">
    <p class='ocr_par' dir='ltr' id='par_1_28' title="bbox 312 2639 1958 2717">
     <span class='ocr_line' id='line_1_28' title="bbox 312 2639 1958 2717; baseline 0.002 -20"><span class='ocrx_word' id='word_1_202' title='bbox 312 2641 413 2717; x_wconf 88' lang='lat' dir='ltr'><strong>qui</strong></span> <span class='ocrx_word' id='word_1_203' title='bbox 445 2640 819 2714; x_wconf 83' lang='lat' dir='ltr'><strong>exspectabat</strong></span> <span class='ocrx_word' id='word_1_204' title='bbox 847 2639 1119 2696; x_wconf 82' lang='lat' dir='ltr'><strong>sacrificii</strong></span> <span class='ocrx_word' id='word_1_205' title='bbox 1149 2640 1473 2698; x_wconf 86' lang='lat' dir='ltr'><strong>veritatem.</strong></span> <span class='ocrx_word' id='word_1_206' title='bbox 1497 2641 1958 2715; x_wconf 82' lang='lat' dir='ltr'><strong>Exspectabatur</strong></span> 
     </span>
    </p>
   </div>
   <div class='ocr_carea' id='block_1_29' title="bbox 310 2728 1959 2804">
    <p class='ocr_par' dir='ltr' id='par_1_29' title="bbox 310 2728 1959 2804">
     <span class='ocr_line' id='line_1_29' title="bbox 310 2728 1959 2804; baseline -0.007 -16"><span class='ocrx_word' id='word_1_207' title='bbox 310 2731 467 2791; x_wconf 86' lang='lat' dir='ltr'><strong>enim</strong></span> <span class='ocrx_word' id='word_1_208' title='bbox 502 2730 699 2804; x_wconf 88' lang='lat' dir='ltr'><strong>passio</strong></span> <span class='ocrx_word' id='word_1_209' title='bbox 730 2729 959 2787; x_wconf 90' lang='lat' dir='ltr'><strong>Domini</strong></span> <span class='ocrx_word' id='word_1_210' title='bbox 994 2728 1292 2786; x_wconf 87' lang='lat' dir='ltr'><strong>salutaris.</strong></span> <span class='ocrx_word' id='word_1_211' title='bbox 1329 2752 1356 2781; x_wconf 85' lang='grc'><em>‹‹</em></span> <span class='ocrx_word' id='word_1_212' title='bbox 1380 2729 1519 2796; x_wconf 78' lang='lat' dir='ltr'><strong>Quis</strong></span> <span class='ocrx_word' id='word_1_213' title='bbox 1549 2730 1706 2788; x_wconf 76' lang='lat' dir='ltr'><strong>enim</strong></span> <span class='ocrx_word' id='word_1_214' title='bbox 1740 2732 1855 2793; x_wconf 66' lang='lat' dir='ltr'><strong>ista</strong></span> <span class='ocrx_word' id='word_1_215' title='bbox 1877 2751 1959 2790; x_wconf 61' lang='lat' dir='ltr'><strong>re.</strong></span> 
     </span>
    </p>
   </div>
   <div class='ocr_carea' id='block_1_30' title="bbox 314 2817 1956 2896">
    <p class='ocr_par' dir='ltr' id='par_1_30' title="bbox 314 2817 1956 2896">
     <span class='ocr_line' id='line_1_30' title="bbox 314 2817 1956 2896; baseline 0.002 -20"><span class='ocrx_word' id='word_1_216' title='bbox 314 2819 556 2896; x_wconf 87' lang='lat' dir='ltr'><strong>quisivit</strong></span> <span class='ocrx_word' id='word_1_217' title='bbox 584 2820 654 2876; x_wconf 90' lang='lat' dir='ltr'><strong>de</strong></span> <span class='ocrx_word' id='word_1_218' title='bbox 685 2817 960 2875; x_wconf 89' lang='lat' dir='ltr'><strong>manibus</strong></span> <span class='ocrx_word' id='word_1_219' title='bbox 989 2818 1194 2875; x_wconf 88' lang='lat' dir='ltr'><strong>vestris</strong></span> <span class='ocrx_word' id='word_1_220' title='bbox 1216 2818 1245 2874; x_wconf 84' lang='lat'><strong>?</strong></span> <span class='ocrx_word' id='word_1_221' title='bbox 1266 2818 1498 2876; x_wconf 87' lang='lat' dir='ltr'><strong>Calcare</strong></span> <span class='ocrx_word' id='word_1_222' title='bbox 1520 2821 1736 2894; x_wconf 81' lang='lat' dir='ltr'><strong>regiam</strong></span> <span class='ocrx_word' id='word_1_223' title='bbox 1766 2840 1956 2880; x_wconf 90' lang='lat' dir='ltr'><strong>meam</strong></span> 
     </span>
    </p>
   </div>
   <div class='ocr_carea' id='block_1_31' title="bbox 316 2907 1956 2982">
    <p class='ocr_par' dir='ltr' id='par_1_31' title="bbox 316 2907 1956 2982">
     <span class='ocr_line' id='line_1_31' title="bbox 316 2907 1956 2982; baseline 0.001 -15"><span class='ocrx_word' id='word_1_224' title='bbox 316 2927 431 2967; x_wconf 90' lang='lat' dir='ltr'><strong>non</strong></span> <span class='ocrx_word' id='word_1_225' title='bbox 460 2907 769 2982; x_wconf 85' lang='lat' dir='ltr'><strong>apponetis</strong></span> <span class='ocrx_word' id='word_1_226' title='bbox 794 2907 950 2979; x_wconf 81' lang='lat' dir='ltr'><strong>(Ibid.</strong></span> <span class='ocrx_word' id='word_1_227' title='bbox 988 2909 1096 2978; x_wconf 83' lang='grc'>12).</span> <span class='ocrx_word' id='word_1_228' title='bbox 1136 2930 1157 2956; x_wconf 71' lang='grc' dir='ltr'><strong>ι</strong></span> <span class='ocrx_word' id='word_1_229' title='bbox 1193 2907 1262 2963; x_wconf 88' lang='lat' dir='ltr'><strong>Et</strong></span> <span class='ocrx_word' id='word_1_230' title='bbox 1291 2907 1462 2975; x_wconf 81' lang='lat' dir='ltr'><strong>infra,</strong></span> <span class='ocrx_word' id='word_1_231' title='bbox 1496 2932 1524 2959; x_wconf 86' lang='lat'>«</span> <span class='ocrx_word' id='word_1_232' title='bbox 1557 2909 1702 2966; x_wconf 87' lang='lat' dir='ltr'><strong>Cum</strong></span> <span class='ocrx_word' id='word_1_233' title='bbox 1753 2915 1956 2969; x_wconf 83' lang='lat' dir='ltr'><strong>exten-</strong></span> 
     </span>
    </p>
   </div>
   <div class='ocr_carea' id='block_1_32' title="bbox 312 2997 1954 3063">
    <p class='ocr_par' dir='ltr' id='par_1_32' title="bbox 312 2997 1954 3063">
     <span class='ocr_line' id='line_1_32' title="bbox 312 2997 1954 3063; baseline 0.002 -7"><span class='ocrx_word' id='word_1_234' title='bbox 312 2998 516 3056; x_wconf 87' lang='lat' dir='ltr'><strong>deritis</strong></span> <span class='ocrx_word' id='word_1_235' title='bbox 546 3014 758 3055; x_wconf 89' lang='lat' dir='ltr'><strong>manus</strong></span> <span class='ocrx_word' id='word_1_236' title='bbox 788 2998 857 3053; x_wconf 89' lang='lat' dir='ltr'><strong>ad</strong></span> <span class='ocrx_word' id='word_1_237' title='bbox 894 3013 1003 3063; x_wconf 91' lang='lat' dir='ltr'><strong>me,</strong></span> <span class='ocrx_word' id='word_1_238' title='bbox 1034 3000 1291 3055; x_wconf 80' lang='lat' dir='ltr'><strong>avertam</strong></span> <span class='ocrx_word' id='word_1_239' title='bbox 1323 2997 1531 3055; x_wconf 78' lang='lat' dir='ltr'><strong>faciem</strong></span> <span class='ocrx_word' id='word_1_240' title='bbox 1575 3016 1765 3056; x_wconf 85' lang='lat' dir='ltr'><strong>meam</strong></span> <span class='ocrx_word' id='word_1_241' title='bbox 1797 3019 1831 3059; x_wconf 89' lang='lat' dir='ltr'><strong>a</strong></span> <span class='ocrx_word' id='word_1_242' title='bbox 1859 3019 1954 3059; x_wconf 91' lang='lat' dir='ltr'><strong>vo-</strong></span> 
     </span>
    </p>
   </div>
   <div class='ocr_carea' id='block_1_33' title="bbox 311 3085 1954 3154">
    <p class='ocr_par' dir='ltr' id='par_1_33' title="bbox 311 3085 1954 3154">
     <span class='ocr_line' id='line_1_33' title="bbox 311 3085 1954 3154; baseline 0.002 -9"><span class='ocrx_word' id='word_1_243' title='bbox 311 3088 469 3145; x_wconf 86' lang='lat' dir='ltr'><strong>bis...</strong></span> <span class='ocrx_word' id='word_1_244' title='bbox 505 3086 615 3143; x_wconf 88' lang='lat' dir='ltr'><strong>Sed</strong></span> <span class='ocrx_word' id='word_1_245' title='bbox 649 3085 943 3153; x_wconf 85' lang='lat' dir='ltr'><strong>lavamini,</strong></span> <span class='ocrx_word' id='word_1_246' title='bbox 978 3085 1180 3141; x_wconf 87' lang='lat' dir='ltr'><strong>mundi</strong></span> <span class='ocrx_word' id='word_1_247' title='bbox 1209 3089 1412 3154; x_wconf 88' lang='lat' dir='ltr'><strong>estote,</strong></span> <span class='ocrx_word' id='word_1_248' title='bbox 1430 3087 1651 3144; x_wconf 80' lang='lat' dir='ltr'><strong>auferte</strong></span> <span class='ocrx_word' id='word_1_249' title='bbox 1674 3088 1954 3149; x_wconf 87' lang='lat' dir='ltr'><strong>malitiam</strong></span> 
     </span>
    </p>
   </div>
   <div class='ocr_carea' id='block_1_34' title="bbox 2064 599 3705 675">
    <p class='ocr_par' dir='ltr' id='par_1_34' title="bbox 2064 599 3705 675">
     <span class='ocr_line' id='line_1_34' title="bbox 2064 599 3705 675; baseline 0.006 -24"><span class='ocrx_word' id='word_1_250' title='bbox 2064 599 2330 669; x_wconf 73' lang='lat' dir='ltr'><strong>quaedam</strong></span> <span class='ocrx_word' id='word_1_251' title='bbox 2364 603 2636 671; x_wconf 90' lang='lat' dir='ltr'><strong>portuum</strong></span> <span class='ocrx_word' id='word_1_252' title='bbox 2668 618 2890 673; x_wconf 74' lang='lat' dir='ltr'><strong>coepere</strong></span> <span class='ocrx_word' id='word_1_253' title='bbox 2922 603 3531 675; x_wconf 81' lang='lat' dir='ltr'><strong>apprOpinquautibus</strong></span> <span class='ocrx_word' id='word_1_254' title='bbox 3577 622 3705 661; x_wconf 84' lang='lat' dir='ltr'><strong>esse</strong></span> 
     </span>
    </p>
   </div>
   <div class='ocr_carea' id='block_1_35' title="bbox 2062 686 3706 765">
    <p class='ocr_par' dir='ltr' id='par_1_35' title="bbox 2062 686 3706 765">
     <span class='ocr_line' id='line_1_35' title="bbox 2062 686 3706 765; baseline 0.005 -24"><span class='ocrx_word' id='word_1_255' title='bbox 2062 686 2434 759; x_wconf 78' lang='lat' dir='ltr'><strong>sutl‘ragia(9)</strong></span> <span class='ocrx_word' id='word_1_256' title='bbox 2458 705 2471 755; x_wconf 90' lang='lat'><strong>;</strong></span> <span class='ocrx_word' id='word_1_257' title='bbox 2498 694 2563 743; x_wconf 92' lang='lat' dir='ltr'><strong>ut</strong></span> <span class='ocrx_word' id='word_1_258' title='bbox 2592 690 3001 763; x_wconf 90' lang='lat' dir='ltr'><strong>unusquisque</strong></span> <span class='ocrx_word' id='word_1_259' title='bbox 3034 691 3330 763; x_wconf 86' lang='lat' dir='ltr'><strong>navigium</strong></span> <span class='ocrx_word' id='word_1_260' title='bbox 3363 709 3480 749; x_wconf 73' lang='lat' dir='ltr'><strong>suae</strong></span> <span class='ocrx_word' id='word_1_261' title='bbox 3541 694 3706 765; x_wconf 83' lang='lat' dir='ltr'><strong>quie-</strong></span> 
     </span>
    </p>
   </div>
   <div class='ocr_carea' id='block_1_36' title="bbox 2062 774 3703 850">
    <p class='ocr_par' dir='ltr' id='par_1_36' title="bbox 2062 774 3703 850">
     <span class='ocr_line' id='line_1_36' title="bbox 2062 774 3703 850; baseline 0.004 -20"><span class='ocrx_word' id='word_1_262' title='bbox 2062 774 2140 830; x_wconf 88' lang='lat' dir='ltr'><strong>tis</strong></span> <span class='ocrx_word' id='word_1_263' title='bbox 2171 775 2231 830; x_wconf 90' lang='lat' dir='ltr'><strong>in</strong></span> <span class='ocrx_word' id='word_1_264' title='bbox 2261 776 2510 849; x_wconf 81' lang='lat' dir='ltr'><strong>proximi</strong></span> <span class='ocrx_word' id='word_1_265' title='bbox 2536 783 2637 834; x_wconf 92' lang='lat' dir='ltr'><strong>aut</strong></span> <span class='ocrx_word' id='word_1_266' title='bbox 2672 777 2864 834; x_wconf 79' lang='lat' dir='ltr'><strong>fratris</strong></span> <span class='ocrx_word' id='word_1_267' title='bbox 2913 781 3230 836; x_wconf 87' lang='lat' dir='ltr'><strong>constituat</strong></span> <span class='ocrx_word' id='word_1_268' title='bbox 3259 781 3489 850; x_wconf 80' lang='lat' dir='ltr'><strong>atl&#39;ectu,</strong></span> <span class='ocrx_word' id='word_1_269' title='bbox 3550 786 3608 838; x_wconf 91' lang='lat' dir='ltr'><strong>et</strong></span> <span class='ocrx_word' id='word_1_270' title='bbox 3645 782 3703 837; x_wconf 93' lang='lat' dir='ltr'><strong>in</strong></span> 
     </span>
    </p>
   </div>
   <div class='ocr_carea' id='block_1_37' title="bbox 2063 866 3505 939">
    <p class='ocr_par' dir='ltr' id='par_1_37' title="bbox 2063 866 3505 939">
     <span class='ocr_line' id='line_1_37' title="bbox 2063 866 3505 939; baseline 0.004 -19"><span class='ocrx_word' id='word_1_271' title='bbox 2063 879 2293 921; x_wconf 82' lang='lat' dir='ltr'><strong>secessu</strong></span> <span class='ocrx_word' id='word_1_272' title='bbox 2324 866 2584 938; x_wconf 86' lang='lat' dir='ltr'><strong>quodam</strong></span> <span class='ocrx_word' id='word_1_273' title='bbox 2615 867 2723 939; x_wconf 71' lang='lat' dir='ltr'><strong>piae</strong></span> <span class='ocrx_word' id='word_1_274' title='bbox 2755 868 2970 924; x_wconf 90' lang='lat' dir='ltr'><strong>mentis</strong></span> <span class='ocrx_word' id='word_1_275' title='bbox 2999 868 3217 925; x_wconf 71' lang='lat' dir='ltr'><strong>haereat</strong></span> <span class='ocrx_word' id='word_1_276' title='bbox 3246 868 3505 926; x_wconf 85' lang='lat' dir='ltr'><strong>littorali.</strong></span> 
     </span>
    </p>
   </div>
   <div class='ocr_carea' id='block_1_38' title="bbox 2131 952 3704 1031">
    <p class='ocr_par' dir='ltr' id='par_1_38' title="bbox 2131 952 3704 1031">
     <span class='ocr_line' id='line_1_38' title="bbox 2131 952 3704 1031; baseline 0.006 -24"><span class='ocrx_word' id='word_1_277' title='bbox 2131 952 2220 1008; x_wconf 92' lang='lat'><strong>35.</strong></span> <span class='ocrx_word' id='word_1_278' title='bbox 2254 953 2379 1010; x_wconf 90' lang='lat' dir='ltr'><strong>Non</strong></span> <span class='ocrx_word' id='word_1_279' title='bbox 2410 953 2704 1012; x_wconf 86' lang='lat' dir='ltr'><strong>immerito</strong></span> <span class='ocrx_word' id='word_1_280' title='bbox 2734 973 2869 1030; x_wconf 88' lang='lat' dir='ltr'><strong>ergo</strong></span> <span class='ocrx_word' id='word_1_281' title='bbox 2899 962 3179 1031; x_wconf 88' lang='lat' dir='ltr'><strong>tanquam</strong></span> <span class='ocrx_word' id='word_1_282' title='bbox 3224 963 3538 1016; x_wconf 86' lang='lat' dir='ltr'><strong>renovatus</strong></span> <span class='ocrx_word' id='word_1_283' title='bbox 3586 960 3704 1017; x_wconf 89' lang='lat' dir='ltr'><strong>cla-</strong></span> 
     </span>
    </p>
   </div>
   <div class='ocr_carea' id='block_1_39' title="bbox 2063 1043 3703 1119">
    <p class='ocr_par' dir='ltr' id='par_1_39' title="bbox 2063 1043 3703 1119">
     <span class='ocr_line' id='line_1_39' title="bbox 2063 1043 3703 1119; baseline 0.005 -22"><span class='ocrx_word' id='word_1_284' title='bbox 2063 1045 2184 1098; x_wconf 85' lang='lat' dir='ltr'><strong>mat</strong></span> <span class='ocrx_word' id='word_1_285' title='bbox 2204 1043 2377 1099; x_wconf 86' lang='lat' dir='ltr'><strong>David</strong></span> <span class='ocrx_word' id='word_1_286' title='bbox 2413 1061 2426 1100; x_wconf 91' lang='lat'><strong>:</strong></span> <span class='ocrx_word' id='word_1_287' title='bbox 2459 1067 2488 1094; x_wconf 85' lang='lat'><strong><em>«</em></strong></span> <span class='ocrx_word' id='word_1_288' title='bbox 2523 1046 2593 1100; x_wconf 88' lang='lat' dir='ltr'><strong>Et</strong></span> <span class='ocrx_word' id='word_1_289' title='bbox 2632 1044 2885 1101; x_wconf 89' lang='lat' dir='ltr'><strong>introibo</strong></span> <span class='ocrx_word' id='word_1_290' title='bbox 2916 1047 2987 1102; x_wconf 89' lang='lat' dir='ltr'><strong>ad</strong></span> <span class='ocrx_word' id='word_1_291' title='bbox 3050 1046 3229 1104; x_wconf 88' lang='lat' dir='ltr'><strong>altare</strong></span> <span class='ocrx_word' id='word_1_292' title='bbox 3276 1047 3389 1104; x_wconf 85' lang='lat' dir='ltr'><strong>Dei</strong></span> <span class='ocrx_word' id='word_1_293' title='bbox 3433 1049 3569 1119; x_wconf 92' lang='lat' dir='ltr'><strong>mei,</strong></span> <span class='ocrx_word' id='word_1_294' title='bbox 3632 1051 3703 1106; x_wconf 89' lang='lat' dir='ltr'><strong>ad</strong></span> 
     </span>
    </p>
   </div>
   <div class='ocr_carea' id='block_1_40' title="bbox 2062 1131 3704 1207">
    <p class='ocr_par' dir='ltr' id='par_1_40' title="bbox 2062 1131 3704 1207">
     <span class='ocr_line' id='line_1_40' title="bbox 2062 1131 3704 1207; baseline 0.006 -23"><span class='ocrx_word' id='word_1_295' title='bbox 2062 1135 2243 1185; x_wconf 87' lang='lat' dir='ltr'><strong>Deum</strong></span> <span class='ocrx_word' id='word_1_296' title='bbox 2276 1131 2375 1204; x_wconf 90' lang='lat' dir='ltr'><strong>qui</strong></span> <span class='ocrx_word' id='word_1_297' title='bbox 2401 1131 3046 1205; x_wconf 62' lang='lat' dir='ltr'><strong>laetiﬁcatjuventutem</strong></span> <span class='ocrx_word' id='word_1_298' title='bbox 3090 1151 3281 1191; x_wconf 90' lang='lat' dir='ltr'><strong>meam</strong></span> <span class='ocrx_word' id='word_1_299' title='bbox 3341 1137 3511 1207; x_wconf 78' lang='lat' dir='ltr'><strong>(Psal,</strong></span> <span class='ocrx_word' id='word_1_300' title='bbox 3569 1155 3704 1206; x_wconf 77' lang='lat' dir='ltr'><strong>xw,</strong></span> 
     </span>
    </p>
   </div>
   <div class='ocr_carea' id='block_1_41' title="bbox 2063 1220 3706 1294">
    <p class='ocr_par' dir='ltr' id='par_1_41' title="bbox 2063 1220 3706 1294">
     <span class='ocr_line' id='line_1_41' title="bbox 2063 1220 3706 1294; baseline 0.008 -23"><span class='ocrx_word' id='word_1_301' title='bbox 2063 1220 2115 1291; x_wconf 80' lang='grc'><strong>4)</strong></span> <span class='ocrx_word' id='word_1_302' title='bbox 2152 1236 2166 1287; x_wconf 87' lang='grc'>;</span> <span class='ocrx_word' id='word_1_303' title='bbox 2201 1244 2222 1271; x_wconf 74' lang='grc' dir='ltr'><strong><em>ι</em></strong></span> <span class='ocrx_word' id='word_1_304' title='bbox 2262 1224 2325 1275; x_wconf 90' lang='lat' dir='ltr'><strong>ut</strong></span> <span class='ocrx_word' id='word_1_305' title='bbox 2354 1221 2454 1292; x_wconf 90' lang='lat' dir='ltr'><strong>qui</strong></span> <span class='ocrx_word' id='word_1_306' title='bbox 2489 1239 2667 1294; x_wconf 86' lang='lat' dir='ltr'><strong>supra</strong></span> <span class='ocrx_word' id='word_1_307' title='bbox 2710 1239 2777 1278; x_wconf 87' lang='lat' dir='ltr'><strong>se</strong></span> <span class='ocrx_word' id='word_1_308' title='bbox 2834 1223 3185 1280; x_wconf 78' lang='lat' dir='ltr'><strong>inveterasse</strong></span> <span class='ocrx_word' id='word_1_309' title='bbox 3229 1225 3384 1281; x_wconf 88' lang='lat' dir='ltr'><strong>inter</strong></span> <span class='ocrx_word' id='word_1_310' title='bbox 3434 1225 3706 1285; x_wconf 84' lang='lat' dir='ltr'><strong>inimicos</strong></span> 
     </span>
    </p>
   </div>
   <div class='ocr_carea' id='block_1_42' title="bbox 2062 1309 3706 1386">
    <p class='ocr_par' dir='ltr' id='par_1_42' title="bbox 2062 1309 3706 1386">
     <span class='ocr_line' id='line_1_42' title="bbox 2062 1309 3706 1386; baseline 0.005 -22"><span class='ocrx_word' id='word_1_311' title='bbox 2062 1325 2201 1364; x_wconf 89' lang='lat' dir='ltr'><strong>suos</strong></span> <span class='ocrx_word' id='word_1_312' title='bbox 2233 1309 2474 1379; x_wconf 82' lang='lat' dir='ltr'><strong>dixerat,</strong></span> <span class='ocrx_word' id='word_1_313' title='bbox 2511 1315 2575 1366; x_wconf 89' lang='lat' dir='ltr'><strong>ut</strong></span> <span class='ocrx_word' id='word_1_314' title='bbox 2604 1312 2662 1366; x_wconf 89' lang='lat' dir='ltr'><strong>in</strong></span> <span class='ocrx_word' id='word_1_315' title='bbox 2696 1316 2861 1367; x_wconf 75' lang='lat' dir='ltr'><strong>sexto</strong></span> <span class='ocrx_word' id='word_1_316' title='bbox 2891 1311 3144 1385; x_wconf 71' lang='lat' dir='ltr'><strong>legimus</strong></span> <span class='ocrx_word' id='word_1_317' title='bbox 3175 1312 3409 1370; x_wconf 87' lang='lat' dir='ltr'><strong>Psalmo</strong></span> <span class='ocrx_word' id='word_1_318' title='bbox 3442 1315 3706 1386; x_wconf 65' lang='lat' dir='ltr'><strong>(Haava,</strong></span> 
     </span>
    </p>
   </div>
   <div class='ocr_carea' id='block_1_43' title="bbox 2062 1396 3705 1479">
    <p class='ocr_par' dir='ltr' id='par_1_43' title="bbox 2062 1396 3705 1479">
     <span class='ocr_line' id='line_1_43' title="bbox 2062 1396 3705 1479; baseline 0.006 -28"><span class='ocrx_word' id='word_1_319' title='bbox 2062 1398 2138 1468; x_wconf 87' lang='lat'><strong>8),</strong></span> <span class='ocrx_word' id='word_1_320' title='bbox 2170 1396 2262 1453; x_wconf 90' lang='lat' dir='ltr'><strong>hic</strong></span> <span class='ocrx_word' id='word_1_321' title='bbox 2295 1397 2769 1471; x_wconf 86' lang='lat' dir='ltr'><strong>aitjuventutem</strong></span> <span class='ocrx_word' id='word_1_322' title='bbox 2805 1400 2913 1456; x_wconf 86' lang='lat' dir='ltr'><strong>sibi</strong></span> <span class='ocrx_word' id='word_1_323' title='bbox 2947 1419 3014 1457; x_wconf 82' lang='lat' dir='ltr'><strong>ex</strong></span> <span class='ocrx_word' id='word_1_324' title='bbox 3044 1400 3363 1459; x_wconf 87' lang='lat' dir='ltr'><strong>inveterata</strong></span> <span class='ocrx_word' id='word_1_325' title='bbox 3391 1403 3705 1479; x_wconf 86' lang='lat' dir='ltr'><strong>prolapsio-</strong></span> 
     </span>
    </p>
   </div>
   <div class='ocr_carea' id='block_1_44' title="bbox 2063 1484 3708 1549">
    <p class='ocr_par' dir='ltr' id='par_1_44' title="bbox 2063 1484 3708 1549">
     <span class='ocr_line' id='line_1_44' title="bbox 2063 1484 3708 1549; baseline 0.005 -11"><span class='ocrx_word' id='word_1_326' title='bbox 2063 1484 2156 1541; x_wconf 90' lang='lat' dir='ltr'><strong>nis</strong></span> <span class='ocrx_word' id='word_1_327' title='bbox 2213 1485 2482 1542; x_wconf 85' lang='lat' dir='ltr'><strong>humanae</strong></span> <span class='ocrx_word' id='word_1_328' title='bbox 2568 1492 2868 1545; x_wconf 81' lang='lat' dir='ltr'><strong>senectute</strong></span> <span class='ocrx_word' id='word_1_329' title='bbox 2927 1494 3282 1547; x_wconf 76' lang='lat' dir='ltr'><strong>renovatam.</strong></span> <span class='ocrx_word' id='word_1_330' title='bbox 3340 1494 3708 1549; x_wconf 84' lang='lat' dir='ltr'><strong>Renovamur</strong></span> 
     </span>
    </p>
   </div>
   <div class='ocr_carea' id='block_1_45' title="bbox 2061 1573 3710 1654">
    <p class='ocr_par' dir='ltr' id='par_1_45' title="bbox 2061 1573 3710 1654">
     <span class='ocr_line' id='line_1_45' title="bbox 2061 1573 3710 1654; baseline 0.005 -26"><span class='ocrx_word' id='word_1_331' title='bbox 2061 1573 2215 1630; x_wconf 85' lang='lat' dir='ltr'><strong>enim</strong></span> <span class='ocrx_word' id='word_1_332' title='bbox 2252 1592 2354 1647; x_wconf 87' lang='lat' dir='ltr'><strong>per</strong></span> <span class='ocrx_word' id='word_1_333' title='bbox 2385 1574 2596 1632; x_wconf 74' lang='lat' dir='ltr'><strong>lavacri</strong></span> <span class='ocrx_word' id='word_1_334' title='bbox 2629 1578 3170 1650; x_wconf 71' lang='lat' dir='ltr'><strong>regenerationem;</strong></span> <span class='ocrx_word' id='word_1_335' title='bbox 3205 1595 3553 1636; x_wconf 87' lang='lat' dir='ltr'><strong>renovamur</strong></span> <span class='ocrx_word' id='word_1_336' title='bbox 3606 1597 3710 1654; x_wconf 87' lang='lat' dir='ltr'><strong>per</strong></span> 
     </span>
    </p>
   </div>
   <div class='ocr_carea' id='block_1_46' title="bbox 2064 1663 3706 1736">
    <p class='ocr_par' dir='ltr' id='par_1_46' title="bbox 2064 1663 3706 1736">
     <span class='ocr_line' id='line_1_46' title="bbox 2064 1663 3706 1736; baseline 0.005 -18"><span class='ocrx_word' id='word_1_337' title='bbox 2064 1663 2318 1736; x_wconf 84' lang='lat' dir='ltr'><strong>Spiritus</strong></span> <span class='ocrx_word' id='word_1_338' title='bbox 2376 1666 2558 1721; x_wconf 86' lang='lat' dir='ltr'><strong>sancti</strong></span> <span class='ocrx_word' id='word_1_339' title='bbox 2621 1664 3016 1734; x_wconf 77' lang='lat' dir='ltr'><strong>ell‘usioncm;</strong></span> <span class='ocrx_word' id='word_1_340' title='bbox 3061 1668 3475 1725; x_wconf 84' lang='lat' dir='ltr'><strong>rcnovabimur</strong></span> <span class='ocrx_word' id='word_1_341' title='bbox 3528 1670 3706 1726; x_wconf 88' lang='lat' dir='ltr'><strong>etiam</strong></span> 
     </span>
    </p>
   </div>
   <div class='ocr_carea' id='block_1_47' title="bbox 2063 1755 3704 1828">
    <p class='ocr_par' dir='ltr' id='par_1_47' title="bbox 2063 1755 3704 1828">
     <span class='ocr_line' id='line_1_47' title="bbox 2063 1755 3704 1828; baseline 0.005 -21"><span class='ocrx_word' id='word_1_342' title='bbox 2063 1770 2165 1825; x_wconf 86' lang='lat' dir='ltr'><strong>per</strong></span> <span class='ocrx_word' id='word_1_343' title='bbox 2193 1755 2703 1824; x_wconf 73' lang='lat' dir='ltr'><strong>resurrectionem,</strong></span> <span class='ocrx_word' id='word_1_344' title='bbox 2738 1755 2889 1810; x_wconf 82' lang='lat' dir='ltr'><strong>sicut</strong></span> <span class='ocrx_word' id='word_1_345' title='bbox 2922 1756 2976 1810; x_wconf 87' lang='lat' dir='ltr'><strong>in</strong></span> <span class='ocrx_word' id='word_1_346' title='bbox 3038 1757 3459 1827; x_wconf 86' lang='lat' dir='ltr'><strong>posterioribus</strong></span> <span class='ocrx_word' id='word_1_347' title='bbox 3518 1759 3658 1817; x_wconf 88' lang='lat' dir='ltr'><strong>dicit</strong></span> <span class='ocrx_word' id='word_1_348' title='bbox 3691 1778 3704 1828; x_wconf 92' lang='lat'><strong>;</strong></span> 
     </span>
    </p>
   </div>
   <div class='ocr_carea' id='block_1_48' title="bbox 2063 1841 3705 1919">
    <p class='ocr_par' dir='ltr' id='par_1_48' title="bbox 2063 1841 3705 1919">
     <span class='ocr_line' id='line_1_48' title="bbox 2063 1841 3705 1919; baseline 0.005 -23"><span class='ocrx_word' id='word_1_349' title='bbox 2063 1865 2088 1891; x_wconf 87' lang='grc'><strong>‹‹</strong></span> <span class='ocrx_word' id='word_1_350' title='bbox 2129 1841 2514 1898; x_wconf 76' lang='lat' dir='ltr'><strong>[teaovabitur</strong></span> <span class='ocrx_word' id='word_1_351' title='bbox 2536 1844 2688 1901; x_wconf 82' lang='lat' dir='ltr'><strong>sicut</strong></span> <span class='ocrx_word' id='word_1_352' title='bbox 2718 1842 2923 1916; x_wconf 66' lang='lat' dir='ltr'><strong>aquila</strong></span> <span class='ocrx_word' id='word_1_353' title='bbox 2948 1845 3228 1916; x_wconf 70' lang='lat' dir='ltr'><strong>juventus</strong></span> <span class='ocrx_word' id='word_1_354' title='bbox 3262 1850 3363 1902; x_wconf 89' lang='lat' dir='ltr'><strong>tua</strong></span> <span class='ocrx_word' id='word_1_355' title='bbox 3391 1848 3560 1919; x_wconf 88' lang='lat' dir='ltr'><strong>(Psal.</strong></span> <span class='ocrx_word' id='word_1_356' title='bbox 3609 1865 3705 1919; x_wconf 86' lang='lat' dir='ltr'><strong>cu,</strong></span> 
     </span>
    </p>
   </div>
   <div class='ocr_carea' id='block_1_49' title="bbox 2063 1928 3708 2011">
    <p class='ocr_par' dir='ltr' id='par_1_49' title="bbox 2063 1928 3708 2011">
     <span class='ocr_line' id='line_1_49' title="bbox 2063 1928 3708 2011; baseline 0.006 -27"><span class='ocrx_word' id='word_1_357' title='bbox 2063 1928 2141 2001; x_wconf 88' lang='lat'><strong>5).</strong></span> <span class='ocrx_word' id='word_1_358' title='bbox 2178 1954 2204 1979; x_wconf 84' lang='lat'><strong><em>»</em></strong></span> <span class='ocrx_word' id='word_1_359' title='bbox 2238 1932 2536 1997; x_wconf 88' lang='lat' dir='ltr'><strong>Quomodo</strong></span> <span class='ocrx_word' id='word_1_360' title='bbox 2568 1949 2931 2002; x_wconf 79' lang='lat' dir='ltr'><strong>renovemur,</strong></span> <span class='ocrx_word' id='word_1_361' title='bbox 2961 1934 3095 1989; x_wconf 89' lang='lat' dir='ltr'><strong>audi</strong></span> <span class='ocrx_word' id='word_1_362' title='bbox 3130 1952 3143 1990; x_wconf 88' lang='lat'><strong>:</strong></span> <span class='ocrx_word' id='word_1_363' title='bbox 3209 1958 3235 1984; x_wconf 83' lang='lat'><strong><em>«</em></strong></span> <span class='ocrx_word' id='word_1_364' title='bbox 3298 1936 3585 2011; x_wconf 84' lang='lat' dir='ltr'><strong>Asperges</strong></span> <span class='ocrx_word' id='word_1_365' title='bbox 3617 1954 3708 1994; x_wconf 91' lang='lat' dir='ltr'><strong>me</strong></span> 
     </span>
    </p>
   </div>
   <div class='ocr_carea' id='block_1_50' title="bbox 2065 2018 3708 2098">
    <p class='ocr_par' dir='ltr' id='par_1_50' title="bbox 2065 2018 3708 2098">
     <span class='ocr_line' id='line_1_50' title="bbox 2065 2018 3708 2098; baseline 0.005 -24"><span class='ocrx_word' id='word_1_366' title='bbox 2065 2018 2339 2093; x_wconf 73' lang='lat' dir='ltr'><strong>byssopo,</strong></span> <span class='ocrx_word' id='word_1_367' title='bbox 2371 2025 2427 2078; x_wconf 87' lang='lat' dir='ltr'><strong>et</strong></span> <span class='ocrx_word' id='word_1_368' title='bbox 2460 2022 2789 2078; x_wconf 83' lang='lat' dir='ltr'><strong>mundubor</strong></span> <span class='ocrx_word' id='word_1_369' title='bbox 2821 2039 2832 2077; x_wconf 90' lang='lat'>:</span> <span class='ocrx_word' id='word_1_370' title='bbox 2868 2022 3089 2078; x_wconf 80' lang='lat' dir='ltr'><strong>lavabis</strong></span> <span class='ocrx_word' id='word_1_371' title='bbox 3104 2041 3215 2092; x_wconf 90' lang='lat' dir='ltr'><strong>me,</strong></span> <span class='ocrx_word' id='word_1_372' title='bbox 3231 2027 3289 2081; x_wconf 87' lang='lat' dir='ltr'><strong>et</strong></span> <span class='ocrx_word' id='word_1_373' title='bbox 3312 2041 3489 2098; x_wconf 89' lang='lat' dir='ltr'><strong>super</strong></span> <span class='ocrx_word' id='word_1_374' title='bbox 3517 2026 3708 2085; x_wconf 88' lang='lat' dir='ltr'><strong>nivem</strong></span> 
     </span>
    </p>
   </div>
   <div class='ocr_carea' id='block_1_51' title="bbox 2065 2107 3706 2181">
    <p class='ocr_par' dir='ltr' id='par_1_51' title="bbox 2065 2107 3706 2181">
     <span class='ocr_line' id='line_1_51' title="bbox 2065 2107 3706 2181; baseline 0.005 -18"><span class='ocrx_word' id='word_1_375' title='bbox 2065 2107 2381 2166; x_wconf 82' lang='lat' dir='ltr'><strong>dealbabor</strong></span> <span class='ocrx_word' id='word_1_376' title='bbox 2412 2108 2583 2181; x_wconf 81' lang='lat' dir='ltr'><strong>(Psal.</strong></span> <span class='ocrx_word' id='word_1_377' title='bbox 2618 2129 2667 2178; x_wconf 78' lang='lat'><strong>1.,</strong></span> <span class='ocrx_word' id='word_1_378' title='bbox 2697 2111 2773 2179; x_wconf 88' lang='grc'><strong>9).</strong></span> <span class='ocrx_word' id='word_1_379' title='bbox 2807 2132 2835 2160; x_wconf 86' lang='grc'><strong>››</strong></span> <span class='ocrx_word' id='word_1_380' title='bbox 2869 2110 2937 2165; x_wconf 85' lang='lat' dir='ltr'><strong>Et</strong></span> <span class='ocrx_word' id='word_1_381' title='bbox 2967 2110 3024 2165; x_wconf 89' lang='lat' dir='ltr'><strong>in</strong></span> <span class='ocrx_word' id='word_1_382' title='bbox 3058 2111 3207 2169; x_wconf 83' lang='lat' dir='ltr'><strong>Isaia</strong></span> <span class='ocrx_word' id='word_1_383' title='bbox 3239 2112 3319 2167; x_wconf 89' lang='lat' dir='ltr'><strong>ait</strong></span> <span class='ocrx_word' id='word_1_384' title='bbox 3351 2130 3363 2169; x_wconf 88' lang='lat'>:</span> <span class='ocrx_word' id='word_1_385' title='bbox 3405 2137 3423 2162; x_wconf 79' lang='grc' dir='ltr'>ι</span> <span class='ocrx_word' id='word_1_386' title='bbox 3456 2113 3516 2170; x_wconf 91' lang='lat' dir='ltr'><strong>Si</strong></span> <span class='ocrx_word' id='word_1_387' title='bbox 3581 2114 3706 2171; x_wconf 86' lang='lat' dir='ltr'><strong>fue-</strong></span> 
     </span>
    </p>
   </div>
   <div class='ocr_carea' id='block_1_52' title="bbox 2065 2196 3708 2272">
    <p class='ocr_par' dir='ltr' id='par_1_52' title="bbox 2065 2196 3708 2272">
     <span class='ocr_line' id='line_1_52' title="bbox 2065 2196 3708 2272; baseline 0.005 -21"><span class='ocrx_word' id='word_1_388' title='bbox 2065 2196 2179 2252; x_wconf 88' lang='lat' dir='ltr'><strong>rint</strong></span> <span class='ocrx_word' id='word_1_389' title='bbox 2212 2203 2447 2270; x_wconf 86' lang='lat' dir='ltr'><strong>peccata</strong></span> <span class='ocrx_word' id='word_1_390' title='bbox 2476 2202 2665 2255; x_wconf 79' lang='lat' dir='ltr'><strong>vestra</strong></span> <span class='ocrx_word' id='word_1_391' title='bbox 2698 2204 2760 2254; x_wconf 90' lang='lat' dir='ltr'><strong>ut</strong></span> <span class='ocrx_word' id='word_1_392' title='bbox 2790 2198 3172 2272; x_wconf 79' lang='lat' dir='ltr'><strong>pbmnicium,</strong></span> <span class='ocrx_word' id='word_1_393' title='bbox 3205 2205 3270 2256; x_wconf 91' lang='lat' dir='ltr'><strong>ut</strong></span> <span class='ocrx_word' id='word_1_394' title='bbox 3299 2201 3492 2259; x_wconf 88' lang='lat' dir='ltr'><strong>nivem</strong></span> <span class='ocrx_word' id='word_1_395' title='bbox 3551 2203 3708 2263; x_wconf 87' lang='lat' dir='ltr'><strong>deal-</strong></span> 
     </span>
    </p>
   </div>
   <div class='ocr_carea' id='block_1_53' title="bbox 2064 2286 3709 2364">
    <p class='ocr_par' dir='ltr' id='par_1_53' title="bbox 2064 2286 3709 2364">
     <span class='ocr_line' id='line_1_53' title="bbox 2064 2286 3709 2364; baseline 0.004 -22"><span class='ocrx_word' id='word_1_396' title='bbox 2064 2286 2213 2343; x_wconf 85' lang='lat' dir='ltr'><strong>baho</strong></span> <span class='ocrx_word' id='word_1_397' title='bbox 2245 2288 2371 2359; x_wconf 83' lang='lat' dir='ltr'><strong>(Isa.</strong></span> <span class='ocrx_word' id='word_1_398' title='bbox 2408 2305 2444 2357; x_wconf 93' lang='lat'><strong>1,</strong></span> <span class='ocrx_word' id='word_1_399' title='bbox 2480 2286 2584 2360; x_wconf 81' lang='grc'>18).</span> <span class='ocrx_word' id='word_1_400' title='bbox 2614 2310 2640 2337; x_wconf 90' lang='grc'><strong>››</strong></span> <span class='ocrx_word' id='word_1_401' title='bbox 2665 2288 2837 2345; x_wconf 82' lang='lat' dir='ltr'><strong>Recte</strong></span> <span class='ocrx_word' id='word_1_402' title='bbox 2868 2293 3195 2360; x_wconf 86' lang='lat' dir='ltr'><strong>renovatur,</strong></span> <span class='ocrx_word' id='word_1_403' title='bbox 3231 2291 3330 2364; x_wconf 91' lang='lat' dir='ltr'><strong>qui</strong></span> <span class='ocrx_word' id='word_1_404' title='bbox 3362 2292 3432 2348; x_wconf 92' lang='lat' dir='ltr'><strong>de</strong></span> <span class='ocrx_word' id='word_1_405' title='bbox 3452 2292 3709 2349; x_wconf 88' lang='lat' dir='ltr'><strong>tenebris</strong></span> 
     </span>
    </p>
   </div>
   <div class='ocr_carea' id='block_1_54' title="bbox 2066 2375 3707 2455">
    <p class='ocr_par' dir='ltr' id='par_1_54' title="bbox 2066 2375 3707 2455">
     <span class='ocr_line' id='line_1_54' title="bbox 2066 2375 3707 2455; baseline 0.007 -27"><span class='ocrx_word' id='word_1_406' title='bbox 2066 2380 2432 2446; x_wconf 82' lang='lat' dir='ltr'><strong>peccatorum</strong></span> <span class='ocrx_word' id='word_1_407' title='bbox 2467 2376 2523 2433; x_wconf 90' lang='lat' dir='ltr'><strong>in</strong></span> <span class='ocrx_word' id='word_1_408' title='bbox 2575 2375 2766 2432; x_wconf 88' lang='lat' dir='ltr'><strong>lucem</strong></span> <span class='ocrx_word' id='word_1_409' title='bbox 2819 2376 3104 2433; x_wconf 85' lang='lat' dir='ltr'><strong>virtutum</strong></span> <span class='ocrx_word' id='word_1_410' title='bbox 3163 2383 3426 2436; x_wconf 83' lang='lat' dir='ltr'><strong>mutatur</strong></span> <span class='ocrx_word' id='word_1_411' title='bbox 3476 2384 3533 2437; x_wconf 89' lang='lat' dir='ltr'><strong>et</strong></span> <span class='ocrx_word' id='word_1_412' title='bbox 3578 2397 3707 2455; x_wconf 87' lang='lat' dir='ltr'><strong>gra-</strong></span> 
     </span>
    </p>
   </div>
   <div class='ocr_carea' id='block_1_55' title="bbox 2064 2464 3708 2542">
    <p class='ocr_par' dir='ltr' id='par_1_55' title="bbox 2064 2464 3708 2542">
     <span class='ocr_line' id='line_1_55' title="bbox 2064 2464 3708 2542; baseline 0.005 -24"><span class='ocrx_word' id='word_1_413' title='bbox 2064 2464 2209 2521; x_wconf 88' lang='lat' dir='ltr'><strong>tiam</strong></span> <span class='ocrx_word' id='word_1_414' title='bbox 2244 2482 2255 2520; x_wconf 96' lang='lat'>:</span> <span class='ocrx_word' id='word_1_415' title='bbox 2291 2469 2354 2519; x_wconf 90' lang='lat' dir='ltr'><strong>ut</strong></span> <span class='ocrx_word' id='word_1_416' title='bbox 2381 2465 2477 2536; x_wconf 89' lang='lat' dir='ltr'><strong>qui</strong></span> <span class='ocrx_word' id='word_1_417' title='bbox 2508 2468 2660 2521; x_wconf 84' lang='lat' dir='ltr'><strong>tetra</strong></span> <span class='ocrx_word' id='word_1_418' title='bbox 2689 2466 2855 2538; x_wconf 89' lang='lat' dir='ltr'><strong>prius</strong></span> <span class='ocrx_word' id='word_1_419' title='bbox 2885 2464 3209 2525; x_wconf 88' lang='lat' dir='ltr'><strong>colluvione</strong></span> <span class='ocrx_word' id='word_1_420' title='bbox 3256 2470 3549 2542; x_wconf 84' lang='lat' dir='ltr'><strong>sordebat,</strong></span> <span class='ocrx_word' id='word_1_421' title='bbox 3608 2487 3708 2528; x_wconf 88' lang='lat' dir='ltr'><strong>su-</strong></span> 
     </span>
    </p>
   </div>
   <div class='ocr_carea' id='block_1_56' title="bbox 2065 2551 3518 2630">
    <p class='ocr_par' dir='ltr' id='par_1_56' title="bbox 2065 2551 3518 2630">
     <span class='ocr_line' id='line_1_56' title="bbox 2065 2551 3518 2630; baseline 0.006 -24"><span class='ocrx_word' id='word_1_422' title='bbox 2065 2568 2169 2624; x_wconf 87' lang='lat' dir='ltr'><strong>pra</strong></span> <span class='ocrx_word' id='word_1_423' title='bbox 2200 2551 2387 2609; x_wconf 89' lang='lat' dir='ltr'><strong>nivem</strong></span> <span class='ocrx_word' id='word_1_424' title='bbox 2421 2552 2634 2611; x_wconf 85' lang='lat' dir='ltr'><strong>albenti</strong></span> <span class='ocrx_word' id='word_1_425' title='bbox 2671 2554 2848 2611; x_wconf 91' lang='lat' dir='ltr'><strong>nimis</strong></span> <span class='ocrx_word' id='word_1_426' title='bbox 2880 2555 3102 2629; x_wconf 81' lang='lat' dir='ltr'><strong>fulgore</strong></span> <span class='ocrx_word' id='word_1_427' title='bbox 3132 2556 3518 2630; x_wconf 87' lang='lat' dir='ltr'><strong>resplendeat,</strong></span> 
     </span>
    </p>
   </div>
   <div class='ocr_carea' id='block_1_57' title="bbox 2701 2670 3057 2730">
    <p class='ocr_par' dir='ltr' id='par_1_57' title="bbox 2701 2670 3057 2730">
     <span class='ocr_line' id='line_1_57' title="bbox 2701 2670 3057 2730; baseline 0 -3"><span class='ocrx_word' id='word_1_428' title='bbox 2701 2670 2932 2730; x_wconf 57' lang='lat' dir='ltr'><strong>CSPUT</strong></span> <span class='ocrx_word' id='word_1_429' title='bbox 2988 2672 3057 2727; x_wconf 85' lang='lat' dir='ltr'><strong>X.</strong></span> 
     </span>
    </p>
   </div>
   <div class='ocr_carea' id='block_1_58' title="bbox 2067 2759 3707 2836">
    <p class='ocr_par' dir='ltr' id='par_1_58' title="bbox 2067 2759 3707 2836">
     <span class='ocr_line' id='line_1_58' title="bbox 2067 2759 3707 2836; baseline 0.003 -21"><span class='ocrx_word' id='word_1_430' title='bbox 2067 2759 2141 2815; x_wconf 86' lang='lat' dir='ltr'><strong>0b</strong></span> <span class='ocrx_word' id='word_1_431' title='bbox 2168 2761 2451 2836; x_wconf 73' lang='lat' dir='ltr'><strong>superiora</strong></span> <span class='ocrx_word' id='word_1_432' title='bbox 2482 2759 2742 2836; x_wconf 64' lang='lat' dir='ltr'><strong>beneﬁcia</strong></span> <span class='ocrx_word' id='word_1_433' title='bbox 2765 2761 3061 2836; x_wconf 70' lang='lat' dir='ltr'><strong>pollicetur</strong></span> <span class='ocrx_word' id='word_1_434' title='bbox 3087 2761 3266 2819; x_wconf 80' lang='lat' dir='ltr'><strong>David</strong></span> <span class='ocrx_word' id='word_1_435' title='bbox 3288 2763 3394 2819; x_wconf 82' lang='lat' dir='ltr'><strong>Deo</strong></span> <span class='ocrx_word' id='word_1_436' title='bbox 3415 2780 3473 2821; x_wconf 82' lang='lat' dir='ltr'><strong>se</strong></span> <span class='ocrx_word' id='word_1_437' title='bbox 3499 2767 3707 2836; x_wconf 79' lang='lat' dir='ltr'><strong>can/cs-</strong></span> 
     </span>
    </p>
   </div>
   <div class='ocr_carea' id='block_1_59' title="bbox 2135 2831 3701 2960">
    <p class='ocr_par' dir='ltr' id='par_1_59' title="bbox 2135 2831 3701 2960">
     <span class='ocr_line' id='line_1_59' title="bbox 2135 2831 3701 2895; baseline 0.003 -10"><span class='ocrx_word' id='word_1_438' title='bbox 2135 2847 2330 2886; x_wconf 79' lang='lat' dir='ltr'><strong>surum</strong></span> <span class='ocrx_word' id='word_1_439' title='bbox 2360 2833 2414 2885; x_wconf 82' lang='lat' dir='ltr'><strong>in</strong></span> <span class='ocrx_word' id='word_1_440' title='bbox 2447 2831 2661 2888; x_wconf 80' lang='lat' dir='ltr'><strong>cithara</strong></span> <span class='ocrx_word' id='word_1_441' title='bbox 2690 2849 2707 2886; x_wconf 89' lang='lat'><em>:</em></span> <span class='ocrx_word' id='word_1_442' title='bbox 2766 2831 2846 2887; x_wconf 58' lang='lat' dir='ltr'><strong>ita</strong></span> <span class='ocrx_word' id='word_1_443' title='bbox 2876 2834 3152 2889; x_wconf 78' lang='lat' dir='ltr'><strong>occasione</strong></span> <span class='ocrx_word' id='word_1_444' title='bbox 3220 2850 3307 2892; x_wconf 69' lang='lat' dir='ltr'><strong>uae</strong></span> <span class='ocrx_word' id='word_1_445' title='bbox 3333 2851 3457 2895; x_wconf 87' lang='lat' dir='ltr'><strong>cum</strong></span> <span class='ocrx_word' id='word_1_446' title='bbox 3484 2831 3701 2894; x_wconf 66' lang='lat' dir='ltr'><strong>cithara</strong></span> 
     </span>
     <span class='ocr_line' id='line_1_60' title="bbox 2135 2849 3701 2960; baseline 0.001 -2"><span class='ocrx_word' id='word_1_447' title='bbox 2135 2903 2352 2960; x_wconf 77' lang='lat' dir='ltr'><strong>corpori</strong></span> <span class='ocrx_word' id='word_1_448' title='bbox 2379 2904 2561 2959; x_wconf 83' lang='lat' dir='ltr'><strong>nostra</strong></span> <span class='ocrx_word' id='word_1_449' title='bbox 2590 2904 2661 2958; x_wconf 86' lang='lat' dir='ltr'><strong>sit</strong></span> <span class='ocrx_word' id='word_1_450' title='bbox 2690 2849 2956 2960; x_wconf 50' lang='lat' dir='ltr'><strong>atfiim&#39;tas.</strong></span> <span class='ocrx_word' id='word_1_451' title='bbox 2988 2911 3038 2960; x_wconf 86' lang='lat' dir='ltr'><strong>ct</strong></span> <span class='ocrx_word' id='word_1_452' title='bbox 3065 2852 3247 2960; x_wconf 75' lang='lat' dir='ltr'><strong>aualqis</strong></span> <span class='ocrx_word' id='word_1_453' title='bbox 3278 2906 3419 2960; x_wconf 80' lang='lat' dir='ltr'><strong>illud</strong></span> <span class='ocrx_word' id='word_1_454' title='bbox 3437 2924 3601 2960; x_wconf 77' lang='lat' dir='ltr'><strong>sonus</strong></span> <span class='ocrx_word' id='word_1_455' title='bbox 3622 2907 3701 2960; x_wconf 80' lang='lat' dir='ltr'><strong>de-</strong></span> 
     </span>
    </p>
   </div>
   <div class='ocr_carea' id='block_1_60' title="bbox 2135 2903 3709 2978">
    <p class='ocr_par' dir='ltr' id='par_1_60' title="bbox 2135 2903 3709 2978">
     <span class='ocr_line' id='line_1_61' title="bbox 2135 2903 3709 2978; baseline 0.003 -20"><span class='ocrx_word' id='word_1_456' title='bbox 2135 2903 2352 2978; x_wconf 81' lang='lat' dir='ltr'><strong>cnrpori</strong></span> <span class='ocrx_word' id='word_1_457' title='bbox 2379 2904 2561 2978; x_wconf 76' lang='lat' dir='ltr'><strong>nostra</strong></span> <span class='ocrx_word' id='word_1_458' title='bbox 2590 2904 2661 2958; x_wconf 86' lang='lat' dir='ltr'><strong>sit</strong></span> <span class='ocrx_word' id='word_1_459' title='bbox 2690 2903 2957 2976; x_wconf 79' lang='lat' dir='ltr'><strong>afﬁnitas,</strong></span> <span class='ocrx_word' id='word_1_460' title='bbox 2988 2911 3038 2960; x_wconf 86' lang='lat' dir='ltr'><strong>ct</strong></span> <span class='ocrx_word' id='word_1_461' title='bbox 3065 2903 3247 2978; x_wconf 70' lang='lat' dir='ltr'><strong>quatis</strong></span> <span class='ocrx_word' id='word_1_462' title='bbox 3278 2906 3419 2962; x_wconf 78' lang='lat' dir='ltr'><strong>illud</strong></span> <span class='ocrx_word' id='word_1_463' title='bbox 3437 2924 3601 2963; x_wconf 77' lang='lat' dir='ltr'><strong>sonus</strong></span> <span class='ocrx_word' id='word_1_464' title='bbox 3622 2907 3709 2962; x_wconf 81' lang='lat' dir='ltr'><strong>de-</strong></span> 
     </span>
    </p>
   </div>
   <div class='ocr_carea' id='block_1_61' title="bbox 2136 2974 2632 3046">
    <p class='ocr_par' dir='ltr' id='par_1_61' title="bbox 2136 2974 2632 3046">
     <span class='ocr_line' id='line_1_62' title="bbox 2136 2974 2632 3046; baseline 0.006 -19"><span class='ocrx_word' id='word_1_465' title='bbox 2136 2977 2272 3037; x_wconf 77' lang='lat' dir='ltr'><strong>ceat,</strong></span> <span class='ocrx_word' id='word_1_466' title='bbox 2305 2974 2632 3046; x_wconf 73' lang='lat' dir='ltr'><strong>explicatur.</strong></span> 
     </span>
    </p>
   </div>
   <div class='ocr_carea' id='block_1_62' title="bbox 2136 3088 3704 3167">
    <p class='ocr_par' dir='ltr' id='par_1_62' title="bbox 2136 3088 3704 3167">
     <span class='ocr_line' id='line_1_63' title="bbox 2136 3088 3704 3167; baseline 0.004 -23"><span class='ocrx_word' id='word_1_467' title='bbox 2136 3088 2223 3144; x_wconf 85' lang='lat'><strong>36.</strong></span> <span class='ocrx_word' id='word_1_468' title='bbox 2259 3113 2283 3138; x_wconf 79' lang='grc' dir='ltr'>α</span> <span class='ocrx_word' id='word_1_469' title='bbox 2319 3090 2781 3147; x_wconf 82' lang='lat' dir='ltr'><strong>Conﬁtebortibi</strong></span> <span class='ocrx_word' id='word_1_470' title='bbox 2814 3090 2874 3146; x_wconf 88' lang='lat' dir='ltr'><strong>in</strong></span> <span class='ocrx_word' id='word_1_471' title='bbox 2906 3090 3152 3159; x_wconf 88' lang='lat' dir='ltr'><strong>cithara,</strong></span> <span class='ocrx_word' id='word_1_472' title='bbox 3175 3092 3329 3151; x_wconf 90' lang='lat' dir='ltr'><strong>Deus</strong></span> <span class='ocrx_word' id='word_1_473' title='bbox 3348 3094 3704 3167; x_wconf 80' lang='lat' dir='ltr'><strong>meus(Psat.</strong></span> 
     </span>
    </p>
   </div>
   <div class='ocr_carea' id='block_1_63' title="bbox 311 3174 3706 3250">
    <p class='ocr_par' dir='ltr' id='par_1_63' title="bbox 311 3174 3706 3250">
     <span class='ocr_line' id='line_1_64' title="bbox 311 3174 3706 3250; baseline 0.002 -17"><span class='ocrx_word' id='word_1_474' title='bbox 311 3176 385 3233; x_wconf 90' lang='lat' dir='ltr'><strong>ab</strong></span> <span class='ocrx_word' id='word_1_475' title='bbox 416 3175 632 3232; x_wconf 89' lang='lat' dir='ltr'><strong>animis</strong></span> <span class='ocrx_word' id='word_1_476' title='bbox 670 3174 898 3231; x_wconf 86' lang='lat' dir='ltr'><strong>vestris.</strong></span> <span class='ocrx_word' id='word_1_477' title='bbox 929 3174 1196 3232; x_wconf 89' lang='lat' dir='ltr'><strong>Judicate</strong></span> <span class='ocrx_word' id='word_1_478' title='bbox 1253 3174 1497 3249; x_wconf 90' lang='lat' dir='ltr'><strong>pupillo,</strong></span> <span class='ocrx_word' id='word_1_479' title='bbox 1530 3180 1587 3234; x_wconf 92' lang='lat' dir='ltr'><strong>et</strong></span> <span class='ocrx_word' id='word_1_480' title='bbox 1634 3178 1957 3250; x_wconf 81' lang='lat' dir='ltr'><strong>justiﬁcate</strong></span> <span class='ocrx_word' id='word_1_481' title='bbox 2002 3248 2025 3250; x_wconf 25' lang='grc' dir='ltr'><strong><em>μ</em></strong></span> <span class='ocrx_word' id='word_1_482' title='bbox 2066 3194 2205 3241; x_wconf 77' lang='lat' dir='ltr'><strong>xw,</strong></span> <span class='ocrx_word' id='word_1_483' title='bbox 2234 3178 2309 3250; x_wconf 67' lang='grc' dir='ltr'>ἆ).</span> <span class='ocrx_word' id='word_1_484' title='bbox 2349 3199 2374 3225; x_wconf 88' lang='grc'><strong>››</strong></span> <span class='ocrx_word' id='word_1_485' title='bbox 2406 3176 2590 3232; x_wconf 86' lang='lat' dir='ltr'><strong>Habet</strong></span> <span class='ocrx_word' id='word_1_486' title='bbox 2611 3177 2897 3237; x_wconf 85' lang='lat' dir='ltr'><strong>citharam</strong></span> <span class='ocrx_word' id='word_1_487' title='bbox 2930 3196 3098 3237; x_wconf 90' lang='lat' dir='ltr'><strong>suam</strong></span> <span class='ocrx_word' id='word_1_488' title='bbox 3129 3181 3326 3237; x_wconf 89' lang='lat' dir='ltr'><strong>anima</strong></span> <span class='ocrx_word' id='word_1_489' title='bbox 3356 3188 3578 3240; x_wconf 89' lang='lat' dir='ltr'><strong>nostra.</strong></span> <span class='ocrx_word' id='word_1_490' title='bbox 3599 3183 3706 3239; x_wconf 90' lang='lat' dir='ltr'><strong>Ne-</strong></span> 
     </span>
    </p>
   </div>
   <div class='ocr_carea' id='block_1_64' title="bbox 305 3248 3712 3341">
    <p class='ocr_par' dir='ltr' id='par_1_64' title="bbox 305 3248 3712 3341">
     <span class='ocr_line' id='line_1_65' title="bbox 305 3248 3712 3341; baseline 0.001 -20"><span class='ocrx_word' id='word_1_491' title='bbox 305 3264 568 3334; x_wconf 83' lang='lat' dir='ltr'><strong>viduam,</strong></span> <span class='ocrx_word' id='word_1_492' title='bbox 598 3267 658 3320; x_wconf 90' lang='lat' dir='ltr'><strong>et</strong></span> <span class='ocrx_word' id='word_1_493' title='bbox 682 3263 891 3332; x_wconf 88' lang='lat' dir='ltr'><strong>venite,</strong></span> <span class='ocrx_word' id='word_1_494' title='bbox 927 3248 1763 3337; x_wconf 85' lang='lat' dir='ltr'><strong>disputemus,dicitDominus</strong></span> <span class='ocrx_word' id='word_1_495' title='bbox 1794 3269 1953 3340; x_wconf 85' lang='lat' dir='ltr'><strong>(Ibid,</strong></span> <span class='ocrx_word' id='word_1_496' title='bbox 1986 3248 2029 3314; x_wconf 65' lang='grc' dir='ltr'><strong>θ</strong></span> <span class='ocrx_word' id='word_1_497' title='bbox 2067 3282 2181 3338; x_wconf 89' lang='lat' dir='ltr'><strong>que</strong></span> <span class='ocrx_word' id='word_1_498' title='bbox 2199 3248 2356 3321; x_wconf 82' lang='lat' dir='ltr'><strong>enim</strong></span> <span class='ocrx_word' id='word_1_499' title='bbox 2384 3264 2600 3321; x_wconf 89' lang='lat' dir='ltr'><strong>diceret</strong></span> <span class='ocrx_word' id='word_1_500' title='bbox 2620 3266 2834 3324; x_wconf 88' lang='lat' dir='ltr'><strong>Paulus</strong></span> <span class='ocrx_word' id='word_1_501' title='bbox 2862 3286 2874 3323; x_wconf 90' lang='lat'><strong>:</strong></span> <span class='ocrx_word' id='word_1_502' title='bbox 2911 3291 2939 3317; x_wconf 84' lang='lat'><strong><em>«</em></strong></span> <span class='ocrx_word' id='word_1_503' title='bbox 2971 3268 3159 3325; x_wconf 88' lang='lat' dir='ltr'><strong>Orabo</strong></span> <span class='ocrx_word' id='word_1_504' title='bbox 3190 3270 3419 3341; x_wconf 81' lang='lat' dir='ltr'><strong>spiritu,</strong></span> <span class='ocrx_word' id='word_1_505' title='bbox 3452 3273 3629 3326; x_wconf 88' lang='lat' dir='ltr'><strong>orabo</strong></span> <span class='ocrx_word' id='word_1_506' title='bbox 3654 3276 3712 3328; x_wconf 90' lang='lat' dir='ltr'><strong>et</strong></span> 
     </span>
    </p>
   </div>
   <div class='ocr_carea' id='block_1_65' title="bbox 310 3351 3706 3432">
    <p class='ocr_par' dir='ltr' id='par_1_65' title="bbox 310 3351 3706 3432">
     <span class='ocr_line' id='line_1_66' title="bbox 310 3351 3706 3432; baseline 0.001 -22"><span class='ocrx_word' id='word_1_507' title='bbox 310 3355 528 3422; x_wconf 80' lang='grc'>15-18).</span> <span class='ocrx_word' id='word_1_508' title='bbox 560 3374 591 3405; x_wconf 70' lang='grc' dir='ltr'><strong>υ</strong></span> <span class='ocrx_word' id='word_1_509' title='bbox 625 3352 816 3409; x_wconf 81' lang='lat' dir='ltr'><strong>Claret</strong></span> <span class='ocrx_word' id='word_1_510' title='bbox 858 3351 1039 3427; x_wconf 88' lang='lat' dir='ltr'><strong>igitur</strong></span> <span class='ocrx_word' id='word_1_511' title='bbox 1067 3354 1220 3426; x_wconf 88' lang='lat' dir='ltr'><strong>quod</strong></span> <span class='ocrx_word' id='word_1_512' title='bbox 1278 3357 1335 3409; x_wconf 90' lang='lat' dir='ltr'><strong>et</strong></span> <span class='ocrx_word' id='word_1_513' title='bbox 1392 3358 1528 3413; x_wconf 85' lang='lat' dir='ltr'><strong>ante</strong></span> <span class='ocrx_word' id='word_1_514' title='bbox 1584 3372 1821 3413; x_wconf 88' lang='lat' dir='ltr'><strong>aversus</strong></span> <span class='ocrx_word' id='word_1_515' title='bbox 1878 3358 1959 3415; x_wconf 90' lang='lat' dir='ltr'><strong>sit</strong></span> <span class='ocrx_word' id='word_1_516' title='bbox 2067 3358 2258 3410; x_wconf 82' lang='lat' dir='ltr'><strong>mente</strong></span> <span class='ocrx_word' id='word_1_517' title='bbox 2294 3372 2306 3410; x_wconf 92' lang='lat'><strong>:</strong></span> <span class='ocrx_word' id='word_1_518' title='bbox 2341 3353 2587 3427; x_wconf 84' lang='lat' dir='ltr'><strong>psallam</strong></span> <span class='ocrx_word' id='word_1_519' title='bbox 2621 3355 2853 3427; x_wconf 88' lang='lat' dir='ltr'><strong>spiritu,</strong></span> <span class='ocrx_word' id='word_1_520' title='bbox 2890 3356 3137 3428; x_wconf 86' lang='lat' dir='ltr'><strong>psallam</strong></span> <span class='ocrx_word' id='word_1_521' title='bbox 3172 3362 3225 3412; x_wconf 90' lang='lat' dir='ltr'><strong>et</strong></span> <span class='ocrx_word' id='word_1_522' title='bbox 3259 3364 3451 3413; x_wconf 83' lang='lat' dir='ltr'><strong>mente</strong></span> <span class='ocrx_word' id='word_1_523' title='bbox 3483 3361 3533 3432; x_wconf 93' lang='lat' dir='ltr'><strong>(I</strong></span> <span class='ocrx_word' id='word_1_524' title='bbox 3586 3359 3706 3417; x_wconf 85' lang='lat' dir='ltr'><strong>Cor.</strong></span> 
     </span>
    </p>
   </div>
   <div class='ocr_carea' id='block_1_66' title="bbox 308 3441 1954 3516">
    <p class='ocr_par' dir='ltr' id='par_1_66' title="bbox 308 3441 1954 3516">
     <span class='ocr_line' id='line_1_67' title="bbox 308 3441 1954 3516; baseline 0.001 -15"><span class='ocrx_word' id='word_1_525' title='bbox 308 3442 597 3501; x_wconf 85' lang='lat' dir='ltr'><strong>Dominus</strong></span> <span class='ocrx_word' id='word_1_526' title='bbox 625 3459 660 3498; x_wconf 90' lang='lat' dir='ltr'><strong>a</strong></span> <span class='ocrx_word' id='word_1_527' title='bbox 684 3441 986 3499; x_wconf 79' lang='lat' dir='ltr'><strong>sacrificiis</strong></span> <span class='ocrx_word' id='word_1_528' title='bbox 1016 3441 1357 3510; x_wconf 87' lang='lat' dir='ltr'><strong>hominis,et</strong></span> <span class='ocrx_word' id='word_1_529' title='bbox 1388 3447 1592 3516; x_wconf 88' lang='lat' dir='ltr'><strong>postea</strong></span> <span class='ocrx_word' id='word_1_530' title='bbox 1616 3445 1954 3503; x_wconf 86' lang='lat' dir='ltr'><strong>reconcilia-</strong></span> 
     </span>
    </p>
   </div>
   <div class='ocr_carea' id='block_1_67' title="bbox 306 3530 1867 3606">
    <p class='ocr_par' dir='ltr' id='par_1_67' title="bbox 306 3530 1867 3606">
     <span class='ocr_line' id='line_1_68' title="bbox 306 3530 1867 3606; baseline 0.001 -16"><span class='ocrx_word' id='word_1_531' title='bbox 306 3539 427 3603; x_wconf 85' lang='lat' dir='ltr'><strong>tus,</strong></span> <span class='ocrx_word' id='word_1_532' title='bbox 459 3535 526 3587; x_wconf 91' lang='lat' dir='ltr'><strong>ut</strong></span> <span class='ocrx_word' id='word_1_533' title='bbox 557 3530 840 3604; x_wconf 87' lang='lat' dir='ltr'><strong>respicere</strong></span> <span class='ocrx_word' id='word_1_534' title='bbox 873 3531 931 3589; x_wconf 89' lang='lat' dir='ltr'><strong>in</strong></span> <span class='ocrx_word' id='word_1_535' title='bbox 964 3537 1165 3587; x_wconf 85' lang='lat' dir='ltr'><strong>nostra</strong></span> <span class='ocrx_word' id='word_1_536' title='bbox 1194 3531 1481 3588; x_wconf 85' lang='lat' dir='ltr'><strong>sacriﬁcia</strong></span> <span class='ocrx_word' id='word_1_537' title='bbox 1509 3532 1867 3606; x_wconf 86' lang='lat' dir='ltr'><strong>dignaretur.</strong></span> 
     </span>
    </p>
   </div>
   <div class='ocr_carea' id='block_1_68' title="bbox 368 3620 1956 3693">
    <p class='ocr_par' dir='ltr' id='par_1_68' title="bbox 368 3620 1956 3693">
     <span class='ocr_line' id='line_1_69' title="bbox 368 3620 1956 3693; baseline 0.003 -16"><span class='ocrx_word' id='word_1_538' title='bbox 368 3621 466 3677; x_wconf 34' lang='lat'><strong>.34.</strong></span> <span class='ocrx_word' id='word_1_539' title='bbox 503 3620 638 3677; x_wconf 90' lang='lat' dir='ltr'><strong>Ideo</strong></span> <span class='ocrx_word' id='word_1_540' title='bbox 666 3635 802 3693; x_wconf 89' lang='lat' dir='ltr'><strong>ergo</strong></span> <span class='ocrx_word' id='word_1_541' title='bbox 834 3637 1078 3677; x_wconf 89' lang='lat' dir='ltr'><strong>securus</strong></span> <span class='ocrx_word' id='word_1_542' title='bbox 1108 3620 1306 3688; x_wconf 81' lang='lat' dir='ltr'><strong>intrat,</strong></span> <span class='ocrx_word' id='word_1_543' title='bbox 1342 3621 1439 3693; x_wconf 89' lang='lat' dir='ltr'><strong>qui</strong></span> <span class='ocrx_word' id='word_1_544' title='bbox 1473 3621 1543 3677; x_wconf 90' lang='lat' dir='ltr'><strong>ad</strong></span> <span class='ocrx_word' id='word_1_545' title='bbox 1578 3621 1811 3679; x_wconf 89' lang='lat' dir='ltr'><strong>Domini</strong></span> <span class='ocrx_word' id='word_1_546' title='bbox 1866 3622 1956 3681; x_wconf 87' lang='lat' dir='ltr'><strong>in-</strong></span> 
     </span>
    </p>
   </div>
   <div class='ocr_carea' id='block_1_69' title="bbox 306 3708 1953 3785">
    <p class='ocr_par' dir='ltr' id='par_1_69' title="bbox 306 3708 1953 3785">
     <span class='ocr_line' id='line_1_70' title="bbox 306 3708 1953 3785; baseline 0.001 -19"><span class='ocrx_word' id='word_1_547' title='bbox 306 3710 575 3785; x_wconf 88' lang='lat' dir='ltr'><strong>greditur</strong></span> <span class='ocrx_word' id='word_1_548' title='bbox 599 3709 1082 3766; x_wconf 87' lang='lat' dir='ltr'><strong>misericordiam.</strong></span> <span class='ocrx_word' id='word_1_549' title='bbox 1118 3708 1379 3782; x_wconf 84' lang='lat' dir='ltr'><strong>Denique</strong></span> <span class='ocrx_word' id='word_1_550' title='bbox 1410 3709 1563 3766; x_wconf 89' lang='lat' dir='ltr'><strong>bono</strong></span> <span class='ocrx_word' id='word_1_551' title='bbox 1597 3728 1761 3768; x_wconf 88' lang='lat' dir='ltr'><strong>servo</strong></span> <span class='ocrx_word' id='word_1_552' title='bbox 1811 3712 1953 3770; x_wconf 90' lang='lat' dir='ltr'><strong>dici-</strong></span> 
     </span>
    </p>
   </div>
   <div class='ocr_carea' id='block_1_70' title="bbox 307 3798 1955 3873">
    <p class='ocr_par' dir='ltr' id='par_1_70' title="bbox 307 3798 1955 3873">
     <span class='ocr_line' id='line_1_71' title="bbox 307 3798 1955 3873; baseline 0 -17"><span class='ocrx_word' id='word_1_553' title='bbox 307 3806 408 3856; x_wconf 88' lang='lat' dir='ltr'><strong>tur</strong></span> <span class='ocrx_word' id='word_1_554' title='bbox 438 3816 452 3855; x_wconf 87' lang='lat'><strong>:</strong></span> <span class='ocrx_word' id='word_1_555' title='bbox 488 3822 517 3849; x_wconf 85' lang='grc'>‹‹</span> <span class='ocrx_word' id='word_1_556' title='bbox 548 3800 707 3856; x_wconf 87' lang='lat' dir='ltr'><strong>Intra</strong></span> <span class='ocrx_word' id='word_1_557' title='bbox 732 3798 789 3854; x_wconf 90' lang='lat' dir='ltr'><strong>in</strong></span> <span class='ocrx_word' id='word_1_558' title='bbox 821 3800 1102 3872; x_wconf 84' lang='lat' dir='ltr'><strong>gaudium</strong></span> <span class='ocrx_word' id='word_1_559' title='bbox 1151 3798 1384 3855; x_wconf 89' lang='lat' dir='ltr'><strong>Domini</strong></span> <span class='ocrx_word' id='word_1_560' title='bbox 1415 3799 1500 3855; x_wconf 91' lang='lat' dir='ltr'><strong>tui</strong></span> <span class='ocrx_word' id='word_1_561' title='bbox 1559 3800 1762 3873; x_wconf 72' lang='lat' dir='ltr'><strong>(Matth.</strong></span> <span class='ocrx_word' id='word_1_562' title='bbox 1824 3819 1955 3872; x_wconf 86' lang='lat' dir='ltr'><strong>xxv,</strong></span> 
     </span>
    </p>
   </div>
   <div class='ocr_carea' id='block_1_71' title="bbox 305 3885 1955 3962">
    <p class='ocr_par' dir='ltr' id='par_1_71' title="bbox 305 3885 1955 3962">
     <span class='ocr_line' id='line_1_72' title="bbox 305 3885 1955 3962; baseline 0.002 -18"><span class='ocrx_word' id='word_1_563' title='bbox 305 3889 421 3962; x_wconf 84' lang='lat' dir='ltr'><strong>2t),</strong></span> <span class='ocrx_word' id='word_1_564' title='bbox 458 3911 485 3939; x_wconf 78' lang='grc'><strong>››</strong></span> <span class='ocrx_word' id='word_1_565' title='bbox 526 3889 608 3945; x_wconf 90' lang='lat' dir='ltr'><strong>De</strong></span> <span class='ocrx_word' id='word_1_566' title='bbox 633 3904 798 3945; x_wconf 91' lang='lat' dir='ltr'><strong>servo</strong></span> <span class='ocrx_word' id='word_1_567' title='bbox 828 3892 1024 3945; x_wconf 87' lang='lat' dir='ltr'><strong>autem</strong></span> <span class='ocrx_word' id='word_1_568' title='bbox 1057 3904 1311 3960; x_wconf 85' lang='lat' dir='ltr'><strong>nequam</strong></span> <span class='ocrx_word' id='word_1_569' title='bbox 1365 3885 1579 3945; x_wconf 90' lang='lat' dir='ltr'><strong>dicitur</strong></span> <span class='ocrx_word' id='word_1_570' title='bbox 1610 3905 1623 3944; x_wconf 88' lang='lat'><strong>:</strong></span> <span class='ocrx_word' id='word_1_571' title='bbox 1660 3911 1688 3940; x_wconf 87' lang='grc'><strong>‹‹</strong></span> <span class='ocrx_word' id='word_1_572' title='bbox 1745 3890 1955 3949; x_wconf 90' lang='lat' dir='ltr'><strong>Tollite</strong></span> 
     </span>
    </p>
   </div>
   <div class='ocr_carea' id='block_1_72' title="bbox 309 3976 1958 4051">
    <p class='ocr_par' dir='ltr' id='par_1_72' title="bbox 309 3976 1958 4051">
     <span class='ocr_line' id='line_1_73' title="bbox 309 3976 1958 4051; baseline 0.001 -17"><span class='ocrx_word' id='word_1_573' title='bbox 309 3978 480 4034; x_wconf 90' lang='lat' dir='ltr'><strong>illum</strong></span> <span class='ocrx_word' id='word_1_574' title='bbox 514 3976 572 4033; x_wconf 90' lang='lat' dir='ltr'><strong>in</strong></span> <span class='ocrx_word' id='word_1_575' title='bbox 594 3976 865 4035; x_wconf 88' lang='lat' dir='ltr'><strong>tenebras</strong></span> <span class='ocrx_word' id='word_1_576' title='bbox 895 3977 1206 4034; x_wconf 71' lang='lat' dir='ltr'><strong>exteriores</strong></span> <span class='ocrx_word' id='word_1_577' title='bbox 1236 3976 1393 4047; x_wconf 79' lang='lat' dir='ltr'><strong>(Ibid.</strong></span> <span class='ocrx_word' id='word_1_578' title='bbox 1450 3977 1562 4051; x_wconf 93' lang='lat'><strong>30).</strong></span> <span class='ocrx_word' id='word_1_579' title='bbox 1624 4001 1654 4028; x_wconf 85' lang='lat'>»</span> <span class='ocrx_word' id='word_1_580' title='bbox 1712 3980 1845 4036; x_wconf 90' lang='lat' dir='ltr'><strong>Ideo</strong></span> <span class='ocrx_word' id='word_1_581' title='bbox 1900 3985 1958 4038; x_wconf 90' lang='lat' dir='ltr'><strong>et</strong></span> 
     </span>
    </p>
   </div>
   <div class='ocr_carea' id='block_1_73' title="bbox 303 4065 1952 4142">
    <p class='ocr_par' dir='ltr' id='par_1_73' title="bbox 303 4065 1952 4142">
     <span class='ocr_line' id='line_1_74' title="bbox 303 4065 1952 4142; baseline 0.001 -18"><span class='ocrx_word' id='word_1_582' title='bbox 303 4068 493 4124; x_wconf 87' lang='lat' dir='ltr'><strong>Adam</strong></span> <span class='ocrx_word' id='word_1_583' title='bbox 523 4068 783 4140; x_wconf 88' lang='lat' dir='ltr'><strong>dejectus</strong></span> <span class='ocrx_word' id='word_1_584' title='bbox 813 4066 883 4122; x_wconf 90' lang='lat' dir='ltr'><strong>de</strong></span> <span class='ocrx_word' id='word_1_585' title='bbox 907 4066 1095 4140; x_wconf 86' lang='lat' dir='ltr'><strong>patria</strong></span> <span class='ocrx_word' id='word_1_586' title='bbox 1116 4065 1336 4124; x_wconf 76' lang='lat' dir='ltr'><strong>cmlesti</strong></span> <span class='ocrx_word' id='word_1_587' title='bbox 1375 4071 1431 4124; x_wconf 89' lang='lat' dir='ltr'><strong>et</strong></span> <span class='ocrx_word' id='word_1_588' title='bbox 1458 4066 1561 4125; x_wconf 82' lang='lat' dir='ltr'><strong>illa</strong></span> <span class='ocrx_word' id='word_1_589' title='bbox 1591 4069 1729 4126; x_wconf 87' lang='lat' dir='ltr'><strong>sede</strong></span> <span class='ocrx_word' id='word_1_590' title='bbox 1784 4086 1952 4142; x_wconf 86' lang='lat' dir='ltr'><strong>para-</strong></span> 
     </span>
    </p>
   </div>
   <div class='ocr_carea' id='block_1_74' title="bbox 303 4154 1954 4233">
    <p class='ocr_par' dir='ltr' id='par_1_74' title="bbox 303 4154 1954 4233">
     <span class='ocr_line' id='line_1_75' title="bbox 303 4154 1954 4233; baseline 0.001 -19"><span class='ocrx_word' id='word_1_591' title='bbox 303 4156 444 4223; x_wconf 88' lang='lat' dir='ltr'><strong>disi,</strong></span> <span class='ocrx_word' id='word_1_592' title='bbox 478 4156 537 4213; x_wconf 92' lang='lat' dir='ltr'><strong>in</strong></span> <span class='ocrx_word' id='word_1_593' title='bbox 566 4154 824 4212; x_wconf 88' lang='lat' dir='ltr'><strong>insulam</strong></span> <span class='ocrx_word' id='word_1_594' title='bbox 857 4156 1075 4229; x_wconf 87' lang='lat' dir='ltr'><strong>peccati</strong></span> <span class='ocrx_word' id='word_1_595' title='bbox 1106 4160 1197 4213; x_wconf 89' lang='lat' dir='ltr'><strong>est</strong></span> <span class='ocrx_word' id='word_1_596' title='bbox 1227 4155 1539 4229; x_wconf 86' lang='lat' dir='ltr'><strong>relegatus.</strong></span> <span class='ocrx_word' id='word_1_597' title='bbox 1594 4157 1767 4214; x_wconf 86' lang='lat' dir='ltr'><strong>Recte</strong></span> <span class='ocrx_word' id='word_1_598' title='bbox 1817 4175 1954 4233; x_wconf 88' lang='lat' dir='ltr'><strong>ergo</strong></span> 
     </span>
    </p>
   </div>
   <div class='ocr_carea' id='block_1_75' title="bbox 301 4244 1953 4319">
    <p class='ocr_par' dir='ltr' id='par_1_75' title="bbox 301 4244 1953 4319">
     <span class='ocr_line' id='line_1_76' title="bbox 301 4244 1953 4319; baseline 0.001 -17"><span class='ocrx_word' id='word_1_599' title='bbox 301 4245 449 4302; x_wconf 90' lang='lat' dir='ltr'><strong>dicit</strong></span> <span class='ocrx_word' id='word_1_600' title='bbox 481 4245 781 4317; x_wconf 89' lang='lat' dir='ltr'><strong>Scriptura</strong></span> <span class='ocrx_word' id='word_1_601' title='bbox 814 4261 826 4301; x_wconf 89' lang='lat'><strong><em>:</em></strong></span> <span class='ocrx_word' id='word_1_602' title='bbox 867 4270 888 4295; x_wconf 75' lang='grc' dir='ltr'><strong>α</strong></span> <span class='ocrx_word' id='word_1_603' title='bbox 924 4244 1324 4313; x_wconf 82' lang='lat' dir='ltr'><strong>Renovamini,</strong></span> <span class='ocrx_word' id='word_1_604' title='bbox 1377 4245 1583 4303; x_wconf 70' lang='lat' dir='ltr'><strong>insulsa</strong></span> <span class='ocrx_word' id='word_1_605' title='bbox 1651 4247 1778 4319; x_wconf 83' lang='lat' dir='ltr'><strong>(Isa.</strong></span> <span class='ocrx_word' id='word_1_606' title='bbox 1836 4265 1953 4319; x_wconf 79' lang='lat' dir='ltr'><strong>xu,</strong></span> 
     </span>
    </p>
   </div>
   <div class='ocr_carea' id='block_1_76' title="bbox 302 4334 1952 4407">
    <p class='ocr_par' dir='ltr' id='par_1_76' title="bbox 302 4334 1952 4407">
     <span class='ocr_line' id='line_1_77' title="bbox 302 4334 1952 4407; baseline 0 -14"><span class='ocrx_word' id='word_1_607' title='bbox 302 4336 380 4407; x_wconf 87' lang='grc'><strong>1).</strong></span> <span class='ocrx_word' id='word_1_608' title='bbox 404 4358 432 4384; x_wconf 84' lang='grc'><strong>››</strong></span> <span class='ocrx_word' id='word_1_609' title='bbox 447 4334 593 4399; x_wconf 89' lang='lat' dir='ltr'><strong>Quia</strong></span> <span class='ocrx_word' id='word_1_610' title='bbox 609 4338 980 4407; x_wconf 88' lang='lat' dir='ltr'><strong>peccatorum</strong></span> <span class='ocrx_word' id='word_1_611' title='bbox 1010 4334 1310 4403; x_wconf 87' lang='lat' dir='ltr'><strong>ﬂuctibus,</strong></span> <span class='ocrx_word' id='word_1_612' title='bbox 1351 4334 1505 4392; x_wconf 89' lang='lat' dir='ltr'><strong>sicut</strong></span> <span class='ocrx_word' id='word_1_613' title='bbox 1544 4335 1751 4393; x_wconf 74' lang='lat' dir='ltr'><strong>insulas</strong></span> <span class='ocrx_word' id='word_1_614' title='bbox 1783 4335 1842 4393; x_wconf 91' lang='lat' dir='ltr'><strong>in</strong></span> <span class='ocrx_word' id='word_1_615' title='bbox 1874 4337 1952 4394; x_wconf 91' lang='lat' dir='ltr'><strong>is-</strong></span> 
     </span>
    </p>
   </div>
   <div class='ocr_carea' id='block_1_77' title="bbox 303 4423 1954 4498">
    <p class='ocr_par' dir='ltr' id='par_1_77' title="bbox 303 4423 1954 4498">
     <span class='ocr_line' id='line_1_78' title="bbox 303 4423 1954 4498; baseline 0.001 -17"><span class='ocrx_word' id='word_1_616' title='bbox 303 4425 428 4482; x_wconf 88' lang='lat' dir='ltr'><strong>tius</strong></span> <span class='ocrx_word' id='word_1_617' title='bbox 451 4423 655 4480; x_wconf 86' lang='lat' dir='ltr'><strong>mundi</strong></span> <span class='ocrx_word' id='word_1_618' title='bbox 676 4424 822 4480; x_wconf 82' lang='lat' dir='ltr'><strong>freto</strong></span> <span class='ocrx_word' id='word_1_619' title='bbox 847 4423 1361 4481; x_wconf 89' lang='lat' dir='ltr'><strong>circumvenimur.</strong></span> <span class='ocrx_word' id='word_1_620' title='bbox 1390 4423 1519 4482; x_wconf 63' lang='lat' dir='ltr'><strong>Ista</strong></span> <span class='ocrx_word' id='word_1_621' title='bbox 1565 4441 1701 4498; x_wconf 89' lang='lat' dir='ltr'><strong>ergo</strong></span> <span class='ocrx_word' id='word_1_622' title='bbox 1747 4425 1954 4483; x_wconf 74' lang='lat' dir='ltr'><strong>insulsa</strong></span> 
     </span>
    </p>
   </div>
   <div class='ocr_carea' id='block_1_78' title="bbox 300 4512 1952 4588">
    <p class='ocr_par' dir='ltr' id='par_1_78' title="bbox 300 4512 1952 4588">
     <span class='ocr_line' id='line_1_79' title="bbox 300 4512 1952 4588; baseline 0.002 -20"><span class='ocrx_word' id='word_1_623' title='bbox 300 4513 744 4588; x_wconf 72' lang='lat' dir='ltr'><strong>per-adventum</strong></span> <span class='ocrx_word' id='word_1_624' title='bbox 765 4512 997 4569; x_wconf 90' lang='lat' dir='ltr'><strong>Domini</strong></span> <span class='ocrx_word' id='word_1_625' title='bbox 1020 4516 1394 4586; x_wconf 83' lang='lat' dir='ltr'><strong>peccatorum</strong></span> <span class='ocrx_word' id='word_1_626' title='bbox 1417 4512 1763 4571; x_wconf 87' lang='lat' dir='ltr'><strong>remissione</strong></span> <span class='ocrx_word' id='word_1_627' title='bbox 1787 4532 1952 4572; x_wconf 91' lang='lat' dir='ltr'><strong>reno-</strong></span> 
     </span>
    </p>
   </div>
   <div class='ocr_carea' id='block_1_79' title="bbox 2063 3442 3713 3520">
    <p class='ocr_par' dir='ltr' id='par_1_79' title="bbox 2063 3442 3713 3520">
     <span class='ocr_line' id='line_1_80' title="bbox 2063 3442 3713 3520; baseline 0.004 -22"><span class='ocrx_word' id='word_1_628' title='bbox 2063 3460 2179 3510; x_wconf 66' lang='lat' dir='ltr'><strong>xov,</strong></span> <span class='ocrx_word' id='word_1_629' title='bbox 2215 3443 2319 3514; x_wconf 86' lang='lat' dir='ltr'><strong>t5),</strong></span> <span class='ocrx_word' id='word_1_630' title='bbox 2355 3467 2376 3494; x_wconf 75' lang='grc' dir='ltr'><strong><em>ι</em></strong></span> <span class='ocrx_word' id='word_1_631' title='bbox 2414 3442 2524 3498; x_wconf 90' lang='lat' dir='ltr'><strong>nisi</strong></span> <span class='ocrx_word' id='word_1_632' title='bbox 2557 3442 2797 3500; x_wconf 88' lang='lat' dir='ltr'><strong>haberet</strong></span> <span class='ocrx_word' id='word_1_633' title='bbox 2825 3444 3129 3514; x_wconf 88' lang='lat' dir='ltr'><strong>citharam,</strong></span> <span class='ocrx_word' id='word_1_634' title='bbox 3164 3462 3290 3518; x_wconf 72' lang='lat' dir='ltr'><strong>quae</strong></span> <span class='ocrx_word' id='word_1_635' title='bbox 3323 3446 3541 3520; x_wconf 86' lang='lat' dir='ltr'><strong>plectro</strong></span> <span class='ocrx_word' id='word_1_636' title='bbox 3580 3465 3713 3504; x_wconf 85' lang='lat' dir='ltr'><strong>san-</strong></span> 
     </span>
    </p>
   </div>
   <div class='ocr_carea' id='block_1_80' title="bbox 2066 3530 3709 3605">
    <p class='ocr_par' dir='ltr' id='par_1_80' title="bbox 2066 3530 3709 3605">
     <span class='ocr_line' id='line_1_81' title="bbox 2066 3530 3709 3605; baseline 0.004 -18"><span class='ocrx_word' id='word_1_637' title='bbox 2066 3531 2141 3587; x_wconf 88' lang='lat' dir='ltr'><strong>cti</strong></span> <span class='ocrx_word' id='word_1_638' title='bbox 2180 3531 2437 3605; x_wconf 89' lang='lat' dir='ltr'><strong>Spiritus</strong></span> <span class='ocrx_word' id='word_1_639' title='bbox 2496 3530 2823 3589; x_wconf 85' lang='lat' dir='ltr'><strong>resultaret.</strong></span> <span class='ocrx_word' id='word_1_640' title='bbox 2886 3532 3123 3589; x_wconf 88' lang='lat' dir='ltr'><strong>Cithara</strong></span> <span class='ocrx_word' id='word_1_641' title='bbox 3177 3539 3265 3590; x_wconf 87' lang='lat' dir='ltr'><strong>est</strong></span> <span class='ocrx_word' id='word_1_642' title='bbox 3320 3552 3453 3591; x_wconf 89' lang='lat' dir='ltr'><strong>caro</strong></span> <span class='ocrx_word' id='word_1_643' title='bbox 3507 3541 3709 3594; x_wconf 83' lang='lat' dir='ltr'><strong>nostra</strong></span> 
     </span>
    </p>
   </div>
   <div class='ocr_carea' id='block_1_81' title="bbox 2065 3620 3703 3696">
    <p class='ocr_par' dir='ltr' id='par_1_81' title="bbox 2065 3620 3703 3696">
     <span class='ocr_line' id='line_1_82' title="bbox 2065 3620 3703 3696; baseline 0.003 -20"><span class='ocrx_word' id='word_1_644' title='bbox 2065 3621 2301 3692; x_wconf 90' lang='lat' dir='ltr'><strong>quando</strong></span> <span class='ocrx_word' id='word_1_645' title='bbox 2333 3624 2566 3693; x_wconf 87' lang='lat' dir='ltr'><strong>peccato</strong></span> <span class='ocrx_word' id='word_1_646' title='bbox 2598 3620 2863 3692; x_wconf 84' lang='lat' dir='ltr'><strong>moritur,</strong></span> <span class='ocrx_word' id='word_1_647' title='bbox 2898 3625 2963 3678; x_wconf 89' lang='lat' dir='ltr'><strong>ut</strong></span> <span class='ocrx_word' id='word_1_648' title='bbox 2992 3621 3107 3678; x_wconf 89' lang='lat' dir='ltr'><strong>Deo</strong></span> <span class='ocrx_word' id='word_1_649' title='bbox 3138 3624 3291 3680; x_wconf 87' lang='lat' dir='ltr'><strong>vivat</strong></span> <span class='ocrx_word' id='word_1_650' title='bbox 3318 3640 3330 3679; x_wconf 88' lang='lat'>:</span> <span class='ocrx_word' id='word_1_651' title='bbox 3366 3624 3564 3681; x_wconf 89' lang='lat' dir='ltr'><strong>cihara</strong></span> <span class='ocrx_word' id='word_1_652' title='bbox 3595 3630 3703 3696; x_wconf 87' lang='lat' dir='ltr'><strong>est,</strong></span> 
     </span>
    </p>
   </div>
   <div class='ocr_carea' id='block_1_82' title="bbox 2067 3709 3708 3788">
    <p class='ocr_par' dir='ltr' id='par_1_82' title="bbox 2067 3709 3708 3788">
     <span class='ocr_line' id='line_1_83' title="bbox 2067 3709 3708 3788; baseline 0.004 -23"><span class='ocrx_word' id='word_1_653' title='bbox 2067 3710 2303 3782; x_wconf 88' lang='lat' dir='ltr'><strong>quando</strong></span> <span class='ocrx_word' id='word_1_654' title='bbox 2334 3709 2727 3783; x_wconf 83' lang='lat' dir='ltr'><strong>septiformem</strong></span> <span class='ocrx_word' id='word_1_655' title='bbox 2750 3711 2958 3784; x_wconf 90' lang='lat' dir='ltr'><strong>accipit</strong></span> <span class='ocrx_word' id='word_1_656' title='bbox 2985 3711 3265 3784; x_wconf 89' lang='lat' dir='ltr'><strong>Spiritum</strong></span> <span class='ocrx_word' id='word_1_657' title='bbox 3300 3713 3356 3768; x_wconf 92' lang='lat' dir='ltr'><strong>in</strong></span> <span class='ocrx_word' id='word_1_658' title='bbox 3391 3714 3708 3788; x_wconf 86' lang='lat' dir='ltr'><strong>baptisma-</strong></span> 
     </span>
    </p>
   </div>
   <div class='ocr_carea' id='block_1_83' title="bbox 2067 3799 3707 3870">
    <p class='ocr_par' dir='ltr' id='par_1_83' title="bbox 2067 3799 3707 3870">
     <span class='ocr_line' id='line_1_84' title="bbox 2067 3799 3707 3870; baseline 0.002 -15"><span class='ocrx_word' id='word_1_659' title='bbox 2067 3800 2143 3855; x_wconf 90' lang='lat' dir='ltr'><strong>tis</strong></span> <span class='ocrx_word' id='word_1_660' title='bbox 2175 3802 2562 3856; x_wconf 86' lang='lat' dir='ltr'><strong>sacramento.</strong></span> <span class='ocrx_word' id='word_1_661' title='bbox 2595 3799 2850 3855; x_wconf 83' lang='lat' dir='ltr'><strong>Testudo</strong></span> <span class='ocrx_word' id='word_1_662' title='bbox 2881 3800 3036 3855; x_wconf 87' lang='lat' dir='ltr'><strong>enim</strong></span> <span class='ocrx_word' id='word_1_663' title='bbox 3057 3801 3196 3856; x_wconf 90' lang='lat' dir='ltr'><strong>dum</strong></span> <span class='ocrx_word' id='word_1_664' title='bbox 3221 3802 3381 3870; x_wconf 88' lang='lat' dir='ltr'><strong>vivit,</strong></span> <span class='ocrx_word' id='word_1_665' title='bbox 3405 3802 3528 3859; x_wconf 90' lang='lat' dir='ltr'><strong>luto</strong></span> <span class='ocrx_word' id='word_1_666' title='bbox 3561 3821 3707 3860; x_wconf 90' lang='lat' dir='ltr'><strong>mer-</strong></span> 
     </span>
    </p>
   </div>
   <div class='ocr_carea' id='block_1_84' title="bbox 2066 3887 3706 3963">
    <p class='ocr_par' dir='ltr' id='par_1_84' title="bbox 2066 3887 3706 3963">
     <span class='ocr_line' id='line_1_85' title="bbox 2066 3887 3706 3963; baseline 0.004 -20"><span class='ocrx_word' id='word_1_667' title='bbox 2066 3889 2221 3961; x_wconf 89' lang='lat' dir='ltr'><strong>gitur</strong></span> <span class='ocrx_word' id='word_1_668' title='bbox 2255 3907 2268 3944; x_wconf 89' lang='lat'><strong>:</strong></span> <span class='ocrx_word' id='word_1_669' title='bbox 2300 3887 2397 3944; x_wconf 91' lang='lat' dir='ltr'><strong>ubi</strong></span> <span class='ocrx_word' id='word_1_670' title='bbox 2429 3892 2659 3944; x_wconf 89' lang='lat' dir='ltr'><strong>mortua</strong></span> <span class='ocrx_word' id='word_1_671' title='bbox 2689 3888 2881 3957; x_wconf 86' lang='lat' dir='ltr'><strong>fuerit,</strong></span> <span class='ocrx_word' id='word_1_672' title='bbox 2915 3894 3145 3963; x_wconf 84' lang='lat' dir='ltr'><strong>tegmen</strong></span> <span class='ocrx_word' id='word_1_673' title='bbox 3176 3892 3304 3962; x_wconf 81' lang='lat' dir='ltr'><strong>ejus</strong></span> <span class='ocrx_word' id='word_1_674' title='bbox 3355 3897 3591 3963; x_wconf 81' lang='lat' dir='ltr'><strong>aptatur</strong></span> <span class='ocrx_word' id='word_1_675' title='bbox 3646 3894 3706 3948; x_wconf 90' lang='lat' dir='ltr'><strong>in</strong></span> 
     </span>
    </p>
   </div>
   <div class='ocr_carea' id='block_1_85' title="bbox 2066 3977 3707 4055">
    <p class='ocr_par' dir='ltr' id='par_1_85' title="bbox 2066 3977 3707 4055">
     <span class='ocr_line' id='line_1_86' title="bbox 2066 3977 3707 4055; baseline 0.002 -21"><span class='ocrx_word' id='word_1_676' title='bbox 2066 3993 2241 4034; x_wconf 89' lang='lat' dir='ltr'><strong>usum</strong></span> <span class='ocrx_word' id='word_1_677' title='bbox 2273 3977 2539 4046; x_wconf 84' lang='lat' dir='ltr'><strong>canendi,</strong></span> <span class='ocrx_word' id='word_1_678' title='bbox 2574 3982 2631 4034; x_wconf 92' lang='lat' dir='ltr'><strong>et</strong></span> <span class='ocrx_word' id='word_1_679' title='bbox 2661 3978 2766 4050; x_wconf 83' lang='lat' dir='ltr'><strong>piae</strong></span> <span class='ocrx_word' id='word_1_680' title='bbox 2797 3979 3045 4050; x_wconf 87' lang='lat' dir='ltr'><strong>gratiam</strong></span> <span class='ocrx_word' id='word_1_681' title='bbox 3073 3979 3396 4051; x_wconf 70' lang='lat' dir='ltr'><strong>disciplina!</strong></span> <span class='ocrx_word' id='word_1_682' title='bbox 3434 3999 3445 4046; x_wconf 92' lang='lat'><strong>;</strong></span> <span class='ocrx_word' id='word_1_683' title='bbox 3480 3985 3543 4035; x_wconf 88' lang='lat' dir='ltr'><strong>ut</strong></span> <span class='ocrx_word' id='word_1_684' title='bbox 3572 3998 3707 4055; x_wconf 83' lang='lat' dir='ltr'><strong>sep-</strong></span> 
     </span>
    </p>
   </div>
   <div class='ocr_carea' id='block_1_86' title="bbox 2063 4066 3698 4127">
    <p class='ocr_par' dir='ltr' id='par_1_86' title="bbox 2063 4066 3698 4127">
     <span class='ocr_line' id='line_1_87' title="bbox 2063 4066 3698 4127; baseline 0.002 -4"><span class='ocrx_word' id='word_1_685' title='bbox 2063 4071 2181 4123; x_wconf 87' lang='lat' dir='ltr'><strong>tem</strong></span> <span class='ocrx_word' id='word_1_686' title='bbox 2205 4083 2412 4123; x_wconf 89' lang='lat' dir='ltr'><strong>vocum</strong></span> <span class='ocrx_word' id='word_1_687' title='bbox 2440 4066 2782 4123; x_wconf 85' lang='lat' dir='ltr'><strong>discrimina</strong></span> <span class='ocrx_word' id='word_1_688' title='bbox 2802 4067 3064 4123; x_wconf 88' lang='lat' dir='ltr'><strong>numeris</strong></span> <span class='ocrx_word' id='word_1_689' title='bbox 3087 4067 3530 4125; x_wconf 86' lang='lat' dir='ltr'><strong>modulantibus</strong></span> <span class='ocrx_word' id='word_1_690' title='bbox 3546 4069 3698 4127; x_wconf 89' lang='lat' dir='ltr'><strong>oblo-</strong></span> 
     </span>
    </p>
   </div>
   <div class='ocr_carea' id='block_1_87' title="bbox 2066 4154 3708 4229">
    <p class='ocr_par' dir='ltr' id='par_1_87' title="bbox 2066 4154 3708 4229">
     <span class='ocr_line' id='line_1_88' title="bbox 2066 4154 3708 4229; baseline 0.003 -19"><span class='ocrx_word' id='word_1_691' title='bbox 2066 4159 2299 4229; x_wconf 86' lang='lat' dir='ltr'><strong>quatur.</strong></span> <span class='ocrx_word' id='word_1_692' title='bbox 2333 4154 2612 4212; x_wconf 89' lang='lat' dir='ltr'><strong>Similiter</strong></span> <span class='ocrx_word' id='word_1_693' title='bbox 2641 4172 2774 4211; x_wconf 90' lang='lat' dir='ltr'><strong>caro</strong></span> <span class='ocrx_word' id='word_1_694' title='bbox 2829 4159 3050 4224; x_wconf 87' lang='lat' dir='ltr'><strong>nostra,</strong></span> <span class='ocrx_word' id='word_1_695' title='bbox 3105 4155 3154 4211; x_wconf 89' lang='lat' dir='ltr'><strong>si</strong></span> <span class='ocrx_word' id='word_1_696' title='bbox 3212 4156 3366 4211; x_wconf 87' lang='lat' dir='ltr'><strong>vivat</strong></span> <span class='ocrx_word' id='word_1_697' title='bbox 3414 4155 3708 4216; x_wconf 87' lang='lat' dir='ltr'><strong>illecebris</strong></span> 
     </span>
    </p>
   </div>
   <div class='ocr_carea' id='block_1_88' title="bbox 2064 4242 3708 4320">
    <p class='ocr_par' dir='ltr' id='par_1_88' title="bbox 2064 4242 3708 4320">
     <span class='ocr_line' id='line_1_89' title="bbox 2064 4242 3708 4320; baseline 0.002 -19"><span class='ocrx_word' id='word_1_698' title='bbox 2064 4242 2481 4318; x_wconf 88' lang='lat' dir='ltr'><strong>corporalibus.</strong></span> <span class='ocrx_word' id='word_1_699' title='bbox 2516 4243 2572 4299; x_wconf 89' lang='lat' dir='ltr'><strong>in</strong></span> <span class='ocrx_word' id='word_1_700' title='bbox 2607 4245 2860 4316; x_wconf 86' lang='lat' dir='ltr'><strong>quodam</strong></span> <span class='ocrx_word' id='word_1_701' title='bbox 2893 4260 3056 4300; x_wconf 76' lang='lat' dir='ltr'><strong>como</strong></span> <span class='ocrx_word' id='word_1_702' title='bbox 3110 4243 3265 4301; x_wconf 87' lang='lat' dir='ltr'><strong>vivat</strong></span> <span class='ocrx_word' id='word_1_703' title='bbox 3321 4250 3378 4301; x_wconf 89' lang='lat' dir='ltr'><strong>et</strong></span> <span class='ocrx_word' id='word_1_704' title='bbox 3432 4247 3708 4320; x_wconf 87' lang='lat' dir='ltr'><strong>voragine</strong></span> 
     </span>
    </p>
   </div>
   <div class='ocr_carea' id='block_1_89' title="bbox 2062 4331 3709 4407">
    <p class='ocr_par' dir='ltr' id='par_1_89' title="bbox 2062 4331 3709 4407">
     <span class='ocr_line' id='line_1_90' title="bbox 2062 4331 3709 4407; baseline 0.001 -18"><span class='ocrx_word' id='word_1_705' title='bbox 2062 4333 2451 4406; x_wconf 85' lang='lat' dir='ltr'><strong>voluptatum.</strong></span> <span class='ocrx_word' id='word_1_706' title='bbox 2486 4331 2545 4387; x_wconf 81' lang='lat' dir='ltr'><strong>Si</strong></span> <span class='ocrx_word' id='word_1_707' title='bbox 2578 4332 2820 4389; x_wconf 70' lang='lat' dir='ltr'><strong>luxuria:</strong></span> <span class='ocrx_word' id='word_1_708' title='bbox 2878 4334 3165 4389; x_wconf 88' lang='lat' dir='ltr'><strong>moriatur</strong></span> <span class='ocrx_word' id='word_1_709' title='bbox 3230 4338 3402 4407; x_wconf 90' lang='lat' dir='ltr'><strong>atque</strong></span> <span class='ocrx_word' id='word_1_710' title='bbox 3459 4336 3709 4393; x_wconf 86' lang='lat' dir='ltr'><strong>inconti-</strong></span> 
     </span>
    </p>
   </div>
   <div class='ocr_carea' id='block_1_90' title="bbox 2066 4422 3710 4493">
    <p class='ocr_par' dir='ltr' id='par_1_90' title="bbox 2066 4422 3710 4493">
     <span class='ocr_line' id='line_1_91' title="bbox 2066 4422 3710 4493; baseline 0 -13"><span class='ocrx_word' id='word_1_711' title='bbox 2066 4424 2294 4493; x_wconf 67' lang='lat' dir='ltr'><strong>nentiae,</strong></span> <span class='ocrx_word' id='word_1_712' title='bbox 2328 4426 2469 4479; x_wconf 91' lang='lat' dir='ltr'><strong>tunc</strong></span> <span class='ocrx_word' id='word_1_713' title='bbox 2496 4438 2694 4478; x_wconf 87' lang='lat' dir='ltr'><strong>veram</strong></span> <span class='ocrx_word' id='word_1_714' title='bbox 2726 4422 2905 4479; x_wconf 88' lang='lat' dir='ltr'><strong>vitam</strong></span> <span class='ocrx_word' id='word_1_715' title='bbox 2943 4423 3207 4490; x_wconf 88' lang='lat' dir='ltr'><strong>resumit,</strong></span> <span class='ocrx_word' id='word_1_716' title='bbox 3240 4427 3379 4479; x_wconf 87' lang='lat' dir='ltr'><strong>tunc</strong></span> <span class='ocrx_word' id='word_1_717' title='bbox 3409 4424 3577 4481; x_wconf 85' lang='lat' dir='ltr'><strong>edere</strong></span> <span class='ocrx_word' id='word_1_718' title='bbox 3623 4424 3710 4480; x_wconf 92' lang='lat' dir='ltr'><strong>in-</strong></span> 
     </span>
    </p>
   </div>
   <div class='ocr_carea' id='block_1_91' title="bbox 2066 4508 3711 4586">
    <p class='ocr_par' dir='ltr' id='par_1_91' title="bbox 2066 4508 3711 4586">
     <span class='ocr_line' id='line_1_92' title="bbox 2066 4508 3711 4586; baseline 0.001 -18"><span class='ocrx_word' id='word_1_719' title='bbox 2066 4512 2208 4586; x_wconf 84' lang='lat' dir='ltr'><strong>cipit</strong></span> <span class='ocrx_word' id='word_1_720' title='bbox 2235 4512 2522 4568; x_wconf 88' lang='lat' dir='ltr'><strong>bonorum</strong></span> <span class='ocrx_word' id='word_1_721' title='bbox 2551 4528 2791 4583; x_wconf 89' lang='lat' dir='ltr'><strong>operum</strong></span> <span class='ocrx_word' id='word_1_722' title='bbox 2826 4508 2996 4566; x_wconf 90' lang='lat' dir='ltr'><strong>dulce</strong></span> <span class='ocrx_word' id='word_1_723' title='bbox 3053 4511 3451 4569; x_wconf 88' lang='lat' dir='ltr'><strong>modulamen.</strong></span> <span class='ocrx_word' id='word_1_724' title='bbox 3510 4513 3711 4571; x_wconf 89' lang='lat' dir='ltr'><strong>Dulcis</strong></span> 
     </span>
    </p>
   </div>
   <div class='ocr_carea' id='block_1_92' title="bbox 301 4599 3708 4686">
    <p class='ocr_par' dir='ltr' id='par_1_92' title="bbox 301 4599 3708 4686">
     <span class='ocr_line' id='line_1_93' title="bbox 301 4599 3708 4686; baseline -0.001 -26"><span class='ocrx_word' id='word_1_725' title='bbox 301 4606 451 4660; x_wconf 73' lang='lat' dir='ltr'><strong>vataa</strong></span> <span class='ocrx_word' id='word_1_726' title='bbox 494 4607 652 4671; x_wconf 87' lang='lat' dir='ltr'><strong>sunt,</strong></span> <span class='ocrx_word' id='word_1_727' title='bbox 684 4602 743 4657; x_wconf 90' lang='lat' dir='ltr'><strong>id</strong></span> <span class='ocrx_word' id='word_1_728' title='bbox 785 4606 895 4669; x_wconf 91' lang='lat' dir='ltr'><strong>est,</strong></span> <span class='ocrx_word' id='word_1_729' title='bbox 928 4601 1194 4658; x_wconf 86' lang='lat' dir='ltr'><strong>homines</strong></span> <span class='ocrx_word' id='word_1_730' title='bbox 1216 4601 1275 4657; x_wconf 93' lang='lat' dir='ltr'><strong>in</strong></span> <span class='ocrx_word' id='word_1_731' title='bbox 1298 4600 1550 4671; x_wconf 89' lang='lat' dir='ltr'><strong>lavacro,</strong></span> <span class='ocrx_word' id='word_1_732' title='bbox 1583 4603 1759 4660; x_wconf 89' lang='lat' dir='ltr'><strong>medii</strong></span> <span class='ocrx_word' id='word_1_733' title='bbox 1803 4603 1959 4662; x_wconf 89' lang='lat' dir='ltr'><strong>inter</strong></span> <span class='ocrx_word' id='word_1_734' title='bbox 1984 4620 2031 4686; x_wconf 83' lang='lat' dir='ltr'><strong>D</strong></span> <span class='ocrx_word' id='word_1_735' title='bbox 2064 4619 2245 4659; x_wconf 87' lang='lat' dir='ltr'><strong>sonus</strong></span> <span class='ocrx_word' id='word_1_736' title='bbox 2289 4604 2371 4658; x_wconf 85' lang='lat' dir='ltr'><strong>est</strong></span> <span class='ocrx_word' id='word_1_737' title='bbox 2418 4601 2779 4658; x_wconf 65' lang='lat' dir='ltr'><strong>castimoniae</strong></span> <span class='ocrx_word' id='word_1_738' title='bbox 2813 4619 2826 4656; x_wconf 88' lang='lat'><strong>:</strong></span> <span class='ocrx_word' id='word_1_739' title='bbox 2886 4599 3076 4657; x_wconf 87' lang='lat' dir='ltr'><strong>dulcis</strong></span> <span class='ocrx_word' id='word_1_740' title='bbox 3134 4619 3316 4659; x_wconf 89' lang='lat' dir='ltr'><strong>sonus</strong></span> <span class='ocrx_word' id='word_1_741' title='bbox 3374 4602 3708 4659; x_wconf 86' lang='lat' dir='ltr'><strong>timentium</strong></span> 
     </span>
    </p>
   </div>
   <div class='ocr_carea' id='block_1_93' title="bbox 303 4688 1950 4764">
    <p class='ocr_par' dir='ltr' id='par_1_93' title="bbox 303 4688 1950 4764">
     <span class='ocr_line' id='line_1_94' title="bbox 303 4688 1950 4764; baseline 0.002 -18"><span class='ocrx_word' id='word_1_742' title='bbox 303 4707 495 4764; x_wconf 80' lang='lat' dir='ltr'><strong>aquas</strong></span> <span class='ocrx_word' id='word_1_743' title='bbox 506 4690 675 4764; x_wconf 84' lang='lat' dir='ltr'><strong>quasi</strong></span> <span class='ocrx_word' id='word_1_744' title='bbox 689 4688 897 4747; x_wconf 83' lang='lat' dir='ltr'><strong>insulae</strong></span> <span class='ocrx_word' id='word_1_745' title='bbox 911 4689 1645 4759; x_wconf 83' lang='lat' dir='ltr'><strong>constituti,tundebantur</strong></span> <span class='ocrx_word' id='word_1_746' title='bbox 1658 4692 1950 4750; x_wconf 88' lang='lat' dir='ltr'><strong>undarum</strong></span> 
     </span>
    </p>
   </div>
   <div class='ocr_carea' id='block_1_94' title="bbox 302 4779 1956 4854">
    <p class='ocr_par' dir='ltr' id='par_1_94' title="bbox 302 4779 1956 4854">
     <span class='ocr_line' id='line_1_95' title="bbox 302 4779 1956 4854; baseline -0.001 -16"><span class='ocrx_word' id='word_1_747' title='bbox 302 4780 571 4838; x_wconf 84' lang='lat' dir='ltr'><strong>molibus</strong></span> <span class='ocrx_word' id='word_1_748' title='bbox 584 4779 739 4836; x_wconf 86' lang='lat' dir='ltr'><strong>sicut</strong></span> <span class='ocrx_word' id='word_1_749' title='bbox 755 4779 983 4845; x_wconf 75' lang='lat' dir='ltr'><strong>insulae,</strong></span> <span class='ocrx_word' id='word_1_750' title='bbox 1003 4779 1237 4837; x_wconf 86' lang='lat' dir='ltr'><strong>sonoris</strong></span> <span class='ocrx_word' id='word_1_751' title='bbox 1256 4785 1625 4854; x_wconf 88' lang='lat' dir='ltr'><strong>peccatorum</strong></span> <span class='ocrx_word' id='word_1_752' title='bbox 1652 4780 1956 4839; x_wconf 87' lang='lat' dir='ltr'><strong>relidenti-</strong></span> 
     </span>
    </p>
   </div>
   <div class='ocr_carea' id='block_1_95' title="bbox 300 4867 1957 4943">
    <p class='ocr_par' dir='ltr' id='par_1_95' title="bbox 300 4867 1957 4943">
     <span class='ocr_line' id='line_1_96' title="bbox 300 4867 1957 4943; baseline -0.001 -16"><span class='ocrx_word' id='word_1_753' title='bbox 300 4870 417 4927; x_wconf 89' lang='lat' dir='ltr'><strong>bus</strong></span> <span class='ocrx_word' id='word_1_754' title='bbox 438 4868 717 4926; x_wconf 84' lang='lat' dir='ltr'><strong>ﬂuctibus</strong></span> <span class='ocrx_word' id='word_1_755' title='bbox 764 4869 917 4925; x_wconf 91' lang='lat' dir='ltr'><strong>sicut</strong></span> <span class='ocrx_word' id='word_1_756' title='bbox 969 4867 1195 4938; x_wconf 73' lang='lat' dir='ltr'><strong>insulae,</strong></span> <span class='ocrx_word' id='word_1_757' title='bbox 1231 4869 1290 4924; x_wconf 93' lang='lat' dir='ltr'><strong>in</strong></span> <span class='ocrx_word' id='word_1_758' title='bbox 1349 4870 1563 4941; x_wconf 88' lang='lat' dir='ltr'><strong>quibus</strong></span> <span class='ocrx_word' id='word_1_759' title='bbox 1610 4874 1766 4943; x_wconf 88' lang='lat' dir='ltr'><strong>ante,</strong></span> <span class='ocrx_word' id='word_1_760' title='bbox 1798 4870 1957 4927; x_wconf 89' lang='lat' dir='ltr'><strong>velut</strong></span> 
     </span>
    </p>
   </div>
   <div class='ocr_carea' id='block_1_96' title="bbox 299 4956 1953 5030">
    <p class='ocr_par' dir='ltr' id='par_1_96' title="bbox 299 4956 1953 5030">
     <span class='ocr_line' id='line_1_97' title="bbox 299 4956 1953 5030; baseline 0.001 -15"><span class='ocrx_word' id='word_1_761' title='bbox 299 4958 581 5015; x_wconf 84' lang='lat' dir='ltr'><strong>fraudum</strong></span> <span class='ocrx_word' id='word_1_762' title='bbox 608 4956 888 5030; x_wconf 85' lang='lat' dir='ltr'><strong>scopulis,</strong></span> <span class='ocrx_word' id='word_1_763' title='bbox 915 4961 1083 5014; x_wconf 87' lang='lat' dir='ltr'><strong>erant</strong></span> <span class='ocrx_word' id='word_1_764' title='bbox 1121 4956 1493 5030; x_wconf 88' lang='lat' dir='ltr'><strong>simplicibus</strong></span> <span class='ocrx_word' id='word_1_765' title='bbox 1549 4959 1752 5015; x_wconf 91' lang='lat' dir='ltr'><strong>crebra</strong></span> <span class='ocrx_word' id='word_1_766' title='bbox 1808 4976 1953 5016; x_wconf 91' lang='lat' dir='ltr'><strong>nau-</strong></span> 
     </span>
    </p>
   </div>
   <div class='ocr_carea' id='block_1_97' title="bbox 300 5044 1948 5122">
    <p class='ocr_par' dir='ltr' id='par_1_97' title="bbox 300 5044 1948 5122">
     <span class='ocr_line' id='line_1_98' title="bbox 300 5044 1948 5122; baseline 0 -18"><span class='ocrx_word' id='word_1_767' title='bbox 300 5047 492 5122; x_wconf 83' lang='lat' dir='ltr'><strong>fragia</strong></span> <span class='ocrx_word' id='word_1_768' title='bbox 522 5065 538 5117; x_wconf 87' lang='lat'><strong>;</strong></span> <span class='ocrx_word' id='word_1_769' title='bbox 571 5047 713 5120; x_wconf 90' lang='lat' dir='ltr'><strong>quia</strong></span> <span class='ocrx_word' id='word_1_770' title='bbox 742 5044 915 5103; x_wconf 89' lang='lat' dir='ltr'><strong>dolus</strong></span> <span class='ocrx_word' id='word_1_771' title='bbox 943 5050 1068 5103; x_wconf 88' lang='lat' dir='ltr'><strong>erat</strong></span> <span class='ocrx_word' id='word_1_772' title='bbox 1097 5046 1157 5101; x_wconf 89' lang='lat' dir='ltr'><strong>in</strong></span> <span class='ocrx_word' id='word_1_773' title='bbox 1189 5046 1383 5114; x_wconf 87' lang='lat' dir='ltr'><strong>corde,</strong></span> <span class='ocrx_word' id='word_1_774' title='bbox 1408 5046 1468 5102; x_wconf 91' lang='lat' dir='ltr'><strong>in</strong></span> <span class='ocrx_word' id='word_1_775' title='bbox 1500 5063 1599 5104; x_wconf 89' lang='lat' dir='ltr'><strong>ore</strong></span> <span class='ocrx_word' id='word_1_776' title='bbox 1628 5048 1948 5105; x_wconf 63' lang='lat' dir='ltr'><strong>blanditiae.</strong></span> 
     </span>
    </p>
   </div>
   <div class='ocr_carea' id='block_1_98' title="bbox 297 5135 1954 5210">
    <p class='ocr_par' dir='ltr' id='par_1_98' title="bbox 297 5135 1954 5210">
     <span class='ocr_line' id='line_1_99' title="bbox 297 5135 1954 5210; baseline 0.001 -18"><span class='ocrx_word' id='word_1_777' title='bbox 297 5140 379 5193; x_wconf 83' lang='lat' dir='ltr'><strong>At</strong></span> <span class='ocrx_word' id='word_1_778' title='bbox 404 5152 540 5194; x_wconf 88' lang='lat' dir='ltr'><strong>vero</strong></span> <span class='ocrx_word' id='word_1_779' title='bbox 572 5142 780 5209; x_wconf 78' lang='lat' dir='ltr'><strong>postea</strong></span> <span class='ocrx_word' id='word_1_780' title='bbox 808 5152 986 5207; x_wconf 85' lang='lat' dir='ltr'><strong>quam</strong></span> <span class='ocrx_word' id='word_1_781' title='bbox 1018 5135 1308 5192; x_wconf 88' lang='lat' dir='ltr'><strong>Dominus</strong></span> <span class='ocrx_word' id='word_1_782' title='bbox 1338 5135 1492 5193; x_wconf 70' lang='lat'><strong>652</strong></span> <span class='ocrx_word' id='word_1_783' title='bbox 1522 5136 1698 5193; x_wconf 79' lang='lat' dir='ltr'><strong>Jesus</strong></span> <span class='ocrx_word' id='word_1_784' title='bbox 1727 5136 1788 5192; x_wconf 88' lang='lat' dir='ltr'><strong>in</strong></span> <span class='ocrx_word' id='word_1_785' title='bbox 1837 5152 1954 5210; x_wconf 90' lang='lat' dir='ltr'><strong>quo</strong></span> 
     </span>
    </p>
   </div>
   <div class='ocr_carea' id='block_1_99' title="bbox 299 5223 1952 5295">
    <p class='ocr_par' dir='ltr' id='par_1_99' title="bbox 299 5223 1952 5295">
     <span class='ocr_line' id='line_1_100' title="bbox 299 5223 1952 5295; baseline -0.001 -13"><span class='ocrx_word' id='word_1_786' title='bbox 299 5224 475 5282; x_wconf 90' lang='lat' dir='ltr'><strong>dolus</strong></span> <span class='ocrx_word' id='word_1_787' title='bbox 506 5242 623 5283; x_wconf 89' lang='lat' dir='ltr'><strong>non</strong></span> <span class='ocrx_word' id='word_1_788' title='bbox 658 5228 770 5295; x_wconf 91' lang='lat' dir='ltr'><strong>est,</strong></span> <span class='ocrx_word' id='word_1_789' title='bbox 801 5224 1119 5281; x_wconf 88' lang='lat' dir='ltr'><strong>adveniens</strong></span> <span class='ocrx_word' id='word_1_790' title='bbox 1150 5224 1210 5280; x_wconf 89' lang='lat' dir='ltr'><strong>in</strong></span> <span class='ocrx_word' id='word_1_791' title='bbox 1239 5223 1400 5281; x_wconf 91' lang='lat' dir='ltr'><strong>hunc</strong></span> <span class='ocrx_word' id='word_1_792' title='bbox 1430 5225 1741 5294; x_wconf 88' lang='lat' dir='ltr'><strong>mundum,</strong></span> <span class='ocrx_word' id='word_1_793' title='bbox 1792 5224 1952 5281; x_wconf 84' lang='lat' dir='ltr'><strong>caele-</strong></span> 
     </span>
    </p>
   </div>
   <div class='ocr_carea' id='block_1_100' title="bbox 297 5312 1956 5388">
    <p class='ocr_par' dir='ltr' id='par_1_100' title="bbox 297 5312 1956 5388">
     <span class='ocr_line' id='line_1_101' title="bbox 297 5312 1956 5388; baseline -0.002 -16"><span class='ocrx_word' id='word_1_794' title='bbox 297 5314 411 5372; x_wconf 84' lang='lat' dir='ltr'><strong>stis</strong></span> <span class='ocrx_word' id='word_1_795' title='bbox 469 5313 834 5388; x_wconf 81' lang='lat' dir='ltr'><strong>expositione</strong></span> <span class='ocrx_word' id='word_1_796' title='bbox 886 5312 1159 5370; x_wconf 82' lang='lat' dir='ltr'><strong>doctrinae</strong></span> <span class='ocrx_word' id='word_1_797' title='bbox 1218 5312 1616 5373; x_wconf 85' lang='lat' dir='ltr'><strong>humanarum</strong></span> <span class='ocrx_word' id='word_1_798' title='bbox 1664 5313 1956 5386; x_wconf 84' lang='lat' dir='ltr'><strong>profunda</strong></span> 
     </span>
    </p>
   </div>
   <div class='ocr_carea' id='block_1_101' title="bbox 298 5400 1957 5475">
    <p class='ocr_par' dir='ltr' id='par_1_101' title="bbox 298 5400 1957 5475">
     <span class='ocr_line' id='line_1_102' title="bbox 298 5400 1957 5475; baseline -0.001 -15"><span class='ocrx_word' id='word_1_799' title='bbox 298 5403 589 5460; x_wconf 88' lang='lat' dir='ltr'><strong>mentium</strong></span> <span class='ocrx_word' id='word_1_800' title='bbox 620 5402 929 5471; x_wconf 87' lang='lat' dir='ltr'><strong>serenavit,</strong></span> <span class='ocrx_word' id='word_1_801' title='bbox 956 5406 1013 5459; x_wconf 90' lang='lat' dir='ltr'><strong>et</strong></span> <span class='ocrx_word' id='word_1_802' title='bbox 1033 5400 1520 5475; x_wconf 84' lang='lat' dir='ltr'><strong>tranquillitatem</strong></span> <span class='ocrx_word' id='word_1_803' title='bbox 1544 5402 1760 5459; x_wconf 87' lang='lat' dir='ltr'><strong>refudit</strong></span> <span class='ocrx_word' id='word_1_804' title='bbox 1786 5402 1957 5460; x_wconf 74' lang='lat' dir='ltr'><strong>affec-</strong></span> 
     </span>
    </p>
   </div>
   <div class='ocr_carea' id='block_1_102' title="bbox 366 5636 1955 5711">
    <p class='ocr_par' dir='ltr' id='par_1_102' title="bbox 366 5636 1955 5711">
     <span class='ocr_line' id='line_1_103' title="bbox 366 5636 1955 5711; baseline 0 -16"><span class='ocrx_word' id='word_1_805' title='bbox 366 5640 447 5709; x_wconf 79' lang='lat'><strong>(8)</strong></span> <span class='ocrx_word' id='word_1_806' title='bbox 478 5636 656 5704; x_wconf 85' lang='lat' dir='ltr'><strong>Edit.,</strong></span> <span class='ocrx_word' id='word_1_807' title='bbox 685 5652 783 5693; x_wconf 82' lang='lat' dir='ltr'><strong>nec</strong></span> <span class='ocrx_word' id='word_1_808' title='bbox 809 5638 985 5711; x_wconf 62' lang='lat' dir='ltr'><strong>fratri”</strong></span> <span class='ocrx_word' id='word_1_809' title='bbox 1004 5637 1391 5708; x_wconf 76' lang='lat' dir='ltr'><strong>germanitatis</strong></span> <span class='ocrx_word' id='word_1_810' title='bbox 1412 5637 1630 5709; x_wconf 79' lang='lat' dir='ltr'><strong>pictas:</strong></span> <span class='ocrx_word' id='word_1_811' title='bbox 1658 5652 1824 5709; x_wconf 64' lang='lat' dir='ltr'><strong>mss,</strong></span> <span class='ocrx_word' id='word_1_812' title='bbox 1857 5651 1955 5695; x_wconf 83' lang='lat' dir='ltr'><strong>nec</strong></span> 
     </span>
    </p>
   </div>
   <div class='ocr_carea' id='block_1_103' title="bbox 288 5709 1043 5786">
    <p class='ocr_par' dir='ltr' id='par_1_103' title="bbox 288 5709 1043 5786">
     <span class='ocr_line' id='line_1_104' title="bbox 288 5709 1043 5786; baseline -0.003 -17"><span class='ocrx_word' id='word_1_813' title='bbox 288 5712 495 5786; x_wconf 79' lang='lat' dir='ltr'><strong>fratris</strong></span> <span class='ocrx_word' id='word_1_814' title='bbox 523 5709 904 5785; x_wconf 71' lang='lat' dir='ltr'><strong>germanitati,</strong></span> <span class='ocrx_word' id='word_1_815' title='bbox 936 5712 1043 5767; x_wconf 87' lang='lat' dir='ltr'><strong>etc.</strong></span> 
     </span>
    </p>
   </div>
   <div class='ocr_carea' id='block_1_104' title="bbox 2065 4689 3711 4762">
    <p class='ocr_par' dir='ltr' id='par_1_104' title="bbox 2065 4689 3711 4762">
     <span class='ocr_line' id='line_1_105' title="bbox 2065 4689 3711 4762; baseline 0.001 -15"><span class='ocrx_word' id='word_1_816' title='bbox 2065 4691 2244 4747; x_wconf 91' lang='lat' dir='ltr'><strong>Deum</strong></span> <span class='ocrx_word' id='word_1_817' title='bbox 2283 4709 2295 4747; x_wconf 90' lang='lat'><strong>:</strong></span> <span class='ocrx_word' id='word_1_818' title='bbox 2332 4690 2605 4762; x_wconf 86' lang='lat' dir='ltr'><strong>denique,</strong></span> <span class='ocrx_word' id='word_1_819' title='bbox 2639 4713 2665 4740; x_wconf 88' lang='grc'><strong>‹‹</strong></span> <span class='ocrx_word' id='word_1_820' title='bbox 2702 4689 2761 4746; x_wconf 90' lang='lat' dir='ltr'><strong>in</strong></span> <span class='ocrx_word' id='word_1_821' title='bbox 2794 4707 3026 4746; x_wconf 84' lang='lat' dir='ltr'><strong>omnem</strong></span> <span class='ocrx_word' id='word_1_822' title='bbox 3058 4694 3273 4747; x_wconf 89' lang='lat' dir='ltr'><strong>terram</strong></span> <span class='ocrx_word' id='word_1_823' title='bbox 3305 4691 3479 4747; x_wconf 83' lang='lat' dir='ltr'><strong>exivit</strong></span> <span class='ocrx_word' id='word_1_824' title='bbox 3529 4708 3711 4748; x_wconf 85' lang='lat' dir='ltr'><strong>sonus</strong></span> 
     </span>
    </p>
   </div>
   <div class='ocr_carea' id='block_1_105' title="bbox 2063 4779 3709 4854">
    <p class='ocr_par' dir='ltr' id='par_1_105' title="bbox 2063 4779 3709 4854">
     <span class='ocr_line' id='line_1_106' title="bbox 2063 4779 3709 4854; baseline 0 -18"><span class='ocrx_word' id='word_1_825' title='bbox 2063 4796 2262 4836; x_wconf 86' lang='lat' dir='ltr'><strong>eorum</strong></span> <span class='ocrx_word' id='word_1_826' title='bbox 2297 4781 2469 4850; x_wconf 84' lang='lat' dir='ltr'><strong>(Psat.</strong></span> <span class='ocrx_word' id='word_1_827' title='bbox 2511 4796 2668 4848; x_wconf 85' lang='lat' dir='ltr'><strong>xvm,</strong></span> <span class='ocrx_word' id='word_1_828' title='bbox 2699 4781 2755 4849; x_wconf 88' lang='lat'><strong>5)</strong></span> <span class='ocrx_word' id='word_1_829' title='bbox 2791 4798 2804 4849; x_wconf 91' lang='lat'><strong>;</strong></span> <span class='ocrx_word' id='word_1_830' title='bbox 2840 4802 2869 4830; x_wconf 86' lang='lat'>»</span> <span class='ocrx_word' id='word_1_831' title='bbox 2901 4779 3091 4835; x_wconf 91' lang='lat' dir='ltr'><strong>dulcis</strong></span> <span class='ocrx_word' id='word_1_832' title='bbox 3114 4798 3294 4837; x_wconf 90' lang='lat' dir='ltr'><strong>sonus</strong></span> <span class='ocrx_word' id='word_1_833' title='bbox 3315 4786 3404 4836; x_wconf 88' lang='lat' dir='ltr'><strong>est</strong></span> <span class='ocrx_word' id='word_1_834' title='bbox 3427 4780 3557 4836; x_wconf 80' lang='lat' dir='ltr'><strong>fidei</strong></span> <span class='ocrx_word' id='word_1_835' title='bbox 3585 4797 3709 4854; x_wconf 69' lang='lat' dir='ltr'><strong>qua:</strong></span> 
     </span>
    </p>
   </div>
   <div class='ocr_carea' id='block_1_106' title="bbox 2064 4869 3709 4942">
    <p class='ocr_par' dir='ltr' id='par_1_106' title="bbox 2064 4869 3709 4942">
     <span class='ocr_line' id='line_1_107' title="bbox 2064 4869 3709 4942; baseline 0 -17"><span class='ocrx_word' id='word_1_836' title='bbox 2064 4869 2468 4936; x_wconf 88' lang='lat' dir='ltr'><strong>annuntiatur,</strong></span> <span class='ocrx_word' id='word_1_837' title='bbox 2502 4874 2567 4925; x_wconf 91' lang='lat' dir='ltr'><strong>ut</strong></span> <span class='ocrx_word' id='word_1_838' title='bbox 2596 4869 2883 4942; x_wconf 88' lang='lat' dir='ltr'><strong>scriptum</strong></span> <span class='ocrx_word' id='word_1_839' title='bbox 2915 4874 3005 4926; x_wconf 90' lang='lat' dir='ltr'><strong>est</strong></span> <span class='ocrx_word' id='word_1_840' title='bbox 3036 4870 3208 4940; x_wconf 85' lang='lat' dir='ltr'><strong>(Rom,</strong></span> <span class='ocrx_word' id='word_1_841' title='bbox 3244 4886 3281 4937; x_wconf 93' lang='lat'><strong>1,</strong></span> <span class='ocrx_word' id='word_1_842' title='bbox 3306 4869 3447 4940; x_wconf 90' lang='lat' dir='ltr'><strong>8),in</strong></span> <span class='ocrx_word' id='word_1_843' title='bbox 3479 4870 3709 4925; x_wconf 89' lang='lat' dir='ltr'><strong>univer-</strong></span> 
     </span>
    </p>
   </div>
   <div class='ocr_carea' id='block_1_107' title="bbox 2064 4956 3709 5022">
    <p class='ocr_par' dir='ltr' id='par_1_107' title="bbox 2064 4956 3709 5022">
     <span class='ocr_line' id='line_1_108' title="bbox 2064 4956 3709 5022; baseline -0.002 -7"><span class='ocrx_word' id='word_1_844' title='bbox 2064 4976 2129 5015; x_wconf 87' lang='lat' dir='ltr'><strong>so</strong></span> <span class='ocrx_word' id='word_1_845' title='bbox 2159 4959 2398 5015; x_wconf 88' lang='lat' dir='ltr'><strong>mundo.</strong></span> <span class='ocrx_word' id='word_1_846' title='bbox 2436 4958 2538 5015; x_wconf 87' lang='lat' dir='ltr'><strong>Hic</strong></span> <span class='ocrx_word' id='word_1_847' title='bbox 2568 4974 2750 5014; x_wconf 90' lang='lat' dir='ltr'><strong>sonus</strong></span> <span class='ocrx_word' id='word_1_848' title='bbox 2780 4976 2814 5013; x_wconf 89' lang='lat' dir='ltr'><strong>a</strong></span> <span class='ocrx_word' id='word_1_849' title='bbox 2847 4958 3015 5013; x_wconf 90' lang='lat' dir='ltr'><strong>nobis</strong></span> <span class='ocrx_word' id='word_1_850' title='bbox 3046 4961 3211 5012; x_wconf 84' lang='lat' dir='ltr'><strong>exeat</strong></span> <span class='ocrx_word' id='word_1_851' title='bbox 3242 4956 3310 5011; x_wconf 90' lang='lat' dir='ltr'><strong>ad</strong></span> <span class='ocrx_word' id='word_1_852' title='bbox 3367 4956 3572 5022; x_wconf 80' lang='lat' dir='ltr'><strong>Deum,</strong></span> <span class='ocrx_word' id='word_1_853' title='bbox 3624 4958 3709 5013; x_wconf 90' lang='lat' dir='ltr'><strong>si-</strong></span> 
     </span>
    </p>
   </div>
   <div class='ocr_carea' id='block_1_108' title="bbox 2064 5044 3706 5118">
    <p class='ocr_par' dir='ltr' id='par_1_108' title="bbox 2064 5044 3706 5118">
     <span class='ocr_line' id='line_1_109' title="bbox 2064 5044 3706 5118; baseline -0.002 -15"><span class='ocrx_word' id='word_1_854' title='bbox 2064 5052 2161 5103; x_wconf 91' lang='lat' dir='ltr'><strong>cut</strong></span> <span class='ocrx_word' id='word_1_855' title='bbox 2193 5048 2366 5102; x_wconf 88' lang='lat' dir='ltr'><strong>exivit</strong></span> <span class='ocrx_word' id='word_1_856' title='bbox 2396 5047 2573 5103; x_wconf 88' lang='lat' dir='ltr'><strong>etiam</strong></span> <span class='ocrx_word' id='word_1_857' title='bbox 2593 5064 2627 5102; x_wconf 90' lang='lat' dir='ltr'><strong>a</strong></span> <span class='ocrx_word' id='word_1_858' title='bbox 2647 5045 3271 5103; x_wconf 88' lang='lat' dir='ltr'><strong>Thessalonicensibus</strong></span> <span class='ocrx_word' id='word_1_859' title='bbox 3302 5045 3349 5115; x_wconf 86' lang='grc'><strong>(1</strong></span> <span class='ocrx_word' id='word_1_860' title='bbox 3378 5044 3527 5100; x_wconf 73' lang='lat' dir='ltr'><strong>Thes.</strong></span> <span class='ocrx_word' id='word_1_861' title='bbox 3564 5046 3706 5118; x_wconf 92' lang='lat'><strong>1,8);</strong></span> 
     </span>
    </p>
   </div>
   <div class='ocr_carea' id='block_1_109' title="bbox 2063 5133 3705 5201">
    <p class='ocr_par' dir='ltr' id='par_1_109' title="bbox 2063 5133 3705 5201">
     <span class='ocr_line' id='line_1_110' title="bbox 2063 5133 3705 5201; baseline -0.001 -10"><span class='ocrx_word' id='word_1_862' title='bbox 2063 5141 2128 5191; x_wconf 91' lang='lat' dir='ltr'><strong>ut</strong></span> <span class='ocrx_word' id='word_1_863' title='bbox 2157 5136 2331 5191; x_wconf 89' lang='lat' dir='ltr'><strong>etiam</strong></span> <span class='ocrx_word' id='word_1_864' title='bbox 2364 5152 2479 5190; x_wconf 90' lang='lat' dir='ltr'><strong>non</strong></span> <span class='ocrx_word' id='word_1_865' title='bbox 2509 5139 2784 5190; x_wconf 88' lang='lat' dir='ltr'><strong>canentes</strong></span> <span class='ocrx_word' id='word_1_866' title='bbox 2815 5150 3119 5201; x_wconf 89' lang='lat' dir='ltr'><strong>canamus,</strong></span> <span class='ocrx_word' id='word_1_867' title='bbox 3152 5137 3208 5188; x_wconf 90' lang='lat' dir='ltr'><strong>et</strong></span> <span class='ocrx_word' id='word_1_868' title='bbox 3239 5133 3527 5189; x_wconf 90' lang='lat' dir='ltr'><strong>bonorum</strong></span> <span class='ocrx_word' id='word_1_869' title='bbox 3569 5150 3705 5190; x_wconf 82' lang='lat' dir='ltr'><strong>con-</strong></span> 
     </span>
    </p>
   </div>
   <div class='ocr_carea' id='block_1_110' title="bbox 2063 5221 3707 5295">
    <p class='ocr_par' dir='ltr' id='par_1_110' title="bbox 2063 5221 3707 5295">
     <span class='ocr_line' id='line_1_111' title="bbox 2063 5221 3707 5295; baseline 0 -16"><span class='ocrx_word' id='word_1_870' title='bbox 2063 5228 2235 5279; x_wconf 91' lang='lat' dir='ltr'><strong>centu</strong></span> <span class='ocrx_word' id='word_1_871' title='bbox 2268 5240 2511 5295; x_wconf 90' lang='lat' dir='ltr'><strong>operum</strong></span> <span class='ocrx_word' id='word_1_872' title='bbox 2547 5221 2861 5278; x_wconf 89' lang='lat' dir='ltr'><strong>Dominum</strong></span> <span class='ocrx_word' id='word_1_873' title='bbox 2893 5221 3300 5295; x_wconf 69' lang='lat' dir='ltr'><strong>praedicemus,</strong></span> <span class='ocrx_word' id='word_1_874' title='bbox 3336 5222 3427 5277; x_wconf 91' lang='lat' dir='ltr'><strong>cui</strong></span> <span class='ocrx_word' id='word_1_875' title='bbox 3461 5227 3549 5279; x_wconf 87' lang='lat' dir='ltr'><strong>est</strong></span> <span class='ocrx_word' id='word_1_876' title='bbox 3596 5223 3707 5279; x_wconf 91' lang='lat' dir='ltr'><strong>ho-</strong></span> 
     </span>
    </p>
   </div>
   <div class='ocr_carea' id='block_1_111' title="bbox 2063 5310 3708 5386">
    <p class='ocr_par' dir='ltr' id='par_1_111' title="bbox 2063 5310 3708 5386">
     <span class='ocr_line' id='line_1_112' title="bbox 2063 5310 3708 5386; baseline 0 -17"><span class='ocrx_word' id='word_1_877' title='bbox 2063 5330 2189 5380; x_wconf 90' lang='lat' dir='ltr'><strong>nor,</strong></span> <span class='ocrx_word' id='word_1_878' title='bbox 2221 5311 2426 5386; x_wconf 88' lang='lat' dir='ltr'><strong>gloria,</strong></span> <span class='ocrx_word' id='word_1_879' title='bbox 2459 5310 2819 5385; x_wconf 84' lang='lat' dir='ltr'><strong>perpetuitas</strong></span> <span class='ocrx_word' id='word_1_880' title='bbox 2848 5328 2882 5367; x_wconf 91' lang='lat' dir='ltr'><strong>a</strong></span> <span class='ocrx_word' id='word_1_881' title='bbox 2911 5310 3161 5380; x_wconf 73' lang='lat' dir='ltr'><strong>saeculis,</strong></span> <span class='ocrx_word' id='word_1_882' title='bbox 3192 5316 3251 5367; x_wconf 89' lang='lat' dir='ltr'><strong>et</strong></span> <span class='ocrx_word' id='word_1_883' title='bbox 3281 5328 3436 5368; x_wconf 89' lang='lat' dir='ltr'><strong>nunc</strong></span> <span class='ocrx_word' id='word_1_884' title='bbox 3467 5315 3525 5369; x_wconf 87' lang='lat' dir='ltr'><strong>et</strong></span> <span class='ocrx_word' id='word_1_885' title='bbox 3552 5328 3708 5371; x_wconf 84' lang='lat' dir='ltr'><strong>sem-</strong></span> 
     </span>
    </p>
   </div>
   <div class='ocr_carea' id='block_1_112' title="bbox 2054 5399 3457 5475">
    <p class='ocr_par' dir='ltr' id='par_1_112' title="bbox 2054 5399 3457 5475">
     <span class='ocr_line' id='line_1_113' title="bbox 2054 5399 3457 5475; baseline 0 -18"><span class='ocrx_word' id='word_1_886' title='bbox 2054 5418 2167 5475; x_wconf 84' lang='lat' dir='ltr'><strong>per</strong></span> <span class='ocrx_word' id='word_1_887' title='bbox 2194 5406 2251 5458; x_wconf 89' lang='lat' dir='ltr'><strong>et</strong></span> <span class='ocrx_word' id='word_1_888' title='bbox 2281 5401 2340 5456; x_wconf 92' lang='lat' dir='ltr'><strong>in</strong></span> <span class='ocrx_word' id='word_1_889' title='bbox 2372 5400 2573 5456; x_wconf 88' lang='lat' dir='ltr'><strong>omnia</strong></span> <span class='ocrx_word' id='word_1_890' title='bbox 2602 5399 2814 5457; x_wconf 67' lang='lat' dir='ltr'><strong>saecula</strong></span> <span class='ocrx_word' id='word_1_891' title='bbox 2845 5399 3217 5471; x_wconf 61' lang='lat' dir='ltr'><strong>liaculorum,</strong></span> <span class='ocrx_word' id='word_1_892' title='bbox 3251 5403 3457 5459; x_wconf 81' lang='lat' dir='ltr'><strong>Amen.</strong></span> 
     </span>
    </p>
   </div>
   <div class='ocr_carea' id='block_1_113' title="bbox 2128 5632 3702 5781">
    <p class='ocr_par' dir='ltr' id='par_1_113' title="bbox 2128 5632 3702 5781">
     <span class='ocr_line' id='line_1_114' title="bbox 2128 5632 3702 5781; baseline 0.001 -94"><span class='ocrx_word' id='word_1_893' title='bbox 2128 5634 2213 5781; x_wconf 35' lang='grc' dir='ltr'><strong>ἐξ)</strong></span> <span class='ocrx_word' id='word_1_894' title='bbox 2243 5632 2415 5763; x_wconf 48' lang='grc' dir='ltr'><strong>Ιξάἰιη</strong></span> <span class='ocrx_word' id='word_1_895' title='bbox 2446 5633 3019 5709; x_wconf 67' lang='grc' dir='ltr'><strong>αρρνορίηαιααηίίῥυε</strong></span> <span class='ocrx_word' id='word_1_896' title='bbox 3047 5649 3159 5692; x_wconf 76' lang='lat' dir='ltr'><strong>csse</strong></span> <span class='ocrx_word' id='word_1_897' title='bbox 3196 5633 3434 5709; x_wconf 68' lang='lat' dir='ltr'><strong>suffugia</strong></span> <span class='ocrx_word' id='word_1_898' title='bbox 3463 5651 3481 5693; x_wconf 91' lang='grc'>.·</span> <span class='ocrx_word' id='word_1_899' title='bbox 3533 5648 3702 5711; x_wconf 67' lang='lat'><strong>11189.,</strong></span> 
     </span>
     <span class='ocr_line' id='line_1_115' title="bbox 2170 5722 2348 5781; baseline 0.011 -17"><span class='ocrx_word' id='word_1_900' title='bbox 2170 5722 2268 5781; x_wconf 77' lang='lat' dir='ltr'><strong>mg</strong></span> <span class='ocrx_word' id='word_1_901' title='bbox 2295 5723 2348 5766; x_wconf 89' lang='lat' dir='ltr'><strong>a.</strong></span> 
     </span>
    </p>
   </div>
   <div class='ocr_carea' id='block_1_114' title="bbox 2061 5722 2348 5783">
    <p class='ocr_par' dir='ltr' id='par_1_114' title="bbox 2061 5722 2348 5783">
     <span class='ocr_line' id='line_1_116' title="bbox 2061 5722 2348 5783; baseline 0 -17"><span class='ocrx_word' id='word_1_902' title='bbox 2061 5722 2348 5783; x_wconf 68' lang='lat' dir='ltr'><strong>myrapia.</strong></span> 
     </span>
    </p>
   </div>
  </div>
