3866 6212
128 347 254 408 867

1591 344 1655 401 S.
1704 342 2079 405 AMBROSII

1395 646 1725 730 LIBER
1792 647 2299 734 TERTIUS

1276 824 1383 884 DE
1442 824 2181 885 INTERPELLATIONE
2236 825 2400 885 JOB.

535 1119 691 1175 058
747 1117 983 1172 CAPUT
1040 1115 1350 1172 PRIMUM.

1810 1123 1860 1184 Α
1894 1116 1951 1170 in
1986 1117 2229 1174 adversa
2259 1121 2574 1186 mutatum,
2604 1117 2948 1174 delictorum
2980 1134 3222 1174 suorum
3264 1119 3452 1190 pretio
3480 1134 3554 1174 ex

130 1211 335 1266 Moveri
359 1209 650 1279 plerosque
678 1211 845 1261 etiam
871 1205 1187 1276 prudentes,
1202 1221 1343 1279 cum
1369 1205 1644 1279 prosperis
1701 1203 1790 1258 hic
1898 1206 2151 1261 summis
2179 1206 2240 1261 in
2273 1206 2481 1263 ultima
2501 1206 2794 1262 corruisse
2825 1225 2839 1262 :
2868 1206 2984 1263 labi
3016 1224 3150 1263 eum
3173 1206 3274 1278 qui
3307 1222 3372 1262 se
3391 1223 3548 1263 asse-

200 1277 429 1351 a/ﬂuére
460 1277 709 1349 injustas,
742 1279 911 1345 iustos
934 1285 1117 1351 autem
1142 1277 1609 1351 afﬂt’gtviderint,
1664 1290 1790 1346 quae

203 1346 468 1407 librorum
499 1346 845 1422 sequentium
874 1350 1103 1422 materia
1136 1351 1216 1422 est
1235 1365 1259 1422 ρ·
1286 1346 1350 1401 ob
1379 1346 1624 1401 eamdem
1673 1363 1789 1422 rem

199 1424 402 1477 amicos
428 1422 525 1476 Job
556 1418 782 1488 ignaro:
813 1420 993 1473 divini
1020 1419 1263 1483 consilii,
1295 1433 1419 1472 eum
1444 1427 1665 1489 propter
1693 1418 1789 1472 ad-

197 1496 370 1548 missa
396 1494 636 1547 crimina
656 1493 832 1563 pwm’s
862 1492 1116 1561 affectum
1148 1490 1514 1543 conten/lisse.

204 1600 254 1654 1.
287 1597 563 1671 Superior
594 1596 761 1653 nobis
793 1595 1112 1667 disputatio
1148 1594 1255 1649 fuit
1312 1595 1382 1649 de
1444 1593 1781 1666 interpella-

131 1689 287 1744 tione
317 1691 674 1752 sanctorum,
708 1685 865 1757 quod
898 1683 1122 1756 fragilis
1153 1689 1209 1737 et
1240 1682 1535 1737 imbecilla
1583 1683 1782 1737 condi-

130 1777 211 1833 tio
233 1777 310 1832 sit
331 1775 746 1845 humana,qu:e
774 1789 1066 1844 nusquam
1092 1772 1179 1825 sui
1208 1772 1416 1826 habeat
1440 1772 1781 1827 firmitatem

134 1867 249 1921 nisi
280 1865 341 1919 in
372 1864 729 1937 protectione
782 1860 1047 1917 cmlesti:
1113 1860 1281 1914 hodie
1339 1860 1506 1915 nobis
1565 1879 1631 1914 ea
1689 1878 1783 1915 su-

133 1956 346 2010 menda
375 1959 483 2019 est,
515 1970 632 2024 qua
661 1951 874 2023 vulgus
904 1949 1236 2015 hominum,
1280 1948 1547 2020 plerique
1602 1949 1777 2003 etiam

131 2041 509 2116 prudentium
542 2041 708 2096 valde
741 2043 1048 2095 moventur
1080 2056 1093 2104 ;
1129 2054 1263 2092 cum
1294 2037 1493 2091 vident
1524 2036 1781 2105 injustas

132 2133 371 2187 affluere
402 2130 576 2185 rebus
609 2128 903 2194 secundis,
943 2128 1139 2197 justos
1196 2131 1390 2179 autem
1449 2126 1783 2196 frequenter

132 2219 401 2276 afﬂictari
432 2220 490 2273 in
521 2219 629 2272 hoc
660 2215 893 2272 sreculo.
928 2217 997 2269 Et
1025 2231 1154 2269 vere
1184 2213 1446 2268 lubricus
1476 2214 1571 2269 hic
1594 2212 1777 2280 locus,

131 2310 190 2364 in
223 2326 338 2381 quo
368 2308 544 2367 etiam
579 2306 765 2361 sancti
796 2306 887 2359 vix
919 2308 1235 2375 potuerunt
1281 2319 1427 2358 verae
1484 2301 1780 2373 opinionis

132 2404 329 2453 tenere
361 2396 694 2467 vestigium.
728 2393 986 2465 Denique
1016 2392 1285 2446 turbatus
1317 2396 1405 2446 est
1436 2396 1491 2447 et
1522 2391 1646 2464 ipse
1668 2391 1778 2446 Da-

1900 1298 2049 1349 rerct
2078 1293 2500 1364 innocentem;
2544 1312 2679 1352 cum
2735 1296 2922 1367 portio
2979 1294 3143 1367 impii
3199 1294 3546 1367 bujusmodi

1899 1383 1995 1449 sit,
2028 1387 2092 1438 ut
2122 1385 2541 1455 superveniens
2569 1386 2629 1441 in
2669 1402 2801 1441 eum
2832 1401 2867 1439 a
2923 1383 3168 1440 Domino
3224 1384 3550 1456 indignatio

1890 1473 2105 1543 jungat
2135 1472 2187 1528 ei
2217 1473 2468 1539 dolores,
2501 1479 2557 1527 et
2588 1473 2861 1530 interitus
2907 1475 3150 1529 domum
3177 1473 3305 1541 ejus
3359 1473 3544 1529 invol-

1895 1565 1989 1614 vat
2012 1564 2027 1630 (
2036 1561 2170 1616 Ibid.
2202 1568 2291 1629 28,
2321 1564 2433 1633 29).

2440 1670 2593 1725 654
2647 1669 2882 1725 CAPUT
2941 1670 3009 1724 ll.

1892 1756 1985 1810 Job
2017 1757 2298 1824 inﬁrmum
2330 1760 2479 1812 .man
2508 1760 2699 1813 amicis
2727 1763 2777 1813 et
2800 1774 2858 1813 se
2889 1760 3003 1828 ipso
3053 1761 3221 1812 etiam
3250 1759 3553 1828 fortior-an

1963 1829 2258 1911 destitisse.
2296 1829 2568 1911 Quomodo
2597 1831 2986 1911 conviciatore:
3014 1845 3139 1883 suos
3170 1828 3553 1911 {adaquari}?

1964 1900 2061 1953 ubi
2084 1903 2395 1969 przrserlim
2422 1903 2705 1955 silentium
2735 1903 2874 1971 ejus,
2905 1917 3002 1954 nec
3031 1918 3141 1955 non
3160 1900 3389 1955 ﬂuvidi:
3407 1916 3551 1971 φω-

1962 1986 2088 2095 ἕιιε,
2120 1978 2284 2041 atque
2312 1973 2555 2043 Apodoti
2609 1972 2765 2027 nobis
2816 1977 3141 2045 prapom'tur
3196 1971 3267 2027 ad
3314 1974 3546 2027 imitan-

2002 2058 2113 2095 um.

2002 2058 2113 2095 um.

1962 2131 2015 2183 3.
2049 2129 2334 2185 Audiebat
2365 2130 2484 2185 haec
2528 2136 2767 2187 sanctus
2795 2131 2926 2194 Job,
2986 2137 3043 2186 et
3098 2131 3268 2202 quasi
3321 2131 3543 2187 athleta

1892 2218 2058 2273 fortis
2088 2218 2146 2272 in
2180 2224 2429 2274 stercore
2464 2221 2691 2286 sedens,
2727 2219 2787 2274 in
2818 2220 2997 2274 tantis
3028 2219 3312 2275 vibicibus
3342 2225 3400 2274 et
3427 2236 3542 2275 sae-

1889 2307 1941 2360 vi
1976 2306 2279 2361 doloribus
2312 2307 2587 2371 vulneris,
2620 2313 2805 2363 totum
2838 2324 3049 2380 corpus
3080 2306 3225 2363 diris
3265 2308 3541 2380 perfusus

1890 2392 2207 2459 ulceribus,
2252 2395 2528 2467 mysteria
2585 2396 2955 2467 loquebatur,
3004 2411 3109 2450 nec
3167 2394 3539 2466 acquirendis

132 2487 251 2554 vid,
284 2484 383 2557 qui
414 2484 473 2539 in
502 2482 904 2556 superioribus
934 2482 1158 2535 dixerat
1191 2498 1203 2535 :
1244 2502 1264 2530 ι
1300 2478 1540 2535 Occulta
1561 2479 1784 2551 sapien-
1811 2488 1858 2552 B
1889 2483 2133 2555 propriae
2165 2484 2440 2538 remediis
2484 2485 2875 2556 aegritudinis,
2906 2483 3005 2539 sed
3061 2484 3246 2540 sacris
3298 2485 3541 2540 vacabat

133 2577 225 2631 tiae
258 2580 369 2630 tua:
402 2571 789 2629 manifestasti
825 2569 965 2625 mihi
1000 2570 1169 2640 (Psal.
1209 2586 1258 2638 L,
1291 2572 1365 2640 8).
1402 2594 1429 2619 »
1464 2568 1773 2624 Verumta-

133 2681 265 2719 men
298 2662 657 2719 conﬁrmavit
692 2676 752 2715 se
783 2660 906 2731 ipse
939 2662 1158 2732 postea,
1190 2662 1252 2713 et
1277 2658 1540 2729 perfectae
1599 2656 1771 2712 ratio-

133 2753 225 2807 nis
254 2752 406 2807 viam
442 2750 829 2820 investigavit.
865 2748 973 2803 Job
1004 2763 1238 2818 quoque
1260 2750 1498 2801 sanctus
1519 2763 1653 2801 cum
1674 2747 1775 2801 tri-

131 2842 243 2895 bus
274 2839 391 2895 illis
423 2839 713 2894 veteribus
745 2836 950 2891 amicis
980 2835 1079 2907 qui
1109 2836 1180 2889 ad
1214 2834 1633 2890 consolandum
1678 2852 1770 2890 ve-

132 2933 361 2996 nerant,
395 2929 465 2983 de
494 2944 561 2981 ea
605 2925 877 2996 Opinione
935 2925 994 2979 in
1049 2940 1316 2978 sermone
1374 2923 1629 2979 luctatus
1685 2930 1775 2980 est

132 3019 269 3089 (Job.
303 3034 358 3072 ιν
387 3025 438 3071 ει
463 3019 617 3086 seq.).
654 3013 966 3084 Utriusque
996 3013 1174 3085 igitur
1229 3012 1655 3083 disputationes
1713 3014 1772 3068 in

133 3106 392 3162 medium
430 3104 812 3176 proferamus.
846 3102 1013 3174 Digni
1061 3107 1201 3155 sunt
1230 3101 1385 3155 enim
1444 3102 1541 3172 qui
1603 3103 1774 3158 nobis

132 3178 535 3268 magisterium
566 3192 793 3248 vivendi
825 3192 1071 3247 afferant
1097 3207 1121 3252 ,'
1149 3192 1383 3263 quando
1424 3191 1658 3262 quidem
1714 3192 1771 3246 in

130 3282 387 3341 adversis
419 3282 610 3357 positi,
644 3280 776 3353 plus
808 3281 924 3336 Deo
952 3280 1180 3353 placere
1237 3286 1593 3335 meruerunt.
1654 3284 1771 3335 Au-

132 3374 362 3430 diamus
394 3372 572 3445 igitur
602 3375 921 3441 utrumque
951 3385 1057 3425 suo
1086 3368 1307 3424 ordine.

198 3463 698 3534 2.1ncrepuerant
750 3458 1120 3514 vehementer
1165 3461 1436 3512 sanctum
1495 3457 1602 3513 Job
1658 3458 1771 3513 Eli-

133 3552 279 3624 phaz
301 3551 728 3605 Themanorum
762 3565 881 3611 rex,
914 3552 970 3602 et
1000 3546 1217 3601 Baldad
1250 3546 1661 3601 Sauchzeorum
1693 3551 1775 3619 ty-

134 3658 352 3697 rannus
378 3640 509 3710 (10),
535 3643 590 3713 et
612 3638 838 3709 Sophar
858 3636 1195 3692 Minazorurn
1223 3653 1337 3702 rex,
1363 3654 1428 3692 eo
1462 3637 1619 3707 quod
1644 3654 1771 3709 pro-

133 3736 258 3804 pter
286 3733 521 3801 peccata
551 3744 659 3783 sua
686 3731 915 3780 tantum
945 3725 1217 3797 supplicii
1245 3726 1581 3780 sustineret.
1610 3726 1773 3780 Inﬁr-

134 3836 228 3874 mo
258 3817 471 3874 etenim
502 3814 735 3887 ingenio
769 3830 881 3869 non
916 3813 1293 3869 advertebant
1312 3815 1466 3885 quod
1491 3814 1775 3869 Dominus
1806 3855 1848 3922 Ο

308 3911 317 3922 ι
410 3911 419 3922 ι
529 3906 543 3922 ι
611 3920 640 3922 _,
694 3902 935 3922 ,‘l-j!_-_1
977 3921 983 3922 ,
1024 3906 1078 3922 ηΔ
1119 3901 1319 3922 -ALI_1-
1361 3902 1637 3922 nl._£_1!n_
1666 3907 1737 3922 ,1-

135 3924 269 3964 eum
303 3906 650 3962 tentandum
683 3902 940 3958 dedisset
974 3921 986 3969 ;
1021 3906 1085 3957 ut
1114 3901 1330 3957 athleta
1361 3902 1776 3958 Christitenta-

130 3996 390 4053 tionibus
418 3993 706 4059 eruditus,
739 3994 960 4063 majore
990 3992 1060 4046 ad
1105 4008 1377 4047 coronam
1410 3992 1595 4064 gloria
1644 4007 1775 4063 per-

130 4085 368 4141 veniret.
401 4084 523 4139 Non
557 4083 818 4139 videntes
852 4082 1049 4153 itaque
1079 4084 1309 4136 tantum
1354 4080 1651 4154 sapientia:
1683 4098 1775 4137 sa-

132 4178 518 4242 cramentum,
554 4172 788 4245 angusti
824 4171 1020 4226 cordis
1051 4170 1282 4234 timore,
1319 4186 1389 4225 ne
1445 4170 1780 4224 viderentur

131 4262 427 4334 injustitiaa
462 4266 640 4317 Deum
676 4276 918 4333 arguere
952 4259 1053 4331 qui
1085 4258 1273 4332 poenis
1299 4258 1450 4313 afﬁci
1474 4257 1774 4313 innoxium

133 4356 547 4424 perpeteretur,
581 4351 637 4405 in
674 4354 942 4405 sanctum
969 4350 1074 4404 Job
1104 4363 1409 4419 poenarum
1452 4347 1660 4403 merita
1690 4363 1777 4401 re-

134 4440 483 4511 torquebant
515 4456 529 4507 ;
561 4439 822 4494 dicentes
857 4436 995 4508 quia
1020 4437 1211 4492 omnis
1240 4436 1357 4492 vita
1385 4436 1550 4508 impii
1581 4435 1639 4490 in
1671 4435 1781 4491 sol-

136 4528 437 4584 llcitudine
468 4527 582 4594 (Job
612 4545 704 4593 xv,
738 4528 852 4597 20),
882 4532 940 4581 et
998 4525 1207 4580 divitia:
1264 4526 1483 4596 injuste
1539 4542 1776 4598 congre-

136 4622 284 4689 gata:
313 4620 654 4671 evomentur
683 4616 799 4687 (Job
828 4632 925 4681 xx,
958 4616 1047 4686 15)
1083 4634 1095 4682 ;
1128 4614 1324 4669 omnia
1355 4632 1480 4686 quae
1523 4614 1782 4686 patiatur

138 4708 310 4762 homo
340 4705 539 4779 gravia
568 4705 625 4758 in
672 4708 846 4769 terra,
906 4708 1140 4774 propter
1190 4708 1424 4775 peccata
1481 4720 1590 4758 sua
1645 4720 1779 4757 eum

138 4793 360 4868 perpeti
391 4811 404 4851 :
439 4794 537 4866 qui
570 4792 798 4847 etiamsi
832 4792 888 4846 in
922 4793 1095 4846 rebus
1153 4792 1447 4864 prosperis
1500 4793 1595 4861 sit,
1654 4808 1779 4864 per-

140 4884 363 4958 petuari
398 4884 447 4940 ei
496 4883 753 4939 secunda
803 4899 917 4937 non
963 4897 1152 4953 posse,
1185 4886 1243 4936 et
1293 4887 1575 4952 tanquam
1626 4898 1779 4936 som-

141 4976 301 5031 nium
325 4975 438 5030 cito
460 4989 822 5039 evanescere,
839 4976 895 5027 et
918 4988 1033 5025 non
1059 4970 1384 5025 inveniatur
1425 4971 1585 5027 locus
1606 4972 1734 5041 ejus
1767 4989 1780 5027 :

140 5063 403 5120 laetitiam
430 5067 625 5120 autem
661 5061 978 5134 impiorum
1010 5075 1137 5116 esse
1167 5059 1491 5133 graviorem
1552 5060 1783 5116 ruinam

142 5153 300 5223 (Ibid.
330 5154 388 5225 5)
424 5178 438 5221 ;
472 5153 719 5223 ideoque
750 5150 923 5207 etiam
958 5152 1225 5205 sanctum
1265 5149 1373 5205 Job
1405 5165 1438 5203 a
1491 5149 1785 5222 prosperis

210 5314 322 5383 (10)
355 5313 503 5367 Edit.
537 5317 648 5368 vet.
681 5328 814 5366 cum
864 5312 993 5367 cod.
1053 5310 1204 5379 Vat.,
1260 5311 1434 5365 Torn.
1492 5314 1549 5364 et
1604 5310 1775 5376 Vict.,

144 5384 760 5439 BuldachSuithcorum
791 5388 1081 5454 tyrannus,
1132 5393 1182 5438 et
1235 5384 1446 5454 Sophar
1500 5384 1787 5437 Nuamate-

146 5471 343 5509 norum
367 5471 485 5509 rex.
522 5454 687 5509 Rom.
719 5459 777 5510 et
804 5453 901 5508 alii
930 5470 1073 5509 mss.
1131 5453 1345 5509 Baldad
1398 5453 1787 5510 Sauchaeorum

149 5535 435 5596 tyrannus,
466 5528 517 5579 et
547 5524 756 5596 Sophar
784 5525 1105 5580 Minaeorum
1161 5542 1281 5580 rec.
1344 5525 1485 5581 LXX
1544 5525 1783 5598 interpr.

152 5602 338 5673 βαλὸἁδ
420 5604 679 5673 Σαυχαίων
755 5604 1043 5669 τύραννος,’
1089 5608 1271 5673 Σωφὰρη
1342 5605 1578 5656 Μειναίων
1656 5608 1789 5671 βασι·

151 5671 284 5729 λιύς.

1887 2571 2278 2628 sermonibus.
2314 2562 2601 2628 Fortiores
2630 2574 2827 2644 itaque
2856 2588 3155 2628 sermones
3180 2571 3316 2644 agri
3348 2572 3531 2628 homi-

1884 2661 1996 2727 nis,
2030 2676 2207 2732 quam
2239 2659 2473 2715 illorum
2505 2661 2605 2731 qui
2639 2677 2753 2715 non
2786 2662 3163 2733 aegrotabant.
3225 2661 3309 2715 llli
3368 2661 3524 2717 enim

1884 2750 2275 2820 loquebantur
2304 2750 2645 2820 injustitias,
2677 2748 2775 2805 sed
2809 2765 2924 2805 non
2953 2751 3274 2805 secundum
3344 2750 3532 2805 scien-

1883 2840 2027 2893 tiam
2063 2855 2075 2893 :
2110 2837 2504 2910 praedicabant
2533 2839 2730 2893 divina
2751 2838 2995 2910 judicia,
3031 2855 3232 2910 poznas
3272 2854 3525 2903 reorum,

1883 2926 2120 2999 praemia
2151 2931 2487 2982 sanctorum
2520 2945 2533 2995 ;
2568 2927 2670 2983 sed
2702 2943 2864 2983 reum
2893 2944 2925 2982 a
2975 2928 3138 2998 justo
3196 2927 3526 2982 discernere

1886 3015 2215 3071 nesciebant
2250 3031 2264 3068 :
2299 3015 2552 3087 denique
2581 3032 2755 3087 quem
2784 3015 3065 3071 Dominus
3091 3016 3245 3071 Deus
3293 3016 3525 3087 justum

1884 3104 2301 3176 pronuntiavit,
2333 3121 2467 3159 eum
2500 3104 2967 3159 condemnabam;
2990 3104 3308 3175 injustitiaa,
3340 3119 3528 3159 arces-

1884 3195 2090 3249 sebant
2120 3193 2472 3265 iniquitatis.
2508 3193 2860 3265 lgnorabant
2890 3210 3025 3265 ergo
3048 3194 3185 3265 quid
3212 3193 3528 3264 unicuique

1884 3282 2233 3337 conveniret.
2258 3286 2333 3335 At
2350 3298 2483 3337 vero
2513 3286 2756 3337 sanctus
2784 3282 2891 3337 Job
2922 3282 3293 3337 discernebat
3313 3282 3526 3354 spiritu

1884 3371 2175 3443 quomodo
2206 3371 2418 3443 cuique
2448 3387 2581 3426 eum
2606 3375 2897 3443 oporteret
2927 3369 3081 3442 loqui
3119 3388 3134 3437 ;
3168 3370 3530 3445 fortiorlergo

1882 3478 2059 3532 quam
2094 3461 2133 3515 ii
2167 3461 2263 3531 qui
2296 3461 2425 3516 sani
2455 3466 2513 3516 et
2538 3459 2861 3515 incolumes
2883 3460 3247 3515 videbantur.
3284 3461 3354 3515 Et
3383 3459 3526 3532 quid

1884 3551 2011 3605 dico
2045 3549 2343 3605 fortiorem
2378 3548 2681 3605 inventum
2713 3549 2936 3605 caeteris
2963 3549 2991 3604 ’ἶ
3032 3549 3254 3605 Fortior
3282 3565 3345 3604 se
3401 3548 3531 3620 ipso

1886 3638 2157 3693 inventus
2184 3644 2292 3693 est.
2326 3639 2549 3694 Fortior
2576 3640 2730 3693 enim
2780 3644 2904 3693 erat
2956 3654 3107 3710 aeger
3159 3638 3290 3701 Job,
3351 3652 3530 3708 quam

1885 3745 2066 3783 sanus
2096 3729 2305 3794 fuerat,
2340 3728 2663 3783 secundum
2696 3728 2851 3799 quod
2881 3727 3164 3799 scriptum
3222 3730 3331 3793 est,
3388 3724 3533 3797 quia

1885 3840 1913 3867 ς(
1946 3817 2130 3871 virtus
2161 3817 2220 3870 in
2250 3816 2696 3871 infirmitatibus
2728 3820 3171 3871 consummatur
3201 3816 3272 3885 (II
3299 3814 3418 3869 Cor.
3449 3830 3530 3869 χιι

1884 3906 1958 3977 9).
1992 3927 2020 3956 ››
2051 3909 2197 3976 Ergo
2224 3896 2281 3961 et
2310 3905 2419 3960 Job
2450 3922 2583 3960 cum
2626 3906 3045 3971 inﬁrmaretur,
3095 3908 3235 3959 tunc
3288 3902 3533 3959 validior

1885 3998 2027 4050 erat.
2061 3995 2187 4050 Non
2215 3995 2371 4049 enim
2404 3994 2719 4067 aegrotabat
2750 3994 2967 4059 animo,
3001 3994 3109 4048 etsi
3140 3992 3363 4048 doleret
3404 4008 3527 4047 cor-

1886 4098 2025 4156 pore
2059 4101 2071 4138 :
2107 4084 2247 4154 quia
2275 4100 2389 4137 non
2422 4087 2546 4138 erat
2576 4083 2634 4137 in
2668 4098 2840 4137 carne
2871 4082 3064 4136 anima
3095 4082 3244 4153 ejus,
3276 4088 3332 4137 et
3361 4081 3529 4152 cujus

1887 4172 2264 4246 passionibus
2296 4189 2410 4227 non
2442 4172 2774 4227 adhaerebat
2808 4189 2821 4239 ;
2854 4172 2954 4227 sed
2987 4171 3044 4225 in
3077 4171 3311 4242 spiritu,
3362 4171 3529 4243 cujus

1886 4262 2097 4317 virtute
2128 4278 2190 4316 se
2220 4265 2460 4316 texerat.

1959 4353 2009 4405 4.
2047 4351 2178 4405 Ideo
2209 4366 2345 4423 ergo
2374 4366 2489 4404 non
2512 4348 2703 4404 carnis
2730 4349 2984 4422 gemitus
3012 4353 3068 4405 ct
3093 4350 3354 4422 corporis
3376 4349 3534 4404 infir—

1890 4440 2142 4511 mitates,
2176 4444 2276 4495 sed
2308 4456 2474 4494 voces
2506 4438 2746 4510 spiritus
2778 4438 3123 4510 loquebatur
3163 4440 3379 4511 quibus
3434 4457 3529 4494 ιιι-ο

1890 4534 2070 4602 geret,
2096 4545 2209 4583 non
2234 4527 2449 4599 quibus
2471 4527 2716 4582 cederet.
2749 4528 2818 4581 Et
2849 4528 3037 4599 primo
3059 4528 3295 4599 quidem
3319 4527 3529 4591 lenius,

1894 4622 1956 4673 ut
1986 4617 2104 4673 illis
2136 4617 2415 4689 pudorem
2452 4617 2736 4670 incuteret
2767 4634 2779 4671 :
2809 4616 2949 4687 quia
2979 4617 3265 4688 urgebant
3300 4618 3531 4687 justum

1892 4707 2111 4776 injuste
2143 4706 2399 4760 dicentes
2429 4705 2581 4776 quod
2615 4704 2843 4759 minora
2865 4704 3119 4777 peccatis
3140 4705 3266 4760 suis
3311 4705 3533 4777 suppli-

1893 4796 1981 4851 cia
1997 4796 2388 4863 sustineret,et
2405 4811 2517 4849 non
2534 4793 2949 4849 erubescebant
2966 4794 3074 4865 ipsi
3091 4800 3421 4866 peccatores
3434 4793 3536 4849 fal-

1898 4884 1979 4939 sis
2006 4900 2281 4939 accusare
2312 4882 2703 4938 innocentem.
2739 4883 2895 4949 Esto,
2953 4882 3145 4955 inquit
3175 4884 3299 4956 (Job
3354 4900 3468 4948 nx,
3503 4883 3534 4936 4

1893 4979 1943 5030 et
1974 4973 2131 5045 δερ),
2156 4989 2261 5045 ego
2293 4970 2628 5037 erraverim,
2661 4975 2717 5026 et
2748 4971 2899 5043 apud
2935 4988 3028 5027 me
3059 4972 3260 5027 devius
3289 4971 3388 5027 ille
3443 4972 3534 5027 in-

1893 5062 2119 5117 habitet
2175 5061 2273 5133 qui
2346 5060 2647 5115 mentibus
2733 5059 3040 5115 hominum
3126 5061 3377 5116 otl'undit
3423 5060 3534 5132 (ll)

1895 5166 2120 5207 errores
2154 5168 2167 5217 ;
2202 5154 2265 5205 ut
2292 5149 2501 5221 loquar
2557 5164 2857 5205 sermones
2916 5165 3064 5220 quos
3116 5165 3231 5205 non
3291 5152 3535 5222 oportet,

1964 5313 2075 5383 (11)
2106 5311 2466 5383 ΟοάηΤοῐιη.
2502 5317 2558 5366 et
2589 5312 2926 5383 Vict._cum
2982 5311 3121 5366 edit.
3172 5316 3339 5383 iAm.,
3398 5311 3537 5383 Deus

1894 5380 2522 5455 ille...'oﬂ'endit_(Am.
2583 5381 2843 5455 ostendit)
2882 5398 3110 5439 errores.
3170 5381 3393 5455 Melius
3421 5380 3537 5455 alii

1896 5472 2039 5510 mss.
2060 5458 2118 5509 et
2137 5453 2504 5521 edit.,devius
2525 5455 2641 5520 ille,
2666 5458 2775 5509 etc.
2808 5453 2911 5508 Est
2941 5458 3135 5509 autem
3165 5453 3352 5509 devius
3382 5453 3538 5508 idem

1898 5544 1963 5584 ac
1986 5543 2167 5598 vagus
2184 5530 2356 5597 atque
2377 5542 2537 5598 erro,
2572 5526 2680 5598 hoc
2700 5529 2809 5594 est,
2863 5524 3131 5598 diabolus
3162 5524 3263 5595 qui
3295 5525 3395 5581 lib.
3428 5523 3539 5579 Job

1899 5616 2004 5662 c.1,
2026 5596 2178 5654 vers.
2208 5596 2368 5669 ﬁde
2394 5613 2454 5652 se
2484 5596 2626 5652 dicit
2659 5615 2671 5652 :
2702 5597 2957 5669 βίνειιίινὶ
2986 5600 3189 5669 terram
3218 5600 3267 5653 ct
3316 5613 3542 5669 peram-

1905 5670 2090 5732 bulavi
2120 5685 2262 5727 eam.
2290 5668 2412 5727 Vox
2440 5674 2636 5728 tamen
2666 5666 2848 5726 πλάνος
2901 5685 3026 5742 qua:
3083 5668 3176 5726 hic
3232 5666 3545 5728 Ambrosio
