3866 6212
280 370 405 441 869

285 606 431 659 tune
463 618 660 662 sermo
692 620 860 661 meus
891 607 1230 678 promatur:
1263 622 1369 661 cur
1386 622 1489 662 vos
1544 605 1604 661 in
1635 620 1729 660 me
1757 603 1944 660 insili-

283 690 367 747 tis
396 695 454 747 et
483 691 919 761 conviciamini,
953 710 1067 750 non
1100 692 1536 750 considerantes
1566 692 1705 765 quia
1742 709 1777 750 a
1829 692 1949 748 Do-

285 779 452 837 mino
483 781 631 837 mihi
664 782 823 839 venit
856 782 970 839 ista
1000 783 1265 853 tentatio,
1288 782 1384 856 qui
1409 799 1503 839 me
1520 780 1672 839 vallo
1693 782 1947 854 quodam

285 870 802 943 perturbationum
824 872 1142 929 arbitratus
1158 875 1248 928 est
1275 871 1641 944 sepiendum.
1669 871 1950 927 Exerceor

287 958 573 1027 adversis,
599 959 1078 1016 circumvallatus
1109 958 1370 1032 undique
1398 958 1699 1016 laboribus
1739 962 1798 1014 et
1846 974 1946 1031 pe-

287 1046 535 1115 riculis;
566 1052 625 1105 et
677 1048 976 1106 insultatis
1026 1048 1238 1118 adhuc,
1292 1047 1553 1105 volentes
1618 1048 1948 1121 opprimere

291 1152 471 1210 quem
503 1136 792 1194 deberetis
840 1137 1067 1209 juvare.
1129 1137 1273 1193 Ecce
1307 1136 1468 1193 rideo
1517 1136 1577 1192 in
1625 1135 1945 1209 opprobiis,

285 1227 351 1280 et
379 1240 496 1280 non
528 1222 755 1297 loquar,
796 1242 902 1282 nec
959 1226 1320 1299 respondebo
1380 1224 1655 1282 conviciis
1712 1224 1944 1281 vestris.

286 1311 417 1368 Non
449 1312 606 1368 enim
638 1328 740 1368 vos
770 1313 911 1369 estis
941 1313 1040 1387 qui
1066 1312 1390 1385 judicatis:
1422 1313 1523 1370 sed
1573 1313 1672 1386 qui
1721 1311 1951 1384 judicat

292 1417 410 1467 me,
444 1400 729 1457 Dominus
759 1406 885 1469 est;
919 1407 974 1458 et
1000 1402 1189 1476 ipsius
1218 1406 1414 1459 tamen
1472 1402 1678 1473 judicii
1712 1407 1948 1473 tempus

292 1489 557 1544 nondum
592 1489 842 1545 advenit.
868 1490 1013 1554 Quid
1042 1507 1191 1564 opus
1212 1489 1464 1547 clamare
1480 1498 1613 1546 ante
1626 1488 1949 1562 judicium?

290 1577 449 1634 855
483 1578 705 1634 Bonum
738 1583 828 1634 est
885 1584 1075 1635 tacere
1134 1580 1273 1635 dum
1333 1584 1703 1652 exspectatur
1731 1579 1830 1651 qui
1856 1579 1951 1650 ju-

290 1668 471 1722 dicat.
508 1666 732 1722 Bonum
766 1671 852 1723 est
909 1668 1235 1724 convicium
1267 1668 1524 1724 convicio
1567 1685 1681 1724 non
1715 1668 1947 1734 referre,

286 1771 369 1811 ne
396 1759 451 1811 et
481 1771 587 1811 nos
616 1756 770 1811 inter
798 1756 1168 1813 detrahentes
1220 1773 1696 1814 annumeremur.

365 1892 422 1945 5.
457 1890 761 1946 Imitemur
789 1906 927 1961 ergo
958 1890 1116 1947 hunc
1148 1891 1359 1960 virum,
1391 1890 1493 1964 qui
1548 1890 1782 1948 silentio
1838 1908 1944 1947 suo
1975 1885 2022 1949 B

289 1979 684 2052 redarguebat
703 1979 1485 2038 conviciantes.Ostendebat
1503 1980 1660 2037 enim
1676 1981 1951 2037 virtutem

294 2066 484 2123 animi
526 2066 640 2135 sui,
698 2085 874 2142 quem
923 2069 1296 2127 contumeliae
1343 2087 1459 2127 non
1516 2075 1845 2127 moverent:
1895 2075 1953 2126 et

287 2156 666 2212 conscientiae
693 2156 1091 2215 innocentiam
1123 2160 1557 2226 manit‘estabat,
1593 2159 1694 2232 qui
1724 2160 1952 2231 objecta

289 2260 417 2300 non
466 2250 923 2318 recognosceret,
955 2248 1055 2304 sed
1089 2247 1259 2320 quasi
1289 2264 1323 2304 a
1353 2264 1415 2305 se
1471 2247 1662 2303 aliena
1714 2249 1947 2305 rideret.

287 2339 376 2388 At
403 2350 534 2389 vero
565 2351 672 2390 nos
721 2336 892 2406 quasi
922 2335 1146 2407 aliquid
1192 2336 1362 2393 nobis
1420 2336 1751 2408 objiciatur,
1809 2337 1951 2392 dum

287 2438 549 2496 purgare
579 2422 849 2480 volumus
896 2425 1033 2496 (12),
1093 2427 1477 2483 acerbamus:
1546 2426 1691 2481 dum
1748 2425 1952 2482 ulcisci

290 2511 597 2583 cupimus,
654 2511 1039 2582 conﬁtemur;
1087 2531 1223 2570 cum
1291 2514 1448 2571 dicat
1502 2515 1804 2587 Scriptura
1887 2520 1953 2571 ut

289 2603 524 2657 avertas
553 2601 853 2658 dedecoris
883 2619 1215 2659 sermonem
1259 2604 1443 2675 (Prov.
1494 2621 1669 2670 xxvu,
1732 2605 1837 2676 11).
1897 2610 1955 2660 et

288 2689 532 2745 auferas
584 2689 1001 2746 vestimentum
1058 2695 1226 2747 tuum
1285 2690 1444 2763 (Ibid.
1508 2692 1631 2763 13);
1698 2692 1955 2765 praeterit

287 2777 458 2834 enim
481 2777 819 2850 iniuriosus.
852 2779 1175 2836 Taceamus
1215 2796 1375 2853 ergo,
1409 2785 1473 2836 ut
1501 2786 1824 2852 praetereat,
1882 2800 1954 2838 ne

287 2866 716 2923 vestimentum
746 2873 1014 2925 nostrum
1044 2873 1391 2941 provocatus
1411 2875 1633 2925 exurat.
1655 2870 1953 2943 Scriptum

290 2958 392 3012 est
418 2955 574 3012 enim
598 2972 612 3012 :
647 2980 676 3007 ‹‹
698 2955 826 3013 Noli
856 2959 1165 3015 incendere
1194 2959 1475 3016 carbones
1504 2960 1841 3032 peccatoris,
1882 2978 1954 3016 ne

290 3045 449 3100 forte
476 3046 739 3123 exuraris
768 3046 828 3102 in
858 3047 992 3120 igne
1011 3047 1263 3105 ﬂammea
1283 3048 1412 3119 ejus
1433 3047 1619 3120 (Eucti.
1650 3067 1771 3116 vm,
1806 3050 1951 3121 13).»

289 3132 610 3205 Propterea
635 3150 772 3207 ergo
806 3139 1047 3192 sanctus
1079 3141 1231 3191 tacet
1248 3153 1269 3199 ;
1301 3141 1360 3193 et
1388 3137 1439 3192 si
1470 3154 1672 3193 servus
1727 3143 1952 3210 proter-

1080 381 1182 446 DE
1224 376 1965 446 INTERPELLATIONE
2007 379 2146 444 JOB
2190 374 2291 445 ET
2335 384 2573 448 DAVID
2620 386 2766 450 LIB.
2815 387 2919 450 ΙΙΙ.

282 513 441 571 sicut
468 531 573 572 vos
604 510 820 585 dicitis,
854 519 909 572 et
937 520 1131 574 errent
1173 507 1349 574 verba
1379 534 1528 584 mea,
1564 532 1667 573 nec
1724 533 1935 589 opporo
1970 515 2023 581 Α

3582 390 3700 453 870

2691 522 2923 578 CAPUT
2966 523 3059 579 Ill.

2052 633 2474 711 Jooverborum
2501 639 2821 711 certamine,
2847 654 2948 711 quo
2988 654 3095 694 non
3156 638 3311 694 aliud
3357 642 3470 710 fere
3497 640 3698 711 difﬁc:-

2128 705 2257 772 lius,
2292 709 2463 763 victor
2487 705 2868 781 renuntiatur:
2891 710 3064 777 Qnam
3088 705 3378 781 pulchrum
3404 712 3478 765 sit
3523 705 3703 768 ridere

2126 792 2197 854 ac
2236 784 2416 854 tacere
2471 780 2534 832 in
2588 782 2809 851 objectis
2863 780 3379 854 criminationibus;
3409 790 3460 837 et
3513 798 3701 854 quem-

2126 846 2420 923 admodum
2444 854 2564 920 post
2592 846 2910 923 responsum
2941 853 3139 917 lenius,
3190 852 3335 908 idem
3376 846 3702 923 fortioribus
3814 892 3817 893 ν

2125 920 2307 975 verbis
2335 920 2703 992 importunius
2731 924 3132 979 calumniantes
3157 920 3442 995 repulerit.

2123 1045 2179 1097 7.
2210 1044 2281 1099 Et
2308 1044 2506 1101 ridens
2532 1046 2779 1102 tacebat.
2813 1049 2938 1113 Qua
2974 1048 3197 1104 ratione
3233 1050 3547 1105 tacendum
3603 1050 3701 1117 sit,

2056 1132 2223 1188 docet
2245 1151 2303 1194 ;‹‹
2323 1133 2963 1200 Clamabo,etnondum
2984 1136 3268 1206 judicium
3293 1139 3406 1208 (13)
3426 1140 3562 1207 (Job.
3584 1156 3700 1207 χιχ,

2054 1222 2131 1291 7).
2169 1244 2197 1270 ι»
2229 1222 2375 1293 Ipse,
2407 1222 2617 1295 inquit,
2649 1223 2833 1279 voluit
2862 1241 2955 1278 me
2986 1224 3109 1279 hare
3131 1226 3373 1297 perpeti.
3396 1227 3703 1298 Tanquam

2058 1309 2388 1365 muralibus
2416 1312 2838 1367 tentationibus
2869 1312 3107 1368 clausus
3157 1330 3270 1368 non
3329 1331 3572 1386 possum
3615 1316 3704 1370 fu-

2057 1413 2210 1471 gere,
2243 1399 2425 1455 donec
2455 1400 2680 1472 placeat
2711 1401 2826 1457 Den
2847 1401 3147 1456 destruere
3198 1402 3535 1459 altitudines
3581 1408 3705 1459 ten-

2057 1487 2346 1542 tationum
2382 1504 2668 1544 mearum.
2704 1488 2872 1544 Nunc
2900 1488 3054 1544 enim
3090 1490 3135 1545 si
3174 1488 3383 1558 clamo,
3444 1492 3705 1547 nondum

2049 1576 2363 1646 judicium.
2406 1577 2609 1631 Adhuc
2669 1577 2728 1631 in
2788 1592 2973 1648 agone
3030 1594 3186 1644 sum,
3243 1578 3437 1634 adhuc
3495 1578 3704 1642 luctor.

2057 1664 2249 1720 adhuc
2279 1670 2569 1721 certamen
2596 1671 2862 1737 superest
2880 1665 3043 1732 mihi,
3065 1667 3327 1722 nondum
3349 1667 3507 1723 enim
3536 1669 3710 1725 exivit

2058 1770 2288 1810 corona.
2324 1754 2504 1809 Nemo
2555 1759 2749 1809 autem
2803 1754 2917 1809 nisi
2969 1754 3067 1826 qui
3100 1754 3359 1828 legitime
3404 1758 3709 1814 certaverit

2059 1847 2390 1899 coronatur.

2128 1935 2180 1986 8.
2241 1931 2571 1987 Debebatur
2634 1931 2718 1986 illi
2750 1937 3039 1987 certamen
3095 1934 3383 1989 tertium:
3433 1934 3712 1991 amiserat

2060 2021 2256 2078 omnia
2285 2037 2412 2086 sua,
2455 2020 2513 2075 id
2546 2024 2653 2086 est,
2686 2020 3104 2093 patrimonium
3154 2038 3287 2077 cum
3319 2022 3459 2079 ﬁliis
3486 2040 3499 2079 :
3532 2025 3712 2095 patie-

2059 2111 2233 2165 batur
2261 2109 2501 2165 vulnera
2529 2126 2663 2164 caro
2694 2111 2862 2181 ejus:
2914 2112 3189 2166 manebat
3235 2114 3302 2166 ut
3359 2112 3710 2168 tentationes

2058 2200 2367 2254 verborum
2457 2200 2731 2253 vinceret.
2815 2199 2937 2253 Non
3024 2199 3313 2255 mediocre
3392 2205 3706 2257 certamen.

2060 2288 2214 2344 856
2245 2288 2523 2344 Sermone
2554 2288 2831 2360 deceptus
2878 2292 2968 2343 est
3014 2289 3221 2358 Adam,
3280 2289 3454 2345 verbo
3521 2289 3711 2347 victus

2060 2377 2329 2432 Samson.
2388 2374 2542 2430 Nihil
2575 2376 2729 2432 enim
2788 2376 2872 2431 sic
2929 2381 3193 2448 penetrat
3242 2378 3500 2433 animam
3557 2379 3712 2435 sicut

2062 2482 2255 2522 sermo
2278 2465 2547 2520 fucatus:
2600 2463 2748 2519 nihil
2780 2466 2994 2521 iterum
3027 2466 3111 2521 sic
3142 2467 3391 2536 mordet,
3426 2472 3492 2523 ut
3511 2468 3713 2525 durior

2062 2570 2275 2609 sermo.
2310 2552 2471 2608 Multi
2506 2570 2640 2608 cum
2680 2552 2923 2609 vicerint
2950 2554 3217 2610 adhibita
3243 2559 3555 2628 tormenta,
3588 2572 3708 2613 ser-

2064 2659 2303 2697 monum
2339 2641 2617 2696 duritiam
2641 2658 2756 2697 non
2789 2642 3216 2698 sustinuerunt.
3265 2644 3515 2701 Laborat
3569 2644 3703 2711 Job,

2063 2732 2164 2787 sed
2197 2731 2542 2795 sustinebat,
2576 2735 2632 2785 et
2658 2731 2967 2786 verborum
2992 2732 3163 2802 juxta
3187 2731 3497 2788 vulnerum
3537 2749 3713 2789 onera

2062 2821 2350 2892 portabat.
2383 2819 2544 2875 Vidit
2574 2835 2706 2875 eum
2741 2819 3090 2891 agonotbeta
3128 2837 3293 2890 suus,
3327 2822 3398 2878 de
3450 2824 3605 2879 nube
3654 2830 3713 2879 et

2060 2910 2295 2965 turbine
2354 2925 2594 2964 manum
2656 2907 2946 2964 laboranti
3004 2910 3182 2977 dedit,
3232 2916 3291 2967 et
3345 2910 3712 2968 obluctantes

2062 2998 2224 3071 gravi
2252 2998 2418 3070 lapsu
2446 2997 2727 3053 cecidisse
2755 2998 3172 3069 pronuntiavit,
3222 2999 3501 3056 victorem
3550 3016 3710 3056 asse-

2062 3089 2198 3155 ruit,
2232 3104 2502 3143 coronam
2532 3086 2760 3141 detulit.

2132 3178 2186 3233 9.
2216 3176 2364 3242 Quid
2396 3180 2590 3231 autem
2640 3175 2966 3246 pulchrius,
2991 3193 3166 3248 quam
3199 3177 3387 3234 ridere
3417 3195 3551 3234 cum
3586 3181 3716 3237 ma-l

286 3220 403 3329 vit?
420 3226 479 3277 et
497 3220 546 3277 si
563 3238 786 3329 paula“:
805 3224 1196 3329 °°PvifiatPri
1214 3229 1364 3324 meo?
1379 3226 1585 3329 Justus
1640 3226 1775 3327 et,“
1797 3243 1951 3329 ,pﬁc'
1981 3251 2025 3317 C
2063 3220 2364 3323 ledici‘tur“
2375 3220 2576 3319 nuo-bis?
2597 3220 2865 3320 G‘audere
2891 3220 3048 3320 enim
3074 3220 3387 3320 debemus“
3417 3220 3714 3329 “alia;

289 3315 461 3367 cator
516 3311 829 3383 opprobria
865 3313 1031 3383 jacit,
1072 3313 1277 3385 justus
1308 3313 1502 3371 ridet:
1563 3318 1621 3370 et
1674 3314 1726 3370 si
1795 3315 1953 3370 inﬁr-

294 3402 440 3455 mu’s
468 3398 784 3469 maledicit,
809 3400 1014 3472 justus
1033 3401 1346 3459 benedicit.

368 3532 423 3585 6.
456 3531 707 3588 Taccbat
736 3532 913 3588 David
947 3550 1078 3589 cum
1113 3534 1301 3590 Semei
1357 3535 1514 3592 [ilius
1571 3536 1720 3593 Gera
1767 3538 1951 3594 male-

290 3619 532 3688 diceret,
591 3619 701 3676 Job
759 3621 1004 3689 ridebat,
1068 3621 1281 3678 Paulus
1339 3624 1741 3693 benedicebat,
1803 3626 1954 3683 sicut

286 3709 422 3781 ipse
452 3708 530 3764 ait
555 3726 567 3764 :
588 3732 616 3761 «
650 3707 1073 3773 Maledicimur,
1105 3715 1161 3767 et
1192 3712 1593 3770 henedicimus
1617 3714 1663 3786 (ι
1694 3714 1816 3771 Cor.
1872 3732 1949 3781 ιν,

295 3798 411 3868 12.)
439 3820 468 3848 ››
499 3797 833 3870 Magisterio
863 3800 1077 3872 quippe
1104 3799 1301 3857 divino
1332 3817 1639 3873 processus
1678 3803 1952 3862 humanm

286 3885 531 3942 virtutis
559 3886 843 3943 excrevit:
877 3887 1017 3959 quia
1036 3888 1162 3959 jam
1191 3893 1427 3946 venerat
1456 3891 1557 3962 qui
1580 3907 1648 3946 ex
1668 3891 1950 3949 infirmio-

296 3975 466 4031 ribus
499 3975 713 4031 faceret
740 3973 1033 4045 fortiores,
1064 3980 1121 4033 et
1151 3977 1419 4034 audierat
1446 3980 1733 4036 dicentem
1759 3998 1771 4036 :
1796 4003 1826 4033 «
1846 3982 1950 4038 Be-

299 4063 554 4121 nedicite
586 4063 998 4120 maledicentes
1054 4066 1240 4133 vobis,
1288 4071 1344 4123 et
1372 4071 1533 4124 orate
1562 4086 1667 4141 pro
1722 4068 1951 4126 calum-

299 4152 607 4209 niantibus
655 4170 756 4209 vos
799 4154 948 4225 (Luc.
1008 4170 1083 4221 v1,
1117 4155 1228 4227 28).
1264 4177 1292 4205 ››
1350 4156 1498 4221 Quid
1555 4158 1729 4214 verbo
1784 4159 1948 4228 dixit,

294 4240 566 4314 exemplo
598 4242 882 4314 probavit.
915 4242 1176 4316 Denique
1206 4244 1337 4300 etin
1370 4261 1540 4301 cruce
1596 4246 1823 4318 positus
1879 4249 1951 4305 de

296 4331 775 4403 persecutoribus
804 4331 929 4388 suis
981 4331 1441 4390 conviciantibus
1500 4334 1613 4391 sibi
1669 4337 1946 4394 dicebat:

295 4442 325 4469 ‹‹
361 4420 548 4487 Pater,
572 4420 801 4476 dimitte
833 4420 969 4487 illis,
1029 4421 1168 4494 quia
1215 4423 1488 4479 nesciunt
1524 4424 1666 4496 quid
1728 4426 1952 4483 faciunt

294 4509 449 4581 (Luc.
480 4525 641 4577 χχιιι,
672 4509 802 4579 34);
838 4532 867 4560 ››
900 4515 967 4565 ut
1018 4515 1210 4568 oraret
1266 4528 1370 4584 pro
1425 4512 1945 4586 calumniantibus,

2062 3355 2353 3410 dicantur.
2388 3351 2671 3417 Primum,
2708 3352 2845 3423 quia
2901 3351 3101 3407 volens
3150 3351 3429 3409 inimicus
3488 3355 3711 3428 aliquid

2063 3443 2371 3500 adversum
2400 3457 2506 3496 nos
2547 3441 2758 3509 dicere,
2818 3456 2933 3512 quo
2992 3440 3210 3496 crimen
3262 3441 3540 3513 at‘ﬂgeret,
3593 3461 3709 3499 non

2062 3531 2282 3587 invenit
2311 3531 2463 3602 quod
2495 3546 2694 3585 verum
2728 3534 2837 3596 est,
2870 3530 2972 3586 sed
3003 3529 3148 3585 falsa
3200 3547 3301 3602 pro
3339 3533 3511 3599 veris,
3552 3549 3710 3588 com-

2062 3547 2282 3587 invenit
2311 3547 2463 3602 quoa
2495 3547 2694 3585 verum
2728 3547 2837 3596 est,
2870 3547 2972 3586 seu
3003 3547 3148 3585 raisa
3240 3547 3301 3585 ro
3339 3548 3511 3599 veris,
3552 3549 3710 3588 com-

2062 3619 2277 3693 posuit.
2327 3618 2568 3684 Deinde,
2601 3618 2740 3690 quia
2792 3616 2936 3674 dixit
2965 3618 3088 3691 ipse
3126 3547 3410 3675 Dogiinus
3440 3620 3496 3675 in
3528 3622 3712 3676 Evan-

2061 3709 2209 3784 gelio
2240 3710 2311 3765 de
2341 3707 2680 3779 hujusmodi
2711 3707 3114 3764 criminatione
3143 3725 3269 3781 quae
3302 3709 3709 3766 innocentibus

2062 3798 2207 3855 falso
2237 3798 2593 3870 irrngaretur
2622 3802 2859 3869 propter
2880 3797 3173 3868 justitiam
3206 3814 3219 3852 :
3258 3818 3286 3847 «
3340 3797 3599 3855 Gaudete
3653 3805 3712 3855 et

2061 3886 2618 3959 exultate,quoniam
2653 3902 2875 3942 merces
2903 3891 3096 3942 vestra
3126 3886 3311 3941 multa
3338 3893 3427 3943 est
3449 3888 3507 3942 in
3567 3887 3709 3944 coelo

2062 3978 2269 4049 (Matth.
2302 3994 2355 4044 v,
2392 3977 2498 4047 12).
2535 3998 2564 4026 »
2597 3977 2808 4031 Tacere
2833 3991 2968 4046 ergo
2999 3976 3170 4029 debet
3193 3977 3289 4046 qui
3350 3978 3710 4047 rccignoscit

2061 4066 2353 4137 objectum
2383 4083 2397 4133 ;
2430 4081 2501 4120 ne
2529 4063 2745 4119 vulnus
2773 4067 3092 4133 exasperet,
3125 4068 3183 4117 et
3212 4064 3514 4119 scindatur
3558 4065 3707 4121 cica-

2060 4154 2424 4222 trix;tacere
2453 4158 2510 4209 et
2563 4153 2660 4224 qui
2722 4169 2835 4206 non
2885 4151 3281 4223 recognoscit:
3330 4151 3496 4207 audit
3545 4154 3706 4210 enim

2061 4244 2323 4309 alterius,
2363 4259 2479 4297 non
2511 4258 2685 4297 suum
2717 4241 2936 4295 crimen
2963 4258 2977 4307 ;
3011 4240 3165 4311 quod
3198 4240 3247 4295 si
3278 4240 3508 4304 referat.
3530 4258 3706 4317 suum

2060 4334 2231 4389 facit:
2265 4332 2311 4387 si
2335 4334 2542 4395 taceat,
2576 4334 2888 4400 retorquet,
2922 4334 2997 4401 et.
3038 4328 3459 4385 conviciantem
3505 4330 3705 4387 vulne-

2058 4429 2166 4480 rat.
2195 4424 2411 4479 Tacere
2441 4419 2611 4474 debet
2636 4417 2811 4473 etiam
2844 4416 2941 4474 ille
2971 4418 3072 4490 qui
3102 4418 3171 4473 de
3198 4427 3523 4475 memorata
3552 4437 3705 4476 mer-

2058 4514 2199 4570 cede
2230 4508 2549 4584 przesumit.
2612 4508 2736 4562 Non
2794 4507 2950 4562 enim
3008 4508 3231 4579 patitur
3277 4508 3702 4581 praajudicium,

294 4598 516 4670 quibus
547 4602 773 4670 poterat
827 4598 953 4672 ipse
983 4600 1297 4657 dimittere.
1354 4601 1467 4658 Job
1527 4618 1664 4677 ergo
1696 4604 1946 4675 ridebat,
1976 4617 2024 4683 ι)
2056 4603 2147 4661 cui
2181 4618 2296 4658 non
2326 4604 2416 4655 est
2436 4597 2749 4670 judicium.
2785 4597 2851 4651 Et
2897 4597 2945 4652 si
2991 4597 3163 4651 fuerit
3201 4598 3605 4669 praejudicium
3644 4600 3705 4655 in

293 4688 440 4758 quia
463 4687 734 4743 nundum
764 4692 1001 4744 venerat
1030 4688 1321 4756 Christus,
1355 4689 1448 4746 cui
1467 4690 1578 4747 soli
1610 4695 1953 4753 servabatur

293 4790 649 4848 magnarum
680 4777 1064 4849 praerogativa
1114 4778 1398 4834 virtutum
1435 4795 1449 4833 :
1485 4780 1625 4852 quia
1680 4781 1805 4855 ipse
1860 4789 1951 4842 est

290 4864 579 4919 virtutum
633 4864 1011 4938 principium,
1072 4866 1225 4922 sicut
1308 4867 1490 4924 dixit:
1560 4891 1589 4919 «
1666 4871 1949 4929 Dominus

290 4953 511 5009 creavit
540 4969 634 5010 me
668 4953 1023 5028 principium
1054 4955 1284 5013 viarum
1315 4971 1558 5013 suarum
1589 4958 1774 5030 (Prov.
1822 4978 1945 5030 vm,

288 5044 408 5110 22).
438 5062 466 5090 ›)

290 5191 452 5246 idem
483 5190 875 5271 signiﬁcatac
900 5201 1108 5271 πλάνης,
1137 5195 1209 5271 ab
1239 5195 1373 5252 aliis
1404 5195 1685 5271 redditur
1694 5215 1798 5271 per
1849 5217 1946 5256 vo-

291 5278 457 5337 cem,
476 5279 633 5337 error
656 5269 759 5320 aut
785 5267 1118 5337 ignorantia.
1151 5268 1222 5324 Et
1249 5273 1404 5324 certe
1423 5268 1482 5323 in
1522 5267 1724 5327 multis
1754 5288 1946 5328 exem-

288 5305 557 5460 plaribus
578 5334 704 5391 loco
733 5305 861 5408 ejii’s
890 5305 1418 5410 habetur,“
1450 5357 1464 5395 :
1496 5344 1553 5396 et
1588 5305 1943 5415 vu‘lgf‘hillit.

313 5405 453 5460 serit.
509 5422 522 5460 :
554 5406 753 5460 Nemee
780 5410 884 5460 etsi
902 5411 1170 5460 ignoravi.
1200 5426 1411 5460 mecum
1468 5413 1575 5460 erit
1625 5415 1943 5460 itmnrnnh'n

313 5405 453 5479 egit.
509 5405 884 5480 :Nempe'etsi
902 5405 1171 5481 ignoravi,
1200 5405 1411 5465 mecum
1468 5413 1575 5469 erit
1625 5405 1946 5484 ignorantia

360 5495 665 5623 ((11.2)AEdit.
698 5548 853 5623 Era._,
886 5549 1022 5619 Gil.,
1055 5551 1245 5621 Rom.,
1276 5553 1344 5610 At
1371 5569 1498 5610 vero
1525 5556 1577 5610 si
1629 5555 1785 5612 nobis
1837 5558 1945 5614 ali-

285 5621 420 5696 quid
447 5621 766 5697 abjiciatur,
805 5621 937 5697 dum
964 5639 1061 5680 nos
1075 5640 1328 5697 purgare
1352 5625 1619 5683 volumus.
1669 5632 1778 5685 etc.
1836 5628 1945 5685 Ve-

281 5693 419 5758 rum
450 5693 769 5754 nobiscum
823 5693 1045 5752 faciunt
1072 5693 1208 5753 edit.
1267 5700 1399 5758 Am.
1432 5701 1490 5755 et
1520 5713 1658 5755 mss.
1719 5715 1942 5762 omnes.

2062 4692 2295 4757 saeculo,
2328 4706 2441 4745 non
2474 4687 2582 4744 erit
2616 4686 2674 4740 in
2699 4685 2920 4755 judicio
2952 4686 3074 4741 Dei.
3106 4686 3365 4758 Denique
3401 4692 3465 4742 ut
3492 4704 3706 4761 cogno-

2058 4800 2189 4840 scas
2220 4782 2357 4853 quia
2387 4795 2501 4833 non
2553 4775 2895 4849 praajudicat
2949 4774 3299 4831 contumelia
3353 4776 3517 4831 bonae
3566 4793 3702 4832 con-

2058 4871 2332 4939 scientias,
2356 4866 2491 4923 audi
2513 4870 2781 4920 sanctum
2803 4863 2912 4919 Job
2928 4863 3239 4929 dicentem,
3262 4862 3701 4936 locupletiorem

2056 4960 2257 5031 utique
2286 4962 2493 5012 testem
2534 4970 2710 5026 quam
2746 4955 2794 5010 si
2828 4952 3072 5024 imperio
3103 4952 3260 5007 orbis
3284 4952 3527 5007 Romani
3560 4954 3704 5025 poti-

2057 5053 2152 5104 tus
2181 5051 2371 5103 esset:
2406 5068 2434 5097 ‹‹
2484 5045 2648 5099 Nunc
2702 5044 3105 5099 obmutescam
3159 5044 3216 5095 et
3262 5040 3696 5113 derelinquam:

2055 5199 2124 5254 Et
2145 5196 2269 5252 haec
2297 5194 2837 5266 quidemggermana
2866 5191 3173 5266 lectiogest,
3202 5207 3335 5266 cum
3374 5198 3702 5266 opponatur

2054 5270 2215 5325 hisce
2242 5263 2434 5322 verbis
2475 5280 2488 5318 :
2521 5263 2624 5319 Séd
2653 5267 2814 5334 quasi
2856 5282 2891 5319 a
2917 5281 2976 5319 se
3004 5264 3191 5320 aliena
3218 5263 3528 5320 rideretfls
3583 5264 3699 5321 ita-

2055 5358 2169 5414 que
2200 5338 2307 5419 loci
2341 5351 2551 5419 sensus
2571 5340 2661 5390 est
2681 5352 2693 5390 :
2717 5336 2825 5391 Job
2848 5336 2904 5389 in
2928 5352 2989 5391 se
3010 5336 3187 5419 dicta,
3207 5335 3377 5419 quasi
3400 5334 3529 5392 aliis
3551 5337 3697 5419 obji:

2055 5406 2344 5473 cierentur,
2396 5406 2968 5480 ride_re;_nos_v_ero
3026 5406 3303 5480 convicia,
3357 5424 3467 5462 non
3530 5406 3699 5480 quasi

2055 5485 2206 5553 aliis,
2239 5481 2341 5538 sed
2369 5476 2735 5553 quasiuobis
2765 5477 3135 5553 objiciuntur,
3162 5479 3428 5553 rmoleste
3458 5476 3624 5553 ferre.

2126 5546 2239 5627 (13)
2272 5546 2437 5627 Rom.
2465 5546 2603 5627 edit.
2637 5546 2783 5627 sola,
2804 5547 3121 5627 judicium;
3148 5552 3284 5627 Ipse,
3346 5552 3544 5627 inquit,
3602 5553 3700 5607 ῃο.

2052 5619 2237 5686 minus
2266 5622 2506 5683 turbavit
2531 5635 2652 5678 me:
2686 5619 2785 5677 hoc
2806 5619 2904 5687 est,
2939 5620 3056 5692 ipse
3084 5619 3344 5682 Doiniims
3377 5619 3565 5691 voluit,
3586 5632 3694 5683 etc.
