3866 6212
352 322 463 382 871

1814 324 1875 383 S.
1922 321 2299 385 AHBROSII

3599 336 3695 405 8'12

354 456 403 510 si
433 471 591 511 nunc
618 453 763 509 mihi
796 452 1197 525 praejudicium
1228 456 1338 515 cst,
1373 456 1510 507 tunc
1532 470 1566 507 a
1595 454 1736 509 facie
1758 462 1858 509 tua
1888 471 2002 509 non
2029 457 2087 521 Α
2117 457 2267 511 rium
2292 474 2467 511 suum
2500 473 2567 511 ex
2600 458 2712 523 bis,
2745 474 2858 512 non
2891 459 3281 515 confundetur
3307 477 3433 517 cum
3470 462 3700 536 loquetur

353 545 683 601 abscondar
711 544 845 609 (Job.
880 560 1003 609 xm,
1040 543 1121 608 19,
1158 543 1273 607 20;.
1316 564 1344 589 η

430 636 513 688 10.
564 633 693 688 Haec
732 648 869 703 ergo
903 630 1133 702 parcius
1180 630 1239 685 in
1292 630 1525 685 exordio
1559 631 1879 701 respondit,
1936 636 1999 686 ut

348 723 691 778 admoneret
720 722 853 775 illos
898 720 1105 791 judicii
1138 719 1262 781 Dei,
1293 726 1468 790 atque
1499 720 1571 773 ab
1604 720 1915 775 insolentia
1944 726 2001 775 et

346 812 543 866 furore
612 814 909 865 revocatos
969 808 1135 878 quasi
1207 810 1398 862 bonus
1453 808 1714 863 medicus
1790 812 1999 863 faceret

348 900 712 971 resipiscere,
744 897 853 952 Sed
887 902 1266 968 posteaquam
1296 914 1395 951 eos
1451 898 1702 951 advertit
1734 914 1998 968 perseve-

346 1005 474 1044 rare
521 988 580 1043 in
612 987 1006 1049 contumeliis,
1040 985 1214 1057 plura
1242 986 1445 1040 fortior
1474 987 1740 1057 repetivit
1787 992 1842 1039 et
1873 992 1997 1039 tan-

344 1094 522 1148 quam
554 1093 750 1148 pugno
780 1092 879 1130 eos
910 1074 1187 1129 validiore
1219 1075 1526 1144 percussit,
1564 1076 1663 1147 qui
1687 1076 1995 1129 verborum

342 1182 587 1221 suorum
646 1165 803 1220 saxis
859 1164 1204 1235 lapidabant
1260 1164 1585 1218 innoxium.
1659 1185 1687 1211 ει
1764 1164 1994 1227 Audite,

344 1253 557 1326 inquit,
587 1255 786 1309 audite
834 1254 1006 1308 verba
1052 1268 1204 1316 mea,
1264 1269 1381 1306 non
1414 1253 1491 1305 sit
1548 1252 1690 1306 mihi
1742 1268 1777 1306 a
1832 1253 1995 1307 vobis

342 1342 796 1398 consolationem
832 1342 944 1407 illi)
974 1357 1267 1412 quaerere;
1308 1346 1529 1412 portate
1562 1357 1651 1395 me
1684 1342 1815 1396 (Job.
1875 1359 1992 1406 xxi,

338 1438 395 1495 2,
423 1433 526 1499 3,),
552 1454 581 1480 υ
601 1430 739 1501 quia
767 1432 1006 1483 fortiora
1032 1430 1261 1500 loquar:
1286 1446 1457 1502 grave
1480 1429 1589 1482 erit
1617 1430 1843 1500 pondus
1870 1447 1993 1485 ver-

341 1522 549 1576 borum
582 1535 866 1574 meorum.
890 1519 1085 1573 Dicam
1109 1525 1161 1572 et
1184 1536 1288 1589 eg)
1308 1520 1634 1573 secundum
1660 1519 1993 1589 Opinionem

338 1615 629 1674 vestram;
659 1624 727 1663 eo
758 1606 915 1676 quod
947 1606 1113 1661 multi
1142 1607 1445 1661 abundant
1499 1607 1555 1659 in
1615 1606 1722 1661 hoc
1780 1607 1992 1661 saeculo

338 1715 535 1754 rerum
565 1698 958 1752 secundarum
991 1698 1385 1761 successibus,
1417 1702 1473 1751 et
1504 1696 1603 1749 alii
1655 1704 1989 1767 gravantur.

339 1790 399 1843 ln
430 1804 691 1844 aerumna
722 1787 891 1857 positi
929 1791 1084 1847 sunt,
1129 1792 1185 1840 et
1235 1786 1464 1839 videtur
1505 1785 1611 1838 hoc
1659 1786 1985 1839 secundum

338 1881 709 1950 peccatorum
738 1875 946 1929 merito
977 1873 1187 1929 deferri
1240 1876 1373 1941 (15).
1407 1875 1569 1938 Quod
1600 1880 1657 1928 et
1688 1875 1737 1927 si
1768 1874 1982 1935 dicam,

336 1965 512 2021 nolite
545 1963 732 2018 ridere
760 1963 929 2033 quasi
964 1963 1127 2018 vobis
1159 1963 1501 2033 acquievero
1537 1969 1626 2027 ;et
1648 1962 1695 2016 si
1720 1968 1987 2033 peccator

334 2071 491 2121 sum,
526 2071 639 2108 non
669 2070 801 2107 sum
833 2052 1055 2107 homini
1090 2069 1245 2113 reus,
1278 2051 1417 2121 quia
1450 2053 1558 2106 sub
1604 2058 1836 2121 peccato
1894 2057 1984 2106 est

333 2149 390 2199 et
416 2143 542 2216 ipse
569 2142 668 2212 qui
693 2140 944 2212 jndicat,
974 2146 1031 2195 et
1060 2140 1171 2195 sibi
1206 2143 1261 2192 in
1296 2156 1387 2193 me
1419 2144 1762 2210 potestatem
1804 2140 1984 2193 vindi-

333 2238 446 2288 cat.
478 2233 592 2286 Aut
620 2230 668 2285 si
693 2229 927 2299 judicor
947 2228 1115 2298 quasi
1138 2229 1340 2286 homo.
1362 2244 1675 2283 commune
1697 2228 1979 2292 estistud,

336 2318 623 2384 increpari
657 2335 772 2373 non
830 2318 1053 2371 debeo:
1118 2316 1427 2371 inﬁrmitas
1472 2316 1822 2371 conditionis
1869 2323 1979 2384 est,

336 2426 449 2464 non
480 2406 752 2479 specialis
784 2405 1152 2477 improbitas.

890 2495 1040 2553 657
1077 2494 1307 2550 CAPUT
1337 2494 1427 2549 IV.

332 2588 542 2643 Amicos
566 2587 714 2641 nam
738 2601 952 2654 semper
976 2585 1303 2641 delictorum
1354 2600 1521 2639 causa
1562 2586 1779 2638 evenire
1834 2600 1977 2637 usse-

400 2666 573 2714 renle:
595 2658 834 2713 retundit
866 2657 983 2720 Job,
1016 2655 1407 2726 interrogando
1435 2673 1534 2710 cur
1565 2658 1724 2726 impii
1772 2656 1871 2708 hac
1920 2658 1976 2708 in

398 2733 509 2785 vita
558 2730 709 2784 bonis
757 2731 1035 2798 afﬂuant;
1084 2742 1210 2796 quze
1258 2730 1436 2781 (unum
1488 2743 1611 2780 rem
1668 2728 1812 2779 nmla
1866 2742 1979 2781 esse

398 2801 780 2855 Ostenduntur.
814 2800 1015 2853 Ibidem
1044 2802 1167 2866 quis
1192 2814 1313 2851 vere
1345 2800 1528 2853 beatus
1551 2798 1831 2852 habendus
1868 2800 1976 2852 sit:

400 2881 513 2928 lum
544 2874 665 2941 quis
698 2875 826 2923 bene
859 2871 938 2922 vel
966 2871 1110 2923 male
1136 2872 1363 2941 seminet
1386 2887 1405 2923 :
1444 2874 1560 2922 tam
1605 2871 1786 2940 quali:
1834 2870 1978 2938 inju-

397 2940 608 2998 uorum
654 2943 982 3011 posteritas;
1024 2956 1196 3010 quoue
1242 2940 1573 2995 discremine
1634 2942 1694 2994 lii
1738 2941 1976 3009 flagellis

399 3017 689 3078 irnmunex,
715 3014 858 3083 justi
884 3012 1083 3065 eis/lem
1113 3012 1371 3067 dicuntur
1397 3012 1625 3066 obnoxii
1648 3015 1673 3063 .9
1732 3014 1977 3082 Denique

296 3141 321 3159 ι
398 3088 595 3159 imp‘os
616 3100 721 3140 non
746 3086 1046 3137 aetemitale
1098 3083 1188 3137 ,ςδοί
1240 3084 1387 3152 falsa
1440 3085 1557 3154 ejus
1616 3085 1857 3151 imagine
1878 3098 1976 3154 po-

400 3156 501 3212 tiri
522 3156 943 3210 demonstratur.

400 3247 484 3302 11.
516 3246 627 3301 Sed
650 3244 823 3299 dicite
854 3243 994 3297 mihi
1023 3259 1036 3296 :
1070 3243 1126 3297 Si
1160 3247 1393 3314 propter
1424 3250 1725 3314 pecca'um
1777 3258 1975 3297 meum

328 3337 438 3392 hoc
469 3334 676 3408 patior,
711 3334 863 3388 sicut
881 3330 1157 3403 objicitis,
1186 3348 1367 3402 quare
1388 3332 1551 3403 impii
1588 3332 1836 3386 vivunt?
1862 3332 1979 3387 Nec

326 3425 518 3482 solum
570 3423 796 3487 vivunt,
829 3422 924 3477 sed
961 3422 1138 3477 etiam
1181 3420 1383 3492 repleti
1436 3425 1577 3474 sunt
1623 3421 1865 3488 divitiis,
1920 3424 1978 3476 et

328 3515 555 3569 fructus
595 3509 1026 3587 multblicant:
1061 3510 1161 3564 sed
1219 3509 1392 3564 etiam
1456 3509 1592 3563 ﬁliis
1651 3511 1975 3582 potiuntur,

328 3602 629 3658 abundant
660 3601 870 3655 domus
900 3616 1099 3653 eorum
1124 3599 1152 3652 ‘?
1182 3599 1309 3653 Haec
1339 3598 1635 3654 evidenter
1655 3598 1847 3669 specie
1875 3599 1976 3654 bo-

328 3707 434 3746 na:
470 3690 570 3744 sed
619 3688 808 3742 altiori
850 3688 1125 3760 mysterio
1177 3685 1454 3753 invenies,
1514 3688 1788 3759 quoniam
1848 3704 1979 3760 quas

328 3783 614 3853 putantur
643 3778 817 3841 bona,
850 3793 963 3831 non
998 3781 1133 3831 sunt
1182 3777 1370 3843 bona;
1422 3780 1477 3830 et
1527 3793 1652 3847 qua:
1697 3781 1980 3848 putantur

327 3867 504 3933 mala,
536 3865 763 3939 potiora
783 3864 901 3922 illis
932 3865 1316 3921 :estimantur.

400 3959 485 4012 12.
545 3980 572 4007 ει
633 3956 1120 4022 Invetcraverunt,
1176 3954 1387 4026 inquit,
1436 3954 1496 4009 in
1553 3954 1771 4009 divitiis
1838 3955 1974 4025 (Job.

325 4064 443 4114 xxi,
471 4047 528 4121 7)
579 4070 608 4095 υ
638 4052 1007 4110 πεπαλαίονται,
1041 4043 1222 4109 dixit;
1258 4049 1320 4098 ut
1374 4060 1486 4099 non
1546 4048 1664 4099 tam
1697 4044 1979 4099 diuturna

326 4132 661 4205 divitiarum
693 4133 1007 4209 possessio,
1067 4150 1244 4204 quam
1293 4132 1617 4187 inveterata
1672 4133 1972 4205 copiarum

328 4223 595 4280 molestia
625 4223 955 4296 signiﬁcata
986 4221 1287 4289 videatur;
1316 4219 1466 4276 sicut
1493 4220 1634 4275 vivit
1665 4221 1975 4277 Ecclesias-

326 4318 415 4369 tes
443 4313 678 4368 divitias
708 4311 997 4368 custodiri
1024 4311 1082 4365 in
1114 4309 1333 4365 malum
1359 4310 1678 4382 possidenti
1712 4327 1831 4379 cas,
1850 4328 1977 4382 qua:

326 4406 572 4474 pereunt
616 4400 673 4455 in
727 4417 964 4455 summa
1021 4399 1384 4455 districtione
1439 4416 1506 4454 ac
1586 4398 1979 4455 sollicitudine

326 4491 520 4561 (Eecle.
554 4506 605 4557 ν,
642 4490 750 4560 l2).
784 4490 1035 4544 Pereunt
1072 4489 1226 4543 enim
1254 4504 1380 4559 quae
1413 4487 1505 4542 hic
1548 4487 1976 4559 relinquuntur,

2112 544 2367 600 inimicis
2396 546 2521 600 suis
2550 547 2606 600 in
2641 554 2809 618 porta
2836 549 2999 615 (Prol.
3058 565 3247 613 ωτι,
3270 550 3347 617 5).
3384 574 3409 598 n
3434 550 3527 607 Cui
3553 553 3699 611 haere-

2109 633 2261 688 ditas
2288 633 2574 691 Dominus
2612 642 2722 701 est,
2752 641 2811 690 et
2864 653 3086 692 merces
3143 654 3210 693 ex
3262 637 3445 693 Maria:
3488 640 3701 714 Virginis

2106 728 2279 793 partu
2307 722 2433 776 :hic
2459 725 2517 779 in
2557 726 2714 778 exitu
2740 725 2991 796 sapienti
3014 746 3041 778 ρ
3089 725 3360 783 laudibus
3382 728 3699 798 praedicatur,

2106 812 2385 881 quoniam
2419 830 2532 867 non
2564 811 2768 866 habuit
2810 813 2967 883 quod
3005 815 3385 879 erubesceret,
3437 818 3526 888 qui
3571 818 3695 874 nihil

2106 916 2309 955 eorum
2340 917 2467 970 qua
2512 907 2653 956 sunt
2685 901 2885 957 saeculi
2916 903 3286 973 concupivit:
3338 903 3432 959 sed
3470 905 3700 964 adversa-

2108 988 2283 1051 rium,
2314 990 2591 1060 depositis
2621 991 2829 1045 veteris
2862 990 3117 1046 hominis
3148 992 3390 1055 exuviis,
3442 991 3544 1048 telo
3584 1011 3703 1050 con—

2106 1078 2359 1133 tinentiae
2385 1078 2669 1133 vulnerati
2700 1098 2715 1145 ;
2759 1084 2818 1134 ut
2849 1082 3183 1151 obstrepere
3210 1081 3259 1135 ei
3291 1079 3350 1137 in
3380 1080 3542 1152 hujus
3591 1083 3701 1139 vita

2108 1168 2220 1222 ﬁne
2251 1185 2363 1223 non
2400 1174 2612 1238 posset.
2636 1167 2875 1223 vulnere
2896 1168 3161 1229 claudus,
3184 1174 3241 1223 et
3260 1168 3525 1225 virtutum
3547 1170 3702 1235 admi-

2106 1256 2325 1309 ratione
2355 1256 2658 1311 confusus.
2688 1257 2879 1312 Habes
2908 1273 3045 1329 ergo
3070 1275 3180 1312 non
3214 1273 3342 1312 esse
3370 1256 3700 1327 laudabilem,

2104 1345 2201 1415 qui
2239 1346 2593 1400 inveteratus
2626 1346 2684 1399 in
2718 1347 2972 1417 pecuniis
3005 1346 3323 1418 cupiditate
3354 1345 3444 1413 sit,
3481 1364 3582 1404 non
3628 1365 3702 1404 re-

2105 1438 2347 1487 novatus
2379 1433 2435 1487 in
2468 1436 2835 1506 perceptione
2858 1435 3075 1506 gratiae.

2180 1534 2262 1584 13.
2296 1531 2613 1586 Videamus
2654 1530 2855 1586 aliud:
2903 1556 2929 1579 α
2979 1532 3189 1586 Semen
3248 1547 3468 1593 eorum.
3522 1532 3706 1603 inquit,

2103 1622 2429 1675 secundum
2446 1622 2702 1675 animam
2738 1621 2875 1689 (Job.
2916 1637 3034 1686 xxi,
3064 1623 3140 1687 8,.
3170 1643 3191 1669 ι
3230 1621 3286 1674 id
3317 1628 3425 1687 est,
3453 1637 3559 1677 non
3585 1620 3711 1677 inter

2092 1710 2290 1773 justos
2324 1709 2631 1763 habentur.
2663 1709 2818 1763 Justi
2849 1710 3007 1763 enim
3040 1709 3250 1781 spiritu
3268 1709 3711 1777 seminant,etde

2099 1798 2311 1867 spiritu
2359 1805 2576 1851 metent
2614 1799 2787 1851 vitam
2813 1804 3086 1853 aeternam
3112 1814 3125 1850 :
3150 1798 3233 1851 illi
3265 1814 3396 1853 vero
3416 1798 3511 1870 qui
3534 1814 3712 1853 secun-

2097 1890 2238 1942 dum
2263 1887 2521 1940 animam
2558 1888 2870 1949 scminant,
2904 1886 3191 1958 spiritalia
3222 1893 3437 1942 metere
3466 1903 3571 1942 non
3594 1902 3711 1958 pos-

2095 1981 2273 2033 sunt:
2308 1975 2447 2046 quia
2478 1974 2941 2030 animalishomo
2970 1991 3083 2029 non
3108 1975 3355 2046 percipit
3374 1991 3442 2031 ea
3461 1982 3712 2048 quresunt

2093 2066 2339 2137 spiritus
2371 2063 2510 2117 Dei:
2544 2063 2795 2117 stultitia
2824 2064 2981 2118 enim
3033 2064 3114 2117 illi
3149 2070 3257 2131 est,
3286 2069 3346 2120 et
3400 2081 3510 2119 non
3550 2068 3711 2136 potest

2092 2156 2239 2209 scire
2269 2171 2395 2224 quae
2428 2156 2563 2207 sunt
2613 2152 2858 2222 spiritus
2888 2158 2947 2207 et
2978 2152 3109 2208 ideo
3148 2169 3265 2208 non
3316 2152 3562 2226 repletur
3608 2153 3709 2224 spi-

2092 2242 2382 2307 ritalibus,
2409 2242 2509 2296 sed
2534 2240 2857 2312 judicatur.

2164 2340 2253 2396 14.
2287 2363 2315 2388 ‹‹
2364 2337 2489 2393 Filii
2519 2354 2722 2393 eorum
2756 2339 2817 2392 in
2847 2337 3034 2394 oculis
3069 2338 3277 2411 (Ibid),
3307 2361 3336 2389 »
3368 2338 3423 2393 id
3460 2342 3561 2403 est,
3603 2354 3709 2410 qua

2089 2427 2330 2489 faciunt,
2363 2426 2493 2480 ideo
2525 2426 2766 2493 faciunt,
2816 2431 2879 2479 ut
2926 2426 3237 2481 videantur
3278 2427 3351 2481 ab
3382 2425 3708 2494 hominibus,

2090 2534 2205 2571 non
2236 2514 2522 2587 quiaboni
2542 2513 2851 2569 consulant
2872 2519 2937 2569 ut
2965 2514 3074 2569 hoc
3094 2515 3336 2587 eligant,
3360 2515 3511 2586 quod
3540 2514 3708 2569 futuro

2079 2606 2305 2676 judicio
2361 2604 2794 2673 comprobetur.
2853 2602 3028 2657 Filios
3087 2620 3225 2675 ergo
3284 2604 3574 2675 Scriptura
3622 2619 3707 2673 pro

2088 2694 2365 2766 operibus
2424 2696 2756 2764 frequenter
2839 2691 3116 2755 declarat,
3199 2708 3267 2747 eo
3354 2692 3503 2764 quod
3579 2690 3711 2746 locu-

2087 2784 2297 2857 pletior
2328 2784 2383 2837 in
2417 2783 2588 2837 bonis
2635 2781 2805 2836 factis
2862 2797 3041 2852 quam
3100 2782 3159 2835 in
3218 2781 3359 2836 ﬁliis
3416 2781 3490 2835 sit
3535 2785 3708 2834 nostra

2088 2873 2416 2944 posteritas.
2451 2870 2611 2925 Unde
2644 2876 2699 2924 ct
2731 2870 3003 2924 Ezechias
3051 2870 3122 2924 de
3171 2871 3333 2942 gravi
3394 2869 3706 2942 aegritudine

2088 2961 2388 3021 liberatus,
2444 2982 2471 3009 «
2543 2975 2611 3013 ex
2668 2959 2968 3024 hodierno,
3031 2959 3244 3029 inquit,
3299 2959 3450 3013 ﬁiios
3525 2955 3705 3012 faciam

2086 3051 2185 3123 qui
2217 3049 2575 3105 nuntiabunt
2596 3047 2891 3117 justitiam
2912 3052 3099 3109 tuam.
3131 3047 3382 3103 Domine
3411 3047 3559 3103 Deus
3575 3043 3708 3100 salu-

2086 3140 2163 3195 tis
2190 3156 2354 3203 meat,
2388 3143 2444 3192 et
2475 3153 2587 3192 non
2625 3136 2864 3191 cessabo
2897 3143 2953 3190 te
3008 3135 3363 3191 benedicens
3401 3152 3529 3191 cum
3573 3131 3706 3205 psal-

2086 3228 2231 3285 terio
2262 3244 2467 3283 omnes
2494 3227 2617 3280 dies
2672 3225 2798 3279 vitae
2831 3242 2969 3279 mea:
3010 3226 3138 3283 {13.1.
3168 3243 3404 3295 xxxnn,
3436 3226 3519 3291 19,
3558 3223 3656 3293 20).
3684 3244 3706 3270 ι)

2086 3320 2244 3374 Bona
2288 3317 2444 3372 enim
2510 3315 2822 3386 posteritas
2878 3314 3199 3369 devotionis
3266 3322 3328 3370 et
3390 3313 3540 3378 ﬁdei,
3600 3328 3705 3382 qua

2084 3406 2404 3479 captivitati
2430 3404 2671 3459 nescivit
2694 3402 3096 3469 succumbere,
3130 3420 3312 3475 quam
3345 3403 3448 3458 ﬁlii
3488 3399 3704 3458 Ezechiae

2088 3494 2472 3568 pertulerunt.

2156 3602 2309 3658 658
2344 3603 2427 3655 15.
2462 3602 2528 3655 Et
2557 3599 2783 3655 addidit
2814 3599 3050 3655 dicens:
3102 3623 3129 3649 ‹‹
3163 3599 3316 3666 Quia
3346 3617 3458 3655 non
3503 3602 3589 3655 est
3611 3595 3710 3653 illis

2083 3693 2278 3757 timor,
2322 3709 2436 3747 non
2468 3696 2555 3745 est
2589 3688 2883 3761 flagellum
2911 3706 2946 3744 a
2975 3690 3221 3744 Domino
3255 3692 3400 3760 (Job.
3452 3705 3561 3755 xxx,
3588 3687 3657 3754 9).
3688 3706 3708 3732 ι·

2082 3782 2291 3837 Justus
2315 3786 2506 3835 autem
2541 3778 2718 3833 dicit:
2755 3801 2781 3826 «
2804 3778 3089 3842 Quoniam
3114 3778 3450 3847 ﬁagcllatus
3470 3792 3593 3832 sum
3612 3779 3711 3829 tota

1962 3905 1983 3919 .
2084 3868 2175 3923 die
2206 3868 2381 3939 (Paul.
2434 3883 2603 3931 Lxxu,
2664 3865 2776 3931 Ml,
2808 3888 2835 3913 ››
2865 3871 2923 3920 et
2950 3871 3113 3936 optat
3145 3866 3451 3937 ﬂagellari,
3501 3870 3563 3921 ut
3590 3861 3710 3919 reoi-

2085 3958 2331 4029 piatura
2365 3956 2650 4011 Domino:
2700 3958 2759 4009 et
2789 3954 2913 4009 vult
2943 3956 3148 4010 timere
3207 3955 3545 4022 Dominum,
3595 3950 3713 4023 quia

2084 4046 2262 4100 timor
2292 4044 2520 4101 Domini
2556 4043 2791 4098 initium
2822 4044 3122 4115 sapientia:
3151 4049 3261 4099 est.
3326 4045 3443 4100 Nec
3487 4041 3711 4099 beatitu-

2085 4135 2281 4189 dinem
2314 4138 2499 4206 putat,
2532 4133 2579 4189 si
2613 4149 2728 4187 non
2760 4132 2976 4188 abortit
3029 4131 3245 4188 bucula
3293 4150 3405 4189 sua
3452 4130 3586 4204 (Job.
3612 4144 3709 4189 χιι,

2088 4226 2196 4293 10).
2232 4224 2395 4278 Sicut
2423 4227 2631 4295 putant
2659 4221 2844 4277 stulti.
2880 4221 2984 4277 Per
3016 4223 3219 4276 bovem
3250 4223 3412 4278 enim
3469 4220 3599 4293 quid
3646 4215 3712 4273 si-

2085 4313 2418 4384 gniﬁcatur,
2448 4311 2559 4367 nisi
2595 4310 2807 4365 ruralis
2848 4310 3089 4365 culturae
3138 4310 3326 4374 labor,
3376 4310 3479 4382 qui
3507 4321 3711 4378 semper

2089 4402 2240 4457 redit
2283 4401 2341 4455 in
2391 4400 2617 4464 orbem,
2676 4404 2735 4453 et
2792 4415 3095 4471 nunquam
3148 4399 3394 4465 desinit,
3447 4398 3544 4454 sed
3595 4409 3707 4451 cum

2089 4490 2304 4561 expleri
2335 4490 2584 4553 videtur,
2617 4493 2917 4543 revocatur
2961 4489 3021 4543 in
3053 4488 3359 4543 exordium
3384 4489 3413 4543 Ἰ
3471 4485 3709 4542 Istisuut

325 4586 380 4634 et
422 4583 652 4634 mortuo
686 4578 959 4650 prodesse
991 4595 1105 4632 non
1140 4580 1405 4648 possunt.
1437 4576 1653 4631 Habuit
1682 4577 1863 4649 igitur
1880 4578 1975 4633 de-
2004 4565 2050 4629 Ι)
2083 4580 2185 4651 qui
2214 4578 2418 4633 colunt
2445 4577 2757 4632 Sodomam
2791 4581 2849 4632 et
2876 4577 3283 4633 Gomorrham.
3316 4578 3468 4650 Ergo
3511 4572 3603 4647 qui
3631 4586 3711 4629 co-

328 4668 566 4724 functus
588 4684 656 4723 ex
675 4667 791 4723 illis
814 4666 1556 4737 sollicitudinem,requicm
1581 4666 1838 4721 invenire
1860 4684 1974 4721 non

326 4756 535 4832 potuit,
569 4756 668 4830 qui
705 4754 940 4827 reliquit
966 4754 1117 4826 quod
1173 4755 1560 4821 erubesceret,
1612 4770 1717 4809 nec
1775 4771 1975 4810 secum

326 4846 572 4904 abstulit
602 4845 756 4919 quod
788 4848 1028 4910 teneret,
1057 4842 1225 4915 longe
1258 4843 1459 4915 dispar
1504 4845 1576 4898 ab
1606 4860 1673 4898 eo
1730 4844 1801 4899 de
1861 4860 1975 4916 quo

327 4935 612 5010 scriptum
644 4939 768 4991 est:
803 4956 830 4985 «
870 4938 1077 4988 Beatus
1108 4932 1283 4987 homo
1313 4931 1411 5003 qui
1459 4931 1700 5004 replevit
1755 4933 1976 4989 deside-

397 5081 512 5149 (14)
546 5078 713 5134 Rom.
746 5077 909 5142 edit,
938 5084 1000 5131 ut
1028 5077 1098 5131 sit
1119 5075 1261 5130 mihi
1286 5091 1321 5129 a
1349 5076 1496 5149 vobis
1553 5074 1695 5149 haec
1724 5077 1975 5132 consola-

326 5146 431 5219 tio;
461 5146 587 5207 alia:
618 5154 678 5205 et
707 5167 846 5205 mss.
881 5165 1109 5213 omnes,
1140 5165 1247 5203 non
1279 5156 1352 5202 εῖι
1381 5146 1525 5201 mihi
1550 5164 1585 5201 a
1612 5148 1756 5202 vobis
1786 5164 1973 5204 conso-

327 5225 586 5294 lationem
603 5219 1064 5294 (lwrae._LXX
1103 5226 1321 5286 autem,
1375 5227 1457 5274 ἵνα
1515 5224 1645 5294 μὴ
1703 5243 1782 5288 μοι
1839 5230 1973 5291 παρὰ

329 5293 463 5356 ὑμῶν
490 5291 680 5352 uertit.
726 5291 1052 5357 παράκλησις.
1110 5294 1379 5345 Attamen
1452 5291 1717 5361 quaedam
1787 5307 1969 5347 exem-

330 5364 515 5437 plaria
542 5365 908 5437 negationem
941 5362 1411 5437 pretermittunt,
1439 5362 1689 5418 utdocet
1705 5361 1971 5420 Nobilius

330 5434 403 5490 ad
436 5434 592 5489 hunc
622 5434 834 5491 locum.

401 5504 514 5575 (ιη)
543 5504 692 5559 Edit.
725 5512 832 5562 vet.
868 5521 934 5560 ac
966 5521 1109 5561 mss.
1143 5504 1281 5572 duo,
1328 5508 1379 5559 et
1410 5503 1622 5561 videtur
1647 5504 1748 5563 hoc
1803 5521 1973 5563 saecu-

334 5575 451 5657 lprp
491 5574 1080 5657 pecc‘atorumurnerito
1129 5575 1337 5657 :
1390 5574 1489 5631 alii
1542 5581 1726 5657 trem."
1775 5579 1973 5634 merito

336 5641 561 5715 deferri.
595 5642 759 5700 Rom.
794 5646 956 5714 edit.,
1008 5653 1058 5703 et
1085 5644 1340 5701 videnlur
1367 5646 1661 5703 secundum
1676 5646 1775 5705 hoc
1794 5665 1968 5707 saecu-

2084 4668 2212 4723 lunt
2241 4667 2574 4739 Egyptum,
2604 4664 2926 4737 glebasque
2957 4670 3245 4722 terrarum
3266 4671 3465 4721 aratro
3482 4662 3707 4736 quodam

2085 4756 2282 4812 solidae
2315 4754 2530 4810 mentis
2559 4753 2878 4821 invertunt,
2909 4755 3164 4811 laborem
3198 4756 3312 4811 sibi
3377 4753 3623 4827 pariunt,
3661 4750 3711 4803 et

2083 4845 2312 4901 dolores
2335 4848 2580 4899 metunt.
2634 4843 2765 4898 ldco
2806 4843 3019 4899 bucula
3071 4861 3273 4899 corum
3334 4861 3455 4899 non
3502 4835 3704 4900 abortil,

2084 4936 2183 4991 sed
2219 4934 2390 5007 parit,
2426 4938 2490 4988 ut
2520 4937 2808 5005 augeatur
2835 4932 2997 4988 labor
3025 4950 3225 4989 eorum
3255 4938 3315 4988 et
3345 4950 3475 5005 qua:
3528 4941 3705 4987 conce-

2082 5080 2200 5132 lum
2227 5079 2572 5148 peccatorum
2602 5077 2794 5148 merito
2824 5076 3016 5131 deseri.
3050 5076 3185 5131 Cod.
3209 5074 3358 5129 Vict.
3391 5089 3459 5148 ac
3478 5070 3703 5148 quan-g

2080 5153 2132 5205 et
2168 5142 2380 5204 videtur
2407 5148 2505 5203 hoc
2532 5147 2825 5219 secundum
2860 5155 3202 5219 peccatorum
3248 5147 3455 5219 merito
3504 5142 3701 5219 deferri:

2082 5217 2749 5292 Commodezsuperiori
2800 5210 2957 5292 enim
3006 5218 3203 5292 phrasi
3259 5216 3536 5292 instituta
3565 5210 3703 5287 sunt

2082 5292 2196 5366 duo
2215 5289 2494 5366 orationis
2516 5288 2800 5366 membra,
2826 5288 3295 5366 primu—meorum
3314 5288 3420 5361 qui
3438 5292 3704 5366 prosperis

2081 5362 2385 5419 abundant
2414 5361 2785 5418 successibus
2809 5361 2834 5417 ξ
2878 5361 3202 5418 secundum
3231 5376 3441 5417 eorum
3471 5361 3703 5429 quigra-

2078 5438 2291 5490 vantur
2316 5439 2373 5489 et
2401 5432 2459 5487 in
2519 5449 2779 5505 aerumna
2821 5439 2959 5489 sunt
2988 5433 3097 5489 hoc
3135 5438 3337 5505 autem
3379 5427 3700 5505 secundutI}.

2080 5523 2289 5580 nempe
2335 5504 2585 5580 gravari,
2617 5509 2674 5561 et
2699 5504 2761 5561 in
2782 5521 3043 5577 aerumna
3064 5521 3210 5577 esse,
3246 5503 3485 5560 videtur
3526 5496 3699 5559 merito

2079 5577 2291 5636 deferri
2324 5577 2719 5651 peccatorum.
