3866 6212
129 344 237 405 873
900 311 1002 402 Ds
1044 339 1779 404 INTERPELLATIONE
1821 343 1956 404 res
2001 344 2101 406 ET
2143 344 2383 408 DAVID
2426 347 2575 409 LIB.
2620 348 2698 408 u.
3380 346 3527 415 8’7“

130 480 323 549 perunt
351 472 560 541 omnia,
592 477 870 546 generant
899 474 1024 529 sine
1056 472 1264 529 timore
1296 474 1417 529 Dei.
1448 473 1601 529 Justi
1634 491 1738 529 au-
1769 476 1825 541 Α
1854 476 2050 547 requie
2082 477 2320 533 ccclesti.
2353 480 2470 535 Nos
2500 483 2693 536 autem
2726 490 2960 535 oremus
2991 479 3087 534 hic
3117 478 3312 550 potius
3330 478 3490 535 labo-

129 571 234 622 tem
264 563 424 636 longe
454 562 621 618 aliter
648 561 994 635 gloriantur.
1030 563 1152 617 Non
1177 562 1333 617 enim
1358 561 1415 630 in
1437 562 1742 618 abundan-
1854 581 1975 619 rem
2009 564 2227 633 subire,
2260 572 2324 622 ut
2353 569 2414 622 in
2460 586 2636 640 regno
2693 566 2973 624 caelorum
3031 566 3490 625 consolationem

129 654 202 710 tia
217 653 679 717 divitiarum,nec
700 651 760 706 in
784 655 952 723 partu
982 667 1259 722 pecorum
1287 669 1300 718 ;
1326 651 1427 706 sed
1451 650 1510 705 in
1547 650 1744 706 Domi-
1855 651 2069 723 quietis
2098 658 2323 711 aeternis
2345 672 2678 712 mereamur
2706 655 2970 728 adipisci.
3006 655 3216 727 Magna
3245 655 3402 711 enim
3432 654 3499 709 il-

128 760 193 800 no
211 742 541 815 gloriantur,
560 739 819 797 dicentes
843 757 856 796 :
886 762 913 791 ‹‹
939 742 1015 796 ne
1037 738 1247 794 timore
1267 739 1444 795 tuoin
1468 744 1629 795 utero
1651 756 1743 796 ac-
1856 739 2086 797 lecebra
2115 742 2494 815 delinquendi
2524 748 2614 801 est
2651 761 2845 800 rerum
2877 743 3181 800 afﬂuentia
3209 744 3496 800 secunda-

127 831 387 904 cepimus,
410 835 465 885 et
486 828 910 901 parturivimus
934 828 1209 900 spiritum
1235 827 1443 884 salutis
1466 829 1572 899 (lsa
1590 846 1741 893 xxvr,
1855 846 1985 884 rum
2020 854 2035 896 ;
2075 830 2133 885 in
2166 832 2500 903 superbiam
2532 833 2774 899 extollit,
2825 832 3175 890 oblivionem
3241 832 3497 889 auctoris

128 922 222 992 18).
246 942 272 970 n
294 924 367 975 De
379 918 562 989 justis
587 934 723 990 ergo
744 917 978 982 dicitur,
1020 916 1164 989 quia
1212 917 1487 988 spiritum
1535 916 1745 973 salutis
1854 917 2130 973 infundit.
2158 920 2474 976 Considera
2502 921 2663 976 illam
2695 920 2932 977 divitem
2964 921 3022 976 in
3056 920 3369 992 Evangelio
3395 938 3494 977 su-

125 1008 539 1082 generaverunt,
563 1023 737 1078 quem
771 1008 1125 1078 acceperunt
1154 1006 1225 1060 de
1245 1005 1457 1060 timore
1481 1005 1601 1075 Dei,
1627 1022 1744 1060 non
1855 1022 1959 1077 per
1986 1013 2218 1062 ostrum
2242 1013 2300 1063 et
2330 1024 2650 1080 purpuram
2680 1010 3140 1074 recumbentem,
3194 1010 3369 1080 cujus
3422 1008 3495 1064 de

126 1098 187 1154 de
214 1096 429 1153 malitia
455 1095 641 1166 hujus
658 1094 876 1157 saeculi,
909 1095 981 1149 de
1027 1110 1144 1166 qua
1195 1092 1446 1165 legimus
1477 1110 1491 1148 :
1543 1116 1569 1145 «
1602 1094 1746 1150 Ecce
1854 1112 2060 1150 mensa
2090 1097 2273 1153 micas
2297 1098 2500 1166 justus
2531 1097 2627 1154 ille
2658 1114 2880 1169 pauper
2907 1098 3159 1153 Lazarus
3189 1096 3500 1169 colligebat

121 1185 804 1258 parturivitinjustitiam,
853 1184 1121 1256 concepit
1168 1182 1447 1243 laborem.
1479 1188 1535 1239 et
1565 1200 1742 1256 pepe-
1855 1184 2008 1247 (Luc.
2032 1185 2391 1255 xw,19-21.)
2422 1187 2623 1242 Nonne
2654 1186 2757 1242 tibi
2792 1186 3022 1242 videtur
3050 1186 3214 1241 dives
3270 1184 3367 1240 ille
3425 1186 3497 1241 ad

121 1274 561 1344 ritiniquitatem
583 1273 758 1343 (Psal.
788 1289 888 1340 vn,
914 1272 1023 1344 15).
1050 1292 1079 1320 ››
1101 1271 1307 1327 Melior
1323 1288 1461 1344 ergo
1504 1272 1744 1327 abortus
1853 1271 2037 1327 Deum
2068 1274 2261 1329 dicere
2291 1291 2303 1329 :
2339 1298 2365 1325 ‹‹
2397 1275 2637 1332 Discede
2666 1292 2700 1331 a
2731 1292 2825 1332 me
2856 1292 2868 1331 :
2902 1276 3025 1331 vias
3057 1279 3187 1331 tuas
3219 1273 3366 1331 scire
3388 1291 3497 1329 no-

120 1379 280 1435 quam
311 1366 512 1433 partus
544 1362 935 1417 saecularium.
970 1360 1232 1431 Denique
1264 1361 1336 1415 de
1367 1359 1607 1415 homine
1640 1360 1743 1432 qui
1852 1360 1907 1416 lo
1939 1364 2054 1433 (Job
2086 1380 2203 1432 xxi,
2238 1363 2345 1431 14).
2384 1386 2411 1413 ››
2442 1365 2509 1419 Et
2538 1380 2668 1419 vere
2707 1362 2917 1419 nolunt
2946 1363 3096 1419 scire
3150 1362 3497 1433 hujusmodi

119 1453 170 1507 in
199 1450 301 1506 hoc
331 1449 609 1506 saeculum
638 1450 816 1514 Venit,
848 1455 906 1505 et
930 1448 1247 1504 vanitatem
1308 1449 1513 1503 mundi
1563 1448 1749 1519 hujus
1850 1450 1975 1506 vias
2004 1451 2232 1506 Domini
2268 1469 2281 1519 ;
2316 1452 2364 1507 si
2405 1451 2559 1508 enim
2591 1451 2824 1519 vellent,
2881 1456 3318 1523 cognoscerent.
3379 1452 3497 1508 Sed

117 1544 165 1594 et
188 1539 446 1594 tenebras
480 1536 721 1610 pertulit
777 1537 1143 1609 longze'vitate
1197 1536 1498 1591 diuturna.
1558 1537 1743 1592 Eccle-
1854 1538 1991 1612 quia
2020 1539 2202 1611 plena:
2235 1545 2373 1595 sunt
2402 1540 2638 1605 laberis,
2671 1540 2978 1613 fugiuntur
3009 1544 3065 1595 et
3120 1539 3491 1596 declinantur

116 1628 306 1682 siastes
328 1626 725 1697 pronuntiavit
747 1627 885 1696 quia
900 1623 1216 1680 meliorillo
1229 1624 1740 1706 abortivus(Eccle.
1852 1646 1885 1683 a
1917 1628 2178 1700 perditis.
2213 1628 2387 1691 Quasi
2417 1629 2615 1685 ebrius
2645 1629 2839 1701 itaque
2877 1644 2991 1685 non
3025 1629 3388 1701 recognoscit
3408 1645 3496 1685 sa-

114 1734 178 1781 νι,
207 1716 278 1771 3).
303 1716 447 1770 Huic
507 1717 662 1769 enim
696 1715 927 1784 requies
978 1712 1167 1785 magis
1202 1729 1379 1783 quam
1413 1712 1495 1768 illi
1531 1732 1544 1781 ;
1604 1713 1743 1785 quia
1852 1716 1993 1771 lutis
2024 1724 2338 1772 auctorem.
2373 1718 2633 1789 Denique
2664 1734 2976 1773 conversus
3005 1718 3077 1773 ad
3135 1720 3494 1790 compotato-

112 1822 211 1859 non
244 1810 515 1875 expertus
544 1809 633 1858 est
663 1804 998 1858 varietatem
1040 1801 1262 1868 saeculi,
1302 1802 1360 1857 in
1418 1820 1534 1873 qua
1589 1807 1646 1858 et
1692 1802 1741 1858 si
1775 1836 1822 1902 Β
1854 1822 1944 1861 res
1975 1822 2113 1860 suos
2148 1822 2159 1859 :
2197 1828 2223 1854 ι(
2259 1807 2697 1872 Manducemus,
2730 1806 2942 1878 inquit,
2974 1810 3031 1862 et
3059 1805 3332 1861 bibamus
3363 1806 3493 1879 ([sa.

113 1893 254 1949 mille
284 1910 471 1948 annos
500 1892 632 1964 quis
662 1891 885 1957 vixerit,
919 1891 1074 1963 quod
1132 1892 1351 1947 bonum
1409 1902 1494 1947 est
1547 1892 1740 1947 videre
1776 1884 1822 1902 ³¹
1852 1884 1988 1959 xxii,
2021 1893 2132 1960 13),
2167 1894 2306 1964 quid
2340 1892 2494 1947 enim
2526 1894 2761 1963 prodest
2781 1893 2828 1947 si
2861 1892 3186 1948 serviamus
3217 1908 3246 1947 e
3299 1892 3327 1947 ‘I
3382 1894 3498 1949 Aut

114 1999 211 2039 non
241 1983 448 2054 potuit.
488 1981 731 2054 Fugisse
782 1996 918 2053 ergo
950 1980 1072 2035 haec
1128 1982 1317 2052 magis
1370 1984 1459 2036 est
1514 1981 1737 2052 gratiae,
1851 1998 1977 2052 quae
2009 1980 2235 2035 utilitas
2256 1979 2303 2035 si
2328 1981 2702 2037 observemus
2723 1996 2855 2035 cum
2888 1980 2997 2051 (16)
3021 1981 3138 2053 (Job
3168 1997 3284 2049 xxx,
3320 1981 3491 2051 15)?»

113 2087 269 2144 quam
300 2071 575 2127 subiisse.
1850 2069 1976 2124 Haec
2009 2069 2205 2139 itaque
2235 2068 2375 2123 dicit
2405 2068 2769 2124 saecularium
2803 2068 3166 2124 abundantia
3196 2084 3391 2124 rerum
3408 2074 3491 2125 te-

171 2161 252 2216 16.
283 2160 390 2216 Sed
423 2161 678 2215 fortasse
720 2156 868 2213 illud
927 2162 1155 2213 moveat
1212 2158 1367 2229 quod
1423 2157 1689 2228 adjunxit
1722 2174 1735 2212 :
1850 2157 2150 2213 mulentus
2184 2176 2196 2225 ;
2228 2157 2369 2228 quia
2398 2174 2514 2213 non
2545 2156 2820 2212 continuo
2852 2158 2912 2212 in
2943 2156 3155 2212 saeculo
3204 2157 3491 2214 scelerum

111 2250 294 2315 «Quia
324 2252 569 2304 manent
600 2247 753 2303 sicut
781 2255 915 2301 oves
973 2250 1245 2313 aeternae;
1310 2246 1473 2317 pueri
1540 2250 1737 2301 autem
1850 2244 2055 2301 merita
2080 2246 2498 2316 rependuntur.
2552 2245 2950 2316 Supinabatur
3004 2245 3183 2312 enim,
3238 2246 3376 2318 quia
3432 2247 3493 2301 in

109 2354 291 2394 eorum
323 2337 544 2393 ludunt
570 2335 923 2407 accipientes
946 2334 1295 2406 psalterium
1326 2339 1383 2389 et
1430 2333 1735 2405 citharam,
1848 2336 2123 2391 manibus
2153 2334 2200 2389 ei
2237 2335 2307 2389 ad
2340 2333 2693 2405 voluptatem
2727 2335 2925 2390 omnia
2967 2332 3395 2407 suppetebant:
3436 2339 3497 2390 et

109 2432 155 2482 et
181 2426 689 2483 delectanturv‘oce
705 2422 938 2495 psalmi.
962 2422 1736 2479 Consummaveruntautem
1848 2422 2119 2478 conscius
2151 2420 2468 2494 impietatis
2500 2426 2617 2476 suae
2648 2424 2820 2491 cujus
2851 2439 3021 2494 poena
3079 2424 3491 2496 sequestrabaé

107 2515 159 2569 in
188 2515 348 2571 bonis
377 2514 564 2570 vitam
595 2526 789 2579 suam,
822 2512 881 2567 in
913 2512 1114 2583 requie
1144 2515 1339 2566 autem
1372 2510 1581 2566 inl‘ei'ni
1611 2511 1739 2566 dor-
1848 2514 1964 2576 tur,
1999 2510 2241 2580 putabat
2270 2510 2422 2581 quod
2459 2509 2611 2565 Deus
2643 2510 2959 2582 impiorum
2991 2511 3213 2569 scelera
3242 2528 3357 2568 non
3406 2513 3491 2567 vi-

112 2604 353 2660 mierunt
376 2602 500 2675 (Job
528 2617 647 2666 xxx,
680 2601 740 2655 ll
780 2600 886 2671 13).
925 2621 952 2647 »
989 2598 1291 2670 Distingue
1319 2597 1460 2663 haec,
1489 2601 1547 2652 et
1601 2598 1739 2669 quia
1847 2598 2023 2653 deret.

109 2693 368 2764 spiritalis
393 2708 485 2757 es,
518 2689 795 2760 dijudica.
833 2687 1004 2760 lmpii
1034 2687 1188 2742 sicut
1208 2687 1405 2742 aeterni
1435 2690 1592 2754 sunt,
1620 2702 1737 2742 non
1920 2689 2005 2742 18.
2041 2688 2184 2742 Huic
2216 2700 2350 2758 ergo
2381 2686 2641 2759 opinioni
2673 2689 2802 2758 ejus
2834 2688 3135 2761 reSpondit
3155 2690 3268 2761 (17)
3319 2705 3486 2745 sanc-

108 2781 288 2836 teterni
322 2781 506 2851 ;quia
536 2795 648 2833 non
682 2783 933 2850 possunt
964 2775 1339 2831 aeternitatem
1371 2775 1633 2846 accipere
1665 2776 1739 2831 ab
1846 2778 1942 2831 tus
1971 2776 2116 2830 Job:
2150 2776 2274 2830 Noli
2308 2791 2436 2831 esse
2465 2792 2706 2837 securus
2739 2791 2805 2832 ac
2826 2775 3171 2842 dissolutus,
3193 2778 3494 2835 aestimans

108 2885 165 2926 eo
193 2868 289 2942 qui
317 2885 432 2924 non
461 2867 544 2922 sit
571 2871 843 2921 aeternus.
877 2865 1001 2921 Non
1032 2881 1169 2937 ergo
1202 2868 1391 2935 potest
1412 2864 1551 2919 dare
1580 2864 1738 2935 quod
1848 2864 2002 2935 quod
2036 2864 2106 2918 ad
2140 2869 2196 2919 te
2219 2864 2275 2918 in
2308 2863 2415 2918 hoc
2447 2864 2573 2936 ipso
2605 2863 2817 2920 saeculo
2848 2864 3080 2921 Domini
3112 2862 3342 2938 ﬂagella
3372 2874 3487 2922 non

110 2974 212 3012 non
241 2958 430 3022 habet,
467 2971 580 3011 nec
605 2958 798 3027 potest
825 2953 1162 3008 illuminare
1191 2951 1292 3024 qui
1325 2968 1439 3007 non
1481 2952 1741 3023 possidet
1845 2953 2099 3008 veniant.
2135 2976 2161 3002 ‹‹
2196 2951 2610 3008 Verumtamen
2649 2954 2825 3009 etiam
2885 2954 3205 3027 impiorhm
3253 2954 3494 3011 lucerna

106 3045 277 3102 lucem
310 3064 324 3102 :
355 3047 460 3101 sed
500 3043 885 3114 transﬁgurat
914 3050 975 3097 se
1006 3042 1066 3097 in
1119 3039 1391 3113 angelum
1451 3039 1621 3104 lucis,
1674 3043 1740 3095 ut
1848 3041 2242 3113 exstinguitur
2271 3041 2386 3108 (Job
2418 3058 2531 3106 xxi,
2564 3043 2652 3113 17)
2678 3060 2690 3097 :
2720 3066 2746 3090 ››
2769 3043 2840 3097 ad
2876 3047 3109 3115 tempus
3140 3043 3314 3113 lucet,
3374 3058 3490 3101 non

106 3135 334 3207 decipiat
359 3130 720 3189 incredulos.
751 3130 1154 3201 Transﬁgurat
1182 3132 1376 3184 autem
1400 3144 1461 3183 se
1493 3128 1736 3184 simula-
1771 3196 1806 3207 Α
1846 3130 2026 3185 habet
2055 3128 2252 3184 lumen
2286 3132 2564 3184 aeternum
2600 3146 2613 3194 ;
2646 3135 2704 3184 et
2735 3130 2880 3200 ipsis
2911 3131 3181 3202 quamvis
3206 3131 3486 3189 saeculum

106 3196 244 3279 tione
268 3223 424 3280 falsre
453 3221 633 3285 lucis,
667 3236 782 3275 non
821 3196 1129 3290 splendore
1159 3221 1446 3288 perpetua:
1504 3216 1735 3272 clarita-
1764 3196 1807 3264 (ἶ
1845 3219 2052 3287 faveat,
2086 3218 2224 3289 quia
2253 3218 2381 3288 ejus
2412 3218 2510 3289 qui
2539 3196 2944 3288 principatum
2964 3219 3139 3274 habet
3167 3220 3224 3274 in
3248 3219 3356 3276 hoc
3386 3238 3488 3277 saa-

107 3312 190 3367 tis.
209 3312 365 3367 Unde
384 3316 441 3367 et
464 3308 735 3366 Salvator
750 3306 868 3363 ait:
894 3306 1223 3362 «Videbam
1261 3305 1538 3360 Satanam
1583 3305 1736 3361 sicut
1843 3306 1995 3372 culo,
2024 3306 2245 3361 faciunt
2274 3305 2649 3373 voluntatem,
2679 3304 2825 3360 solet
2853 3306 3047 3361 venire
3093 3323 3290 3362 rerum
3349 3324 3484 3363 con-

106 3399 285 3473 fulgur
307 3400 618 3456 cadentem
643 3396 714 3452 de
735 3393 877 3450 coelo
897 3395 1047 3466 (Luc.
1069 3411 1124 3460 x,
1152 3393 1257 3462 18).
1309 3414 1338 3442 ››
1391 3394 1507 3449 Nec
1539 3393 1737 3466 fulgur
1842 3393 2052 3461 versio,
2086 3402 2144 3450 et
2173 3395 2402 3450 dolores
2433 3393 2503 3449 ab
2539 3393 2625 3447 ira
2643 3399 2700 3448 et
2732 3393 3133 3465 indignatione
3160 3394 3398 3464 ccelesti,
3422 3400 3489 3450 ut

105 3490 198 3553 est,
224 3486 321 3542 sed
344 3486 508 3542 sicut
529 3482 744 3555 fulgur.
771 3480 1088 3536 Considera
1116 3479 1456 3536 haerelcum
1480 3479 1735 3552 aliquem
1845 3483 2216 3547 ventilentur,
2250 3483 2403 3537 sicut
2433 3482 2610 3553 palea:
2643 3499 2676 3536 a
2706 3486 2893 3537 vento.
2930 3481 3138 3553 Injusti
3168 3484 3321 3539 sicut
3364 3483 3488 3556 pal-

105 3573 375 3630 intentum
399 3570 771 3629 abstinentiae
796 3569 1075 3641 corporis,
1098 3571 1157 3623 et
1176 3568 1496 3641 cognitioni
1535 3568 1734 3625 omles-
1847 3589 1924 3628 eis
1953 3564 2329 3638 ventilantur,
2354 3571 2502 3639 justi
2536 3570 2690 3625 sicut
2717 3570 3001 3627 triticum.
3032 3571 3295 3645 Denique
3351 3572 3491 3628 audi

102 3662 235 3717 tium
266 3664 798 3725 sacramentorum,
822 3657 975 3713 sicut
1020 3661 1274 3712 aeternus
1326 3661 1587 3729 putatur,
1621 3674 1735 3712 non
1846 3662 2135 3718 dicentem
2161 3660 2325 3714 Petro
2347 3660 2661 3715 Dominum
2687 3678 2699 3715 :
2727 3683 2756 3712 ι(
2774 3661 2914 3716 Ecce
2930 3665 3175 3718 Satanas
3221 3661 3496 3734 expetivit
3596 3711 3608 3717 ς

104 3749 263 3806 habet
291 3757 526 3807 aeterna:
558 3747 689 3802 vita:
729 3744 1085 3817 stipendium
1120 3762 1134 3813 ;
1167 3746 1305 3815 quia
1336 3744 1544 3801 falsam
1564 3746 1740 3801 habet
1847 3766 1968 3819 vos,
2003 3754 2067 3805 ut
2103 3748 2341 3804 ventilet
2372 3749 2523 3805 sicut
2551 3748 2811 3805 triticum
2847 3766 2860 3803 :
2908 3766 3013 3823 ego
3045 3754 3241 3806 autem
3299 3751 3495 3826 regavi

105 3837 509 3905 imitationem,
543 3835 644 3908 qui
674 3834 808 3889 fidei
839 3850 954 3889 non
986 3833 1162 3888 habet
1190 3832 1513 3889 veritatem.
1549 3833 1740 3905 Hujus
1849 3855 1952 3911 pro
1981 3842 2059 3904 te,
2094 3843 2161 3893 ut
2191 3854 2304 3893 non
2337 3837 2571 3893 deﬁciat
2600 3837 2746 3894 ﬁdes
2772 3842 2875 3893 tua
2891 3843 3043 3907 (Luc.
3076 3841 3321 3908 xx11,31,
3344 3841 3490 3912 32).»

106 3928 313 3995 parvuli
342 3927 584 3991 ludunt,
602 3923 755 3980 sicut
783 3921 883 3978 illa
907 3936 1033 3993 quis
1054 3938 1188 3976 cum
1208 3920 1500 3978 luxuriata
1540 3923 1736 3990 tuerit,
1852 3926 2137 3982 Deficiunt
2166 3925 2250 3980 illi
2283 3926 2383 3997 qui
2415 3925 2567 3981 sicut
2596 3925 2772 3997 paleis
2802 3926 3184 3995 ventilantur:
3219 3943 3333 3982 non
3353 3912 3491 3982 deti-

105 4016 307 4072 nubere
334 4014 480 4071 vult.
520 4011 838 4068 Luxuriata
866 4013 957 4066 est
984 4009 1044 4065 in
1077 4009 1352 4081 psalterio
1382 4017 1441 4065 et
1493 4010 1738 4075 cithara,
1849 4015 1927 4070 cit
1955 4015 2055 4085 qui
2087 4014 2156 4068 ad
2190 4013 2637 4069 similitudinem
2669 4012 2826 4069 illius
2855 4015 3023 4086 grani
3054 4018 3161 4081 est,
3195 4015 3350 4085 quod
3404 4029 3494 4070 ce-

104 4102 153 4158 id
182 4109 287 4169 est,
320 4105 379 4159 in
412 4119 563 4159 sono
594 4100 771 4166 vocis,
799 4114 914 4155 non
946 4103 1449 4154 sacramentorum
1500 4099 1739 4171 profun-
1848 4103 1990 4160 cidit
2013 4106 2069 4158 et
2098 4102 2437 4168 resurrexit,
2470 4101 2859 4173 plurimorum
2892 4102 3188 4157 fructuum
3204 4102 3496 4161 accessio-

104 4191 167 4246 do
200 4211 211 4260 ;
246 4197 306 4249 ut
336 4191 519 4248 labiis
550 4189 878 4255 resultaret,
912 4204 1029 4243 non
1060 4187 1119 4241 in
1151 4187 1328 4242 corda
1357 4186 1662 4243 conferret.
1851 4208 1923 4247 ne
1953 4189 2342 4246 cumulatum.
2377 4189 2509 4244 Ideo
2554 4189 2694 4243 dicit
2748 4189 3032 4261 propheta
3065 4206 3076 4244 :
3113 4212 3141 4238 «
3200 4188 3324 4245 Heu
3380 4206 3496 4259 me,

664 4276 818 4353 δερ
848 4274 1103 4353 Δ(ΙᾼΡΠΤ
1126 4274 1193 4328 V.
1283 4348 1293 4353 _
1455 4352 1459 4353 ί
1705 4348 1713 4353 Δ
1852 4280 1991 4353 quia
2023 4280 2207 4333 factus
2240 4295 2371 4333 sum
2404 4277 2557 4332 sicut
2585 4277 2685 4348 qui
2717 4276 2942 4351 colligit
2972 4276 3322 4350 stipulamin
3343 4294 3495 4335 mes-

106 4353 288 4439 ιἠρίίξε
322 4354 381 4439 ἷξε
415 4346 1744 4439 b0???f?¢?€i?..ﬁ_':€rivii‘3:'f’fijzoff‘f‘fjistﬁi?
1854 4346 1915 4425 s'e
1947 4367 2127 4439 (Μίεθι-
2162 4383 2260 4434 vn.
2297 4367 2349 4437 1)
2382 4367 2393 4420 ι
2430 4389 2456 4416 ››
2490 4346 2729 4438 διίρυιω
2761 4346 2943 4439 igitur
2983 4346 3112 4438 ριὶω
3142 4365 3257 4422 cito
3306 4367 3495 4423 exuri-

256 4426 363 4472 ?esti
420 4435 618 4472 carere
649 4437 667 4472 :
695 4420 1035 4472 contrarium
1064 4432 1187 4471 vero
1216 4418 1369 4471 nobis
1399 4418 1694 4472 artandum
1724 4434 1743 4472 :
1854 4418 1913 4472 7'
1948 4418 2145 4472 “””-’Ϊ
2299 4418 2346 4472 ἶ¹
2445 4471 2465 4472 η
2493 4418 2723 4472 ἵ
2746 4418 2942 4472 -.σ’ΪῨῘι
2974 4418 3014 4472 ἶ
3033 4418 3065 4465 ἶ

167 4416 363 4479 caelesti
420 4435 618 4477 carere
649 4437 667 4472 :
695 4420 1035 4474 contrarium
1064 4432 1187 4471 vero
1216 4416 1369 4471 nobis
1399 4416 1694 4487 optandum

168 4495 301 4564 quod
331 4495 391 4548 in
412 4492 785 4564 prosperitate
813 4491 885 4564 sit
914 4486 1179 4564 iliocebra
1224 4487 1487 4564 vitiorum
1541 4490 1694 4564 acin

1971 4416 2126 4423 """"
2176 4416 2260 4434 ""
2299 4416 2346 4437 '"l
2383 4416 2393 4420 ’
2492 4416 2726 4438 ’⁷’“ι”““”“’
2762 4416 2932 4439 “ο·““·“
2988 4416 3110 4438 Ἴ““”
3147 4416 3253 4422 ⁷⁷⁷⁷
3309 4416 3466 4423 ⁷’“’“““

1966 4454 2276 4527 ,impietas
2306 4460 2699 4526 comparatur,
2734 4458 2790 4509 et
2847 4453 3089 4525 pulveri.
3150 4454 3282 4510 Ideo
3339 4458 3493 4526 post-

1974 4560 2021 4564 Α-
2069 4542 2201 4564 ,ιξμξι
2240 4560 2251 4564 Α
2348 4543 2522 4564 n__-_.r
2564 4541 2711 4564 -2--_L
2746 4542 2917 4564 ...ΛΑῌ
2955 4560 2977 4564 -
3012 4546 3178 4564 __-_L-
3217 4542 3327 4564 [1-1
3380 4559 3473 4564 _-__

168 4541 465 4636 ἰρίάῑιξιᾱέι-ξ·
486 4541 876 4636 asininis
919 4541 1104 4636 πατέρ
1158 4561 1457 4636 «meum
1515 4541 1695 4636 ηέυϋιε

1973 4560 2031 4598 m
2061 4542 2208 4598 dixit
2240 4560 2251 4597 :
2290 4564 2317 4591 ‹‹
2347 4543 2533 4597 Erunt
2562 4541 2716 4597 sicut
2746 4542 2921 4613 paleae
2951 4560 2987 4598 a
3012 4546 3185 4599 vente
3215 4542 3331 4614 (Job
3379 4559 3494 4609 xxr,

171 4628 385 4690 sanctus
416 4628 526 4701 vir,
587 4628 919 4703 supplicium
974 4634 1025 4685 et
1060 4644 1312 4753 presens
1367 4632 1418 4684 et
1470 4633 1746 4685 arternum
1855 4635 1966 4702 18),
1997 4655 2026 4684 »
2060 4632 2357 4688 subtexuit
2385 4630 2739 4686 versiculum
2788 4633 2939 4687 οθθ
2995 4632 3193 4688 statim
3251 4632 3496 4688 dicens:

173 4710 545 4753 mmnnmmm
574 4717 687 4753 esse
713 4701 1025 4753 declarans.
1096 4717 1209 4753 um.
1260 4701 1596 4753 enumeratis
1655 4716 1742 4753 ρο·
1857 4746 1881 4753 ..
1925 4723 2025 4753 Αςιι
2059 4722 2206 4753 οςι...ι
2240 4719 2427 4753 “nunc
2463 4737 2631 4753 ...παπ
2670 4719 2904 4753 nimium
2961 4724 3167 4753 «τω-4η,
3228 4720 3412 4753 [ηιδηικ
3468 4739 3496 4753 ι.

170 4710 546 4792 War"?
574 4701 699 4784 me
713 4701 1596 4792 άῗθίξνίέτὲδο.Ϊ²Ῐ⁷⁷ἷν-,θ¹ἷ¹ί⁷ἶτί⁷’ἐ²ἷξῗ

1970 4726 2030 4777 ut
2059 4722 2210 4777 sicut
2240 4719 2429 4792 pulvis
2462 4737 2634 4792 quem
2668 4719 2909 4775 abstulit
2961 4724 3169 4776 ventus
3228 4720 3432 4792 (Ibid)
3468 4739 3497 4770 ››

174 4772 1745 4918 311$iiffﬁitw‘ioi’ét’tﬁfeiiiiiiieu‘é‘ﬁ‘t‘i'ﬁ;
1856 4811 2214 4918 Periisti?
2231 4825 2568 4918 terra.
2581 4809 2727 4918 ei“
2742 4808 3341 4918 Ei“.‘i‘.“?_8‘f‘3}_9_“l_"_‘
3348 4809 3499 4918 13‘:

211 4883 237 4902 ι.
282 4883 287 4885 μ
322 4883 393 4903 ...ι
424 4883 729 4903 sunmus...
799 4883 935 4898 νη...
991 4883 1168 4898 ...μνη
1206 4883 1277 4897 υ..
1301 4883 1315 4903 ,
1350 4883 1406 4896 ..υ
1453 4883 1515 4898 ..ν
1558 4883 1627 4897 υ...
1650 4883 1700 4899 υ..

173 4883 448 4991 ἶν’ἴηιίαηῑ
479 4934 644 4988 quam
672 4883 1503 4980 ίῐιῐῆίεκενῖιενυηιίίςεειαηιίἷτη
1530 4930 1630 4970 nos
1658 4932 1700 4969 ac

1971 4897 2162 4953 atiscit
2191 4903 2366 4968 atque
2395 4897 2708 4963 evanescit,
2741 4896 2921 4952 habes
2953 4897 3011 4951 in
3053 4895 3243 4967 primo
3272 4894 3498 4967 psalmo

180 4982 450 5046 hortatur.
491 4982 499 4988 ’
1858 4986 2078 5042 dictum
2114 5004 2126 5041 :
2162 5008 2189 5034 «
2222 4985 2345 5040 Non
2379 4985 2462 5040 sic
2495 4985 2680 5056 impii,
2714 5001 2827 5040 non
2861 4984 2945 5039 sic
2986 4984 3159 5054 (Psal.
3219 4984 3297 5051 4),
3358 5005 3379 5031 ι»
3440 4982 3499 5038 id

173 5078 256 5132 17.
291 5070 641 5149 Hujusmbdi
673 5074 871 5145 itaque
900 5071 959 5128 in
990 5073 1161 5128 bonis
1207 5071 1405 5128 saeculi
1467 5087 1740 5127 consum-
1857 5077 1967 5142 est,
2000 5089 2115 5128 non
2150 5072 2301 5127 sicut
2322 5071 2469 5143 justi
2504 5071 2614 5142 (18)
2650 5088 2663 5125 :
2717 5093 2745 5120 ‹‹
2780 5072 2881 5125 sed
2932 5075 3216 5142 tanquam
3283 5070 3495 5143 pulvis,

108 5171 407 5222 maverunt
436 5164 614 5219 vitam
647 5179 815 5219 suam
849 5162 973 5231 (Job
1015 5178 1132 5229 xxr,
1168 5162 1279 5233 13),
1340 5161 1490 5216 hanc
1552 5160 1749 5232 utique
1857 5178 2031 5234 quem
2064 5158 2295 5232 projicit
2323 5164 2528 5213 ventus
2560 5175 2593 5213 a
2624 5159 2767 5213 facie
2798 5162 2960 5212 terrae
2989 5158 3190 5231 (Ibid)
3225 5180 3253 5208 »

109 5268 278 5322 quam
304 5252 599 5321 vivebant,
632 5266 748 5306 non
778 5249 938 5305 illam
971 5249 1142 5320 cujus
1173 5248 1498 5304 mercedem
1550 5264 1745 5320 spera-
1933 5249 2018 5303 19.
2052 5248 2121 5302 Et
2140 5246 2276 5302 facit
2304 5245 2713 5301 discretionem
2744 5244 3490 5319 interjustumetimpium.

108 5339 246 5397 bant
274 5359 287 5408 ;
320 5345 378 5398 et
406 5340 540 5395 ideo
570 5340 629 5393 in
662 5338 858 5410 requie
887 5337 1101 5394 inferni
1131 5336 1516 5404 dormierunt,
1551 5352 1664 5391 non
1689 5334 1749 5391 in
1860 5360 1888 5387 «
1931 5336 2055 5403 Hic,
2086 5334 2347 5405 «inquit,
2386 5356 2412 5382 ››
2445 5333 2693 5389 moritur
2722 5332 2782 5389 in
2814 5333 3211 5407 simplicitatis
3241 5352 3361 5392 sua:
3394 5353 3498 5409 po-

161 5496 271 5567 (16)
304 5498 473 5552 Rom.
521 5499 682 5565 edit.,
715 5502 764 5553 si
792 5499 1066 5553 obviemus
1094 5501 1146 5554 ei
1177 5522 1193 5564 ε
1226 5497 1351 5553 alia:
1411 5514 1543 5552 cum
1604 5514 1746 5553 mss.
1858 5496 1991 5554 solet
2020 5496 2201 5552 venire
2231 5488 2419 5549 reruni
2443 5494 2738 5567 subversio.

99 5565 394 5651 ompihps,
423 5569 475 5624 si
518 5571 1041 5651 observantisueum.
1466 5639 1526 5651 ῃ,
1579 5638 1589 5649 .
1647 5638 1669 5651 η
1910 5568 2044 5651 ’(18)
2074 5567 2137 5624 Id
2165 5575 2262 5651 est,
2295 5566 2569 5651 npnsicztt
2588 5565 2774 5640 justi:
2823 5565 2943 5621 haec
2996 5568 3167 5623 verba
3224 5568 3282 5623 in
3330 5568 3497 5627 Rom.

172 5639 476 5717 (t7)l\om.
507 5641 668 5709 edit.,
702 5642 961 5698 stultitim
989 5640 1105 5714 ejus
1138 5640 1432 5714 respondit.
1466 5639 1536 5696 Et
1576 5638 1750 5708 infra,
1861 5637 1998 5697 edit.
2027 5637 2290 5697 'resecata
2321 5637 2571 5695 fuerant.

428 5765 687 5835 PATIOL-
737 5766 895 5837 XIV.

3102 5763 3181 5833 28
