3866 6212
321 298 439 359 8⁸75

330 538 392 574 ra
418 528 613 575 autem
644 520 769 589 ejus
804 520 971 590 plena
997 526 1135 571 sunt
1183 517 1371 587 adipis
1407 534 1421 569 :
1483 518 1719 569 medula
1774 522 1969 568 autem

329 625 532 663 eorum
562 608 940 679 superefiluit.
978 608 1075 659 lil:
1104 614 1296 659 autem
1328 604 1561 659 conficit
1594 604 1653 656 in
1692 602 1971 656 amaritu-

333 698 470 753 dine
500 698 707 752 anim
737 714 853 751 suae
885 712 1123 749 cursura
1158 697 1285 748 vitae
1314 694 1509 753 istius,
1572 692 1837 761 nihilque
1870 691 1971 743 hoc

332 788 391 841 ni
442 787 709 858 epulatus
742 786 917 839 ﬁnem
949 784 1159 854 acmpit
1236 785 1331 837 Job
1388 800 1505 849 XXI,
1553 784 1769 847 23-2.3).
1808 804 1831 827 »ιι
1867 779 1971 833 Cui

334 891 439 947 pro
468 876 693 929 meritis
722 874 845 928 suis
877 874 1017 943 quid
1050 880 1240 944 potest
1294 873 1541 943 dignum
1601 876 1965 941 representi-

331 962 527 1018 ri?ln
560 962 829 1034 sepulcro
880 962 1199 1025 inducitur,
1258 967 1315 1015 et
1372 962 1430 1014 in
1490 958 1717 1013 tumulo
1774 958 1975 1028 vigilat

330 1068 460 1107 suo.
493 1051 574 1107 Ne
605 1050 725 1105 haec
756 1052 994 1121 quidem
1028 1067 1196 1121 praua
1227 1050 1537 1104 mediocris
1570 1069 1590 1114 ;
1620 1048 1825 1101 mortis
1884 1062 1971 1100 re-

332 1142 527 1211 quiem
561 1157 675 1194 non
706 1139 945 1205 habere,
996 1140 1205 1193 deferri
1262 1155 1395 1192 eum
1458 1155 1572 1191 non
1628 1137 1697 1191 ad
1758 1142 1971 1189 terrain

331 1230 670 1294 viventium,
703 1230 803 1285 sed
828 1228 898 1282 ad
930 1228 1189 1283 tumulos
1252 1234 1637 1282 mortuorum.
1670 1226 1775 1287 Qui
1836 1228 1975 1278 vivit

333 1320 489 1373 enim
522 1334 637 1373 non
672 1320 821 1372 inter
851 1323 1109 1371 mortuos
1142 1319 1444 1387 qumritur,
1486 1318 1583 1370 sed
1618 1317 1673 1369 in
1732 1314 1975 1371 Abrahe

334 1409 471 1463 sinu
501 1408 677 1462 vitam
703 1407 887 1478 carpit
915 1414 1211 1462 aeternam.
1260 1406 1393 1460 Ideo
1444 1405 1549 1459 viri
1604 1405 1687 1458 illi
1745 1405 1861 1457 duo
1918 1404 1972 1456 in

335 1503 491 1552 veste
520 1495 763 1569 fulgenti
795 1495 1065 1551 dicebant
1095 1495 1167 1549 ad
1197 1494 1471 1549 mulieres
1506 1510 1519 1546 :
1554 1516 1581 1537 ιι
1615 1493 1761 1558 Quid
1817 1510 1974 1563 qua:-

333 1586 467 1644 ritis
494 1586 777 1641 viventem
810 1602 941 1640 cum
985 1584 1287 1639 mortuis?
1346 1583 1471 1637 Non
1529 1588 1615 1637 est
1674 1583 1765 1635 hic
1822 1583 1971 1639 (Luc.

337 1693 489 1743 xxw,
521 1677 597 1745 5,.
634 1702 661 1723 η

408 1814 496 1862 20.
533 1808 747 1863 Deinde
798 1810 893 1862 Job
952 1824 1103 1869 xxiv,
1136 1810 1169 1860 2
1224 1812 1361 1877 m1.)
1403 1812 1708 1859 enumerat
1759 1804 1978 1859 scelera
2008 1794 2055 1857 B

338 1898 673 1969 impiorum,
706 1897 858 1967 quod
892 1896 1143 1950 confinia
1189 1895 1693 1959 transcenderunt,
1727 1899 1784 1947 et
1840 1911 1974 1947 cum

341 1990 569 2056 pastore
606 1982 955 2054 diripuerint
1011 1998 1271 2053 gregem,
1331 1983 1802 2051 subjunctorium
1886 1984 1967 2047 20,

339 2072 541 2145 pupilli
577 2070 944 2135 abduxerim,
1003 2072 1436 2142 pignerarerint
1497 2071 1699 2123 bovem
1766 2071 1974 2137 vidua,

335 2176 541 2234 agrum
572 2160 1001 2215 demessuerint
1032 2176 1142 2213 non
1178 2174 1375 2223 suum,
1415 2157 1631 2212 inﬁrmi
1667 2164 1861 2212 autem
1918 2158 1977 2212 in

333 2249 517 2305 vineis
548 2263 750 2304 eorum
783 2248 910 2301 sine
941 2247 1204 2301 mercede
1262 2251 1318 2300 et
1375 2245 1503 2299 cibo
1560 2247 1777 2317 operati
1837 2247 1975 2314 sint,

341 2336 617 2393 detractis
644 2334 1007 2390 vestimentis
1040 2334 1228 2388 nudos
1252 2334 1489 2387 fecerint
1545 2334 1819 2388 dormire.
1855 2334 1978 2388 Ple-

342 2429 507 2499 rique
536 2442 786 2498 quorum
808 2425 1015 2479 anima:
1035 2425 1458 2495 operimentum
1486 2424 1827 2487 ademerint,
1852 2424 1978 2477 stil-

342 2516 556 2572 licidiis
588 2514 1006 2569 humescebant
1038 2513 1358 2575 montium;
1393 2517 1449 2565 et
1478 2512 1979 2583 quiaintegimen-

342 2610 467 2662 tum
497 2605 714 2673 deerat,
756 2608 917 2673 petra
974 2617 1102 2655 sese
1168 2602 1525 2671 operiebant.
1588 2601 1984 2672 Rapiebantur

344 2697 554 2775 pupilli
584 2696 657 2750 ab
682 2692 964 2747 uberibus
997 2696 1249 2743 matrum
1278 2706 1542 2753 suarum,
1576 2688 1725 2761 lapsi
1786 2695 1978 2765 oppri-

343 2788 677 2849 mebantur,
709 2780 808 2852 qui
840 2777 1032 2847 magis
1060 2777 1203 2848 erigi
1235 2778 1597 2833 debuissent.
1645 2778 1979 2840 Esurientes

340 2872 763 2934 fraudabantur
790 2867 943 2934 cibo,
967 2871 1026 2920 et
1070 2866 1267 2920 anima
1324 2865 1741 2922 infantulorum
1796 2873 1980 2943 gravi-

338 2970 429 3022 ter
454 2957 895 3034 ingemiscebat.

404 3098 497 3153 21.
529 3091 825 3164 Numquid
857 3089 977 3145 haec
1008 3089 1275 3161 ignorare
1332 3091 1543 3161 potuit,
1593 3109 1767 3163 quem
1825 3094 1972 3150 nihil

333 3184 589 3261 preterit
621 3181 651 3238 7
683 3204 709 3231 ‹‹
742 3179 910 3235 Nuda
940 3177 1166 3233 inferna
1194 3178 1255 3232 in
1286 3185 1595 3250 conspectu
1646 3182 1856 3253 ipsius,
1910 3188 1973 3240 et

331 3293 448 3333 non
478 3277 569 3331 est
599 3270 851 3327 amictus
883 3267 1262 3339 aequissimis
1294 3268 1409 3337 (Job
1438 3286 1592 3336 xxvx,
1626 3273 1678 3341 6)
1710 3289 1726 3339 ;
1764 3294 1786 3322 ι
1832 3273 1972 3343 quia

330 3365 511 3420 latere
542 3377 655 3416 non
689 3362 955 3431 possunt.
990 3380 1017 3403 σ‹
1053 3355 1320 3410 Extendit
1354 3356 1606 3412 Boream
1655 3375 1759 3430 pro
1819 3360 1970 3416 nihi-

330 3452 388 3507 lo
421 3469 435 3506 :
469 3447 777 3520 suspendit
804 3450 1018 3501 terram
1052 3445 1108 3499 in
1134 3443 1337 3510 nihilo,
1368 3444 1616 3517 alligans
1647 3465 1860 3519 aquam
1911 3449 1968 3504 in

334 3538 591 3595 nubibus
620 3536 764 3603 suis,
797 3539 853 3590 et
884 3551 998 3589 non
1028 3537 1119 3588 est
1148 3538 1319 3605 rupta
1350 3535 1535 3590 nubes
1565 3536 1677 3590 sub
1722 3538 1969 3609 pedibus

332 3629 461 3699 ejus
491 3643 504 3681 :
540 3624 824 3680 columnae
845 3621 971 3677 εωιί
1002 3621 1406 3689 dissiluerunt,
1438 3628 1495 3678 et
1525 3623 1845 3681 timuerunt
1893 3628 1968 3683 ab

332 3713 731 3787 increpatione
760 3713 907 3782 ejus.
936 3711 1161 3765 Virtute
1191 3712 1552 3782 compescuit
1577 3729 1756 3780 mare,
1788 3714 1969 3771 disci-

332 3805 498 3879 plina
528 3806 723 3860 autem
750 3798 1125 3856 struitcctum
1144 3799 1322 3853 maris
1345 3801 1479 3870 (21).
1504 3801 1769 3858 Claustra
1792 3803 1967 3859 refor-

328 3892 558 3948 midant
588 3905 723 3946 eum
759 3905 773 3944 :
808 3890 1090 3959 praecepto
1105 3887 1799 3945 mortilicavitdraconem
1830 3908 1969 3963 prai-

326 3982 729 4039 varicatorcm.
766 3976 1053 4031 Virtutem
1080 3974 1318 4030 tonitrui
1352 3976 1479 4047 ejus
1509 3978 1642 4048 quis
1692 3978 1968 4051 intelligit

324 4070 484 4143 (Ibid.
513 4071 570 4136 7,
605 4069 691 4139 14)
723 4066 751 4120 ?
785 4090 811 4113 η
847 4066 908 4120 In
942 4063 1120 4120 tantis
1150 4080 1286 4137 ergo
1318 4063 1553 4137 ﬂagitiis
1583 4089 1609 4113 ‹‹
1644 4084 1771 4137 quae
1831 4085 1965 4141 spes

321 4159 503 4231 impio
533 4160 622 4214 est
650 4156 678 4210 ‘?
706 4153 1005 4225 Numquid
1037 4153 1085 4209 si
1118 4153 1356 4209 conlidit
1388 4152 1446 4208 in
1478 4154 1724 4210 Domino
1776 4156 1963 4212 salva-

322 4247 538 4304 bitur?
602 4245 825 4313 Dicam,
858 4242 1069 4315 inquit,
1100 4241 1265 4297 vobis
1331 4242 1470 4314 quid
1510 4243 1588 4298 sit
1656 4244 1711 4298 in
1783 4262 1960 4301 manu

394 4426 505 4504 (l9)
534 4423 699 4504 lion}.
732 4421 893 4504 edit.,
926 4423 985 4476 in
1014 4421 1268 4504 stultitia:
1296 4435 1410 4504 sua!
1447 4424 1708 4504 potentia:

394 4466 998 4583 ἐξιῖὺίιεηείοξίαητ,
1031 4491 1198 4583 id‘es't
1229 4466 1568 4583 subjugale.‘
1616 4493 1783 4576 .LXX,
1844 4494 1961 4583 duo:
1992 4518 2040 4583 Β

322 4561 741 4637 ζύγιωόρφᾳνῶν
771 4563 1046 4625 ἀπήγαγον.
1080 4561 1250 4634 Vulg.
1283 4561 1499 4634 autem,
1534 4565 1761 4619 Asinum
1782 4567 1964 4637 pupil-

322 4641 505 4694 lorum
533 4634 898 4691 abduxerunt.

393 4710 503 4779 (21)
534 4706 628 4779 Sic
666 4706 805 4779 edit,
837 4709 1036 4779 vet_._ct
1073 4703 1269 4779 cuncti
1310 4720 1478 4769 mss.,
1511 4710 1747 4776 excepto
1789 4707 1957 4763 Dion.

321 4776 419 4835 ubi
461 4776 1210 4851 legitur,_di.sciplz'na__eju.s
1255 4778 1463 4851 stravit
1526 4780 1702 4831 celum
1764 4782 1957 4851 maris.

321 4851 487 4906 Rom.
518 4846 669 4906 'edit.
715 4847 850 4902 huic
880 4846 1129 4913 accedit,
1173 4846 1271 4899 sed
1314 4863 1510 4901 vocem
1550 4850 1721 4903 maris
1786 4850 1957 4905 omit-

318 4923 389 4977 tit
426 4937 558 4978 cum
604 4918 964 4991 Lxxtapud
1008 4934 1157 4991 quos
1190 4918 1445 4991 {mquam
1502 4918 1566 4991 8_é_
1612 4919 1848 4991 ξστρωται
1900 4920 1956 4968 τό

315 4995 479 5054 κῆτος.
510 4985 917 5067 Symmachi”
952 4985 1144 5067 συῂιλᾲ
1178 4987 1498 5067 Daganum:
1518 4987 1688 5067 Vulg.
1716 4994 1794 5067 ab
1842 4991 1953 5047 hoc

313 5080 429 5124 non
461 5060 715 5124 multum
747 5061 973 5119 distans
994 5062 1249 5134 pretert,
1278 5064 1331 5117 et
1354 5060 1791 5134 prudentia—ejus
1824 5079 1951 5136 per-

1782 294 1847 353 S.
1894 290 2265 352 AMBROSH

324 434 509 485 tentia
566 434 629 483 l'J
658 472 673 493 ,
704 438 859 485 totus
896 432 952 483 in
986 430 1343 483 abundantia
1374 434 1431 481 et
1460 428 1643 499 gratia
1680 443 1693 479 :
1731 426 1963 479 interio-
2001 428 2049 489 Α
2080 424 2303 478 Domini

2344 444 2355 487 ;
2396 452 2419 471 ιο
2452 432 2509 479 et
2539 427 2785 481 desinite
2816 428 3091 481 inanibus
3120 426 3316 482 inania
3346 427 3563 482 addere
3604 431 3725 495 (Job

2082 533 2257 579 ις’-ΙΙ,
2288 526 2339 569 >5.
2366 516 2419 569 ll
2458 558 2471 568 .

2152 610 2239 657 τι.
2298 605 2363 656 Et
2422 605 2695 658 describit
2752 623 2931 676 quam
2989 607 3343 661 miserabilis
3402 606 3723 679 impiorum

2084 694 2269 763 portio
2300 693 2397 747 sit.
2437 693 2600 755 Quod
2629 693 2739 748 etsi
2802 694 2997 765 plures
3052 695 3307 750 habeant
3366 696 3541 763 ﬁlios,
3601 698 3727 753 sine

2084 782 2419 852 pgsteritate
2462 790 2619 839 sunt.
2654 784 2871 852 quibus
2926 783 3089 838 deest
3142 785 3433 841 bonorum
3490 787 3736 842 merito-

2084 886 2213 923 rum
2245 872 2537 925 successio
2568 872 2725 935 (16:11.
2762 874 2849 937 lt,
2894 874 2999 935 15).
3030 871 3134 926 llla
3164 874 3323 927 enim
3378 890 3537 939 vera,
3591 891 3729 947 pos-

2083 960 2304 1027 tertias,
2336 974 2460 1028 quae
2492 975 2605 1012 non
2639 960 2831 1023 terris,
2865 961 2967 1015 sed
3002 961 3061 1014 in
3092 961 3233 1015 caelo
3264 969 3375 1016 est.
3407 961 3731 1034 Hujusmo-

2082 1046 2139 1099 di
2172 1063 2307 1116 ergo
2338 1048 2476 1100 viris
2506 1047 2813 1102 hereditas
2844 1050 3041 1120 inepia
3100 1056 3207 1117 est,
3265 1056 3323 1105 et
3378 1068 3541 1106 mors
3595 1069 3732 1107 suc-

2083 1136 2290 1188 cessio.
2380 1138 2526 1189 Cum
2580 1137 2814 1191 divitias
2882 1141 3368 1202 coacervaverint.
3422 1141 3730 1196 mendica-

2082 1225 2229 1276 bunt
2263 1242 2277 1279 :
2310 1226 2449 1293 quia
2477 1241 2609 1278 cum
2653 1227 2870 1280 mortui
2904 1227 3143 1293 fuerint,
3196 1228 3571 1299 indigebunt,
3624 1229 3729 1301 qui

2085 1314 2341 1383 requiem
2390 1315 2458 1367 2.2
2519 1313 2774 1369 invenire
2805 1332 2918 1370 non
2951 1322 3220 1387 possunt.
3252 1316 3475 1372 Viduas
3525 1334 3730 1374 eorum

2086 1418 2255 1455 nemo
2287 1401 2629 1456 miseabitur
2659 1420 2674 1455 :
2708 1404 2811 1457 sed
2861 1406 3186 1459 manebunt
3238 1406 3499 1474 desertii,
3556 1412 3731 1477 atque

2085 1492 2276 1544 omnis
2308 1490 2527 1561 Copula:
2584 1491 2791 1546 solatio
2848 1492 3106 1548 destitui.
3162 1494 3285 1549 Etsi
3335 1501 3730 1568 congregatur

2087 1581 2330 1648 pecunia
2359 1580 2513 1633 sicut
2540 1586 2713 1645 terra,
2772 1587 2949 1652 atque
2991 1588 3058 1636 ut
3088 1582 3277 1638 lutum
3332 1590 3732 1656 preparatum

2088 1668 2258 1721 fuerit
2292 1686 2525 1723 aurum.
2555 1670 2703 1725 0⁸1
2742 1670 2937 1726 Inanis
2972 1670 3081 1727 erit
3112 1672 3265 1726 sicut
3318 1689 3538 1730 aranea
3591 1674 3735 1730 sub-

2088 1758 2300 1810 stantia
2331 1764 2617 1821 eorum,et
2637 1776 2809 1814 omne
2836 1760 3059 1814 nomini
3081 1776 3282 1816 eorum
3306 1762 3731 1833 patrimonium

2091 1856 2369 1917 tanquam
2402 1868 2434 1899 ει
2469 1848 2637 1901 tineis
2667 1851 3171 1904 Consumnabitur.
3208 1850 3516 1906 Dormiens
3571 1852 3733 1908 dives

2088 1936 2230 1988 uiuil
2263 1936 2487 2004 a-ljicut,
2526 1939 2750 2007 aperuit
2782 1938 2981 1993 oculos
3021 1955 3181 2006 suos,
3214 1946 3269 1994 et
3292 1941 3419 2010 jam
3466 1957 3586 1995 non
3644 1947 3733 1997 est

2094 2024 2250 2091 ilbi].
2292 2026 2395 2090 19,-
2428 2026 2725 2080 Permanet
2757 2028 2812 2080 in
2846 2026 3170 2081 doluvibus.
3205 2027 3362 2082 Nihil
3392 2045 3533 2101 ergo
3591 2036 3733 2085 sunt

2088 2115 2286 2167 omnia
2317 2132 2441 2183 qua:
2474 2115 2530 2167 in
2563 2114 2669 2168 hoc
2704 2116 2921 2170 mundo
2947 2124 3104 2171 sunt.
3138 2118 3360 2172 Aurum
3402 2119 3463 2172 in
3521 2118 3730 2175 metal-

2090 2202 2160 2255 lis
2195 2218 2207 2256 :
2242 2203 2311 2256 de
2344 2203 2575 2257 metallo
2605 2204 2848 2270 eruitur,
2882 2210 2940 2258 et
2970 2205 3027 2258 in
3060 2204 3363 2261 metallum
3420 2208 3737 2263 revertitur

2090 2292 2205 2359 (Job
2236 2308 2435 2358 xxviii,
2466 2294 2519 2358 1,
2570 2295 2644 2361 2,.
2678 2292 2827 2356 Quid
2856 2292 3014 2347 enim
3044 2292 3206 2349 aliud
3253 2294 3366 2349 nisi
3424 2295 3737 2353 metallum

2090 2387 2177 2434 est
2210 2397 2373 2435 meus
2417 2381 2630 2435 avari?
2684 2381 2819 2444 Quae
2874 2387 3159 2453 tanquam
3215 2383 3521 2439 defossum
3577 2389 3741 2442 tenet

2092 2470 2376 2539 quidquid
2410 2471 2710 2539 receperit,
2739 2476 2798 2524 et
2826 2469 2887 2524 in
2927 2471 3087 2525 venis
3116 2476 3283 2527 terrae
3339 2490 3407 2527 ac
3466 2474 3736 2531 latibulis

2092 2559 2401 2612 abscundit
2434 2576 2448 2623 ;
2481 2576 2546 2612 eo
2578 2560 2732 2629 quod
2759 2560 2844 2614 uti
2886 2560 3124 2617 nesciat.
3185 2560 3457 2624 Quotidie
3517 2579 3733 2619 aurum

2090 2648 2161 2701 de
2194 2647 2443 2701 metallis
2477 2648 2790 2718 provuittur
2820 2667 2834 2715 ;
2865 2648 2937 2703 de
2966 2665 3139 2704 avaro
3167 2648 3425 2720 proferre
3452 2652 3591 2723 quis
3632 2669 3733 2724 po.

2090 2737 2201 2791 tuit
2222 2736 2251 2790 ?

2158 2827 2247 2880 23.
2281 2825 2422 2880 Cum
2457 2826 2636 2897 igitur
2666 2825 2811 2880 nihil
2842 2826 3025 2898 prosit
3055 2843 3201 2882 vana
3230 2826 3415 2883 fames
3434 2828 3731 2903 auri,quia

2088 2914 2369 2985 quidquid
2405 2914 2860 2986 congregaverit,
2891 2913 3107 2970 labitur
3139 2932 3154 2982 ;
3212 2915 3533 2973 miserandi
3595 2935 3727 2992 pro-

2086 3002 2235 3058 fecto
2264 3003 2365 3073 qui
2396 3002 2781 3058 deseruerunt
2816 3003 2971 3057 viam
2994 3003 3241 3074 justam,
3271 3012 3331 3059 et
3356 3004 3527 3061 obliti
3586 3014 3729 3063 sunt

2087 3106 2238 3157 eam,
2270 3088 2363 3144 cui
2393 3090 2629 3160 pretiosi
2660 3089 2884 3163 lapides
2912 3091 3373 3165 haudquaquam
3404 3098 3546 3150 sunt
3563 3111 3728 3152 com-

2084 3178 2352 3251 parandi,
2381 3177 2640 3234 dilﬁcilis
2670 3180 3044 3252 investigato,
3087 3180 3372 3253 impervia
3427 3185 3729 3256 superbis,

2084 3266 2402 3322 interclusa
2419 3268 2785 3338 jactantibus
2817 3286 2831 3323 :
2864 3267 3290 3325 humelioribus
3319 3271 3519 3344 plana,
3556 3278 3727 3345 aper-

2082 3361 2136 3411 ta
2163 3355 2548 3427 sapientibus.
2584 3357 2649 3410 Et
2677 3357 2804 3412 ideo
2847 3357 3197 3429 sapientiam
3225 3358 3510 3416 debemus
3566 3378 3726 3433 quas-

2082 3461 2226 3510 rere,
2261 3450 2323 3498 ut
2343 3440 2714 3500 ambtﬁemus
2746 3446 2807 3501 in
2835 3446 2927 3500 via
2951 3447 3132 3515 iusta,
3165 3463 3269 3518 per
3295 3465 3473 3519 quam
3518 3451 3723 3506 adver-

2081 3533 2273 3588 sarius
2302 3532 2396 3587 ille
2427 3534 2581 3588 sicut
2609 3533 2699 3588 leo
2728 3533 2961 3606 rapiens
3011 3539 3067 3589 et
3116 3536 3378 3608 rugiens,
3438 3537 3537 3609 qui
3600 3555 3726 3611 per-

2079 3622 2335 3675 cucurrit
2355 3622 2509 3677 hunc
2540 3622 2852 3687 mundum,
2884 3623 3133 3678 transire
3175 3626 3385 3695 potuit.
3445 3627 3557 3682 Sed
3620 3628 3724 3700 qui

2078 3710 2419 3781 sapientiai?
2456 3709 2577 3764 vult
2606 3710 2976 3784 investigare,
3034 3728 3148 3766 non
3196 3713 3256 3767 in
3312 3715 3526 3786 abysso
3578 3731 3715 3772 eam

2078 3804 2299 3869 quierat
2329 3799 2503 3869 (sicut
2534 3797 2886 3871 philosophi,
2920 3800 3021 3871 qui
3053 3801 3581 3874 arbitranturquod
3604 3804 3719 3877 ipsi

2077 3904 2185 3942 sua
2214 3892 2440 3958 sponte,
2473 3903 2580 3942 suo
2609 3886 2844 3958 ingenio
2874 3888 3165 3960 profunda
3191 3891 3321 3960 ejus
3350 3892 3585 3962 possint
3627 3908 3720 3948 co-

2074 3978 2393 4048 gnoscere),
2428 3992 2544 4032 non
2574 3976 2633 4031 in
2666 3975 2813 4032 mari
2841 3992 2970 4032 eam
3002 3978 3283 4049 requirat.
3334 3979 3560 4035 Etenim
3615 3982 3719 4038 ubi

2072 4070 2411 4136 tempestas,
2447 4063 2542 4119 ubi
2574 4063 2828 4136 procella
2854 4064 3010 4120 venti
3038 4070 3147 4133 est,
3172 4083 3290 4121 non
3309 4071 3501 4138 potest
3527 4068 3612 4124 ibi
3632 4086 3721 4125 es-

2075 4171 2133 4208 se
2164 4152 2468 4224 sapientia,
2501 4152 2612 4208 Sed
2644 4152 2723 4207 ibi
2754 4157 2995 4225 quaerat,
3030 4154 3130 4208 ubi
3169 4159 3258 4210 est
3313 4156 3716 4228 tranquillitas

2073 4242 2306 4307 mentis,
2339 4247 2396 4297 et
2426 4259 2535 4314 pax
2566 4259 2693 4315 quae
2727 4259 2903 4314 super
2931 4259 3164 4298 omnem
3196 4242 3558 4300 intellectum
3610 4253 3717 4301 est.

2070 4422 2237 4475 euasit
2264 4422 2578 4488 superbum.

2144 4492 2255 4565 (22)
2286 4492 2450 4546 Rom.
2484 4491 2623 4547 edit.
2659 4494 2788 4562 quia
2807 4508 2933 4565 cum
2960 4494 3271 4563 superstites
3297 4496 3530 4565 fuerint,
3564 4494 3715 4549 indi-

2073 4563 2289 4633 gebunt,
2320 4570 2371 4617 et
2395 4565 2701 4635 morientur
2727 4564 2823 4633 qui
2850 4566 3111 4635 requiem,
3141 4568 3249 4633 etc,
3299 4563 3377 4619 Et
3405 4566 3558 4622 infra
3617 4566 3718 4621 ubi

2075 4634 2278 4689 eadem
2311 4650 2377 4688 ac
2407 4633 2564 4701 Gill.,
2597 4635 2885 4689 deserta...
2918 4633 3229 4702 destituta,
3282 4637 3413 4691 Am.
3473 4638 3604 4692 Era.
3661 4640 3719 4692 et

2074 4721 2218 4779 mss.
2250 4705 2848 4779 nobiscum,des_erti...
2872 4704 3131 4779 destituti.
3157 4705 3320 4779 Quod
3337 4708 3513 4779 etiam
3533 4706 3715 4779 expli-

2074 4775 2189 4830 cari
2214 4793 2327 4847 non
2348 4776 2716 4847 incommode
2738 4781 2945 4847 potest.
2960 4777 3173 4841 Quidni
3192 4778 3349 4832 enim
3370 4777 3541 4835 liceat
3560 4775 3713 4834 niur-

2071 4852 2203 4922 tuos
2224 4846 2412 4922 dicere
2430 4846 2489 4900 in
2510 4845 2698 4922 viduis
2722 4845 2844 4902 suis
2867 4848 3127 4922 desertos
3144 4865 3214 4922 ac
3237 4849 3712 4922 destitutos,qui-

2069 4919 2180 4990 bus
2198 4917 2405 4973 solatio
2427 4933 2556 4972 esse
2576 4917 2634 4971 in
2660 4917 2783 4989 lege
2802 4919 2974 4973 veteri
3000 4919 3334 4990 putabatur,
3362 4922 3414 4976 si
3436 4922 3570 4990 quis
3590 4917 3710 4975 ina-

2064 4989 2220 5045 xime
2250 4989 2821 5061 consanguineorum
2850 4989 3085 5046 easdem
3117 4990 3176 5044 in
3200 5006 3410 5047 uxores
3433 4989 3709 5048 duceret?
