  <div class='ocr_page' id='page_1' title='image "/cluster/home/n/w/nwhite01/storage/ocr_20150623/14/uva.x000826552/453.png"; bbox 0 0 3866 6212; ppageno 0'>
   <div class='ocr_carea' id='block_1_1' title="bbox 911 315 2753 382">
    <p class='ocr_par' dir='ltr' id='par_1_1' title="bbox 911 315 2753 382">
     <span class='ocr_line' id='line_1_1' title="bbox 911 315 2753 382; baseline 0.001 -4"><span class='ocrx_word' id='word_1_1' title='bbox 911 316 1013 380; x_wconf 86' lang='lat' dir='ltr'>DE</span> <span class='ocrx_word' id='word_1_2' title='bbox 1055 315 1793 380; x_wconf 82' lang='lat' dir='ltr'>INTERPELLATIONE</span> <span class='ocrx_word' id='word_1_3' title='bbox 1837 318 1976 380; x_wconf 87' lang='lat' dir='ltr'>JOB</span> <span class='ocrx_word' id='word_1_4' title='bbox 2020 317 2123 379; x_wconf 88' lang='lat' dir='ltr'><strong>ET</strong></span> <span class='ocrx_word' id='word_1_5' title='bbox 2166 317 2409 382; x_wconf 83' lang='lat' dir='ltr'>DAVID</span> <span class='ocrx_word' id='word_1_6' title='bbox 2452 318 2604 381; x_wconf 85' lang='lat' dir='ltr'>LIB.</span> <span class='ocrx_word' id='word_1_7' title='bbox 2648 318 2753 381; x_wconf 89' lang='lat' dir='ltr'>Ill.</span> 
     </span>
    </p>
   </div>
   <div class='ocr_carea' id='block_1_2' title="bbox 3415 325 3537 389">
    <p class='ocr_par' dir='ltr' id='par_1_2' title="bbox 3415 325 3537 389">
     <span class='ocr_line' id='line_1_2' title="bbox 3415 325 3537 389; baseline 0.016 -3"><span class='ocrx_word' id='word_1_8' title='bbox 3415 325 3537 389; x_wconf 88' lang='lat'><strong>878</strong></span> 
     </span>
    </p>
   </div>
   <div class='ocr_carea' id='block_1_3' title="bbox 1388 621 2281 735">
    <p class='ocr_par' dir='ltr' id='par_1_3' title="bbox 1388 621 2281 735">
     <span class='ocr_line' id='line_1_3' title="bbox 1388 621 2281 735; baseline 0.004 -28"><span class='ocrx_word' id='word_1_9' title='bbox 1388 621 1731 708; x_wconf 81' lang='lat' dir='ltr'><strong>LIBER</strong></span> <span class='ocrx_word' id='word_1_10' title='bbox 1791 623 2281 735; x_wconf 72' lang='lat' dir='ltr'>TERTIUS</span> 
     </span>
    </p>
   </div>
   <div class='ocr_carea' id='block_1_4' title="bbox 1241 826 2430 889">
    <p class='ocr_par' dir='ltr' id='par_1_4' title="bbox 1241 826 2430 889">
     <span class='ocr_line' id='line_1_4' title="bbox 1241 826 2430 889; baseline 0.003 -3"><span class='ocrx_word' id='word_1_11' title='bbox 1241 827 1344 887; x_wconf 84' lang='lat' dir='ltr'>DE</span> <span class='ocrx_word' id='word_1_12' title='bbox 1388 826 2126 888; x_wconf 81' lang='lat' dir='ltr'>INTERPELLATIONE</span> <span class='ocrx_word' id='word_1_13' title='bbox 2170 828 2430 889; x_wconf 83' lang='lat' dir='ltr'>DAVID.</span> 
     </span>
    </p>
   </div>
   <div class='ocr_carea' id='block_1_5' title="bbox 664 1118 1239 1176">
    <p class='ocr_par' dir='ltr' id='par_1_5' title="bbox 664 1118 1239 1176">
     <span class='ocr_line' id='line_1_5' title="bbox 664 1118 1239 1176; baseline -0.002 -1"><span class='ocrx_word' id='word_1_14' title='bbox 664 1118 894 1176; x_wconf 88' lang='lat' dir='ltr'>CAPUT</span> <span class='ocrx_word' id='word_1_15' title='bbox 932 1119 1239 1175; x_wconf 84' lang='lat' dir='ltr'>PRIMUM.</span> 
     </span>
    </p>
   </div>
   <div class='ocr_carea' id='block_1_6' title="bbox 132 1208 1781 1283">
    <p class='ocr_par' dir='ltr' id='par_1_6' title="bbox 132 1208 1781 1283">
     <span class='ocr_line' id='line_1_6' title="bbox 132 1208 1781 1283; baseline -0.001 -18"><span class='ocrx_word' id='word_1_16' title='bbox 132 1209 315 1283; x_wconf 13' lang='lat' dir='ltr'>David,</span> <span class='ocrx_word' id='word_1_17' title='bbox 350 1208 671 1283; x_wconf 81' lang='lat' dir='ltr'>frequenter</span> <span class='ocrx_word' id='word_1_18' title='bbox 724 1208 790 1283; x_wconf 81' lang='lat' dir='ltr'>de</span> <span class='ocrx_word' id='word_1_19' title='bbox 819 1209 1013 1283; x_wconf 67' lang='lat' dir='ltr'>safan</span> <span class='ocrx_word' id='word_1_20' title='bbox 1054 1211 1298 1283; x_wconf 74' lang='lat' dir='ltr'>vanitate</span> <span class='ocrx_word' id='word_1_21' title='bbox 1351 1208 1781 1283; x_wconf 58' lang='lat' dir='ltr'>disseruissem</span> 
     </span>
    </p>
   </div>
   <div class='ocr_carea' id='block_1_7' title="bbox 196 1280 1779 1353">
    <p class='ocr_par' dir='ltr' id='par_1_7' title="bbox 196 1280 1779 1353">
     <span class='ocr_line' id='line_1_7' title="bbox 196 1280 1779 1353; baseline 0.001 -18"><span class='ocrx_word' id='word_1_22' title='bbox 196 1280 447 1353; x_wconf 75' lang='lat' dir='ltr'>psalmis,</span> <span class='ocrx_word' id='word_1_23' title='bbox 478 1280 574 1334; x_wconf 70' lang='lat' dir='ltr'>sed</span> <span class='ocrx_word' id='word_1_24' title='bbox 594 1281 839 1334; x_wconf 67' lang='lat' dir='ltr'>maxime</span> <span class='ocrx_word' id='word_1_25' title='bbox 868 1280 929 1353; x_wconf 75' lang='lat' dir='ltr'>in</span> <span class='ocrx_word' id='word_1_26' title='bbox 960 1296 1128 1344; x_wconf 83' lang='lat' dir='ltr'>Lxxn,</span> <span class='ocrx_word' id='word_1_27' title='bbox 1162 1280 1257 1335; x_wconf 85' lang='lat' dir='ltr'>ubi</span> <span class='ocrx_word' id='word_1_28' title='bbox 1283 1296 1360 1353; x_wconf 72' lang='lat' dir='ltr'>se,</span> <span class='ocrx_word' id='word_1_29' title='bbox 1392 1281 1457 1335; x_wconf 90' lang='lat' dir='ltr'>ob</span> <span class='ocrx_word' id='word_1_30' title='bbox 1505 1281 1779 1351; x_wconf 87' lang='lat' dir='ltr'>improbo-</span> 
     </span>
    </p>
   </div>
   <div class='ocr_carea' id='block_1_8' title="bbox 148 1351 1783 1422">
    <p class='ocr_par' dir='ltr' id='par_1_8' title="bbox 148 1351 1783 1422">
     <span class='ocr_line' id='line_1_8' title="bbox 148 1351 1783 1422; baseline -0.001 -15"><span class='ocrx_word' id='word_1_31' title='bbox 148 1396 151 1397; x_wconf 43' lang='grc' dir='ltr'><em>ν</em></span> <span class='ocrx_word' id='word_1_32' title='bbox 197 1351 325 1407; x_wconf 70' lang='lat' dir='ltr'>rum</span> <span class='ocrx_word' id='word_1_33' title='bbox 354 1352 741 1422; x_wconf 75' lang='lat' dir='ltr'>prosperitates</span> <span class='ocrx_word' id='word_1_34' title='bbox 767 1359 818 1406; x_wconf 86' lang='lat' dir='ltr'>et</span> <span class='ocrx_word' id='word_1_35' title='bbox 844 1351 1183 1406; x_wconf 75' lang='lat' dir='ltr'>calamitates</span> <span class='ocrx_word' id='word_1_36' title='bbox 1200 1351 1514 1422; x_wconf 84' lang='lat' dir='ltr'>proborum,</span> <span class='ocrx_word' id='word_1_37' title='bbox 1538 1353 1783 1421; x_wconf 77' lang='lat' dir='ltr'>graviter</span> 
     </span>
    </p>
   </div>
   <div class='ocr_carea' id='block_1_9' title="bbox 201 1424 1780 1493">
    <p class='ocr_par' dir='ltr' id='par_1_9' title="bbox 201 1424 1780 1493">
     <span class='ocr_line' id='line_1_9' title="bbox 201 1424 1780 1493; baseline -0.001 -15"><span class='ocrx_word' id='word_1_38' title='bbox 201 1425 368 1479; x_wconf 74' lang='lat' dir='ltr'>initio</span> <span class='ocrx_word' id='word_1_39' title='bbox 398 1424 724 1477; x_wconf 87' lang='lat' dir='ltr'>commotum</span> <span class='ocrx_word' id='word_1_40' title='bbox 752 1437 886 1488; x_wconf 76' lang='lat' dir='ltr'>esse,</span> <span class='ocrx_word' id='word_1_41' title='bbox 918 1439 983 1477; x_wconf 89' lang='lat' dir='ltr'>ac</span> <span class='ocrx_word' id='word_1_42' title='bbox 1034 1426 1217 1477; x_wconf 82' lang='lat' dir='ltr'>tamen</span> <span class='ocrx_word' id='word_1_43' title='bbox 1260 1426 1444 1493; x_wconf 73' lang='lat' dir='ltr'>postea</span> <span class='ocrx_word' id='word_1_44' title='bbox 1483 1431 1780 1477; x_wconf 82' lang='lat' dir='ltr'>correctum</span> 
     </span>
    </p>
   </div>
   <div class='ocr_carea' id='block_1_10' title="bbox 199 1493 1782 1566">
    <p class='ocr_par' dir='ltr' id='par_1_10' title="bbox 199 1493 1782 1566">
     <span class='ocr_line' id='line_1_10' title="bbox 199 1493 1782 1566; baseline 0 -19"><span class='ocrx_word' id='word_1_45' title='bbox 199 1494 491 1566; x_wconf 69' lang='lat' dir='ltr'>signiﬁcat.</span> <span class='ocrx_word' id='word_1_46' title='bbox 528 1494 652 1549; x_wconf 84' lang='lat' dir='ltr'>Uter</span> <span class='ocrx_word' id='word_1_47' title='bbox 695 1493 954 1566; x_wconf 58' lang='lat' dir='ltr'>ejusdem</span> <span class='ocrx_word' id='word_1_48' title='bbox 982 1494 1189 1566; x_wconf 76' lang='lat' dir='ltr'>psalmi</span> <span class='ocrx_word' id='word_1_49' title='bbox 1235 1498 1428 1549; x_wconf 79' lang='lat' dir='ltr'>auctor</span> <span class='ocrx_word' id='word_1_50' title='bbox 1470 1493 1642 1549; x_wconf 87' lang='lat' dir='ltr'>David</span> <span class='ocrx_word' id='word_1_51' title='bbox 1696 1496 1782 1557; x_wconf 80' lang='lat' dir='ltr'>ni-</span> 
     </span>
    </p>
   </div>
   <div class='ocr_carea' id='block_1_11' title="bbox 200 1564 1314 1635">
    <p class='ocr_par' dir='ltr' id='par_1_11' title="bbox 200 1564 1314 1635">
     <span class='ocr_line' id='line_1_11' title="bbox 200 1564 1314 1635; baseline -0.003 -14"><span class='ocrx_word' id='word_1_52' title='bbox 200 1564 430 1631; x_wconf 83' lang='lat' dir='ltr'>mirum,</span> <span class='ocrx_word' id='word_1_53' title='bbox 451 1581 523 1619; x_wconf 86' lang='lat' dir='ltr'>an</span> <span class='ocrx_word' id='word_1_54' title='bbox 556 1564 737 1635; x_wconf 82' lang='lat' dir='ltr'>Asaph</span> <span class='ocrx_word' id='word_1_55' title='bbox 764 1564 1022 1620; x_wconf 81' lang='lat' dir='ltr'>dicendus</span> <span class='ocrx_word' id='word_1_56' title='bbox 1039 1564 1314 1620; x_wconf 83' lang='lat' dir='ltr'>videatur.</span> 
     </span>
    </p>
   </div>
   <div class='ocr_carea' id='block_1_12' title="bbox 206 1668 1775 1743">
    <p class='ocr_par' dir='ltr' id='par_1_12' title="bbox 206 1668 1775 1743">
     <span class='ocr_line' id='line_1_12' title="bbox 206 1668 1775 1743; baseline -0.001 -16"><span class='ocrx_word' id='word_1_57' title='bbox 206 1675 255 1728; x_wconf 87' lang='grc'>1.</span> <span class='ocrx_word' id='word_1_58' title='bbox 319 1677 570 1727; x_wconf 88' lang='lat' dir='ltr'>Decursa</span> <span class='ocrx_word' id='word_1_59' title='bbox 618 1674 707 1725; x_wconf 89' lang='lat' dir='ltr'>est</span> <span class='ocrx_word' id='word_1_60' title='bbox 762 1669 1148 1742; x_wconf 81' lang='lat' dir='ltr'>interpellatio</span> <span class='ocrx_word' id='word_1_61' title='bbox 1198 1669 1384 1726; x_wconf 81' lang='lat' dir='ltr'>sancti</span> <span class='ocrx_word' id='word_1_62' title='bbox 1441 1668 1548 1726; x_wconf 85' lang='lat' dir='ltr'>Job</span> <span class='ocrx_word' id='word_1_63' title='bbox 1619 1670 1775 1743; x_wconf 86' lang='lat'>(23):</span> 
     </span>
    </p>
   </div>
   <div class='ocr_carea' id='block_1_13' title="bbox 133 1758 1777 1832">
    <p class='ocr_par' dir='ltr' id='par_1_13' title="bbox 133 1758 1777 1832">
     <span class='ocr_line' id='line_1_13' title="bbox 133 1758 1777 1832; baseline -0.001 -15"><span class='ocrx_word' id='word_1_64' title='bbox 133 1779 291 1817; x_wconf 91' lang='lat' dir='ltr'>nunc</span> <span class='ocrx_word' id='word_1_65' title='bbox 322 1758 660 1816; x_wconf 81' lang='lat' dir='ltr'>adoriamur</span> <span class='ocrx_word' id='word_1_66' title='bbox 688 1776 810 1815; x_wconf 89' lang='lat' dir='ltr'>eam</span> <span class='ocrx_word' id='word_1_67' title='bbox 853 1758 1378 1832; x_wconf 77' lang='lat' dir='ltr'>interpellationem</span> <span class='ocrx_word' id='word_1_68' title='bbox 1409 1775 1585 1831; x_wconf 89' lang='lat' dir='ltr'>quam</span> <span class='ocrx_word' id='word_1_69' title='bbox 1616 1776 1777 1831; x_wconf 88' lang='lat' dir='ltr'>repe-</span> 
     </span>
    </p>
   </div>
   <div class='ocr_carea' id='block_1_14' title="bbox 130 1846 1778 1921">
    <p class='ocr_par' dir='ltr' id='par_1_14' title="bbox 130 1846 1778 1921">
     <span class='ocr_line' id='line_1_14' title="bbox 130 1846 1778 1921; baseline -0.002 -15"><span class='ocrx_word' id='word_1_70' title='bbox 130 1853 322 1915; x_wconf 83' lang='lat' dir='ltr'>rimus</span> <span class='ocrx_word' id='word_1_71' title='bbox 354 1850 412 1903; x_wconf 91' lang='lat' dir='ltr'>in</span> <span class='ocrx_word' id='word_1_72' title='bbox 444 1848 709 1921; x_wconf 82' lang='lat' dir='ltr'>psalmis.</span> <span class='ocrx_word' id='word_1_73' title='bbox 739 1849 864 1920; x_wconf 89' lang='lat' dir='ltr'>Ipse</span> <span class='ocrx_word' id='word_1_74' title='bbox 886 1848 1125 1919; x_wconf 87' lang='lat' dir='ltr'>quidem</span> <span class='ocrx_word' id='word_1_75' title='bbox 1152 1846 1329 1904; x_wconf 88' lang='lat' dir='ltr'>David</span> <span class='ocrx_word' id='word_1_76' title='bbox 1354 1846 1621 1920; x_wconf 89' lang='lat' dir='ltr'>pluribus</span> <span class='ocrx_word' id='word_1_77' title='bbox 1636 1847 1778 1905; x_wconf 90' lang='lat' dir='ltr'>locis</span> 
     </span>
    </p>
   </div>
   <div class='ocr_carea' id='block_1_15' title="bbox 128 1935 1776 2009">
    <p class='ocr_par' dir='ltr' id='par_1_15' title="bbox 128 1935 1776 2009">
     <span class='ocr_line' id='line_1_15' title="bbox 128 1935 1776 2009; baseline -0.002 -15"><span class='ocrx_word' id='word_1_78' title='bbox 128 1940 199 1995; x_wconf 89' lang='lat' dir='ltr'>de</span> <span class='ocrx_word' id='word_1_79' title='bbox 229 1937 430 1994; x_wconf 64' lang='lat' dir='ltr'>seculi</span> <span class='ocrx_word' id='word_1_80' title='bbox 463 1936 714 1993; x_wconf 81' lang='lat' dir='ltr'>vanitate</span> <span class='ocrx_word' id='word_1_81' title='bbox 746 1953 857 1992; x_wconf 91' lang='lat' dir='ltr'>non</span> <span class='ocrx_word' id='word_1_82' title='bbox 891 1936 1090 2003; x_wconf 84' lang='lat' dir='ltr'>tacuit,</span> <span class='ocrx_word' id='word_1_83' title='bbox 1124 1941 1181 1992; x_wconf 89' lang='lat' dir='ltr'>et</span> <span class='ocrx_word' id='word_1_84' title='bbox 1208 1935 1431 2005; x_wconf 17' lang='lat' dir='ltr'>inania,</span> <span class='ocrx_word' id='word_1_85' title='bbox 1473 1953 1601 1993; x_wconf 88' lang='lat' dir='ltr'>esse</span> <span class='ocrx_word' id='word_1_86' title='bbox 1651 1954 1776 2009; x_wconf 78' lang='lat' dir='ltr'>quas</span> 
     </span>
    </p>
   </div>
   <div class='ocr_carea' id='block_1_16' title="bbox 128 2025 1775 2100">
    <p class='ocr_par' dir='ltr' id='par_1_16' title="bbox 128 2025 1775 2100">
     <span class='ocr_line' id='line_1_16' title="bbox 128 2025 1775 2100; baseline -0.002 -16"><span class='ocrx_word' id='word_1_87' title='bbox 128 2031 415 2100; x_wconf 74' lang='lat' dir='ltr'>putantur</span> <span class='ocrx_word' id='word_1_88' title='bbox 440 2026 592 2081; x_wconf 90' lang='lat' dir='ltr'>bona</span> <span class='ocrx_word' id='word_1_89' title='bbox 624 2025 796 2081; x_wconf 81' lang='lat' dir='ltr'>istius</span> <span class='ocrx_word' id='word_1_90' title='bbox 827 2025 1055 2093; x_wconf 69' lang='lat' dir='ltr'>mundi”,</span> <span class='ocrx_word' id='word_1_91' title='bbox 1114 2026 1448 2097; x_wconf 80' lang='lat' dir='ltr'>frequenter</span> <span class='ocrx_word' id='word_1_92' title='bbox 1506 2027 1775 2093; x_wconf 81' lang='lat' dir='ltr'>asseruit,</span> 
     </span>
    </p>
   </div>
   <div class='ocr_carea' id='block_1_17' title="bbox 127 2112 1777 2187">
    <p class='ocr_par' dir='ltr' id='par_1_17' title="bbox 127 2112 1777 2187">
     <span class='ocr_line' id='line_1_17' title="bbox 127 2112 1777 2187; baseline -0.001 -16"><span class='ocrx_word' id='word_1_93' title='bbox 127 2124 185 2172; x_wconf 88' lang='lat' dir='ltr'>et</span> <span class='ocrx_word' id='word_1_94' title='bbox 245 2115 499 2171; x_wconf 82' lang='lat' dir='ltr'>maxime</span> <span class='ocrx_word' id='word_1_95' title='bbox 529 2115 588 2169; x_wconf 91' lang='lat' dir='ltr'>in</span> <span class='ocrx_word' id='word_1_96' title='bbox 638 2112 865 2186; x_wconf 83' lang='lat' dir='ltr'>psalmo</span> <span class='ocrx_word' id='word_1_97' title='bbox 916 2112 1216 2186; x_wconf 83' lang='lat' dir='ltr'>trigesimo</span> <span class='ocrx_word' id='word_1_98' title='bbox 1272 2119 1496 2180; x_wconf 87' lang='lat' dir='ltr'>octavo,</span> <span class='ocrx_word' id='word_1_99' title='bbox 1544 2114 1602 2170; x_wconf 89' lang='lat' dir='ltr'>in</span> <span class='ocrx_word' id='word_1_100' title='bbox 1662 2131 1777 2187; x_wconf 90' lang='lat' dir='ltr'>quo</span> 
     </span>
    </p>
   </div>
   <div class='ocr_carea' id='block_1_18' title="bbox 128 2202 1777 2269">
    <p class='ocr_par' dir='ltr' id='par_1_18' title="bbox 128 2202 1777 2269">
     <span class='ocr_line' id='line_1_18' title="bbox 128 2202 1777 2269; baseline -0.002 -8"><span class='ocrx_word' id='word_1_101' title='bbox 128 2205 307 2261; x_wconf 86' lang='lat' dir='ltr'>dicit:</span> <span class='ocrx_word' id='word_1_102' title='bbox 372 2226 399 2253; x_wconf 87' lang='grc'>‹‹</span> <span class='ocrx_word' id='word_1_103' title='bbox 458 2203 874 2258; x_wconf 88' lang='lat' dir='ltr'>Verumtamen</span> <span class='ocrx_word' id='word_1_104' title='bbox 936 2202 1205 2258; x_wconf 79' lang='lat' dir='ltr'>universa</span> <span class='ocrx_word' id='word_1_105' title='bbox 1261 2203 1504 2269; x_wconf 79' lang='lat' dir='ltr'>vanitas,</span> <span class='ocrx_word' id='word_1_106' title='bbox 1583 2203 1777 2258; x_wconf 85' lang='lat' dir='ltr'>omnis</span> 
     </span>
    </p>
   </div>
   <div class='ocr_carea' id='block_1_19' title="bbox 130 2292 1774 2363">
    <p class='ocr_par' dir='ltr' id='par_1_19' title="bbox 130 2292 1774 2363">
     <span class='ocr_line' id='line_1_19' title="bbox 130 2292 1774 2363; baseline -0.002 -14"><span class='ocrx_word' id='word_1_107' title='bbox 130 2294 309 2349; x_wconf 91' lang='lat' dir='ltr'>homo</span> <span class='ocrx_word' id='word_1_108' title='bbox 358 2292 553 2347; x_wconf 86' lang='lat' dir='ltr'>vivens</span> <span class='ocrx_word' id='word_1_109' title='bbox 602 2292 774 2358; x_wconf 79' lang='lat' dir='ltr'>(Psal.</span> <span class='ocrx_word' id='word_1_110' title='bbox 827 2308 1066 2356; x_wconf 80' lang='lat' dir='ltr'>xxxvm,</span> <span class='ocrx_word' id='word_1_111' title='bbox 1126 2292 1211 2359; x_wconf 85' lang='lat'>6);</span> <span class='ocrx_word' id='word_1_112' title='bbox 1250 2313 1270 2341; x_wconf 76' lang='grc' dir='ltr'>ιι</span> <span class='ocrx_word' id='word_1_113' title='bbox 1328 2296 1381 2345; x_wconf 88' lang='lat' dir='ltr'>et</span> <span class='ocrx_word' id='word_1_114' title='bbox 1436 2308 1774 2363; x_wconf 87' lang='lat' dir='ltr'>quanquam</span> 
     </span>
    </p>
   </div>
   <div class='ocr_carea' id='block_1_20' title="bbox 122 2378 1777 2452">
    <p class='ocr_par' dir='ltr' id='par_1_20' title="bbox 122 2378 1777 2452">
     <span class='ocr_line' id='line_1_20' title="bbox 122 2378 1777 2452; baseline -0.002 -15"><span class='ocrx_word' id='word_1_115' title='bbox 122 2384 185 2437; x_wconf 91' lang='lat' dir='ltr'>in</span> <span class='ocrx_word' id='word_1_116' title='bbox 221 2380 479 2452; x_wconf 79' lang='lat' dir='ltr'>imagine</span> <span class='ocrx_word' id='word_1_117' title='bbox 509 2378 610 2435; x_wconf 80' lang='lat' dir='ltr'>D&#39;ei</span> <span class='ocrx_word' id='word_1_118' title='bbox 644 2379 906 2435; x_wconf 75' lang='lat' dir='ltr'>auibulet</span> <span class='ocrx_word' id='word_1_119' title='bbox 937 2379 1132 2448; x_wconf 90' lang='lat' dir='ltr'>homo,</span> <span class='ocrx_word' id='word_1_120' title='bbox 1164 2384 1357 2435; x_wconf 87' lang='lat' dir='ltr'>tamen</span> <span class='ocrx_word' id='word_1_121' title='bbox 1381 2396 1525 2435; x_wconf 86' lang='lat' dir='ltr'>vane</span> <span class='ocrx_word' id='word_1_122' title='bbox 1550 2385 1777 2436; x_wconf 83' lang='lat' dir='ltr'>contur—</span> 
     </span>
    </p>
   </div>
   <div class='ocr_carea' id='block_1_21' title="bbox 121 2467 1845 2550">
    <p class='ocr_par' dir='ltr' id='par_1_21' title="bbox 121 2467 1845 2550">
     <span class='ocr_line' id='line_1_21' title="bbox 121 2467 1845 2550; baseline -0.002 -23"><span class='ocrx_word' id='word_1_123' title='bbox 121 2470 386 2536; x_wconf 86' lang='lat' dir='ltr'>babitur,</span> <span class='ocrx_word' id='word_1_124' title='bbox 421 2467 795 2536; x_wconf 88' lang='lat' dir='ltr'>thesaurizat,</span> <span class='ocrx_word' id='word_1_125' title='bbox 827 2470 883 2523; x_wconf 90' lang='lat' dir='ltr'>et</span> <span class='ocrx_word' id='word_1_126' title='bbox 910 2468 1140 2540; x_wconf 85' lang='lat' dir='ltr'>ignorat</span> <span class='ocrx_word' id='word_1_127' title='bbox 1168 2467 1259 2522; x_wconf 90' lang='lat' dir='ltr'>cui</span> <span class='ocrx_word' id='word_1_128' title='bbox 1311 2472 1626 2540; x_wconf 90' lang='lat' dir='ltr'>congregat</span> <span class='ocrx_word' id='word_1_129' title='bbox 1676 2484 1763 2524; x_wconf 87' lang='lat' dir='ltr'>ea.</span> <span class='ocrx_word' id='word_1_130' title='bbox 1796 2486 1845 2550; x_wconf 83' lang='lat' dir='ltr'><strong>B</strong></span> 
     </span>
    </p>
   </div>
   <div class='ocr_carea' id='block_1_22' title="bbox 122 2555 1769 2628">
    <p class='ocr_par' dir='ltr' id='par_1_22' title="bbox 122 2555 1769 2628">
     <span class='ocr_line' id='line_1_22' title="bbox 122 2555 1769 2628; baseline -0.002 -13"><span class='ocrx_word' id='word_1_131' title='bbox 122 2561 196 2615; x_wconf 88' lang='lat' dir='ltr'>Et</span> <span class='ocrx_word' id='word_1_132' title='bbox 226 2556 397 2614; x_wconf 89' lang='lat' dir='ltr'>alibi:</span> <span class='ocrx_word' id='word_1_133' title='bbox 431 2579 459 2607; x_wconf 87' lang='grc'>‹‹</span> <span class='ocrx_word' id='word_1_134' title='bbox 492 2555 806 2628; x_wconf 84' lang='lat' dir='ltr'>Usquequo</span> <span class='ocrx_word' id='word_1_135' title='bbox 838 2559 1189 2628; x_wconf 75' lang='lat' dir='ltr'>peccatores,</span> <span class='ocrx_word' id='word_1_136' title='bbox 1232 2556 1494 2624; x_wconf 85' lang='lat' dir='ltr'>Domine,</span> <span class='ocrx_word' id='word_1_137' title='bbox 1555 2572 1769 2628; x_wconf 90' lang='lat' dir='ltr'>usque-</span> 
     </span>
    </p>
   </div>
   <div class='ocr_carea' id='block_1_23' title="bbox 124 2643 1769 2720">
    <p class='ocr_par' dir='ltr' id='par_1_23' title="bbox 124 2643 1769 2720">
     <span class='ocr_line' id='line_1_23' title="bbox 124 2643 1769 2720; baseline -0.007 -16"><span class='ocrx_word' id='word_1_138' title='bbox 124 2664 246 2720; x_wconf 89' lang='lat' dir='ltr'>quo</span> <span class='ocrx_word' id='word_1_139' title='bbox 307 2648 639 2718; x_wconf 89' lang='lat' dir='ltr'>peccatores</span> <span class='ocrx_word' id='word_1_140' title='bbox 695 2643 1105 2717; x_wconf 88' lang='lat' dir='ltr'>gloriabuntur</span> <span class='ocrx_word' id='word_1_141' title='bbox 1149 2646 1315 2713; x_wconf 86' lang='lat' dir='ltr'>(Psal.</span> <span class='ocrx_word' id='word_1_142' title='bbox 1392 2662 1548 2713; x_wconf 83' lang='lat' dir='ltr'>xcm,</span> <span class='ocrx_word' id='word_1_143' title='bbox 1624 2645 1718 2711; x_wconf 82' lang='lat'>3)?</span> <span class='ocrx_word' id='word_1_144' title='bbox 1742 2669 1769 2695; x_wconf 84' lang='grc'><strong>››</strong></span> 
     </span>
    </p>
   </div>
   <div class='ocr_carea' id='block_1_24' title="bbox 120 2722 1769 2805">
    <p class='ocr_par' dir='ltr' id='par_1_24' title="bbox 120 2722 1769 2805">
     <span class='ocr_line' id='line_1_24' title="bbox 120 2722 1769 2805; baseline -0.002 -12"><span class='ocrx_word' id='word_1_145' title='bbox 120 2735 291 2802; x_wconf 88' lang='lat' dir='ltr'>Quod</span> <span class='ocrx_word' id='word_1_146' title='bbox 324 2734 417 2790; x_wconf 90' lang='lat' dir='ltr'>hic</span> <span class='ocrx_word' id='word_1_147' title='bbox 447 2733 696 2789; x_wconf 87' lang='lat' dir='ltr'>habeant</span> <span class='ocrx_word' id='word_1_148' title='bbox 726 2732 1098 2789; x_wconf 87' lang='lat' dir='ltr'>umbratilem</span> <span class='ocrx_word' id='word_1_149' title='bbox 1129 2732 1395 2805; x_wconf 85' lang='lat' dir='ltr'>gloriam,</span> <span class='ocrx_word' id='word_1_150' title='bbox 1427 2735 1528 2789; x_wconf 91' lang='lat' dir='ltr'>ubi</span> <span class='ocrx_word' id='word_1_151' title='bbox 1572 2736 1642 2790; x_wconf 91' lang='lat' dir='ltr'>de</span> <span class='ocrx_word' id='word_1_152' title='bbox 1665 2722 1769 2791; x_wconf 58' lang='lat' dir='ltr'>sua;</span> 
     </span>
    </p>
   </div>
   <div class='ocr_carea' id='block_1_25' title="bbox 118 2820 1769 2891">
    <p class='ocr_par' dir='ltr' id='par_1_25' title="bbox 118 2820 1769 2891">
     <span class='ocr_line' id='line_1_25' title="bbox 118 2820 1769 2891; baseline -0.001 -9"><span class='ocrx_word' id='word_1_153' title='bbox 118 2825 259 2883; x_wconf 90' lang='lat' dir='ltr'>culo</span> <span class='ocrx_word' id='word_1_154' title='bbox 308 2820 679 2891; x_wconf 71' lang='lat' dir='ltr'>excesserint,</span> <span class='ocrx_word' id='word_1_155' title='bbox 741 2823 991 2877; x_wconf 82' lang='lat' dir='ltr'>fructum</span> <span class='ocrx_word' id='word_1_156' title='bbox 1051 2821 1463 2879; x_wconf 85' lang='lat' dir='ltr'>consolationis</span> <span class='ocrx_word' id='word_1_157' title='bbox 1509 2823 1769 2881; x_wconf 89' lang='lat' dir='ltr'>invenire</span> 
     </span>
    </p>
   </div>
   <div class='ocr_carea' id='block_1_26' title="bbox 119 2910 1770 2986">
    <p class='ocr_par' dir='ltr' id='par_1_26' title="bbox 119 2910 1770 2986">
     <span class='ocr_line' id='line_1_26' title="bbox 119 2910 1770 2986; baseline -0.001 -15"><span class='ocrx_word' id='word_1_158' title='bbox 119 2932 240 2971; x_wconf 90' lang='lat' dir='ltr'>non</span> <span class='ocrx_word' id='word_1_159' title='bbox 278 2912 525 2986; x_wconf 88' lang='lat' dir='ltr'>possint.</span> <span class='ocrx_word' id='word_1_160' title='bbox 560 2910 715 2966; x_wconf 86' lang='lat' dir='ltr'>Idem</span> <span class='ocrx_word' id='word_1_161' title='bbox 738 2915 933 2967; x_wconf 90' lang='lat' dir='ltr'>tamen</span> <span class='ocrx_word' id='word_1_162' title='bbox 957 2910 1201 2983; x_wconf 83' lang='lat' dir='ltr'>inseruit</span> <span class='ocrx_word' id='word_1_163' title='bbox 1223 2912 1519 2983; x_wconf 87' lang='lat' dir='ltr'>psalmum</span> <span class='ocrx_word' id='word_1_164' title='bbox 1541 2916 1770 2985; x_wconf 88' lang='lat' dir='ltr'>septua-</span> 
     </span>
    </p>
   </div>
   <div class='ocr_carea' id='block_1_27' title="bbox 115 2999 1769 3077">
    <p class='ocr_par' dir='ltr' id='par_1_27' title="bbox 115 2999 1769 3077">
     <span class='ocr_line' id='line_1_27' title="bbox 115 2999 1769 3077; baseline -0.001 -18"><span class='ocrx_word' id='word_1_165' title='bbox 115 3003 422 3077; x_wconf 88' lang='lat' dir='ltr'>gesimum</span> <span class='ocrx_word' id='word_1_166' title='bbox 455 3000 801 3068; x_wconf 89' lang='lat' dir='ltr'>secundum,</span> <span class='ocrx_word' id='word_1_167' title='bbox 826 2999 885 3054; x_wconf 91' lang='lat' dir='ltr'>in</span> <span class='ocrx_word' id='word_1_168' title='bbox 908 3015 1022 3072; x_wconf 91' lang='lat' dir='ltr'>quo</span> <span class='ocrx_word' id='word_1_169' title='bbox 1040 2999 1164 3071; x_wconf 90' lang='lat' dir='ltr'>ipse</span> <span class='ocrx_word' id='word_1_170' title='bbox 1186 3000 1296 3055; x_wconf 90' lang='lat' dir='ltr'>sub</span> <span class='ocrx_word' id='word_1_171' title='bbox 1320 3000 1514 3072; x_wconf 89' lang='lat' dir='ltr'>Asaph</span> <span class='ocrx_word' id='word_1_172' title='bbox 1536 3002 1769 3059; x_wconf 89' lang='lat' dir='ltr'>nomine</span> 
     </span>
    </p>
   </div>
   <div class='ocr_carea' id='block_1_28' title="bbox 116 3088 1766 3165">
    <p class='ocr_par' dir='ltr' id='par_1_28' title="bbox 116 3088 1766 3165">
     <span class='ocr_line' id='line_1_28' title="bbox 116 3088 1766 3165; baseline 0.001 -20"><span class='ocrx_word' id='word_1_173' title='bbox 116 3095 483 3165; x_wconf 84' lang='lat' dir='ltr'>protestatur</span> <span class='ocrx_word' id='word_1_174' title='bbox 512 3088 663 3160; x_wconf 90' lang='lat' dir='ltr'>quod</span> <span class='ocrx_word' id='word_1_175' title='bbox 698 3088 827 3159; x_wconf 88' lang='lat' dir='ltr'>ejus</span> <span class='ocrx_word' id='word_1_176' title='bbox 866 3088 1041 3144; x_wconf 82' lang='lat' dir='ltr'>fuerit</span> <span class='ocrx_word' id='word_1_177' title='bbox 1072 3088 1424 3163; x_wconf 83' lang='lat' dir='ltr'>principium</span> <span class='ocrx_word' id='word_1_178' title='bbox 1447 3089 1766 3163; x_wconf 89' lang='lat' dir='ltr'>prolapsio-</span> 
     </span>
    </p>
   </div>
   <div class='ocr_carea' id='block_1_29' title="bbox 114 3175 1764 3249">
    <p class='ocr_par' dir='ltr' id='par_1_29' title="bbox 114 3175 1764 3249">
     <span class='ocr_line' id='line_1_29' title="bbox 114 3175 1764 3249; baseline -0.001 -12"><span class='ocrx_word' id='word_1_179' title='bbox 114 3182 214 3237; x_wconf 86' lang='lat' dir='ltr'>nis</span> <span class='ocrx_word' id='word_1_180' title='bbox 241 3222 257 3247; x_wconf 90' lang='lat'>,</span> <span class='ocrx_word' id='word_1_181' title='bbox 291 3184 353 3234; x_wconf 88' lang='lat' dir='ltr'>ut</span> <span class='ocrx_word' id='word_1_182' title='bbox 384 3195 497 3233; x_wconf 90' lang='lat' dir='ltr'>non</span> <span class='ocrx_word' id='word_1_183' title='bbox 522 3177 797 3233; x_wconf 88' lang='lat' dir='ltr'>mediocri</span> <span class='ocrx_word' id='word_1_184' title='bbox 837 3175 1035 3233; x_wconf 89' lang='lat' dir='ltr'>dolore</span> <span class='ocrx_word' id='word_1_185' title='bbox 1087 3178 1431 3249; x_wconf 83' lang='lat' dir='ltr'>perstrictus</span> <span class='ocrx_word' id='word_1_186' title='bbox 1478 3179 1576 3245; x_wconf 90' lang='lat' dir='ltr'>sit,</span> <span class='ocrx_word' id='word_1_187' title='bbox 1632 3196 1764 3236; x_wconf 89' lang='lat' dir='ltr'>cum</span> 
     </span>
    </p>
   </div>
   <div class='ocr_carea' id='block_1_30' title="bbox 109 3264 1764 3339">
    <p class='ocr_par' dir='ltr' id='par_1_30' title="bbox 109 3264 1764 3339">
     <span class='ocr_line' id='line_1_30' title="bbox 109 3264 1764 3339; baseline -0.001 -14"><span class='ocrx_word' id='word_1_188' title='bbox 109 3270 344 3333; x_wconf 78' lang='lat' dir='ltr'>videret</span> <span class='ocrx_word' id='word_1_189' title='bbox 374 3272 704 3339; x_wconf 86' lang='lat' dir='ltr'>peccatores</span> <span class='ocrx_word' id='word_1_190' title='bbox 736 3265 791 3320; x_wconf 90' lang='lat' dir='ltr'>in</span> <span class='ocrx_word' id='word_1_191' title='bbox 824 3264 932 3321; x_wconf 85' lang='lat' dir='ltr'>hoc</span> <span class='ocrx_word' id='word_1_192' title='bbox 992 3267 1212 3321; x_wconf 90' lang='lat' dir='ltr'>mundo</span> <span class='ocrx_word' id='word_1_193' title='bbox 1261 3267 1498 3323; x_wconf 76' lang='lat' dir='ltr'>attinere</span> <span class='ocrx_word' id='word_1_194' title='bbox 1526 3268 1764 3338; x_wconf 82' lang='lat' dir='ltr'>divitiis,</span> 
     </span>
    </p>
   </div>
   <div class='ocr_carea' id='block_1_31' title="bbox 110 3354 1768 3428">
    <p class='ocr_par' dir='ltr' id='par_1_31' title="bbox 110 3354 1768 3428">
     <span class='ocr_line' id='line_1_31' title="bbox 110 3354 1768 3428; baseline -0.001 -12"><span class='ocrx_word' id='word_1_195' title='bbox 110 3358 425 3416; x_wconf 83' lang='lat' dir='ltr'>abundare</span> <span class='ocrx_word' id='word_1_196' title='bbox 455 3354 633 3410; x_wconf 87' lang='lat' dir='ltr'>rebus</span> <span class='ocrx_word' id='word_1_197' title='bbox 663 3354 966 3410; x_wconf 88' lang='lat' dir='ltr'>secundis:</span> <span class='ocrx_word' id='word_1_198' title='bbox 1003 3371 1065 3409; x_wconf 89' lang='lat' dir='ltr'>se</span> <span class='ocrx_word' id='word_1_199' title='bbox 1095 3359 1313 3421; x_wconf 88' lang='lat' dir='ltr'>autem,</span> <span class='ocrx_word' id='word_1_200' title='bbox 1347 3356 1447 3427; x_wconf 90' lang='lat' dir='ltr'>qui</span> <span class='ocrx_word' id='word_1_201' title='bbox 1474 3357 1768 3428; x_wconf 86' lang='lat' dir='ltr'>justiﬁca-</span> 
     </span>
    </p>
   </div>
   <div class='ocr_carea' id='block_1_32' title="bbox 108 3443 1766 3517">
    <p class='ocr_par' dir='ltr' id='par_1_32' title="bbox 108 3443 1766 3517">
     <span class='ocr_line' id='line_1_32' title="bbox 108 3443 1766 3517; baseline -0.001 -13"><span class='ocrx_word' id='word_1_202' title='bbox 108 3447 269 3504; x_wconf 86' lang='lat' dir='ltr'>verit</span> <span class='ocrx_word' id='word_1_203' title='bbox 296 3463 398 3501; x_wconf 91' lang='lat' dir='ltr'>cor</span> <span class='ocrx_word' id='word_1_204' title='bbox 435 3461 634 3512; x_wconf 90' lang='lat' dir='ltr'>suum,</span> <span class='ocrx_word' id='word_1_205' title='bbox 657 3460 784 3499; x_wconf 91' lang='lat' dir='ltr'>esse</span> <span class='ocrx_word' id='word_1_206' title='bbox 806 3443 863 3498; x_wconf 93' lang='lat' dir='ltr'>in</span> <span class='ocrx_word' id='word_1_207' title='bbox 885 3443 1367 3501; x_wconf 83' lang='lat' dir='ltr'>afflictationibus</span> <span class='ocrx_word' id='word_1_208' title='bbox 1386 3449 1443 3501; x_wconf 90' lang='lat' dir='ltr'>et</span> <span class='ocrx_word' id='word_1_209' title='bbox 1458 3448 1766 3517; x_wconf 60' lang='lat' dir='ltr'>aerumnis;</span> 
     </span>
    </p>
   </div>
   <div class='ocr_carea' id='block_1_33' title="bbox 108 3531 1766 3603">
    <p class='ocr_par' dir='ltr' id='par_1_33' title="bbox 108 3531 1766 3603">
     <span class='ocr_line' id='line_1_33' title="bbox 108 3531 1766 3603; baseline -0.001 -9"><span class='ocrx_word' id='word_1_210' title='bbox 108 3553 224 3595; x_wconf 89' lang='lat' dir='ltr'>nec</span> <span class='ocrx_word' id='word_1_211' title='bbox 257 3533 614 3591; x_wconf 88' lang='lat' dir='ltr'>mediocrem</span> <span class='ocrx_word' id='word_1_212' title='bbox 646 3531 890 3588; x_wconf 83' lang='lat' dir='ltr'>traxisse</span> <span class='ocrx_word' id='word_1_213' title='bbox 921 3532 1199 3588; x_wconf 80' lang='lat' dir='ltr'>otl‘ensam</span> <span class='ocrx_word' id='word_1_214' title='bbox 1231 3532 1290 3587; x_wconf 91' lang='lat' dir='ltr'>in</span> <span class='ocrx_word' id='word_1_215' title='bbox 1343 3534 1614 3603; x_wconf 87' lang='lat' dir='ltr'>exordio;</span> <span class='ocrx_word' id='word_1_216' title='bbox 1666 3537 1766 3593; x_wconf 90' lang='lat' dir='ltr'>sed</span> 
     </span>
    </p>
   </div>
   <div class='ocr_carea' id='block_1_34' title="bbox 105 3619 1770 3700">
    <p class='ocr_par' dir='ltr' id='par_1_34' title="bbox 105 3619 1770 3700">
     <span class='ocr_line' id='line_1_34' title="bbox 105 3619 1770 3700; baseline -0.001 -19"><span class='ocrx_word' id='word_1_217' title='bbox 105 3628 326 3700; x_wconf 85' lang='lat' dir='ltr'>postea</span> <span class='ocrx_word' id='word_1_218' title='bbox 356 3639 460 3695; x_wconf 92' lang='lat' dir='ltr'>per</span> <span class='ocrx_word' id='word_1_219' title='bbox 488 3620 718 3676; x_wconf 89' lang='lat' dir='ltr'>Domini</span> <span class='ocrx_word' id='word_1_220' title='bbox 746 3619 975 3692; x_wconf 87' lang='lat' dir='ltr'>ﬂagella</span> <span class='ocrx_word' id='word_1_221' title='bbox 1004 3625 1350 3687; x_wconf 87' lang='lat' dir='ltr'>correctum,</span> <span class='ocrx_word' id='word_1_222' title='bbox 1384 3627 1441 3678; x_wconf 89' lang='lat' dir='ltr'>et</span> <span class='ocrx_word' id='word_1_223' title='bbox 1472 3621 1770 3681; x_wconf 89' lang='lat' dir='ltr'>illumina-</span> 
     </span>
    </p>
   </div>
   <div class='ocr_carea' id='block_1_35' title="bbox 102 3708 1768 3782">
    <p class='ocr_par' dir='ltr' id='par_1_35' title="bbox 102 3708 1768 3782">
     <span class='ocr_line' id='line_1_35' title="bbox 102 3708 1768 3782; baseline 0.001 -13"><span class='ocrx_word' id='word_1_224' title='bbox 102 3721 247 3771; x_wconf 82' lang='lat' dir='ltr'>tum</span> <span class='ocrx_word' id='word_1_225' title='bbox 281 3711 489 3768; x_wconf 62' lang='lat' dir='ltr'>divina;</span> <span class='ocrx_word' id='word_1_226' title='bbox 511 3708 861 3781; x_wconf 85' lang='lat' dir='ltr'>cognitionis</span> <span class='ocrx_word' id='word_1_227' title='bbox 877 3710 1083 3782; x_wconf 88' lang='lat' dir='ltr'>gratia,</span> <span class='ocrx_word' id='word_1_228' title='bbox 1103 3726 1246 3765; x_wconf 68' lang='lat' dir='ltr'>verte</span> <span class='ocrx_word' id='word_1_229' title='bbox 1261 3709 1537 3768; x_wconf 87' lang='lat' dir='ltr'>didicisse</span> <span class='ocrx_word' id='word_1_230' title='bbox 1560 3712 1768 3770; x_wconf 90' lang='lat' dir='ltr'>seriem</span> 
     </span>
    </p>
   </div>
   <div class='ocr_carea' id='block_1_36' title="bbox 104 3801 482 3860">
    <p class='ocr_par' dir='ltr' id='par_1_36' title="bbox 104 3801 482 3860">
     <span class='ocr_line' id='line_1_36' title="bbox 104 3801 482 3860; baseline -0.016 0"><span class='ocrx_word' id='word_1_231' title='bbox 104 3801 482 3860; x_wconf 77' lang='lat' dir='ltr'>traditionis.</span> 
     </span>
    </p>
   </div>
   <div class='ocr_carea' id='block_1_37' title="bbox 184 3886 1767 3961">
    <p class='ocr_par' dir='ltr' id='par_1_37' title="bbox 184 3886 1767 3961">
     <span class='ocr_line' id='line_1_37' title="bbox 184 3886 1767 3961; baseline -0.003 -13"><span class='ocrx_word' id='word_1_232' title='bbox 184 3893 244 3948; x_wconf 89' lang='lat'><strong>2.</strong></span> <span class='ocrx_word' id='word_1_233' title='bbox 285 3890 592 3961; x_wconf 81' lang='lat' dir='ltr'>Nusquam</span> <span class='ocrx_word' id='word_1_234' title='bbox 624 3893 819 3945; x_wconf 87' lang='lat' dir='ltr'>autem</span> <span class='ocrx_word' id='word_1_235' title='bbox 854 3886 1084 3942; x_wconf 88' lang='lat' dir='ltr'>invenio</span> <span class='ocrx_word' id='word_1_236' title='bbox 1115 3892 1383 3943; x_wconf 86' lang='lat' dir='ltr'>sanctum</span> <span class='ocrx_word' id='word_1_237' title='bbox 1415 3889 1609 3961; x_wconf 89' lang='lat' dir='ltr'>Asaph</span> <span class='ocrx_word' id='word_1_238' title='bbox 1663 3890 1767 3946; x_wconf 87' lang='lat' dir='ltr'>ali-</span> 
     </span>
    </p>
   </div>
   <div class='ocr_carea' id='block_1_38' title="bbox 107 3976 1772 4053">
    <p class='ocr_par' dir='ltr' id='par_1_38' title="bbox 107 3976 1772 4053">
     <span class='ocr_line' id='line_1_38' title="bbox 107 3976 1772 4053; baseline -0.001 -18"><span class='ocrx_word' id='word_1_239' title='bbox 107 3981 345 4053; x_wconf 88' lang='lat' dir='ltr'>quibus</span> <span class='ocrx_word' id='word_1_240' title='bbox 376 3976 636 4035; x_wconf 83' lang='lat' dir='ltr'>adversis</span> <span class='ocrx_word' id='word_1_241' title='bbox 668 3976 847 4032; x_wconf 85' lang='lat' dir='ltr'>fuisse</span> <span class='ocrx_word' id='word_1_242' title='bbox 904 3979 1206 4032; x_wconf 88' lang='lat' dir='ltr'>vexatum:</span> <span class='ocrx_word' id='word_1_243' title='bbox 1242 3983 1299 4031; x_wconf 85' lang='lat' dir='ltr'>at</span> <span class='ocrx_word' id='word_1_244' title='bbox 1352 3993 1485 4032; x_wconf 89' lang='lat' dir='ltr'>vero</span> <span class='ocrx_word' id='word_1_245' title='bbox 1532 3983 1772 4035; x_wconf 89' lang='lat' dir='ltr'>sanctus</span> 
     </span>
    </p>
   </div>
   <div class='ocr_carea' id='block_1_39' title="bbox 105 4062 1772 4140">
    <p class='ocr_par' dir='ltr' id='par_1_39' title="bbox 105 4062 1772 4140">
     <span class='ocr_line' id='line_1_39' title="bbox 105 4062 1772 4140; baseline -0.002 -15"><span class='ocrx_word' id='word_1_246' title='bbox 105 4068 307 4133; x_wconf 82' lang='lat' dir='ltr'>David</span> <span class='ocrx_word' id='word_1_247' title='bbox 339 4064 596 4140; x_wconf 88' lang='lat' dir='ltr'>plurima</span> <span class='ocrx_word' id='word_1_248' title='bbox 624 4069 682 4122; x_wconf 83' lang='lat' dir='ltr'>et</span> <span class='ocrx_word' id='word_1_249' title='bbox 711 4062 1101 4139; x_wconf 89' lang='lat' dir='ltr'>periculorum</span> <span class='ocrx_word' id='word_1_250' title='bbox 1153 4063 1324 4137; x_wconf 86' lang='lat' dir='ltr'>plena</span> <span class='ocrx_word' id='word_1_251' title='bbox 1369 4064 1650 4135; x_wconf 87' lang='lat' dir='ltr'>toleravit,</span> <span class='ocrx_word' id='word_1_252' title='bbox 1701 4071 1772 4123; x_wconf 88' lang='lat' dir='ltr'>de</span> 
     </span>
    </p>
   </div>
   <div class='ocr_carea' id='block_1_40' title="bbox 107 4152 1772 4226">
    <p class='ocr_par' dir='ltr' id='par_1_40' title="bbox 107 4152 1772 4226">
     <span class='ocr_line' id='line_1_40' title="bbox 107 4152 1772 4226; baseline -0.001 -12"><span class='ocrx_word' id='word_1_253' title='bbox 107 4159 253 4215; x_wconf 83' lang='lat' dir='ltr'>suis</span> <span class='ocrx_word' id='word_1_254' title='bbox 278 4157 437 4213; x_wconf 88' lang='lat' dir='ltr'>enim</span> <span class='ocrx_word' id='word_1_255' title='bbox 468 4153 771 4213; x_wconf 82' lang='lat' dir='ltr'>laboribus</span> <span class='ocrx_word' id='word_1_256' title='bbox 797 4153 956 4210; x_wconf 91' lang='lat' dir='ltr'>dicit.</span> <span class='ocrx_word' id='word_1_257' title='bbox 991 4152 1151 4208; x_wconf 91' lang='lat' dir='ltr'>Unde</span> <span class='ocrx_word' id='word_1_258' title='bbox 1202 4158 1258 4209; x_wconf 89' lang='lat' dir='ltr'>et</span> <span class='ocrx_word' id='word_1_259' title='bbox 1313 4153 1579 4226; x_wconf 87' lang='lat' dir='ltr'>psalmus</span> <span class='ocrx_word' id='word_1_260' title='bbox 1618 4157 1772 4212; x_wconf 70' lang='lat'>662</span> 
     </span>
    </p>
   </div>
   <div class='ocr_carea' id='block_1_41' title="bbox 104 4242 1770 4318">
    <p class='ocr_par' dir='ltr' id='par_1_41' title="bbox 104 4242 1770 4318">
     <span class='ocr_line' id='line_1_41' title="bbox 104 4242 1770 4318; baseline -0.002 -15"><span class='ocrx_word' id='word_1_261' title='bbox 104 4265 236 4303; x_wconf 91' lang='lat' dir='ltr'>non</span> <span class='ocrx_word' id='word_1_262' title='bbox 274 4244 446 4318; x_wconf 89' lang='lat' dir='ltr'>quasi</span> <span class='ocrx_word' id='word_1_263' title='bbox 480 4243 663 4299; x_wconf 88' lang='lat' dir='ltr'>sancti</span> <span class='ocrx_word' id='word_1_264' title='bbox 699 4242 911 4315; x_wconf 84' lang='lat' dir='ltr'>Asaph,</span> <span class='ocrx_word' id='word_1_265' title='bbox 946 4242 1042 4298; x_wconf 88' lang='lat' dir='ltr'>sed</span> <span class='ocrx_word' id='word_1_266' title='bbox 1078 4242 1249 4314; x_wconf 88' lang='lat' dir='ltr'>quasi</span> <span class='ocrx_word' id='word_1_267' title='bbox 1306 4247 1506 4299; x_wconf 86' lang='lat' dir='ltr'>sancto</span> <span class='ocrx_word' id='word_1_268' title='bbox 1553 4244 1770 4318; x_wconf 88' lang='lat' dir='ltr'>Asaph,</span> 
     </span>
    </p>
   </div>
   <div class='ocr_carea' id='block_1_42' title="bbox 105 4329 1787 4405">
    <p class='ocr_par' dir='ltr' id='par_1_42' title="bbox 105 4329 1787 4405">
     <span class='ocr_line' id='line_1_42' title="bbox 105 4329 1787 4405; baseline -0.002 -13"><span class='ocrx_word' id='word_1_269' title='bbox 105 4342 178 4391; x_wconf 86' lang='lat' dir='ltr'>ut</span> <span class='ocrx_word' id='word_1_270' title='bbox 232 4336 410 4391; x_wconf 89' lang='lat' dir='ltr'>docet</span> <span class='ocrx_word' id='word_1_271' title='bbox 466 4330 691 4398; x_wconf 87' lang='lat' dir='ltr'>titulus,</span> <span class='ocrx_word' id='word_1_272' title='bbox 755 4329 1229 4402; x_wconf 86' lang='lat' dir='ltr'>superscribitur,</span> <span class='ocrx_word' id='word_1_273' title='bbox 1285 4330 1440 4402; x_wconf 92' lang='lat' dir='ltr'>quod</span> <span class='ocrx_word' id='word_1_274' title='bbox 1470 4347 1540 4386; x_wconf 83' lang='lat' dir='ltr'>ex</span> <span class='ocrx_word' id='word_1_275' title='bbox 1585 4348 1787 4405; x_wconf 65' lang='lat' dir='ltr'>graeco.</span> 
     </span>
    </p>
   </div>
   <div class='ocr_carea' id='block_1_43' title="bbox 105 4418 1772 4493">
    <p class='ocr_par' dir='ltr' id='par_1_43' title="bbox 105 4418 1772 4493">
     <span class='ocr_line' id='line_1_43' title="bbox 105 4418 1772 4493; baseline -0.001 -14"><span class='ocrx_word' id='word_1_276' title='bbox 105 4422 413 4479; x_wconf 79' lang='lat' dir='ltr'>Psalterio</span> <span class='ocrx_word' id='word_1_277' title='bbox 444 4419 701 4493; x_wconf 85' lang='lat' dir='ltr'>apertius</span> <span class='ocrx_word' id='word_1_278' title='bbox 731 4418 1157 4486; x_wconf 76' lang='lat' dir='ltr'>manifestatur,</span> <span class='ocrx_word' id='word_1_279' title='bbox 1194 4422 1256 4473; x_wconf 93' lang='lat' dir='ltr'>ut</span> <span class='ocrx_word' id='word_1_280' title='bbox 1286 4419 1552 4475; x_wconf 85' lang='lat' dir='ltr'>videatur</span> <span class='ocrx_word' id='word_1_281' title='bbox 1595 4420 1772 4477; x_wconf 89' lang='lat' dir='ltr'>David</span> 
     </span>
    </p>
   </div>
   <div class='ocr_carea' id='block_1_44' title="bbox 102 4506 1773 4582">
    <p class='ocr_par' dir='ltr' id='par_1_44' title="bbox 102 4506 1773 4582">
     <span class='ocr_line' id='line_1_44' title="bbox 102 4506 1773 4582; baseline -0.001 -14"><span class='ocrx_word' id='word_1_282' title='bbox 102 4512 304 4568; x_wconf 81' lang='lat' dir='ltr'>etiam</span> <span class='ocrx_word' id='word_1_283' title='bbox 347 4509 485 4566; x_wconf 88' lang='lat' dir='ltr'>huic</span> <span class='ocrx_word' id='word_1_284' title='bbox 516 4508 711 4581; x_wconf 91' lang='lat' dir='ltr'>Asaph</span> <span class='ocrx_word' id='word_1_285' title='bbox 742 4506 895 4564; x_wconf 89' lang='lat' dir='ltr'>sicut</span> <span class='ocrx_word' id='word_1_286' title='bbox 923 4510 980 4562; x_wconf 89' lang='lat' dir='ltr'>et</span> <span class='ocrx_word' id='word_1_287' title='bbox 1001 4506 1153 4575; x_wconf 86' lang='lat' dir='ltr'>aliis,</span> <span class='ocrx_word' id='word_1_288' title='bbox 1187 4507 1539 4576; x_wconf 89' lang='lat' dir='ltr'>canendum,</span> <span class='ocrx_word' id='word_1_289' title='bbox 1599 4526 1773 4582; x_wconf 86' lang='lat' dir='ltr'>quem</span> 
     </span>
    </p>
   </div>
   <div class='ocr_carea' id='block_1_45' title="bbox 106 4594 1774 4672">
    <p class='ocr_par' dir='ltr' id='par_1_45' title="bbox 106 4594 1774 4672">
     <span class='ocr_line' id='line_1_45' title="bbox 106 4594 1774 4672; baseline -0.001 -16"><span class='ocrx_word' id='word_1_290' title='bbox 106 4600 449 4672; x_wconf 86' lang='lat' dir='ltr'>scripserat</span> <span class='ocrx_word' id='word_1_291' title='bbox 479 4596 600 4670; x_wconf 89' lang='lat' dir='ltr'>ipse</span> <span class='ocrx_word' id='word_1_292' title='bbox 618 4595 913 4669; x_wconf 87' lang='lat' dir='ltr'>psalmum</span> <span class='ocrx_word' id='word_1_293' title='bbox 927 4594 1176 4651; x_wconf 88' lang='lat' dir='ltr'>dedisse.</span> <span class='ocrx_word' id='word_1_294' title='bbox 1203 4595 1313 4652; x_wconf 89' lang='lat' dir='ltr'>Sed</span> <span class='ocrx_word' id='word_1_295' title='bbox 1333 4596 1469 4668; x_wconf 85' lang='lat' dir='ltr'>quia</span> <span class='ocrx_word' id='word_1_296' title='bbox 1489 4598 1599 4653; x_wconf 90' lang='lat' dir='ltr'>scri</span> <span class='ocrx_word' id='word_1_297' title='bbox 1608 4602 1774 4671; x_wconf 89' lang='lat' dir='ltr'>ptum</span> 
     </span>
    </p>
   </div>
   <div class='ocr_carea' id='block_1_46' title="bbox 186 4762 1777 4841">
    <p class='ocr_par' dir='ltr' id='par_1_46' title="bbox 186 4762 1777 4841">
     <span class='ocr_line' id='line_1_46' title="bbox 186 4762 1777 4841; baseline -0.001 -18"><span class='ocrx_word' id='word_1_298' title='bbox 186 4770 313 4841; x_wconf 83' lang='lat'>(23)</span> <span class='ocrx_word' id='word_1_299' title='bbox 354 4767 505 4841; x_wconf 80' lang='lat' dir='ltr'>Edit.</span> <span class='ocrx_word' id='word_1_300' title='bbox 541 4766 706 4821; x_wconf 86' lang='lat' dir='ltr'>Rom.</span> <span class='ocrx_word' id='word_1_301' title='bbox 731 4765 799 4821; x_wconf 87' lang='lat' dir='ltr'>ad</span> <span class='ocrx_word' id='word_1_302' title='bbox 826 4762 1272 4841; x_wconf 67' lang='lat' dir='ltr'>calceminlibri</span> <span class='ocrx_word' id='word_1_303' title='bbox 1298 4764 1777 4841; x_wconf 65' lang='lat' dir='ltr'>interpell.quem</span> 
     </span>
    </p>
   </div>
   <div class='ocr_carea' id='block_1_47' title="bbox 107 4835 1779 4910">
    <p class='ocr_par' dir='ltr' id='par_1_47' title="bbox 107 4835 1779 4910">
     <span class='ocr_line' id='line_1_47' title="bbox 107 4835 1779 4910; baseline 0.025 -14"><span class='ocrx_word' id='word_1_304' title='bbox 107 4860 147 4897; x_wconf 85' lang='grc' dir='ltr'>ιι</span> <span class='ocrx_word' id='word_1_305' title='bbox 189 4835 609 4910; x_wconf 84' lang='lat' dir='ltr'>nuncupabat,</span> <span class='ocrx_word' id='word_1_306' title='bbox 640 4835 1022 4910; x_wconf 55' lang='lat' dir='ltr'>transtulerat</span> <span class='ocrx_word' id='word_1_307' title='bbox 1052 4835 1159 4889; x_wconf 89' lang='lat' dir='ltr'>has</span> <span class='ocrx_word' id='word_1_308' title='bbox 1184 4852 1375 4910; x_wconf 58' lang='grc' dir='ltr'>Υοβθεν</span> <span class='ocrx_word' id='word_1_309' title='bbox 1410 4835 1678 4910; x_wconf 33' lang='lat' dir='ltr'>Decumi</span> <span class='ocrx_word' id='word_1_310' title='bbox 1702 4846 1779 4892; x_wconf 52' lang='lat' dir='ltr'>est</span> 
     </span>
    </p>
   </div>
   <div class='ocr_carea' id='block_1_48' title="bbox 109 4907 1780 4984">
    <p class='ocr_par' dir='ltr' id='par_1_48' title="bbox 109 4907 1780 4984">
     <span class='ocr_line' id='line_1_48' title="bbox 109 4907 1780 4984; baseline -0.003 -16"><span class='ocrx_word' id='word_1_311' title='bbox 109 4907 508 4984; x_wconf 72' lang='lat' dir='ltr'>interpellatio</span> <span class='ocrx_word' id='word_1_312' title='bbox 561 4911 740 4984; x_wconf 67' lang='lat' dir='ltr'>sancti</span> <span class='ocrx_word' id='word_1_313' title='bbox 794 4908 887 4963; x_wconf 83' lang='lat' dir='ltr'>Job</span> <span class='ocrx_word' id='word_1_314' title='bbox 900 4925 943 4984; x_wconf 90' lang='lat'>_;_</span> <span class='ocrx_word' id='word_1_315' title='bbox 978 4913 1035 4962; x_wconf 86' lang='lat' dir='ltr'>et</span> <span class='ocrx_word' id='word_1_316' title='bbox 1082 4907 1317 4984; x_wconf 83' lang='lat' dir='ltr'>omissis</span> <span class='ocrx_word' id='word_1_317' title='bbox 1358 4977 1371 4984; x_wconf 89' lang='lat'>_</span> <span class='ocrx_word' id='word_1_318' title='bbox 1398 4908 1780 4984; x_wconf 74' lang='lat' dir='ltr'>sequentibus</span> 
     </span>
    </p>
   </div>
   <div class='ocr_carea' id='block_1_49' title="bbox 107 4977 1778 5056">
    <p class='ocr_par' dir='ltr' id='par_1_49' title="bbox 107 4977 1778 5056">
     <span class='ocr_line' id='line_1_49' title="bbox 107 4977 1778 5056; baseline -0.004 -17"><span class='ocrx_word' id='word_1_319' title='bbox 107 4977 316 5056; x_wconf 73' lang='lat' dir='ltr'>usque</span> <span class='ocrx_word' id='word_1_320' title='bbox 349 4981 423 5037; x_wconf 89' lang='lat' dir='ltr'>ad</span> <span class='ocrx_word' id='word_1_321' title='bbox 447 4986 622 5056; x_wconf 59' lang='lat' dir='ltr'>istas.</span> <span class='ocrx_word' id='word_1_322' title='bbox 655 4980 772 5050; x_wconf 82' lang='lat' dir='ltr'>Ipse</span> <span class='ocrx_word' id='word_1_323' title='bbox 813 4978 1050 5056; x_wconf 64' lang='lat' dir='ltr'>quidem,</span> <span class='ocrx_word' id='word_1_324' title='bbox 1105 4982 1290 5056; x_wconf 83' lang='lat' dir='ltr'>totum</span> <span class='ocrx_word' id='word_1_325' title='bbox 1357 4977 1778 5056; x_wconf 61' lang='lat' dir='ltr'>hunc_lib_ruin</span> 
     </span>
    </p>
   </div>
   <div class='ocr_carea' id='block_1_50' title="bbox 107 5048 1780 5127">
    <p class='ocr_par' dir='ltr' id='par_1_50' title="bbox 107 5048 1780 5127">
     <span class='ocr_line' id='line_1_50' title="bbox 107 5048 1780 5127; baseline -0.004 -15"><span class='ocrx_word' id='word_1_326' title='bbox 107 5048 413 5127; x_wconf 78' lang='lat' dir='ltr'>rejécerat</span> <span class='ocrx_word' id='word_1_327' title='bbox 443 5051 596 5127; x_wconf 81' lang='lat' dir='ltr'>inter</span> <span class='ocrx_word' id='word_1_328' title='bbox 624 5048 1022 5127; x_wconf 75' lang='lat' dir='ltr'>enarrationes</span> <span class='ocrx_word' id='word_1_329' title='bbox 1054 5048 1416 5120; x_wconf 82' lang='lat' dir='ltr'>psalmorum</span> <span class='ocrx_word' id='word_1_330' title='bbox 1453 5049 1563 5104; x_wconf 89' lang='lat' dir='ltr'>sub</span> <span class='ocrx_word' id='word_1_331' title='bbox 1612 5049 1780 5106; x_wconf 86' lang='lat' dir='ltr'>titulo</span> 
     </span>
    </p>
   </div>
   <div class='ocr_carea' id='block_1_51' title="bbox 104 5121 1140 5193">
    <p class='ocr_par' dir='ltr' id='par_1_51' title="bbox 104 5121 1140 5193">
     <span class='ocr_line' id='line_1_51' title="bbox 104 5121 1140 5193; baseline -0.011 -8"><span class='ocrx_word' id='word_1_332' title='bbox 104 5121 522 5184; x_wconf 65' lang='lat' dir='ltr'>edarrationis</span> <span class='ocrx_word' id='word_1_333' title='bbox 552 5122 611 5177; x_wconf 89' lang='lat' dir='ltr'>in</span> <span class='ocrx_word' id='word_1_334' title='bbox 644 5121 939 5193; x_wconf 91' lang='lat' dir='ltr'>psalmum</span> <span class='ocrx_word' id='word_1_335' title='bbox 971 5137 1140 5174; x_wconf 80' lang='lat' dir='ltr'>Lxxn.</span> 
     </span>
    </p>
   </div>
   <div class='ocr_carea' id='block_1_52' title="bbox 1809 1118 3533 1200">
    <p class='ocr_par' dir='ltr' id='par_1_52' title="bbox 1809 1118 3533 1200">
     <span class='ocr_line' id='line_1_52' title="bbox 1809 1118 3533 1200; baseline 0.006 -26"><span class='ocrx_word' id='word_1_336' title='bbox 1809 1121 1863 1186; x_wconf 85' lang='grc' dir='ltr'><strong>Α</strong></span> <span class='ocrx_word' id='word_1_337' title='bbox 1894 1122 1982 1174; x_wconf 89' lang='lat' dir='ltr'>est</span> <span class='ocrx_word' id='word_1_338' title='bbox 2010 1118 2065 1173; x_wconf 91' lang='lat' dir='ltr'>in</span> <span class='ocrx_word' id='word_1_339' title='bbox 2098 1118 2225 1190; x_wconf 88' lang='lat' dir='ltr'>ipso</span> <span class='ocrx_word' id='word_1_340' title='bbox 2254 1118 2447 1188; x_wconf 88' lang='lat' dir='ltr'>titulo,</span> <span class='ocrx_word' id='word_1_341' title='bbox 2487 1120 2769 1177; x_wconf 77' lang='lat' dir='ltr'>defecisse</span> <span class='ocrx_word' id='word_1_342' title='bbox 2824 1122 3081 1193; x_wconf 84' lang='lat' dir='ltr'>psalmos</span> <span class='ocrx_word' id='word_1_343' title='bbox 3137 1125 3338 1196; x_wconf 90' lang='lat' dir='ltr'>David,</span> <span class='ocrx_word' id='word_1_344' title='bbox 3388 1145 3533 1200; x_wconf 88' lang='lat' dir='ltr'>quo-</span> 
     </span>
    </p>
   </div>
   <div class='ocr_carea' id='block_1_53' title="bbox 1893 1207 3533 1277">
    <p class='ocr_par' dir='ltr' id='par_1_53' title="bbox 1893 1207 3533 1277">
     <span class='ocr_line' id='line_1_53' title="bbox 1893 1207 3533 1277; baseline 0.011 -18"><span class='ocrx_word' id='word_1_345' title='bbox 1893 1207 2066 1261; x_wconf 89' lang='lat' dir='ltr'>modo</span> <span class='ocrx_word' id='word_1_346' title='bbox 2096 1210 2291 1261; x_wconf 89' lang='lat' dir='ltr'>autem</span> <span class='ocrx_word' id='word_1_347' title='bbox 2326 1207 2684 1276; x_wconf 74' lang='lat' dir='ltr'>defecerunt,</span> <span class='ocrx_word' id='word_1_348' title='bbox 2715 1226 2847 1265; x_wconf 90' lang='lat' dir='ltr'>cum</span> <span class='ocrx_word' id='word_1_349' title='bbox 2884 1211 3145 1269; x_wconf 89' lang='lat' dir='ltr'>decursis</span> <span class='ocrx_word' id='word_1_350' title='bbox 3183 1213 3277 1271; x_wconf 88' lang='lat' dir='ltr'>his</span> <span class='ocrx_word' id='word_1_351' title='bbox 3334 1217 3533 1277; x_wconf 90' lang='lat' dir='ltr'>decem</span> 
     </span>
    </p>
   </div>
   <div class='ocr_carea' id='block_1_54' title="bbox 1890 1295 3534 1378">
    <p class='ocr_par' dir='ltr' id='par_1_54' title="bbox 1890 1295 3534 1378">
     <span class='ocr_line' id='line_1_54' title="bbox 1890 1295 3534 1378; baseline 0.01 -32"><span class='ocrx_word' id='word_1_352' title='bbox 1890 1295 2155 1366; x_wconf 77' lang='lat' dir='ltr'>psalmis,</span> <span class='ocrx_word' id='word_1_353' title='bbox 2188 1301 2390 1367; x_wconf 89' lang='lat' dir='ltr'>postea</span> <span class='ocrx_word' id='word_1_354' title='bbox 2421 1296 2687 1367; x_wconf 87' lang='lat' dir='ltr'>psalmus</span> <span class='ocrx_word' id='word_1_355' title='bbox 2714 1298 2893 1353; x_wconf 87' lang='lat' dir='ltr'>David</span> <span class='ocrx_word' id='word_1_356' title='bbox 2927 1298 3234 1358; x_wconf 87' lang='lat' dir='ltr'>titulorum</span> <span class='ocrx_word' id='word_1_357' title='bbox 3273 1305 3385 1378; x_wconf 84' lang='grc'>(24)</span> <span class='ocrx_word' id='word_1_358' title='bbox 3442 1306 3534 1364; x_wconf 90' lang='lat' dir='ltr'>in-</span> 
     </span>
    </p>
   </div>
   <div class='ocr_carea' id='block_1_55' title="bbox 1890 1384 3532 1459">
    <p class='ocr_par' dir='ltr' id='par_1_55' title="bbox 1890 1384 3532 1459">
     <span class='ocr_line' id='line_1_55' title="bbox 1890 1384 3532 1459; baseline 0.01 -24"><span class='ocrx_word' id='word_1_359' title='bbox 1890 1384 2265 1455; x_wconf 81' lang='lat' dir='ltr'>scriptionem</span> <span class='ocrx_word' id='word_1_360' title='bbox 2298 1384 2756 1456; x_wconf 87' lang='lat' dir='ltr'>comprehendat</span> <span class='ocrx_word' id='word_1_361' title='bbox 2806 1403 2996 1459; x_wconf 88' lang='lat' dir='ltr'>usque</span> <span class='ocrx_word' id='word_1_362' title='bbox 3026 1389 3083 1444; x_wconf 89' lang='lat' dir='ltr'>in</span> <span class='ocrx_word' id='word_1_363' title='bbox 3140 1390 3416 1450; x_wconf 89' lang='lat' dir='ltr'>ultimum</span> <span class='ocrx_word' id='word_1_364' title='bbox 3468 1396 3532 1451; x_wconf 84' lang='lat' dir='ltr'>ti-</span> 
     </span>
    </p>
   </div>
   <div class='ocr_carea' id='block_1_56' title="bbox 1888 1471 3531 1556">
    <p class='ocr_par' dir='ltr' id='par_1_56' title="bbox 1888 1471 3531 1556">
     <span class='ocr_line' id='line_1_56' title="bbox 1888 1471 3531 1556; baseline 0.009 -31"><span class='ocrx_word' id='word_1_365' title='bbox 1888 1487 2017 1526; x_wconf 89' lang='lat' dir='ltr'>nem</span> <span class='ocrx_word' id='word_1_366' title='bbox 2043 1471 2070 1525; x_wconf 89' lang='lat'><strong><em>?</em></strong></span> <span class='ocrx_word' id='word_1_367' title='bbox 2102 1472 2233 1527; x_wconf 91' lang='lat' dir='ltr'>Ideo</span> <span class='ocrx_word' id='word_1_368' title='bbox 2258 1477 2621 1543; x_wconf 88' lang='lat' dir='ltr'>sequestrata</span> <span class='ocrx_word' id='word_1_369' title='bbox 2640 1473 2980 1546; x_wconf 89' lang='lat' dir='ltr'>hujusmodi</span> <span class='ocrx_word' id='word_1_370' title='bbox 3010 1477 3366 1549; x_wconf 82' lang='lat' dir='ltr'>definitione,</span> <span class='ocrx_word' id='word_1_371' title='bbox 3404 1499 3531 1556; x_wconf 64' lang='lat' dir='ltr'>qua</span> 
     </span>
    </p>
   </div>
   <div class='ocr_carea' id='block_1_57' title="bbox 1888 1558 3534 1638">
    <p class='ocr_par' dir='ltr' id='par_1_57' title="bbox 1888 1558 3534 1638">
     <span class='ocr_line' id='line_1_57' title="bbox 1888 1558 3534 1638; baseline 0.01 -25"><span class='ocrx_word' id='word_1_372' title='bbox 1888 1558 1965 1614; x_wconf 89' lang='lat' dir='ltr'>sit</span> <span class='ocrx_word' id='word_1_373' title='bbox 1990 1559 2195 1631; x_wconf 87' lang='lat' dir='ltr'>psalmi</span> <span class='ocrx_word' id='word_1_374' title='bbox 2231 1561 2409 1616; x_wconf 89' lang='lat' dir='ltr'>series</span> <span class='ocrx_word' id='word_1_375' title='bbox 2440 1563 2899 1633; x_wconf 81' lang='lat' dir='ltr'>consideremus,</span> <span class='ocrx_word' id='word_1_376' title='bbox 2959 1569 3012 1620; x_wconf 91' lang='lat' dir='ltr'>et</span> <span class='ocrx_word' id='word_1_377' title='bbox 3045 1582 3078 1620; x_wconf 90' lang='lat' dir='ltr'>a</span> <span class='ocrx_word' id='word_1_378' title='bbox 3133 1566 3322 1638; x_wconf 90' lang='lat' dir='ltr'>primo</span> <span class='ocrx_word' id='word_1_379' title='bbox 3359 1573 3534 1629; x_wconf 88' lang='lat' dir='ltr'>versi-</span> 
     </span>
    </p>
   </div>
   <div class='ocr_carea' id='block_1_58' title="bbox 1887 1648 3532 1724">
    <p class='ocr_par' dir='ltr' id='par_1_58' title="bbox 1887 1648 3532 1724">
     <span class='ocr_line' id='line_1_58' title="bbox 1887 1648 3532 1724; baseline 0.01 -21"><span class='ocrx_word' id='word_1_380' title='bbox 1887 1648 2017 1705; x_wconf 90' lang='lat' dir='ltr'>culo</span> <span class='ocrx_word' id='word_1_381' title='bbox 2075 1648 2560 1721; x_wconf 88' lang='lat' dir='ltr'>interpellationis</span> <span class='ocrx_word' id='word_1_382' title='bbox 2624 1651 2973 1724; x_wconf 71' lang='lat' dir='ltr'>prophetica:</span> <span class='ocrx_word' id='word_1_383' title='bbox 3032 1654 3319 1714; x_wconf 88' lang='lat' dir='ltr'>ducamus</span> <span class='ocrx_word' id='word_1_384' title='bbox 3366 1676 3532 1719; x_wconf 85' lang='lat' dir='ltr'>exor-</span> 
     </span>
    </p>
   </div>
   <div class='ocr_carea' id='block_1_59' title="bbox 1885 1738 2068 1792">
    <p class='ocr_par' dir='ltr' id='par_1_59' title="bbox 1885 1738 2068 1792">
     <span class='ocr_line' id='line_1_59' title="bbox 1885 1738 2068 1792; baseline 0 0"><span class='ocrx_word' id='word_1_385' title='bbox 1885 1738 2068 1792; x_wconf 88' lang='lat' dir='ltr'>dium.</span> 
     </span>
    </p>
   </div>
   <div class='ocr_carea' id='block_1_60' title="bbox 2533 1846 2878 1904">
    <p class='ocr_par' dir='ltr' id='par_1_60' title="bbox 2533 1846 2878 1904">
     <span class='ocr_line' id='line_1_60' title="bbox 2533 1846 2878 1904; baseline 0.006 -3"><span class='ocrx_word' id='word_1_386' title='bbox 2533 1846 2767 1903; x_wconf 87' lang='lat' dir='ltr'>CAPUT</span> <span class='ocrx_word' id='word_1_387' title='bbox 2808 1847 2878 1904; x_wconf 92' lang='lat' dir='ltr'>ll.</span> 
     </span>
    </p>
   </div>
   <div class='ocr_carea' id='block_1_61' title="bbox 1886 1933 3527 2004">
    <p class='ocr_par' dir='ltr' id='par_1_61' title="bbox 1886 1933 3527 2004">
     <span class='ocr_line' id='line_1_61' title="bbox 1886 1933 3527 2004; baseline 0.01 -18"><span class='ocrx_word' id='word_1_388' title='bbox 1886 1933 1968 1986; x_wconf 72' lang='lat' dir='ltr'>Ex</span> <span class='ocrx_word' id='word_1_389' title='bbox 2008 1934 2123 2004; x_wconf 79' lang='lat' dir='ltr'>ipso</span> <span class='ocrx_word' id='word_1_390' title='bbox 2175 1935 2381 2004; x_wconf 75' lang='lat' dir='ltr'>psalmi</span> <span class='ocrx_word' id='word_1_391' title='bbox 2435 1935 2657 1990; x_wconf 69' lang='lat' dir='ltr'>exordio</span> <span class='ocrx_word' id='word_1_392' title='bbox 2715 1939 3105 1995; x_wconf 81' lang='lat' dir='ltr'>correctionem</span> <span class='ocrx_word' id='word_1_393' title='bbox 3159 1941 3380 1999; x_wconf 80' lang='lat' dir='ltr'>Davidis</span> <span class='ocrx_word' id='word_1_394' title='bbox 3435 1945 3527 2003; x_wconf 86' lang='lat' dir='ltr'>de—</span> 
     </span>
    </p>
   </div>
   <div class='ocr_carea' id='block_1_62' title="bbox 1953 2004 3527 2083">
    <p class='ocr_par' dir='ltr' id='par_1_62' title="bbox 1953 2004 3527 2083">
     <span class='ocr_line' id='line_1_62' title="bbox 1953 2004 3527 2083; baseline 0.011 -26"><span class='ocrx_word' id='word_1_395' title='bbox 1953 2004 2244 2083; x_wconf 61' lang='lat' dir='ltr'>prehendi:</span> <span class='ocrx_word' id='word_1_396' title='bbox 2306 2007 2474 2060; x_wconf 81' lang='lat' dir='ltr'>Deum</span> <span class='ocrx_word' id='word_1_397' title='bbox 2516 2008 2686 2083; x_wconf 75' lang='lat' dir='ltr'>justis</span> <span class='ocrx_word' id='word_1_398' title='bbox 2741 2024 2947 2083; x_wconf 79' lang='lat' dir='ltr'>semper</span> <span class='ocrx_word' id='word_1_399' title='bbox 3022 2010 3223 2066; x_wconf 78' lang='lat' dir='ltr'>bonum</span> <span class='ocrx_word' id='word_1_400' title='bbox 3275 2030 3405 2083; x_wconf 76' lang='lat' dir='ltr'>esse,</span> <span class='ocrx_word' id='word_1_401' title='bbox 3465 2034 3527 2075; x_wconf 91' lang='lat' dir='ltr'>eo</span> 
     </span>
    </p>
   </div>
   <div class='ocr_carea' id='block_1_63' title="bbox 1955 2075 3530 2150">
    <p class='ocr_par' dir='ltr' id='par_1_63' title="bbox 1955 2075 3530 2150">
     <span class='ocr_line' id='line_1_63' title="bbox 1955 2075 3530 2150; baseline 0.011 -22"><span class='ocrx_word' id='word_1_402' title='bbox 1955 2075 2095 2150; x_wconf 80' lang='lat' dir='ltr'>quod</span> <span class='ocrx_word' id='word_1_403' title='bbox 2147 2077 2195 2129; x_wconf 82' lang='lat' dir='ltr'>si</span> <span class='ocrx_word' id='word_1_404' title='bbox 2250 2075 2525 2131; x_wconf 72' lang='lat' dir='ltr'>vexentur</span> <span class='ocrx_word' id='word_1_405' title='bbox 2556 2078 2818 2146; x_wconf 71' lang='lat' dir='ltr'>adversis,</span> <span class='ocrx_word' id='word_1_406' title='bbox 2848 2075 3084 2150; x_wconf 47' lang='lat' dir='ltr'>&quot;futurw</span> <span class='ocrx_word' id='word_1_407' title='bbox 3134 2075 3530 2145; x_wconf 78' lang='lat' dir='ltr'>remuneratio-</span> 
     </span>
    </p>
   </div>
   <div class='ocr_carea' id='block_1_64' title="bbox 1958 2149 3523 2224">
    <p class='ocr_par' dir='ltr' id='par_1_64' title="bbox 1958 2149 3523 2224">
     <span class='ocr_line' id='line_1_64' title="bbox 1958 2149 3523 2224; baseline 0.011 -25"><span class='ocrx_word' id='word_1_408' title='bbox 1958 2149 2161 2224; x_wconf 79' lang='lat' dir='ltr'>nis__.spe</span> <span class='ocrx_word' id='word_1_409' title='bbox 2188 2218 2197 2224; x_wconf 88' lang='lat'>_</span> <span class='ocrx_word' id='word_1_410' title='bbox 2224 2157 2558 2224; x_wconf 75' lang='lat' dir='ltr'>recreantur,</span> <span class='ocrx_word' id='word_1_411' title='bbox 2593 2154 2729 2224; x_wconf 26' lang='lat' dir='ltr'>etAse</span> <span class='ocrx_word' id='word_1_412' title='bbox 2772 2165 2985 2222; x_wconf 74' lang='lat' dir='ltr'>semper</span> <span class='ocrx_word' id='word_1_413' title='bbox 3022 2157 3259 2224; x_wconf 73' lang='lat' dir='ltr'>peccatis</span> <span class='ocrx_word' id='word_1_414' title='bbox 3302 2160 3523 2215; x_wconf 86' lang='lat' dir='ltr'>minora</span> 
     </span>
    </p>
   </div>
   <div class='ocr_carea' id='block_1_65' title="bbox 1955 2218 3526 2301">
    <p class='ocr_par' dir='ltr' id='par_1_65' title="bbox 1955 2218 3526 2301">
     <span class='ocr_line' id='line_1_65' title="bbox 1955 2218 3526 2301; baseline 0.011 -31"><span class='ocrx_word' id='word_1_415' title='bbox 1955 2219 2081 2301; x_wconf 75' lang='lat' dir='ltr'>pati</span> <span class='ocrx_word' id='word_1_416' title='bbox 2103 2218 2577 2301; x_wconf 32' lang='lat' dir='ltr'>existimonthnec</span> <span class='ocrx_word' id='word_1_417' title='bbox 2604 2221 2737 2301; x_wconf 80' lang='lat' dir='ltr'>ullis</span> <span class='ocrx_word' id='word_1_418' title='bbox 2764 2218 2939 2292; x_wconf 74' lang='lat' dir='ltr'>pamis</span> <span class='ocrx_word' id='word_1_419' title='bbox 2984 2218 3093 2301; x_wconf 68' lang='lat' dir='ltr'>_8tt(t</span> <span class='ocrx_word' id='word_1_420' title='bbox 3130 2226 3360 2301; x_wconf 68' lang='lat' dir='ltr'>spoliari</span> <span class='ocrx_word' id='word_1_421' title='bbox 3399 2246 3526 2301; x_wconf 82' lang='lat' dir='ltr'>pos-</span> 
     </span>
    </p>
   </div>
   <div class='ocr_carea' id='block_1_66' title="bbox 1954 2291 3527 2368">
    <p class='ocr_par' dir='ltr' id='par_1_66' title="bbox 1954 2291 3527 2368">
     <span class='ocr_line' id='line_1_66' title="bbox 1954 2291 3527 2368; baseline 0.011 -27"><span class='ocrx_word' id='word_1_422' title='bbox 1954 2292 2083 2368; x_wconf 43' lang='lat' dir='ltr'>sunt</span> <span class='ocrx_word' id='word_1_423' title='bbox 2112 2291 2417 2368; x_wconf 74' lang='lat' dir='ltr'>sapientia:</span> <span class='ocrx_word' id='word_1_424' title='bbox 2453 2291 2649 2368; x_wconf 65' lang='lat' dir='ltr'>bonum</span> <span class='ocrx_word' id='word_1_425' title='bbox 2680 2291 2864 2368; x_wconf 83' lang='lat' dir='ltr'>tamen</span> <span class='ocrx_word' id='word_1_426' title='bbox 2918 2295 3082 2349; x_wconf 87' lang='lat' dir='ltr'>etiam</span> <span class='ocrx_word' id='word_1_427' title='bbox 3116 2291 3527 2368; x_wconf 60' lang='lat' dir='ltr'>improbisesse</span> 
     </span>
    </p>
   </div>
   <div class='ocr_carea' id='block_1_67' title="bbox 1956 2359 3523 2434">
    <p class='ocr_par' dir='ltr' id='par_1_67' title="bbox 1956 2359 3523 2434">
     <span class='ocr_line' id='line_1_67' title="bbox 1956 2359 3523 2434; baseline 0.011 -22"><span class='ocrx_word' id='word_1_428' title='bbox 1956 2360 2146 2434; x_wconf 83' lang='lat' dir='ltr'>Deum,</span> <span class='ocrx_word' id='word_1_429' title='bbox 2179 2359 2270 2413; x_wconf 68' lang='lat' dir='ltr'>sed</span> <span class='ocrx_word' id='word_1_430' title='bbox 2310 2376 2396 2415; x_wconf 82' lang='lat' dir='ltr'>eos</span> <span class='ocrx_word' id='word_1_431' title='bbox 2442 2362 2591 2417; x_wconf 83' lang='lat' dir='ltr'>nolle</span> <span class='ocrx_word' id='word_1_432' title='bbox 2638 2367 2893 2434; x_wconf 80' lang='lat' dir='ltr'>paratam</span> <span class='ocrx_word' id='word_1_433' title='bbox 2947 2359 3213 2423; x_wconf 52' lang='lat' dir='ltr'>manibus</span> <span class='ocrx_word' id='word_1_434' title='bbox 3245 2370 3399 2425; x_wconf 82' lang='lat' dir='ltr'>illius</span> <span class='ocrx_word' id='word_1_435' title='bbox 3432 2373 3523 2430; x_wconf 87' lang='lat' dir='ltr'>bo-</span> 
     </span>
    </p>
   </div>
   <div class='ocr_carea' id='block_1_68' title="bbox 1954 2432 2481 2502">
    <p class='ocr_par' dir='ltr' id='par_1_68' title="bbox 1954 2432 2481 2502">
     <span class='ocr_line' id='line_1_68' title="bbox 1954 2432 2481 2502; baseline 0.008 -19"><span class='ocrx_word' id='word_1_436' title='bbox 1954 2432 2186 2486; x_wconf 78' lang='lat' dir='ltr'>nitatem</span> <span class='ocrx_word' id='word_1_437' title='bbox 2219 2434 2481 2502; x_wconf 74' lang='lat' dir='ltr'>experiri.</span> 
     </span>
    </p>
   </div>
   <div class='ocr_carea' id='block_1_69' title="bbox 1952 2554 3524 2634">
    <p class='ocr_par' dir='ltr' id='par_1_69' title="bbox 1952 2554 3524 2634">
     <span class='ocr_line' id='line_1_69' title="bbox 1952 2554 3524 2634; baseline 0.01 -28"><span class='ocrx_word' id='word_1_438' title='bbox 1952 2554 2003 2607; x_wconf 92' lang='lat'>3.</span> <span class='ocrx_word' id='word_1_439' title='bbox 2040 2576 2065 2602; x_wconf 89' lang='grc'><strong>‹‹</strong></span> <span class='ocrx_word' id='word_1_440' title='bbox 2101 2555 2284 2619; x_wconf 89' lang='lat' dir='ltr'>Quam</span> <span class='ocrx_word' id='word_1_441' title='bbox 2318 2555 2505 2610; x_wconf 81' lang='lat' dir='ltr'>bonus</span> <span class='ocrx_word' id='word_1_442' title='bbox 2538 2556 2691 2611; x_wconf 91' lang='lat' dir='ltr'>Deus</span> <span class='ocrx_word' id='word_1_443' title='bbox 2722 2557 2896 2613; x_wconf 89' lang='lat' dir='ltr'>Israel</span> <span class='ocrx_word' id='word_1_444' title='bbox 2928 2560 3101 2616; x_wconf 89' lang='lat' dir='ltr'>rectis</span> <span class='ocrx_word' id='word_1_445' title='bbox 3131 2563 3303 2618; x_wconf 91' lang='lat' dir='ltr'>corde</span> <span class='ocrx_word' id='word_1_446' title='bbox 3351 2566 3524 2634; x_wconf 80' lang='lat' dir='ltr'>(Psal.</span> 
     </span>
    </p>
   </div>
   <div class='ocr_carea' id='block_1_70' title="bbox 1880 2639 3525 2726">
    <p class='ocr_par' dir='ltr' id='par_1_70' title="bbox 1880 2639 3525 2726">
     <span class='ocr_line' id='line_1_70' title="bbox 1880 2639 3525 2726; baseline 0.01 -32"><span class='ocrx_word' id='word_1_447' title='bbox 1880 2657 2048 2707; x_wconf 67' lang='lat' dir='ltr'>cxxu,</span> <span class='ocrx_word' id='word_1_448' title='bbox 2084 2639 2165 2710; x_wconf 79' lang='lat' dir='ltr'>t)!</span> <span class='ocrx_word' id='word_1_449' title='bbox 2202 2664 2229 2691; x_wconf 82' lang='grc'>››</span> <span class='ocrx_word' id='word_1_450' title='bbox 2261 2641 2456 2699; x_wconf 89' lang='lat' dir='ltr'>Elucet</span> <span class='ocrx_word' id='word_1_451' title='bbox 2488 2644 2546 2698; x_wconf 87' lang='lat' dir='ltr'>in</span> <span class='ocrx_word' id='word_1_452' title='bbox 2581 2644 2864 2717; x_wconf 86' lang='lat' dir='ltr'>principio</span> <span class='ocrx_word' id='word_1_453' title='bbox 2921 2648 3347 2708; x_wconf 86' lang='lat' dir='ltr'>emendationis</span> <span class='ocrx_word' id='word_1_454' title='bbox 3391 2670 3525 2726; x_wconf 90' lang='lat' dir='ltr'>pro-</span> 
     </span>
    </p>
   </div>
   <div class='ocr_carea' id='block_1_71' title="bbox 1882 2730 3519 2812">
    <p class='ocr_par' dir='ltr' id='par_1_71' title="bbox 1882 2730 3519 2812">
     <span class='ocr_line' id='line_1_71' title="bbox 1882 2730 3519 2812; baseline 0.009 -29"><span class='ocrx_word' id='word_1_455' title='bbox 1882 2730 2087 2784; x_wconf 80' lang='lat' dir='ltr'>fectus.</span> <span class='ocrx_word' id='word_1_456' title='bbox 2121 2730 2300 2785; x_wconf 89' lang='lat' dir='ltr'>Nemo</span> <span class='ocrx_word' id='word_1_457' title='bbox 2331 2731 2487 2787; x_wconf 90' lang='lat' dir='ltr'>enim</span> <span class='ocrx_word' id='word_1_458' title='bbox 2522 2736 2712 2804; x_wconf 82' lang='lat' dir='ltr'>potest</span> <span class='ocrx_word' id='word_1_459' title='bbox 2737 2733 2921 2789; x_wconf 90' lang='lat' dir='ltr'>Deum</span> <span class='ocrx_word' id='word_1_460' title='bbox 2936 2735 3154 2793; x_wconf 91' lang='lat' dir='ltr'>bonum</span> <span class='ocrx_word' id='word_1_461' title='bbox 3176 2754 3307 2795; x_wconf 88' lang='lat' dir='ltr'>vere</span> <span class='ocrx_word' id='word_1_462' title='bbox 3330 2740 3519 2812; x_wconf 85' lang='lat' dir='ltr'>fateri,</span> 
     </span>
    </p>
   </div>
   <div class='ocr_carea' id='block_1_72' title="bbox 1879 2818 3522 2890">
    <p class='ocr_par' dir='ltr' id='par_1_72' title="bbox 1879 2818 3522 2890">
     <span class='ocr_line' id='line_1_72' title="bbox 1879 2818 3522 2890; baseline 0.009 -18"><span class='ocrx_word' id='word_1_463' title='bbox 1879 2818 1991 2873; x_wconf 89' lang='lat' dir='ltr'>nisi</span> <span class='ocrx_word' id='word_1_464' title='bbox 2027 2818 2119 2873; x_wconf 89' lang='lat' dir='ltr'>hic</span> <span class='ocrx_word' id='word_1_465' title='bbox 2152 2818 2249 2890; x_wconf 88' lang='lat' dir='ltr'>qui</span> <span class='ocrx_word' id='word_1_466' title='bbox 2285 2836 2396 2875; x_wconf 91' lang='lat' dir='ltr'>non</span> <span class='ocrx_word' id='word_1_467' title='bbox 2430 2837 2497 2876; x_wconf 84' lang='lat' dir='ltr'>ex</span> <span class='ocrx_word' id='word_1_468' title='bbox 2518 2822 2891 2878; x_wconf 89' lang='lat' dir='ltr'>successibus</span> <span class='ocrx_word' id='word_1_469' title='bbox 2912 2826 3355 2885; x_wconf 90' lang='lat' dir='ltr'>commodorum</span> <span class='ocrx_word' id='word_1_470' title='bbox 3390 2848 3522 2888; x_wconf 90' lang='lat' dir='ltr'>suo-</span> 
     </span>
    </p>
   </div>
   <div class='ocr_carea' id='block_1_73' title="bbox 1878 2907 3523 2988">
    <p class='ocr_par' dir='ltr' id='par_1_73' title="bbox 1878 2907 3523 2988">
     <span class='ocr_line' id='line_1_73' title="bbox 1878 2907 3523 2988; baseline 0.01 -27"><span class='ocrx_word' id='word_1_471' title='bbox 1878 2923 2032 2974; x_wconf 87' lang='lat' dir='ltr'>rum,</span> <span class='ocrx_word' id='word_1_472' title='bbox 2076 2907 2176 2962; x_wconf 87' lang='lat' dir='ltr'>sed</span> <span class='ocrx_word' id='word_1_473' title='bbox 2209 2924 2275 2962; x_wconf 82' lang='lat' dir='ltr'>ex</span> <span class='ocrx_word' id='word_1_474' title='bbox 2306 2908 2631 2965; x_wconf 77' lang='lat' dir='ltr'>cmlestium</span> <span class='ocrx_word' id='word_1_475' title='bbox 2663 2911 3073 2984; x_wconf 85' lang='lat' dir='ltr'>mysteriorum</span> <span class='ocrx_word' id='word_1_476' title='bbox 3107 2916 3417 2988; x_wconf 83' lang='lat' dir='ltr'>profundo,</span> <span class='ocrx_word' id='word_1_477' title='bbox 3465 2925 3523 2976; x_wconf 85' lang='lat' dir='ltr'>et</span> 
     </span>
    </p>
   </div>
   <div class='ocr_carea' id='block_1_74' title="bbox 1877 2996 3519 3081">
    <p class='ocr_par' dir='ltr' id='par_1_74' title="bbox 1877 2996 3519 3081">
     <span class='ocr_line' id='line_1_74' title="bbox 1877 2996 3519 3081; baseline 0.009 -30"><span class='ocrx_word' id='word_1_478' title='bbox 1877 2997 2080 3051; x_wconf 63' lang='lat' dir='ltr'>divina:</span> <span class='ocrx_word' id='word_1_479' title='bbox 2104 2996 2506 3069; x_wconf 87' lang='lat' dir='ltr'>dispositionis</span> <span class='ocrx_word' id='word_1_480' title='bbox 2528 2998 2834 3057; x_wconf 90' lang='lat' dir='ltr'>altitudine</span> <span class='ocrx_word' id='word_1_481' title='bbox 2856 3001 3179 3059; x_wconf 86' lang='lat' dir='ltr'>bonitatem</span> <span class='ocrx_word' id='word_1_482' title='bbox 3201 3006 3329 3076; x_wconf 90' lang='lat' dir='ltr'>ejus</span> <span class='ocrx_word' id='word_1_483' title='bbox 3342 3024 3519 3081; x_wconf 84' lang='lat' dir='ltr'>agno-</span> 
     </span>
    </p>
   </div>
   <div class='ocr_carea' id='block_1_75' title="bbox 1876 3081 3517 3159">
    <p class='ocr_par' dir='ltr' id='par_1_75' title="bbox 1876 3081 3517 3159">
     <span class='ocr_line' id='line_1_75' title="bbox 1876 3081 3517 3159; baseline 0.007 -17"><span class='ocrx_word' id='word_1_484' title='bbox 1876 3086 2014 3142; x_wconf 88' lang='lat' dir='ltr'>scit:</span> <span class='ocrx_word' id='word_1_485' title='bbox 2049 3081 2186 3156; x_wconf 70' lang='lat' dir='ltr'>quae&#39;</span> <span class='ocrx_word' id='word_1_486' title='bbox 2208 3103 2321 3141; x_wconf 92' lang='lat' dir='ltr'>non</span> <span class='ocrx_word' id='word_1_487' title='bbox 2353 3087 2542 3159; x_wconf 90' lang='lat' dir='ltr'>specie</span> <span class='ocrx_word' id='word_1_488' title='bbox 2576 3089 2973 3159; x_wconf 67' lang='lat' dir='ltr'>praesentium,</span> <span class='ocrx_word' id='word_1_489' title='bbox 3034 3092 3135 3146; x_wconf 90' lang='lat' dir='ltr'>sed</span> <span class='ocrx_word' id='word_1_490' title='bbox 3182 3093 3517 3152; x_wconf 88' lang='lat' dir='ltr'>futurorum</span> 
     </span>
    </p>
   </div>
   <div class='ocr_carea' id='block_1_76' title="bbox 1877 3173 3520 3254">
    <p class='ocr_par' dir='ltr' id='par_1_76' title="bbox 1877 3173 3520 3254">
     <span class='ocr_line' id='line_1_76' title="bbox 1877 3173 3520 3254; baseline 0.007 -24"><span class='ocrx_word' id='word_1_491' title='bbox 1877 3173 2125 3233; x_wconf 85' lang='lat' dir='ltr'>utilitate</span> <span class='ocrx_word' id='word_1_492' title='bbox 2156 3176 2455 3247; x_wconf 89' lang='lat' dir='ltr'>pensanda</span> <span class='ocrx_word' id='word_1_493' title='bbox 2501 3180 2607 3231; x_wconf 87' lang='lat' dir='ltr'>est.</span> <span class='ocrx_word' id='word_1_494' title='bbox 2667 3176 2837 3232; x_wconf 84' lang='lat' dir='ltr'>Justo</span> <span class='ocrx_word' id='word_1_495' title='bbox 2894 3178 3092 3249; x_wconf 89' lang='lat' dir='ltr'>itaque</span> <span class='ocrx_word' id='word_1_496' title='bbox 3140 3196 3373 3254; x_wconf 88' lang='lat' dir='ltr'>semper</span> <span class='ocrx_word' id='word_1_497' title='bbox 3415 3184 3520 3242; x_wconf 90' lang='lat' dir='ltr'>bo-</span> 
     </span>
    </p>
   </div>
   <div class='ocr_carea' id='block_1_77' title="bbox 1876 3266 3513 3345">
    <p class='ocr_par' dir='ltr' id='par_1_77' title="bbox 1876 3266 3513 3345">
     <span class='ocr_line' id='line_1_77' title="bbox 1876 3266 3513 3345; baseline 0.002 -21"><span class='ocrx_word' id='word_1_498' title='bbox 1876 3286 1989 3326; x_wconf 89' lang='lat' dir='ltr'>nus</span> <span class='ocrx_word' id='word_1_499' title='bbox 2017 3273 2107 3325; x_wconf 89' lang='lat' dir='ltr'>est</span> <span class='ocrx_word' id='word_1_500' title='bbox 2144 3269 2334 3325; x_wconf 90' lang='lat' dir='ltr'>Deus:</span> <span class='ocrx_word' id='word_1_501' title='bbox 2370 3270 2425 3320; x_wconf 88' lang='lat' dir='ltr'>et</span> <span class='ocrx_word' id='word_1_502' title='bbox 2455 3282 2588 3319; x_wconf 91' lang='lat' dir='ltr'>cum</span> <span class='ocrx_word' id='word_1_503' title='bbox 2623 3269 2925 3336; x_wconf 85' lang='lat' dir='ltr'>torquetur</span> <span class='ocrx_word' id='word_1_504' title='bbox 2952 3266 3251 3323; x_wconf 89' lang='lat' dir='ltr'>doloribus</span> <span class='ocrx_word' id='word_1_505' title='bbox 3311 3287 3513 3345; x_wconf 93' lang='lat' dir='ltr'>corpo-</span> 
     </span>
    </p>
   </div>
   <div class='ocr_carea' id='block_1_78' title="bbox 1876 3353 3513 3437">
    <p class='ocr_par' dir='ltr' id='par_1_78' title="bbox 1876 3353 3513 3437">
     <span class='ocr_line' id='line_1_78' title="bbox 1876 3353 3513 3437; baseline 0.003 -25"><span class='ocrx_word' id='word_1_506' title='bbox 1876 3358 1978 3423; x_wconf 89' lang='lat' dir='ltr'>ris,</span> <span class='ocrx_word' id='word_1_507' title='bbox 2000 3362 2209 3414; x_wconf 87' lang='lat' dir='ltr'>etcum</span> <span class='ocrx_word' id='word_1_508' title='bbox 2245 3353 2526 3437; x_wconf 60' lang='lat' dir='ltr'>afﬂigitug</span> <span class='ocrx_word' id='word_1_509' title='bbox 2557 3353 2869 3409; x_wconf 84' lang='lat' dir='ltr'>acerbitate</span> <span class='ocrx_word' id='word_1_510' title='bbox 2892 3370 3218 3425; x_wconf 84' lang='lat' dir='ltr'>poenarum,</span> <span class='ocrx_word' id='word_1_511' title='bbox 3280 3374 3513 3432; x_wconf 89' lang='lat' dir='ltr'>semper</span> 
     </span>
    </p>
   </div>
   <div class='ocr_carea' id='block_1_79' title="bbox 1877 3442 3515 3513">
    <p class='ocr_par' dir='ltr' id='par_1_79' title="bbox 1877 3442 3515 3513">
     <span class='ocr_line' id='line_1_79' title="bbox 1877 3442 3515 3513; baseline 0.003 -12"><span class='ocrx_word' id='word_1_512' title='bbox 1877 3447 2051 3502; x_wconf 83' lang='lat' dir='ltr'>dicit:</span> <span class='ocrx_word' id='word_1_513' title='bbox 2124 3470 2149 3495; x_wconf 86' lang='grc'>‹‹</span> <span class='ocrx_word' id='word_1_514' title='bbox 2217 3445 2275 3501; x_wconf 88' lang='lat' dir='ltr'>Si</span> <span class='ocrx_word' id='word_1_515' title='bbox 2344 3444 2496 3499; x_wconf 86' lang='lat' dir='ltr'>bona</span> <span class='ocrx_word' id='word_1_516' title='bbox 2579 3442 2899 3513; x_wconf 88' lang='lat' dir='ltr'>accipimus</span> <span class='ocrx_word' id='word_1_517' title='bbox 2984 3444 3054 3499; x_wconf 92' lang='lat' dir='ltr'>de</span> <span class='ocrx_word' id='word_1_518' title='bbox 3140 3462 3321 3504; x_wconf 87' lang='lat' dir='ltr'>manu</span> <span class='ocrx_word' id='word_1_519' title='bbox 3398 3451 3515 3506; x_wconf 89' lang='lat' dir='ltr'>Do-</span> 
     </span>
    </p>
   </div>
   <div class='ocr_carea' id='block_1_80' title="bbox 1879 3532 3518 3611">
    <p class='ocr_par' dir='ltr' id='par_1_80' title="bbox 1879 3532 3518 3611">
     <span class='ocr_line' id='line_1_80' title="bbox 1879 3532 3518 3611; baseline 0.004 -21"><span class='ocrx_word' id='word_1_520' title='bbox 1879 3535 2044 3604; x_wconf 90' lang='lat' dir='ltr'>mini,</span> <span class='ocrx_word' id='word_1_521' title='bbox 2079 3553 2205 3608; x_wconf 68' lang='lat' dir='ltr'>quae</span> <span class='ocrx_word' id='word_1_522' title='bbox 2240 3532 2393 3589; x_wconf 87' lang='lat' dir='ltr'>mala</span> <span class='ocrx_word' id='word_1_523' title='bbox 2422 3536 2562 3587; x_wconf 87' lang='lat' dir='ltr'>sunt</span> <span class='ocrx_word' id='word_1_524' title='bbox 2619 3548 2722 3585; x_wconf 90' lang='lat' dir='ltr'>cur</span> <span class='ocrx_word' id='word_1_525' title='bbox 2770 3549 2884 3587; x_wconf 91' lang='lat' dir='ltr'>non</span> <span class='ocrx_word' id='word_1_526' title='bbox 2945 3533 3344 3593; x_wconf 89' lang='lat' dir='ltr'>sustineamus</span> <span class='ocrx_word' id='word_1_527' title='bbox 3403 3539 3518 3611; x_wconf 83' lang='lat' dir='ltr'>(Job</span> 
     </span>
    </p>
   </div>
   <div class='ocr_carea' id='block_1_81' title="bbox 1880 3619 3517 3695">
    <p class='ocr_par' dir='ltr' id='par_1_81' title="bbox 1880 3619 3517 3695">
     <span class='ocr_line' id='line_1_81' title="bbox 1880 3619 3517 3695; baseline 0.004 -17"><span class='ocrx_word' id='word_1_528' title='bbox 1880 3641 1941 3691; x_wconf 80' lang='grc' dir='ltr'>ιι,</span> <span class='ocrx_word' id='word_1_529' title='bbox 1980 3624 2106 3695; x_wconf 79' lang='lat'>10)?</span> <span class='ocrx_word' id='word_1_530' title='bbox 2136 3645 2162 3673; x_wconf 83' lang='lat'>»</span> <span class='ocrx_word' id='word_1_531' title='bbox 2198 3619 2535 3679; x_wconf 89' lang='lat' dir='ltr'>Gratulatur</span> <span class='ocrx_word' id='word_1_532' title='bbox 2564 3619 2659 3675; x_wconf 87' lang='lat' dir='ltr'>hic</span> <span class='ocrx_word' id='word_1_533' title='bbox 2690 3636 2751 3675; x_wconf 90' lang='lat' dir='ltr'>se</span> <span class='ocrx_word' id='word_1_534' title='bbox 2781 3621 3021 3689; x_wconf 88' lang='lat' dir='ltr'>conteri,</span> <span class='ocrx_word' id='word_1_535' title='bbox 3053 3627 3118 3678; x_wconf 91' lang='lat' dir='ltr'>ut</span> <span class='ocrx_word' id='word_1_536' title='bbox 3148 3624 3207 3679; x_wconf 91' lang='lat' dir='ltr'>in</span> <span class='ocrx_word' id='word_1_537' title='bbox 3256 3625 3517 3684; x_wconf 87' lang='lat' dir='ltr'>futurum</span> 
     </span>
    </p>
   </div>
   <div class='ocr_carea' id='block_1_82' title="bbox 1880 3709 3521 3789">
    <p class='ocr_par' dir='ltr' id='par_1_82' title="bbox 1880 3709 3521 3789">
     <span class='ocr_line' id='line_1_82' title="bbox 1880 3709 3521 3789; baseline 0.005 -23"><span class='ocrx_word' id='word_1_538' title='bbox 1880 3712 2338 3768; x_wconf 86' lang='lat' dir='ltr'>consolationem</span> <span class='ocrx_word' id='word_1_539' title='bbox 2371 3709 2633 3764; x_wconf 89' lang='lat' dir='ltr'>invenire</span> <span class='ocrx_word' id='word_1_540' title='bbox 2662 3709 2874 3780; x_wconf 87' lang='lat' dir='ltr'>possit;</span> <span class='ocrx_word' id='word_1_541' title='bbox 2907 3710 3099 3767; x_wconf 89' lang='lat' dir='ltr'>sciens</span> <span class='ocrx_word' id='word_1_542' title='bbox 3120 3714 3397 3785; x_wconf 89' lang='lat' dir='ltr'>quoniam</span> <span class='ocrx_word' id='word_1_543' title='bbox 3420 3716 3521 3789; x_wconf 89' lang='lat' dir='ltr'>qui</span> 
     </span>
    </p>
   </div>
   <div class='ocr_carea' id='block_1_83' title="bbox 1878 3797 3521 3876">
    <p class='ocr_par' dir='ltr' id='par_1_83' title="bbox 1878 3797 3521 3876">
     <span class='ocr_line' id='line_1_83' title="bbox 1878 3797 3521 3876; baseline 0.003 -18"><span class='ocrx_word' id='word_1_544' title='bbox 1878 3803 2034 3858; x_wconf 88' lang='lat' dir='ltr'>bona</span> <span class='ocrx_word' id='word_1_545' title='bbox 2055 3799 2335 3872; x_wconf 87' lang='lat' dir='ltr'>receperit</span> <span class='ocrx_word' id='word_1_546' title='bbox 2366 3799 2423 3853; x_wconf 90' lang='lat' dir='ltr'>in</span> <span class='ocrx_word' id='word_1_547' title='bbox 2455 3797 2564 3853; x_wconf 91' lang='lat' dir='ltr'>hac</span> <span class='ocrx_word' id='word_1_548' title='bbox 2595 3797 2730 3860; x_wconf 89' lang='lat' dir='ltr'>vita,</span> <span class='ocrx_word' id='word_1_549' title='bbox 2764 3797 2939 3854; x_wconf 89' lang='lat' dir='ltr'>habet</span> <span class='ocrx_word' id='word_1_550' title='bbox 2958 3802 3286 3859; x_wconf 85' lang='lat' dir='ltr'>mercedem</span> <span class='ocrx_word' id='word_1_551' title='bbox 3319 3821 3521 3876; x_wconf 88' lang='lat' dir='ltr'>suam;</span> 
     </span>
    </p>
   </div>
   <div class='ocr_carea' id='block_1_84' title="bbox 1878 3887 3520 3963">
    <p class='ocr_par' dir='ltr' id='par_1_84' title="bbox 1878 3887 3520 3963">
     <span class='ocr_line' id='line_1_84' title="bbox 1878 3887 3520 3963; baseline 0.002 -17"><span class='ocrx_word' id='word_1_552' title='bbox 1878 3891 2077 3946; x_wconf 88' lang='lat' dir='ltr'>futura</span> <span class='ocrx_word' id='word_1_553' title='bbox 2105 3887 2341 3962; x_wconf 70' lang='lat' dir='ltr'>praemia</span> <span class='ocrx_word' id='word_1_554' title='bbox 2370 3903 2603 3959; x_wconf 89' lang='lat' dir='ltr'>sperare</span> <span class='ocrx_word' id='word_1_555' title='bbox 2634 3887 2789 3943; x_wconf 73' lang='lat'><strong>668</strong></span> <span class='ocrx_word' id='word_1_556' title='bbox 2820 3904 2934 3944; x_wconf 91' lang='lat' dir='ltr'>non</span> <span class='ocrx_word' id='word_1_557' title='bbox 2967 3889 3198 3960; x_wconf 88' lang='lat' dir='ltr'>poterit,</span> <span class='ocrx_word' id='word_1_558' title='bbox 3245 3894 3349 3963; x_wconf 89' lang='lat' dir='ltr'>qui</span> <span class='ocrx_word' id='word_1_559' title='bbox 3403 3910 3520 3950; x_wconf 91' lang='lat' dir='ltr'>non</span> 
     </span>
    </p>
   </div>
   <div class='ocr_carea' id='block_1_85' title="bbox 1880 3973 3525 4045">
    <p class='ocr_par' dir='ltr' id='par_1_85' title="bbox 1880 3973 3525 4045">
     <span class='ocr_line' id='line_1_85' title="bbox 1880 3973 3525 4045; baseline 0.002 -11"><span class='ocrx_word' id='word_1_560' title='bbox 1880 3979 2158 4045; x_wconf 86' lang='lat' dir='ltr'>luctatus,</span> <span class='ocrx_word' id='word_1_561' title='bbox 2193 3993 2304 4031; x_wconf 90' lang='lat' dir='ltr'>non</span> <span class='ocrx_word' id='word_1_562' title='bbox 2328 3973 2675 4030; x_wconf 88' lang='lat' dir='ltr'>exercitatus</span> <span class='ocrx_word' id='word_1_563' title='bbox 2705 3974 2783 4029; x_wconf 90' lang='lat' dir='ltr'>sit</span> <span class='ocrx_word' id='word_1_564' title='bbox 2811 3975 3176 4034; x_wconf 88' lang='lat' dir='ltr'>diversorum</span> <span class='ocrx_word' id='word_1_565' title='bbox 3207 3981 3525 4038; x_wconf 82' lang='lat' dir='ltr'>certamine</span> 
     </span>
    </p>
   </div>
   <div class='ocr_carea' id='block_1_86' title="bbox 1881 4062 3526 4140">
    <p class='ocr_par' dir='ltr' id='par_1_86' title="bbox 1881 4062 3526 4140">
     <span class='ocr_line' id='line_1_86' title="bbox 1881 4062 3526 4140; baseline 0.002 -18"><span class='ocrx_word' id='word_1_566' title='bbox 1881 4066 2233 4140; x_wconf 64' lang='lat' dir='ltr'>praeliorum.</span> <span class='ocrx_word' id='word_1_567' title='bbox 2261 4063 2367 4128; x_wconf 90' lang='lat' dir='ltr'>Qui</span> <span class='ocrx_word' id='word_1_568' title='bbox 2397 4078 2531 4117; x_wconf 90' lang='lat' dir='ltr'>vero</span> <span class='ocrx_word' id='word_1_569' title='bbox 2553 4062 2672 4116; x_wconf 89' lang='lat' dir='ltr'>sive</span> <span class='ocrx_word' id='word_1_570' title='bbox 2692 4063 2855 4133; x_wconf 90' lang='lat' dir='ltr'>juste</span> <span class='ocrx_word' id='word_1_571' title='bbox 2875 4062 2994 4118; x_wconf 88' lang='lat' dir='ltr'>sive</span> <span class='ocrx_word' id='word_1_572' title='bbox 3015 4063 3234 4135; x_wconf 83' lang='lat' dir='ltr'>injuste</span> <span class='ocrx_word' id='word_1_573' title='bbox 3270 4068 3526 4125; x_wconf 79' lang='lat' dir='ltr'>afﬁcitur</span> 
     </span>
    </p>
   </div>
   <div class='ocr_carea' id='block_1_87' title="bbox 1882 4148 3524 4229">
    <p class='ocr_par' dir='ltr' id='par_1_87' title="bbox 1882 4148 3524 4229">
     <span class='ocr_line' id='line_1_87' title="bbox 1882 4148 3524 4229; baseline 0.001 -18"><span class='ocrx_word' id='word_1_574' title='bbox 1882 4157 1940 4211; x_wconf 91' lang='lat' dir='ltr'>in</span> <span class='ocrx_word' id='word_1_575' title='bbox 1976 4156 2081 4210; x_wconf 86' lang='lat' dir='ltr'>hoc</span> <span class='ocrx_word' id='word_1_576' title='bbox 2112 4152 2345 4222; x_wconf 83' lang='lat' dir='ltr'>saeculo,</span> <span class='ocrx_word' id='word_1_577' title='bbox 2375 4148 2703 4223; x_wconf 85' lang='lat' dir='ltr'>gratulatur</span> <span class='ocrx_word' id='word_1_578' title='bbox 2731 4149 2819 4205; x_wconf 89' lang='lat' dir='ltr'>vel</span> <span class='ocrx_word' id='word_1_579' title='bbox 2850 4151 3005 4222; x_wconf 91' lang='lat' dir='ltr'>quod</span> <span class='ocrx_word' id='word_1_580' title='bbox 3039 4151 3133 4207; x_wconf 90' lang='lat' dir='ltr'>hic</span> <span class='ocrx_word' id='word_1_581' title='bbox 3178 4154 3364 4211; x_wconf 87' lang='lat' dir='ltr'>solvat</span> <span class='ocrx_word' id='word_1_582' title='bbox 3393 4173 3524 4229; x_wconf 89' lang='lat' dir='ltr'>pre-</span> 
     </span>
    </p>
   </div>
   <div class='ocr_carea' id='block_1_88' title="bbox 1883 4235 3527 4309">
    <p class='ocr_par' dir='ltr' id='par_1_88' title="bbox 1883 4235 3527 4309">
     <span class='ocr_line' id='line_1_88' title="bbox 1883 4235 3527 4309; baseline 0.002 -10"><span class='ocrx_word' id='word_1_583' title='bbox 1883 4245 1966 4299; x_wconf 90' lang='lat' dir='ltr'>tia</span> <span class='ocrx_word' id='word_1_584' title='bbox 1996 4241 2340 4298; x_wconf 87' lang='lat' dir='ltr'>delictorum</span> <span class='ocrx_word' id='word_1_585' title='bbox 2391 4253 2656 4303; x_wconf 88' lang='lat' dir='ltr'>suorum,</span> <span class='ocrx_word' id='word_1_586' title='bbox 2691 4235 2778 4292; x_wconf 91' lang='lat' dir='ltr'>vel</span> <span class='ocrx_word' id='word_1_587' title='bbox 2818 4237 2958 4309; x_wconf 91' lang='lat' dir='ltr'>quia</span> <span class='ocrx_word' id='word_1_588' title='bbox 3012 4239 3172 4296; x_wconf 87' lang='lat' dir='ltr'>novit</span> <span class='ocrx_word' id='word_1_589' title='bbox 3217 4257 3348 4298; x_wconf 88' lang='lat' dir='ltr'>eam</span> <span class='ocrx_word' id='word_1_590' title='bbox 3397 4260 3527 4302; x_wconf 80' lang='lat' dir='ltr'>esse</span> 
     </span>
    </p>
   </div>
   <div class='ocr_carea' id='block_1_89' title="bbox 1885 4326 3526 4406">
    <p class='ocr_par' dir='ltr' id='par_1_89' title="bbox 1885 4326 3526 4406">
     <span class='ocr_line' id='line_1_89' title="bbox 1885 4326 3526 4406; baseline 0.002 -19"><span class='ocrx_word' id='word_1_591' title='bbox 1885 4332 2039 4405; x_wconf 90' lang='lat' dir='ltr'>apud</span> <span class='ocrx_word' id='word_1_592' title='bbox 2089 4329 2272 4385; x_wconf 90' lang='lat' dir='ltr'>Deum</span> <span class='ocrx_word' id='word_1_593' title='bbox 2332 4326 2660 4382; x_wconf 86' lang='lat' dir='ltr'>uberiorem</span> <span class='ocrx_word' id='word_1_594' title='bbox 2718 4326 2984 4398; x_wconf 87' lang='lat' dir='ltr'>gratiam,</span> <span class='ocrx_word' id='word_1_595' title='bbox 3044 4329 3092 4383; x_wconf 90' lang='lat' dir='ltr'>si</span> <span class='ocrx_word' id='word_1_596' title='bbox 3148 4328 3371 4400; x_wconf 61' lang='lat' dir='ltr'>injuste</span> <span class='ocrx_word' id='word_1_597' title='bbox 3421 4349 3526 4406; x_wconf 90' lang='lat' dir='ltr'>pro</span> 
     </span>
    </p>
   </div>
   <div class='ocr_carea' id='block_1_90' title="bbox 1884 4413 3528 4493">
    <p class='ocr_par' dir='ltr' id='par_1_90' title="bbox 1884 4413 3528 4493">
     <span class='ocr_line' id='line_1_90' title="bbox 1884 4413 3528 4493; baseline 0 -16"><span class='ocrx_word' id='word_1_598' title='bbox 1884 4422 2012 4493; x_wconf 83' lang='lat' dir='ltr'>ejus</span> <span class='ocrx_word' id='word_1_599' title='bbox 2039 4416 2295 4482; x_wconf 91' lang='lat' dir='ltr'>nomine,</span> <span class='ocrx_word' id='word_1_600' title='bbox 2328 4419 2427 4470; x_wconf 89' lang='lat' dir='ltr'>aut</span> <span class='ocrx_word' id='word_1_601' title='bbox 2458 4431 2560 4487; x_wconf 90' lang='lat' dir='ltr'>pro</span> <span class='ocrx_word' id='word_1_602' title='bbox 2592 4415 2743 4470; x_wconf 89' lang='lat' dir='ltr'>bono</span> <span class='ocrx_word' id='word_1_603' title='bbox 2773 4413 2969 4487; x_wconf 89' lang='lat' dir='ltr'>aliquo</span> <span class='ocrx_word' id='word_1_604' title='bbox 3000 4432 3172 4489; x_wconf 89' lang='lat' dir='ltr'>opere</span> <span class='ocrx_word' id='word_1_605' title='bbox 3196 4420 3405 4477; x_wconf 89' lang='lat' dir='ltr'>acerba</span> <span class='ocrx_word' id='word_1_606' title='bbox 3420 4421 3528 4477; x_wconf 86' lang='lat' dir='ltr'>ali-</span> 
     </span>
    </p>
   </div>
   <div class='ocr_carea' id='block_1_91' title="bbox 1884 4503 3531 4582">
    <p class='ocr_par' dir='ltr' id='par_1_91' title="bbox 1884 4503 3531 4582">
     <span class='ocr_line' id='line_1_91' title="bbox 1884 4503 3531 4582; baseline 0.003 -18"><span class='ocrx_word' id='word_1_607' title='bbox 1884 4527 2001 4582; x_wconf 92' lang='lat' dir='ltr'>qua</span> <span class='ocrx_word' id='word_1_608' title='bbox 2055 4507 2330 4581; x_wconf 86' lang='lat' dir='ltr'>patiatur,</span> <span class='ocrx_word' id='word_1_609' title='bbox 2386 4504 2707 4559; x_wconf 89' lang='lat' dir='ltr'>secundum</span> <span class='ocrx_word' id='word_1_610' title='bbox 2744 4503 2899 4575; x_wconf 91' lang='lat' dir='ltr'>quod</span> <span class='ocrx_word' id='word_1_611' title='bbox 2926 4505 3211 4578; x_wconf 90' lang='lat' dir='ltr'>scriptum</span> <span class='ocrx_word' id='word_1_612' title='bbox 3233 4513 3349 4566; x_wconf 87' lang='lat' dir='ltr'>est:</span> <span class='ocrx_word' id='word_1_613' title='bbox 3384 4511 3531 4578; x_wconf 84' lang='lat' dir='ltr'>Quia</span> 
     </span>
    </p>
   </div>
   <div class='ocr_carea' id='block_1_92' title="bbox 1886 4591 3533 4668">
    <p class='ocr_par' dir='ltr' id='par_1_92' title="bbox 1886 4591 3533 4668">
     <span class='ocr_line' id='line_1_92' title="bbox 1886 4591 3533 4668; baseline 0.002 -14"><span class='ocrx_word' id='word_1_614' title='bbox 1886 4597 2049 4654; x_wconf 86' lang='lat' dir='ltr'>nulla</span> <span class='ocrx_word' id='word_1_615' title='bbox 2077 4600 2165 4652; x_wconf 87' lang='lat' dir='ltr'>est</span> <span class='ocrx_word' id='word_1_616' title='bbox 2221 4593 2406 4668; x_wconf 87' lang='lat' dir='ltr'>gloria</span> <span class='ocrx_word' id='word_1_617' title='bbox 2462 4591 2510 4648; x_wconf 90' lang='lat' dir='ltr'>si</span> <span class='ocrx_word' id='word_1_618' title='bbox 2564 4596 2870 4664; x_wconf 88' lang='lat' dir='ltr'>peccantes</span> <span class='ocrx_word' id='word_1_619' title='bbox 2901 4594 3194 4665; x_wconf 90' lang='lat' dir='ltr'>punimini</span> <span class='ocrx_word' id='word_1_620' title='bbox 3243 4602 3301 4654; x_wconf 89' lang='lat' dir='ltr'>et</span> <span class='ocrx_word' id='word_1_621' title='bbox 3329 4601 3533 4658; x_wconf 88' lang='lat' dir='ltr'>sutl&#39;er-</span> 
     </span>
    </p>
   </div>
   <div class='ocr_carea' id='block_1_93' title="bbox 1890 4761 3534 4839">
    <p class='ocr_par' dir='ltr' id='par_1_93' title="bbox 1890 4761 3534 4839">
     <span class='ocr_line' id='line_1_93' title="bbox 1890 4761 3534 4839; baseline 0.001 -15"><span class='ocrx_word' id='word_1_622' title='bbox 1890 4783 2076 4839; x_wconf 88' lang='lat' dir='ltr'>usque</span> <span class='ocrx_word' id='word_1_623' title='bbox 2099 4766 2170 4820; x_wconf 89' lang='lat' dir='ltr'>ad</span> <span class='ocrx_word' id='word_1_624' title='bbox 2203 4761 2469 4839; x_wconf 72' lang='lat' dir='ltr'>Psalterii</span> <span class='ocrx_word' id='word_1_625' title='bbox 2503 4762 2677 4839; x_wconf 81' lang='lat' dir='ltr'>ﬁnem</span> <span class='ocrx_word' id='word_1_626' title='bbox 2710 4763 2960 4839; x_wconf 78' lang='lat' dir='ltr'>subinde</span> <span class='ocrx_word' id='word_1_627' title='bbox 2980 4764 3209 4839; x_wconf 83' lang='lat' dir='ltr'>aliquos</span> <span class='ocrx_word' id='word_1_628' title='bbox 3233 4783 3534 4839; x_wconf 84' lang='lat' dir='ltr'>occurrere</span> 
     </span>
    </p>
   </div>
   <div class='ocr_carea' id='block_1_94' title="bbox 1890 4835 3535 4913">
    <p class='ocr_par' dir='ltr' id='par_1_94' title="bbox 1890 4835 3535 4913">
     <span class='ocr_line' id='line_1_94' title="bbox 1890 4835 3535 4913; baseline -0.001 -19"><span class='ocrx_word' id='word_1_629' title='bbox 1890 4835 2000 4911; x_wconf 83' lang='lat' dir='ltr'>qui</span> <span class='ocrx_word' id='word_1_630' title='bbox 2028 4836 2464 4913; x_wconf 31' lang='lat' dir='ltr'>“inscribantur,</span> <span class='ocrx_word' id='word_1_631' title='bbox 2486 4835 2755 4913; x_wconf 61' lang='lat' dir='ltr'>psalmus</span> <span class='ocrx_word' id='word_1_632' title='bbox 2785 4835 2960 4913; x_wconf 75' lang='lat' dir='ltr'>David</span> <span class='ocrx_word' id='word_1_633' title='bbox 2989 4835 3103 4913; x_wconf 75' lang='lat' dir='ltr'>nisi</span> <span class='ocrx_word' id='word_1_634' title='bbox 3135 4837 3326 4906; x_wconf 88' lang='lat' dir='ltr'>malis,</span> <span class='ocrx_word' id='word_1_635' title='bbox 3365 4856 3535 4913; x_wconf 68' lang='lat' dir='ltr'>usque</span> 
     </span>
    </p>
   </div>
   <div class='ocr_carea' id='block_1_95' title="bbox 1890 4905 3536 4979">
    <p class='ocr_par' dir='ltr' id='par_1_95' title="bbox 1890 4905 3536 4979">
     <span class='ocr_line' id='line_1_95' title="bbox 1890 4905 3536 4979; baseline 0.002 -15"><span class='ocrx_word' id='word_1_636' title='bbox 1890 4905 1947 4965; x_wconf 67' lang='lat' dir='ltr'>i&#39;n</span> <span class='ocrx_word' id='word_1_637' title='bbox 1979 4910 2238 4963; x_wconf 84' lang='lat' dir='ltr'>ultimum</span> <span class='ocrx_word' id='word_1_638' title='bbox 2253 4908 2417 4976; x_wconf 83' lang='lat' dir='ltr'>ﬁnem</span> <span class='ocrx_word' id='word_1_639' title='bbox 2442 4907 2601 4979; x_wconf 84' lang='lat' dir='ltr'>idem</span> <span class='ocrx_word' id='word_1_640' title='bbox 2635 4905 2727 4979; x_wconf 75' lang='lat' dir='ltr'>hic</span> <span class='ocrx_word' id='word_1_641' title='bbox 2756 4922 2883 4962; x_wconf 89' lang='lat' dir='ltr'>esse</span> <span class='ocrx_word' id='word_1_642' title='bbox 2914 4908 2973 4979; x_wconf 87' lang='lat' dir='ltr'>i_n</span> <span class='ocrx_word' id='word_1_643' title='bbox 2993 4908 3177 4976; x_wconf 86' lang='lat' dir='ltr'>ﬁnem,</span> <span class='ocrx_word' id='word_1_644' title='bbox 3203 4925 3329 4979; x_wconf 70' lang='lat' dir='ltr'>quae</span> <span class='ocrx_word' id='word_1_645' title='bbox 3361 4905 3536 4967; x_wconf 77' lang='lat' dir='ltr'>verba</span> 
     </span>
    </p>
   </div>
   <div class='ocr_carea' id='block_1_96' title="bbox 1890 4976 3536 5052">
    <p class='ocr_par' dir='ltr' id='par_1_96' title="bbox 1890 4976 3536 5052">
     <span class='ocr_line' id='line_1_96' title="bbox 1890 4976 3536 5052; baseline 0.002 -19"><span class='ocrx_word' id='word_1_646' title='bbox 1890 4979 2262 5052; x_wconf 73' lang='lat' dir='ltr'>psalmisnon</span> <span class='ocrx_word' id='word_1_647' title='bbox 2285 4978 2487 5052; x_wconf 73' lang='lat' dir='ltr'>pauch</span> <span class='ocrx_word' id='word_1_648' title='bbox 2504 4976 2886 5052; x_wconf 70' lang='lat' dir='ltr'>praeﬁguntur</span> <span class='ocrx_word' id='word_1_649' title='bbox 2921 4976 3095 5052; x_wconf 81' lang='lat' dir='ltr'>Porro</span> <span class='ocrx_word' id='word_1_650' title='bbox 3109 4976 3536 5052; x_wconf 65' lang='lat' dir='ltr'>quodinsoluta</span> 
     </span>
    </p>
   </div>
   <div class='ocr_carea' id='block_1_97' title="bbox 1891 5046 3537 5129">
    <p class='ocr_par' dir='ltr' id='par_1_97' title="bbox 1891 5046 3537 5129">
     <span class='ocr_line' id='line_1_97' title="bbox 1891 5046 3537 5129; baseline -0.001 -23"><span class='ocrx_word' id='word_1_651' title='bbox 1891 5046 2244 5129; x_wconf 71' lang='lat' dir='ltr'>relinquitur</span> <span class='ocrx_word' id='word_1_652' title='bbox 2270 5046 2664 5129; x_wconf 71' lang='lat' dir='ltr'>eadiﬁcultas,</span> <span class='ocrx_word' id='word_1_653' title='bbox 2682 5046 2794 5129; x_wconf 78' lang='lat' dir='ltr'>non</span> <span class='ocrx_word' id='word_1_654' title='bbox 2811 5046 3381 5129; x_wconf 70' lang='lat' dir='ltr'>mirabiturquicum</span> <span class='ocrx_word' id='word_1_655' title='bbox 3426 5056 3537 5129; x_wconf 79' lang='lat' dir='ltr'>Au-</span> 
     </span>
    </p>
   </div>
   <div class='ocr_carea' id='block_1_98' title="bbox 1891 5116 3537 5195">
    <p class='ocr_par' dir='ltr' id='par_1_98' title="bbox 1891 5116 3537 5195">
     <span class='ocr_line' id='line_1_98' title="bbox 1891 5116 3537 5195; baseline 0.003 -20"><span class='ocrx_word' id='word_1_656' title='bbox 1891 5116 2128 5195; x_wconf 73' lang='lat' dir='ltr'>gustino</span> <span class='ocrx_word' id='word_1_657' title='bbox 2158 5120 2215 5173; x_wconf 91' lang='lat' dir='ltr'>in</span> <span class='ocrx_word' id='word_1_658' title='bbox 2250 5118 2397 5195; x_wconf 82' lang='lat' dir='ltr'>psal.</span> <span class='ocrx_word' id='word_1_659' title='bbox 2426 5136 2514 5183; x_wconf 89' lang='lat' dir='ltr'>cv,</span> <span class='ocrx_word' id='word_1_660' title='bbox 2559 5116 3192 5195; x_wconf 68' lang='lat' dir='ltr'>num._t,_intellexerit</span> <span class='ocrx_word' id='word_1_661' title='bbox 3237 5136 3414 5192; x_wconf 89' lang='lat' dir='ltr'>quam</span> <span class='ocrx_word' id='word_1_662' title='bbox 3459 5124 3537 5179; x_wconf 89' lang='lat' dir='ltr'>sit</span> 
     </span>
    </p>
   </div>
   <div class='ocr_carea' id='block_1_99' title="bbox 180 5186 3535 5283">
    <p class='ocr_par' dir='ltr' id='par_1_99' title="bbox 180 5186 3535 5283">
     <span class='ocr_line' id='line_1_99' title="bbox 180 5186 3535 5283; baseline 0.002 -38"><span class='ocrx_word' id='word_1_663' title='bbox 180 5198 309 5269; x_wconf 84' lang='lat'>(23)</span> <span class='ocrx_word' id='word_1_664' title='bbox 344 5195 500 5283; x_wconf 48' lang='lat' dir='ltr'>1.35m.</span> <span class='ocrx_word' id='word_1_665' title='bbox 534 5186 887 5283; x_wconf 63' lang='lat' dir='ltr'>omnes,mae</span> <span class='ocrx_word' id='word_1_666' title='bbox 938 5207 1103 5258; x_wconf 91' lang='lat' dir='ltr'>mss.,</span> <span class='ocrx_word' id='word_1_667' title='bbox 1132 5191 1580 5283; x_wconf 53' lang='lat' dir='ltr'>Linsgriplionem</span> <span class='ocrx_word' id='word_1_668' title='bbox 1636 5206 1780 5283; x_wconf 68' lang='lat' dir='ltr'>rom-</span> <span class='ocrx_word' id='word_1_669' title='bbox 1815 5218 1862 5283; x_wconf 66' lang='grc' dir='ltr'><strong>Β</strong></span> <span class='ocrx_word' id='word_1_670' title='bbox 1892 5186 2142 5283; x_wconf 53' lang='lat' dir='ltr'>arduum</span> <span class='ocrx_word' id='word_1_671' title='bbox 2174 5186 2449 5283; x_wconf 47' lang='lat' dir='ltr'>omnium.</span> <span class='ocrx_word' id='word_1_672' title='bbox 2472 5204 2684 5283; x_wconf 57' lang='lat' dir='ltr'>arcana</span> <span class='ocrx_word' id='word_1_673' title='bbox 2711 5186 3387 5283; x_wconf 47' lang='lat' dir='ltr'>titulorum‘penetrare.</span> <span class='ocrx_word' id='word_1_674' title='bbox 3420 5195 3535 5251; x_wconf 88' lang='lat' dir='ltr'>Sed</span> 
     </span>
    </p>
   </div>
   <div class='ocr_carea' id='block_1_100' title="bbox 100 5259 3538 5344">
    <p class='ocr_par' dir='ltr' id='par_1_100' title="bbox 100 5259 3538 5344">
     <span class='ocr_line' id='line_1_100' title="bbox 100 5259 3538 5344; baseline 0.003 -31"><span class='ocrx_word' id='word_1_675' title='bbox 100 5259 421 5344; x_wconf 59' lang='grc' dir='ltr'>ρνὲὴεῇιζιί</span> <span class='ocrx_word' id='word_1_676' title='bbox 444 5283 458 5333; x_wconf 87' lang='lat'><strong>;</strong></span> <span class='ocrx_word' id='word_1_677' title='bbox 483 5271 729 5344; x_wconf 62' lang='lat' dir='ltr'>excepto</span> <span class='ocrx_word' id='word_1_678' title='bbox 751 5263 1031 5344; x_wconf 52' lang='grc' dir='ltr'>ΔΤὶξιιειῐιη</span> <span class='ocrx_word' id='word_1_679' title='bbox 1088 5262 1187 5344; x_wconf 76' lang='lat' dir='ltr'>ubi</span> <span class='ocrx_word' id='word_1_680' title='bbox 1247 5259 1472 5344; x_wconf 49' lang='lat' dir='ltr'>babes,”</span> <span class='ocrx_word' id='word_1_681' title='bbox 1503 5263 1784 5344; x_wconf 74' lang='lat' dir='ltr'>inscriptio</span> <span class='ocrx_word' id='word_1_682' title='bbox 1815 5259 1861 5283; x_wconf 80' lang='lat'>”</span> <span class='ocrx_word' id='word_1_683' title='bbox 1893 5266 2001 5344; x_wconf 76' lang='lat' dir='ltr'>bpe</span> <span class='ocrx_word' id='word_1_684' title='bbox 2023 5260 2306 5344; x_wconf 80' lang='lat' dir='ltr'>imprimis</span> <span class='ocrx_word' id='word_1_685' title='bbox 2328 5259 2758 5344; x_wconf 43' lang='lat' dir='ltr'>psalmi‘dequo</span> <span class='ocrx_word' id='word_1_686' title='bbox 2780 5259 3011 5331; x_wconf 89' lang='lat' dir='ltr'>agimus</span> <span class='ocrx_word' id='word_1_687' title='bbox 3030 5259 3202 5344; x_wconf 79' lang='lat' dir='ltr'>titulo</span> <span class='ocrx_word' id='word_1_688' title='bbox 3220 5279 3538 5344; x_wconf 74' lang='lat' dir='ltr'>congruere</span> 
     </span>
    </p>
   </div>
   <div class='ocr_carea' id='block_1_101' title="bbox 101 5331 1784 5415">
    <p class='ocr_par' dir='ltr' id='par_1_101' title="bbox 101 5331 1784 5415">
     <span class='ocr_line' id='line_1_101' title="bbox 101 5331 1784 5415; baseline -0.005 -19"><span class='ocrx_word' id='word_1_689' title='bbox 101 5331 595 5415; x_wconf 56' lang='lat' dir='ltr'>eamme/tendat,</span> <span class='ocrx_word' id='word_1_690' title='bbox 633 5331 801 5415; x_wconf 55' lang='lat' dir='ltr'>torte</span> <span class='ocrx_word' id='word_1_691' title='bbox 848 5333 1051 5406; x_wconf 89' lang='lat' dir='ltr'>lapsus</span> <span class='ocrx_word' id='word_1_692' title='bbox 1107 5336 1223 5415; x_wconf 42' lang='lat' dir='ltr'>est”</span> <span class='ocrx_word' id='word_1_693' title='bbox 1252 5331 1475 5387; x_wconf 86' lang='lat' dir='ltr'>librarii</span> <span class='ocrx_word' id='word_1_694' title='bbox 1533 5333 1589 5388; x_wconf 89' lang='lat' dir='ltr'>in</span> <span class='ocrx_word' id='word_1_695' title='bbox 1646 5331 1784 5415; x_wconf 63' lang='lat' dir='ltr'>voce</span> 
     </span>
    </p>
   </div>
   <div class='ocr_carea' id='block_1_102' title="bbox 1894 5331 3539 5409">
    <p class='ocr_par' dir='ltr' id='par_1_102' title="bbox 1894 5331 3539 5409">
     <span class='ocr_line' id='line_1_102' title="bbox 1894 5331 3539 5409; baseline 0.002 -22"><span class='ocrx_word' id='word_1_696' title='bbox 1894 5336 2048 5409; x_wconf 74' lang='lat' dir='ltr'>idem</span> <span class='ocrx_word' id='word_1_697' title='bbox 2082 5331 2282 5409; x_wconf 80' lang='lat' dir='ltr'>doctor</span> <span class='ocrx_word' id='word_1_698' title='bbox 2320 5331 2465 5409; x_wconf 75' lang='lat' dir='ltr'>satis</span> <span class='ocrx_word' id='word_1_699' title='bbox 2533 5333 2800 5409; x_wconf 80' lang='lat' dir='ltr'>testatur,</span> <span class='ocrx_word' id='word_1_700' title='bbox 2855 5346 2992 5409; x_wconf 73' lang='lat' dir='ltr'>cum</span> <span class='ocrx_word' id='word_1_701' title='bbox 3045 5338 3186 5409; x_wconf 69' lang='lat' dir='ltr'>post</span> <span class='ocrx_word' id='word_1_702' title='bbox 3229 5331 3539 5409; x_wconf 72' lang='lat' dir='ltr'>mysticam</span> 
     </span>
    </p>
   </div>
   <div class='ocr_carea' id='block_1_103' title="bbox 101 5400 3536 5496">
    <p class='ocr_par' dir='ltr' id='par_1_103' title="bbox 101 5400 3536 5496">
     <span class='ocr_line' id='line_1_103' title="bbox 101 5400 3536 5496; baseline -0 0"><span class='ocrx_word' id='word_1_703' title='bbox 101 5400 441 5496; x_wconf 56' lang='grc' dir='ltr'>ι’τιέεῐοφίίοι</span> <span class='ocrx_word' id='word_1_704' title='bbox 481 5400 595 5463; x_wconf 59' lang='lat' dir='ltr'>nisi</span> <span class='ocrx_word' id='word_1_705' title='bbox 631 5400 1407 5496; x_wconf 56' lang='lat' dir='ltr'>.9icam9iarr9siﬂasae</span> <span class='ocrx_word' id='word_1_706' title='bbox 1434 5420 1535 5496; x_wconf 50' lang='lat' dir='ltr'>es&quot;</span> <span class='ocrx_word' id='word_1_707' title='bbox 1555 5477 1572 5496; x_wconf 89' lang='lat'>.</span> <span class='ocrx_word' id='word_1_708' title='bbox 1590 5405 1787 5496; x_wconf 68' lang='grc' dir='ltr'>ρίξιίυε</span> <span class='ocrx_word' id='word_1_709' title='bbox 1896 5400 3119 5496; x_wconf 42' lang='lat' dir='ltr'>ipsiustramisisset?3313919155?=</span> <span class='ocrx_word' id='word_1_710' title='bbox 3143 5400 3536 5496; x_wconf 53' lang='lat' dir='ltr'>tristem</span> 
     </span>
    </p>
   </div>
   <div class='ocr_carea' id='block_1_104' title="bbox 99 5475 1783 5560">
    <p class='ocr_par' dir='ltr' id='par_1_104' title="bbox 99 5475 1783 5560">
     <span class='ocr_line' id='line_1_104' title="bbox 99 5475 1783 5560; baseline -0.007 -16"><span class='ocrx_word' id='word_1_711' title='bbox 99 5475 383 5560; x_wconf 70' lang='lat' dir='ltr'>ellipsirn</span> <span class='ocrx_word' id='word_1_712' title='bbox 433 5494 597 5560; x_wconf 67' lang='lat' dir='ltr'>esse.</span> <span class='ocrx_word' id='word_1_713' title='bbox 630 5478 747 5534; x_wconf 85' lang='lat' dir='ltr'>Hoc</span> <span class='ocrx_word' id='word_1_714' title='bbox 777 5482 972 5560; x_wconf 73' lang='lat' dir='ltr'>autem</span> <span class='ocrx_word' id='word_1_715' title='bbox 1002 5475 1146 5560; x_wconf 45' lang='lat' dir='ltr'>loco.</span> <span class='ocrx_word' id='word_1_716' title='bbox 1178 5475 1410 5560; x_wconf 73' lang='lat' dir='ltr'>videtur</span> <span class='ocrx_word' id='word_1_717' title='bbox 1438 5475 1495 5530; x_wconf 91' lang='lat' dir='ltr'>id</span> <span class='ocrx_word' id='word_1_718' title='bbox 1541 5475 1783 5560; x_wconf 72' lang='lat' dir='ltr'>Ambro-</span> 
     </span>
    </p>
   </div>
   <div class='ocr_carea' id='block_1_105' title="bbox 99 5547 1783 5629">
    <p class='ocr_par' dir='ltr' id='par_1_105' title="bbox 99 5547 1783 5629">
     <span class='ocr_line' id='line_1_105' title="bbox 99 5547 1783 5629; baseline -0.008 -11"><span class='ocrx_word' id='word_1_719' title='bbox 99 5547 242 5617; x_wconf 77' lang='lat' dir='ltr'>sius</span> <span class='ocrx_word' id='word_1_720' title='bbox 279 5551 650 5629; x_wconf 73' lang='lat' dir='ltr'>signiﬁcare,</span> <span class='ocrx_word' id='word_1_721' title='bbox 684 5550 1028 5629; x_wconf 34' lang='lat' dir='ltr'>pos-Iudaeum</span> <span class='ocrx_word' id='word_1_722' title='bbox 1061 5547 1783 5629; x_wconf 53' lang='lat' dir='ltr'>subsequentespsalmos.</span> 
     </span>
    </p>
   </div>
   <div class='ocr_carea' id='block_1_106' title="bbox 97 5619 1788 5713">
    <p class='ocr_par' dir='ltr' id='par_1_106' title="bbox 97 5619 1788 5713">
     <span class='ocr_line' id='line_1_106' title="bbox 97 5619 1788 5713; baseline -0.008 -21"><span class='ocrx_word' id='word_1_723' title='bbox 97 5619 381 5713; x_wconf 72' lang='lat' dir='ltr'>quorum</span> <span class='ocrx_word' id='word_1_724' title='bbox 448 5619 718 5679; x_wconf 84' lang='lat' dir='ltr'>omnium</span> <span class='ocrx_word' id='word_1_725' title='bbox 777 5619 985 5679; x_wconf 88' lang='lat' dir='ltr'>titulus</span> <span class='ocrx_word' id='word_1_726' title='bbox 1015 5624 1132 5677; x_wconf 89' lang='lat' dir='ltr'>est:</span> <span class='ocrx_word' id='word_1_727' title='bbox 1167 5619 1277 5690; x_wconf 70' lang='lat' dir='ltr'>Ipsi</span> <span class='ocrx_word' id='word_1_728' title='bbox 1332 5619 1532 5693; x_wconf 66' lang='lat' dir='ltr'>Asaph,</span> <span class='ocrx_word' id='word_1_729' title='bbox 1582 5637 1788 5679; x_wconf 87' lang='lat' dir='ltr'>rursus</span> 
     </span>
    </p>
   </div>
   <div class='ocr_carea' id='block_1_107' title="bbox 1897 5472 3537 5552">
    <p class='ocr_par' dir='ltr' id='par_1_107' title="bbox 1897 5472 3537 5552">
     <span class='ocr_line' id='line_1_107' title="bbox 1897 5472 3537 5552; baseline 0.002 -16"><span class='ocrx_word' id='word_1_730' title='bbox 1897 5472 2113 5552; x_wconf 74' lang='lat' dir='ltr'>inquit,</span> <span class='ocrx_word' id='word_1_731' title='bbox 2146 5472 2320 5552; x_wconf 80' lang='lat' dir='ltr'>locum</span> <span class='ocrx_word' id='word_1_732' title='bbox 2348 5473 2500 5531; x_wconf 77' lang='lat' dir='ltr'>tituli</span> <span class='ocrx_word' id='word_1_733' title='bbox 2549 5472 2752 5552; x_wconf 75' lang='lat' dir='ltr'>psalmi</span> <span class='ocrx_word' id='word_1_734' title='bbox 2803 5472 3106 5543; x_wconf 59' lang='lat' dir='ltr'>praesentis,</span> <span class='ocrx_word' id='word_1_735' title='bbox 3156 5478 3297 5535; x_wconf 67' lang='lat' dir='ltr'>sicut</span> <span class='ocrx_word' id='word_1_736' title='bbox 3354 5472 3537 5539; x_wconf 54' lang='lat' dir='ltr'>Domi;</span> 
     </span>
    </p>
   </div>
   <div class='ocr_carea' id='block_1_108' title="bbox 1896 5546 2822 5619">
    <p class='ocr_par' dir='ltr' id='par_1_108' title="bbox 1896 5546 2822 5619">
     <span class='ocr_line' id='line_1_108' title="bbox 1896 5546 2822 5619; baseline -0.011 -10"><span class='ocrx_word' id='word_1_737' title='bbox 1896 5546 2001 5609; x_wconf 61' lang='lat' dir='ltr'>nui</span> <span class='ocrx_word' id='word_1_738' title='bbox 2030 5549 2222 5614; x_wconf 83' lang='lat' dir='ltr'>voluit,</span> <span class='ocrx_word' id='word_1_739' title='bbox 2252 5546 2585 5619; x_wconf 75' lang='lat' dir='ltr'>praetervecti</span> <span class='ocrx_word' id='word_1_740' title='bbox 2610 5559 2822 5599; x_wconf 81' lang='lat' dir='ltr'>sumus.</span> 
     </span>
    </p>
   </div>
  </div>
