3866 6212
386 314 508 405 879

1846 355 1910 414 S.
1957 353 2331 416 AMBROSII

3670 315 3772 425 ἑὼ

391 481 485 546 tis,
519 481 621 537 sed
668 480 718 536 si
777 481 1225 547 benefacientes,
1274 485 1329 537 et
1396 485 1708 554 patientes:
1767 485 1884 539 haec
1942 491 2030 540 est
2061 489 2110 552 Α
2143 486 2294 540 xime
2342 487 2613 542 ﬁdelibus
2644 487 2852 543 divina:
2899 489 3174 547 bonitatis
3230 492 3615 565 praerogativa
3668 511 3771 551 ser-

387 573 577 646 gratia
622 573 778 645 apud
835 577 1040 628 Deum.
1083 596 1111 622 ‹‹
1177 572 1236 626 in
1283 571 1391 627 hoc
1447 572 1602 628 enim
1643 575 1827 630 vocati
1863 575 2027 645 estis,

387 661 530 734 quia
557 665 616 718 et
645 661 912 718 Christus
975 677 1080 732 pro
1136 661 1302 717 vobis
1355 665 1626 717 mortuus
1681 667 1792 728 est,
1853 662 2028 717 relin-

387 766 578 822 quens
634 750 800 806 vobis
849 749 1201 822 exemplum,
1262 755 1328 806 ut
1383 751 1710 824 sequamini
1787 751 2032 824 vestigia

385 841 535 912 ejus,
576 840 677 913 qui
707 845 1010 912 peccatum
1067 857 1182 895 non
1245 841 1395 908 fecit,
1455 857 1560 896 nec
1617 841 1890 896 inventus
1941 844 2029 896 est

386 929 558 986 dolus
586 929 646 985 in
680 946 780 986 ore
831 931 988 1000 ejus:
1050 929 1149 1000 qui
1206 946 1340 983 cum
1400 927 1862 996 malediceretur,
1914 947 2027 984 non

384 1018 777 1074 remaledixit:
830 1035 961 1074 cum
1021 1023 1336 1090 pateretur,
1397 1035 1513 1074 non
1561 1019 2031 1074 comminabatur

387 1109 439 1178 (Ι
463 1109 608 1162 Ρειν.
643 1125 705 1172 ιι,
735 1109 947 1179 21-23).
985 1130 1012 1155 ››
1045 1109 1192 1179 Ergo
1217 1109 1415 1177 justus
1447 1107 1616 1162 etiam
1653 1107 1700 1162 si
1735 1108 1790 1160 in
1841 1125 2027 1178 equu-

385 1195 477 1252 leo
508 1196 604 1262 sit,
638 1197 1092 1268 semperjustus
1123 1201 1240 1263 est;
1266 1197 1702 1267 quiajustiﬁcat
1737 1196 1941 1262 Deum,
1975 1202 2031 1250 et

385 1284 616 1340 minora
645 1301 706 1341 se
737 1286 990 1357 peccatis
1049 1285 1172 1340 suis
1225 1285 1367 1339 dicit
1415 1285 1736 1340 sustinere:
1800 1301 2032 1356 semper

386 1376 622 1449 sapiens
644 1380 764 1430 est:
799 1391 914 1430 non
945 1375 1101 1430 enim
1151 1374 1413 1430 aufertur
1456 1374 1688 1446 equulei
1724 1375 2029 1429 tormentis

385 1463 1260 1539 vera'perfeetaque"sapientia:
1304 1481 1418 1518 non
1452 1463 1667 1518 amittit
1693 1464 1844 1535 quod
1895 1469 1983 1518 est
2014 1482 2027 1530 ;

386 1556 524 1629 quia
555 1556 824 1610 timorem
859 1553 1116 1608 excludit
1152 1554 1324 1618 foras,
1387 1553 1581 1607 studio
1625 1559 1681 1606 et
1733 1553 2030 1625 preposito

386 1644 718 1700 eharitatis:
755 1644 908 1698 novit
941 1647 1001 1698 ut
1033 1643 1269 1714 sapiens
1331 1639 1537 1710 dicere,
1601 1643 1739 1713 quia
1786 1642 2030 1712 indigna

387 1740 526 1789 sunt
556 1752 683 1807 quae
714 1735 769 1788 in
795 1734 903 1788 hoc
926 1749 1161 1804 corpore
1183 1733 1546 1787 sustinemus
1567 1733 2031 1786 remuneratione

389 1827 595 1880 futura:
626 1822 858 1896 gloriae;
891 1825 1174 1893 etfomnes
1199 1821 1377 1890 hujus
1408 1822 1688 1893 temporis
1729 1819 2030 1892 passiones

390 1915 872 1985 superventuram
933 1910 1258 1966 mercedem
1307 1926 1536 1981 mquam
1597 1927 1709 1965 non
1760 1913 2026 1982 possunt.

388 2003 586 2063 Bonus
614 2000 794 2076 igitur
824 1999 962 2056 huic
1001 2015 1232 2070 semper
1262 2003 1351 2054 est
1379 1998 1554 2066 Deus,
1597 1998 1696 2070 qui
1730 1999 1886 2054 novit
1917 2015 2030 2070 quo

387 2097 650 2164 tempore
670 2094 870 2148 metat.
905 2091 974 2146 Et
1005 2089 1132 2144 ideo
1170 2088 1338 2160 quasi
1397 2088 1589 2143 bonus
1635 2085 1893 2159 agricola
1939 2087 2033 2142 hic

390 2185 518 2237 arat
566 2195 774 2252 agrum
805 2194 980 2234 suum
1013 2178 1267 2250 quodam
1319 2175 1689 2232 abstinentia;
1740 2176 2033 2249 rigidioris

389 2284 622 2325 vomere
638 2267 781 2340 :Lhic
811 2267 1024 2338 stirpat
1053 2265 1305 2338 quadam
1339 2265 1482 2320 falce
1509 2264 1792 2321 virtutum
1827 2282 2032 2338 ampu-

393 2355 877 2414 tatricevitiorum
912 2375 924 2411 :
949 2355 1042 2410 hic
1070 2359 1349 2410 stercorat
1370 2354 1736 2410 humiliando
1759 2371 1820 2410 se
1847 2369 2034 2426 usque

392 2447 464 2502 ad
497 2451 732 2513 terram,
767 2447 958 2502 sciens
989 2445 1129 2517 quia
1159 2444 1312 2502 Deus
1343 2445 1414 2500 de
1446 2449 1599 2499 terra
1631 2444 1877 2499 suscitat
1904 2442 2036 2498 ino-

392 2551 548 2611 pem,
582 2540 638 2592 et
667 2536 738 2590 de
769 2541 1022 2591 stercore
1051 2534 1220 2606 erigit
1252 2551 1590 2608 pauperem.
1625 2533 1885 2606 Denique
1906 2549 2039 2604 apo-

390 2627 580 2683 stolus
611 2625 827 2682 Paulus
857 2626 965 2680 nisi
1000 2627 1324 2679 restituatus
1364 2627 1520 2679 esset
1571 2627 1846 2686 stercora,
1893 2639 2039 2677 nun-

393 2733 572 2790 quam
603 2715 901 2782 Christum
934 2714 1044 2770 sibi
1084 2714 1374 2784 potuisset
1405 2712 1723 2784 acquirere.
1776 2711 1878 2767 ilic
1937 2728 2036 2766 cu-

394 2806 579 2869 stodit
629 2805 856 2860 fructus
911 2819 1072 2869 suos,
1131 2808 1196 2858 ut
1244 2803 1362 2858 illic
1410 2802 1673 2858 securius
1740 2801 2035 2857 recondat.

397 2897 640 2968 Semper
694 2894 891 2968 itaque
920 2893 970 2949 ei
1021 2893 1211 2949 bonus
1258 2897 1349 2948 est
1406 2893 1581 2961 Deus,
1623 2892 1762 2964 quia
1810 2907 2042 2964 semper

399 3004 526 3061 quae
555 2985 710 3041 bona
743 2989 902 3051 sunt,
932 2984 1002 3039 de
1033 2982 1148 3040 Deo
1176 2987 1388 3055 sperat.
1487 3002 1496 3009 -
1685 3035 1704 3050 ,

471 3080 524 3134 4.
583 3075 795 3148 Accipe
853 3073 1044 3132 aliud:
1099 3072 1314 3139 Quam"
1344 3072 1553 3140 bonus,
1610 3071 1825 3143 inquit,
1885 3071 2040 3126 Deus

399 3167 578 3226 Israel
619 3166 792 3224 rectis
837 3163 1044 3220 corde!
1076 3185 1104 3215 »
1164 3163 1288 3218 Non
1347 3178 1484 3234 ergo
1532 3160 1807 3216 omnibus
1849 3161 2041 3217 bonus

2139 579 2330 646 vatur,
2355 575 2571 647 quibus
2602 581 2658 632 et
2693 577 2959 634 voluntas
2990 579 3090 635 Dei
3121 579 3443 652 opitulatur
3471 587 3531 638 et
3579 584 3772 656 gratia.

2138 665 2289 720 064
2323 663 2433 719 Sed
2476 668 2548 731 et
2609 664 2925 722 Psalmista
2979 667 3262 725 dicendo:
3295 693 3324 721 ‹‹
3377 672 3567 737 Quam
3613 671 3787 728 bonus

2139 751 2291 808 Deus
2325 751 2501 807 Israel
2535 753 2711 809 rectis
2742 756 2942 811 corde!
2975 780 2995 805 ι
3023 757 3093 812 ad
3126 757 3390 831 ipsorum
3443 760 3780 818 sententiam

2140 839 2356 906 retulit,
2387 842 2483 914 qui
2517 843 2688 898 aliter
2717 843 2789 898 de
2823 846 2934 900 Deo
2966 847 3183 902 sentire
3211 864 3326 902 non
3377 855 3622 918 norunt,
3678 850 3783 906 nisi

2139 928 2277 1001 quia
2305 932 2496 986 bonus
2523 932 2595 986 ad
2628 933 2826 987 omnia
2854 938 2909 989 et
2940 933 2998 989 in
3041 936 3318 992 omnibus
3357 941 3465 992 est.

2775 1023 3008 1078 CAPUT
3049 1024 3145 1079 III.

2140 1092 2320 1168 Fulcrz'
2361 1093 2686 1161 l’mpheturn
2741 1111 2798 1147 se
2856 1104 3068 1149 tantum
3126 1112 3234 1150 non
3292 1113 3404 1152 esse
3449 1099 3779 1168 prolapsum,

2211 1163 2350 1216 dum
2377 1169 2720 1232 peccatorum
2749 1183 2939 1236 pacem
2965 1169 3322 1222 aemularetur
3339 1187 3357 1222 :
3379 1163 3664 1237 duplicem
3681 1185 3784 1224 esse

2207 1250 2417 1311 parm“,
2453 1238 2554 1311 sed
2583 1253 2706 1311 eam
2734 1253 2854 1305 quae
2876 1238 3274 1308 offendicula»:
3333 1239 3515 1306 habet,
3577 1242 3783 1311 fugien-

2208 1306 2364 1371 dum;
2398 1307 2614 1380 uallum
2645 1310 2700 1360 in
2734 1306 2936 1380 morte"
2944 1320 3290 1380 peccatorum
3346 1306 3596 1368 levamen
3642 1306 3777 1377 esse;

2207 1392 2321 1456 non
2340 1377 2594 1456 prodesse
2621 1379 2842 1447 ﬂagella
2866 1377 2985 1456 post
3011 1384 3235 1437 mortem
3293 1383 3546 1454 exemplo
3592 1384 3786 1456 ῥαγδανὶ

2210 1449 2478 1524 adivitis
2511 1449 2922 1524 demonstrari;
2984 1457 3254 1522 quantum
3305 1449 3686 1524 vero'prosint
3731 1456 3784 1507 in

2213 1521 2347 1584 vita,
2382 1520 2638 1595 humilem
2665 1538 2730 1595 ac
2772 1523 2967 1595 Iubam
2993 1520 3344 1595 patefacere;
3403 1520 3630 1580 dimum
3674 1541 3786 1595 per-

2209 1599 2365 1676 petuo
2386 1608 2494 1671 ι’,ξειξ
2514 1593 2889 1676 /:'(tgellundes,
2912 1593 3111 1664 qui’hz'c
3131 1595 3403 1676 ﬂqgeilati
3419 1612 3529 1651 non

2208 1665 2269 1740 δί
2299 1661 2551 1740 Denique
2586 1661 2967 1740 sequentibus
3001 1661 3239 1737 expenit
3285 1667 3412 1740 ipse
3468 1661 3615 1740 quid
3667 1685 3784 1723 sen-

2140 1732 2299 1795 serit,
2333 1733 2606 1789 dieentlo:
2643 1732 2683 1782 κ’
2707 1735 2816 1790 Mei
2847 1742 3040 1791 autem
3066 1732 3212 1808 pene
3243 1732 3384 1793 moti
3415 1732 3558 1794 sunt
3590 1740 3785 1812 pedes,

2063 1856 2110 1920 Β
2143 1822 2313 1890 paulo
2346 1821 2540 1876 minus
2570 1823 2737 1876 effusi
2775 1829 2911 1878 sunt
2967 1840 3208 1897 gressus
3239 1825 3387 1892 mei;
3421 1825 3564 1898 quia
3615 1827 3787 1883 zelavi

2147 1907 2202 1962 in
2239 1910 2660 1980 peccatoribus,
2694 1927 2891 1984 pacem
2927 1918 3298 1984 peccatorum
3355 1915 3564 1971 videns
3621 1917 3788 1987 (Paul.

2147 2013 2319 2064 Lxxn,
2353 2005 2406 2064 2,
2437 2000 2512 2070 3).
2545 2022 2571 2047 ››
2603 1999 2728 2055 Non
2760 1991 2965 2072 utique
3014 2001 3192 2074 pedes
3223 2003 3485 2075 corporis
3540 2003 3792 2077 appellat

2143 2105 2405 2160 gressus,
2439 2088 2537 2142 sed
2571 2089 2950 2145 directionem
3006 2092 3220 2146 mentis
3266 2097 3325 2147 et
3369 2107 3670 2164 gressum,
3729 2093 3794 2150 de

2144 2193 2259 2248 quo
2291 2176 2426 2231 alibi
2461 2177 2628 2233 dicit:
2664 2202 2689 2227 α
2725 2179 2848 2234 Non
2881 2180 3072 2235 veniat
3112 2179 3259 2235 mihi
3319 2197 3423 2254 pes
3479 2182 3790 2254 superbiae,

2146 2271 2202 2320 et
2261 2283 2471 2321 manus
2528 2271 2894 2338 peccatorum
2955 2285 3071 2324 non
3130 2273 3358 2325 moveat
3448 2288 3544 2326 me
3617 2271 3790 2342 (Psal.
3863 2319 3866 2322 ἠ

2147 2371 2312 2421 xxxv,
2349 2357 2454 2425 42).
2494 2377 2521 2405 »
2555 2356 2687 2410 Ideo
2719 2373 2949 2429 semper
2977 2343 3425 2429 petendum'est
3479 2364 3545 2414 ut
3583 2360 3796 2434 dirigat

2151 2444 2434 2499 Dominus
2465 2450 2796 2501 nostrorum
2829 2446 3162 2502 animorum
3193 2445 3460 2520 vestigia,
3497 2465 3573 2504 ne
3601 2447 3795 2505 laban-

2147 2539 2263 2600 tur,
2296 2537 2352 2588 et
2382 2533 2602 2588 lubrico
2641 2536 2894 2606 quodam
2925 2536 3146 2592 erroris
3173 2537 3358 2592 effusa
3411 2537 3794 2594 stabilitatem

2148 2622 2239 2676 sui
2269 2627 2460 2678 tenere
2482 2639 2594 2676 non
2629 2623 2875 2694 possint.
2919 2623 3313 2696 Prolapsionis
3371 2632 3576 2682 autem
3619 2643 3796 2683 causa

2147 2727 2215 2766 ea
2245 2715 2352 2779 est,
2387 2713 2543 2783 quod
2577 2729 2778 2784 pacem
2811 2712 3121 2770 aemulatus
3150 2717 3238 2770 est
3266 2719 3664 2786 peccatorum.
3702 2716 3796 2771 E-

2150 2799 2358 2855 mulari
2391 2805 2586 2856 autem
2618 2802 2897 2858 debemus
2923 2819 3051 2875 quae
3083 2804 3236 2858 bona
3255 2807 3414 2870 sunt,
3442 2820 3559 2858 non
3582 2821 3793 2878 eaque

2150 2889 2322 2962 plena
2352 2889 2680 2957 dedecoris;
2714 2891 2862 2946 sicut
2895 2899 2950 2947 et
2981 2891 3196 2948 Paulus
3227 2892 3533 2964 apostolus
3562 2911 3798 2968 expres-

2149 2979 2228 3034 sit
2257 2979 2486 3036 dicens:
2521 3002 2549 3030 «
2574 2979 2800 3036 Bonum
2847 2985 2938 3036 est
2973 2985 3170 3037 autem
3228 2981 3496 3038 aemulari
3534 2981 3596 3038 in
3649 2984 3797 3040 bono

2150 3085 2382 3140 semper
2411 3068 2610 3137 (Galat.
2648 3087 2725 3137 IV,
2758 3071 2866 3139 18).
2894 3091 2922 3118 ν)

2220 3161 2275 3213 6.
2309 3158 2422 3214 Nec
2451 3163 2508 3214 te
2546 3162 2775 3214 moveat
2804 3160 2960 3230 quod
3003 3176 3205 3232 pacem
3255 3161 3314 3215 in
3369 3159 3528 3218 malo
3577 3162 3796 3234 posuit.

397 3265 488 3319 est
517 3259 710 3316 Deus?
742 3259 840 3315 Ille
880 3257 1114 3330 quidem
1165 3232 1441 3309 omnibus
1499 3250 1688 3306 bonus
1743 3253 1850 3315 est,
1899 3248 2038 3320 quia
2069 3232 2110 3297 C
2149 3248 2409 3320 Denique
2439 3252 2496 3304 et
2525 3249 2585 3302 in
2615 3247 2926 3320 Evangelio
2955 3248 3136 3305 habes
3163 3266 3290 3306 esse
3337 3232 3598 3322 pacem;
3621 3267 3800 3324 quam

395 3351 658 3412 Salvator
685 3355 774 3407 est
802 3349 1088 3412 omnium,
1149 3343 1401 3400 maxime
1453 3338 1752 3405 fidelium;
1805 3342 1860 3392 et
1910 3335 2040 3393 ideo

393 3441 554 3498 venit
609 3439 892 3498 Dominus
946 3439 1142 3502 Jesus,
1203 3440 1266 3490 ut
1323 3430 1550 3487 salvum
1617 3429 1828 3484 faceret
1883 3427 2038 3499 quod

394 3530 672 3602 perierat:
705 3529 858 3585 venit
889 3529 1044 3583 enim
1076 3529 1141 3580 ut
1169 3527 1471 3596 peceatum
1531 3516 1736 3574 mundi
1789 3515 2034 3584 tolleret,

349 3609 356 3614 ’
390 3617 633 3675 vulnera
663 3623 863 3676 nostra
891 3620 1138 3674 curaret.
1171 3613 1281 3668 Sed
1323 3610 1458 3683 quia
1509 3625 1623 3663 non
1643 3622 1858 3682 omnes
1914 3621 2036 3661 me-

390 3706 646 3764 dicinam
681 3709 957 3780 expetunt
987 3705 1088 3758 sed
1115 3701 1376 3774 plerique
1421 3697 1737 3769 refugiunt,
1779 3711 1851 3749 ne
1907 3710 2035 3748 me-

389 3795 736 3857 dicamentis
767 3796 1196 3866 compungatur
1223 3789 1308 3844 vis
1341 3787 1572 3852 ulceris,
1606 3785 1734 3841 ideo
1772 3783 2031 3839 volentes

386 3890 574 3952 curat,
602 3902 719 3942 non
751 3882 1026 3956 astringit
1053 3879 1282 3936 invitos.
1317 3875 1625 3947 Accipiunt
1655 3873 1834 3946 igitur
1873 3871 2030 3926 sani-

385 3979 566 4032 tatem
596 3973 696 4046 qui
757 3971 1106 4030 medicinam
1165 3971 1475 4040 expetunt:
1536 3962 1618 4018 illi
1674 3967 1867 4018 autem
1929 3961 2030 4032 qui

382 4062 640 4120 refutant
669 4061 962 4118 medicum
997 4076 1101 4117 nec
1125 4057 1449 4130 requirunt,
1475 4053 1794 4108 bonitatem
1817 4048 2028 4106 medici

381 4169 561 4226 quam
592 4170 705 4209 non
734 4151 1132 4224 experiuntur,
1166 4146 1380 4203 sentire
1428 4160 1544 4198 non
1601 4144 1867 4216 possunt.
1919 4139 2026 4206 Qui

382 4246 578 4299 autem
605 4246 862 4309 curatur,
899 4239 1072 4296 etiam
1107 4241 1386 4301 sanatur;
1421 4233 1665 4304 ideoque
1703 4230 1797 4285 his
1837 4229 2025 4284 bonus

2151 3338 2376 3410 respuit
2402 3336 2690 3404 Christus,
2724 3344 2791 3392 ut
2847 3338 2972 3410 ipse
3001 3337 3110 3394 ait:
3144 3361 3172 3388 «
3205 3342 3415 3395 Pacem
3472 3357 3664 3396 meam
3717 3357 3800 3396 re-

2146 3425 2349 3498 linquo
2381 3426 2564 3495 vobis,
2599 3443 2797 3498 pacem
2831 3443 3023 3482 meam
3080 3427 3154 3482 do
3211 3427 3414 3484 vobis:
3473 3447 3588 3485 non
3643 3431 3800 3484 sicut

2147 3516 2406 3571 mundus
2437 3516 2556 3582 dat,
2589 3531 2694 3588 ego
2740 3516 2812 3571 do
2841 3515 3006 3572 vobis
3062 3517 3238 3584 (Jama.
3290 3534 3408 3586 xlv,
3462 3519 3579 3586 27).
3611 3541 3642 3568 ››
3699 3519 3800 3573 Est

2145 3605 2304 3660 enim
2335 3622 2445 3678 pax
2473 3621 2599 3677 qua:
2631 3621 2743 3659 non
2775 3603 2950 3660 habet
2969 3603 3525 3670 offendiculum,est
3540 3623 3672 3678 quae
3694 3606 3799 3661 ha-

2144 3693 2270 3750 bet:
2303 3711 2433 3766 quae
2463 3711 2530 3749 ex
2560 3693 2865 3749 dilectione
2893 3698 3000 3760 est,
3033 3711 3149 3749 non
3174 3694 3351 3750 habet
3370 3695 3801 3751 oﬂ'endiculum

2143 3801 2269 3856 quae
2300 3801 2368 3838 ex
2401 3782 2794 3850 simulatione,
2827 3781 3023 3838 habet.
3057 3783 3260 3839 ldeoet
3289 3783 3582 3856 propheta
3607 3785 3800 3839 dicit:

2142 3895 2168 3921 «
2207 3873 2338 3940 Pax,
2361 3889 2501 3944 pax;
2537 3877 2593 3926 et
2623 3871 2722 3926 ubi
2749 3875 2839 3926 est
2871 3887 2982 3944 pax
3013 3873 3222 3944 (Ezech.
3267 3888 3395 3940 xm,
3465 3871 3594 3942 10)?
3619 3871 3812 3926 u'Re-

2141 3961 2436 4034 fugiamus
2451 3977 2586 4033 ergo
2607 3977 2808 4033 pacem
2829 3966 3233 4032 peccatorum;
3265 3961 3608 4034 conspirant
3636 3961 3808 4016 enim

2137 4051 2417 4106 adversus
2448 4050 2838 4116 innocentem,
2871 4053 3082 4104 coeunt
3108 4049 3414 4124 atjustum
3430 4050 3808 4122 opprimant,

2136 4139 2369 4194 viduam
2403 4138 2792 4196 exterminant
2820 4137 2906 4194 vel
2941 4143 3274 4212 expugnent
3302 4139 3433 4208 ejus
3453 4139 3780 4210 pudorem.

2207 4231 2260 4282 7.
2297 4229 2360 4282 Et
2394 4229 2523 4283 ideo
2583 4251 2610 4277 «
2663 4245 2778 4282 non
2837 4230 2926 4284 est
2979 4225 3296 4282 reclinatio
3357 4226 3534 4282 morti
3584 4239 3807 4281 eorum

2134 4319 2304 4390 (Psal.
2356 4333 2526 4381 Lxxu,
2593 4317 2675 4386 li):
2719 4333 2832 4371 non
2891 4315 3204 4382 declinatio,
3267 4319 3332 4370 ut
3380 4313 3658 4386 plerique
3712 4329 3810 4368 eo-

377 4420 552 4491 Deus,
585 4421 800 4495 quibus
827 4401 1066 4492 peccata
1093 4413 1364 4480 donavit;
1397 4411 1496 4484 qui
1529 4413 1725 4465 autem
1783 4407 2021 4463 insana-
2131 4408 2289 4464 dices
2319 4405 2484 4462 latini
2516 4404 2716 4476 scripti
2749 4408 2908 4495 sunt,
2940 4404 3040 4460 sed
3071 4404 3364 4495 reclinatio
3385 4403 3520 4474 (25).
3546 4401 3811 4495 Quando

381 4509 494 4572 bile
521 4490 1028 4580 peccatumihabet
1046 4503 1260 4560 mentis
1317 4518 1434 4557 suze
1489 4499 1702 4564 ulcere,
1729 4497 2021 4570 quomodo
2129 4495 2287 4552 enim
2319 4495 2678 4560 laboramus,
2710 4498 2766 4548 et
2793 4493 3173 4549 incurvamur
3219 4493 3291 4548 ad
3322 4509 3474 4565 opus
3520 4490 3809 4564 aliquod,

375 4603 568 4672 potest
598 4597 889 4654 medicum
929 4595 1147 4650 bonum
1178 4591 1486 4654 aestimare,
1533 4603 1708 4660 quem
1766 4584 2018 4658 refugit?
2047 4611 2094 4676 Β
2127 4590 2301 4656 atque
2331 4582 2704 4652 inclinamur,
2739 4599 2844 4637 nos
2875 4580 3162 4638 reclinare
3188 4580 3610 4637 consuevimus
3663 4595 3808 4652 pec-

373 4669 624 4746 I’ulchre
655 4686 851 4758 itaque
880 4683 1213 4756 Apostolus,
1237 4674 2017 4752 utpraemisimus,explana-
2047 4669 2086 4676 ⁷
2123 4679 2348 4730 catores
2377 4676 2572 4728 autem
2603 4672 2869 4744 gravium
2899 4670 3121 4726 scilicet
3150 4669 3521 4734 delictorum,
3553 4671 3622 4724 et
3672 4686 3816 4758 ina-

371 4778 472 4848 vit,
506 4775 646 4850 quia
675 4780 732 4832 et
762 4757 1040 4830 omnibus
1095 4772 1283 4827 bonus
1337 4773 1427 4824 est
1473 4767 1649 4832 Deus,
1689 4785 1710 4814 α
1745 4764 1840 4836 qui
1892 4762 2016 4818 vult
2120 4763 2276 4817 xime
2301 4761 2487 4833 impii,
2521 4777 2583 4816 se
2627 4759 2907 4816 reclinare
2939 4776 3053 4816 non
3118 4762 3411 4832 possunt;
3445 4759 3516 4813 de
3562 4757 3810 4830 quibus

368 4845 574 4925 omnes
603 4865 872 4923 homines
903 4863 1094 4920 salvos
1125 4861 1246 4916 fieri
1278 4861 1350 4932 (II
1383 4861 1516 4914 Tim.
1550 4874 1611 4921 ιι,
1647 4857 1699 4926 4)
1731 4877 1759 4905 ››
1793 4858 1850 4910 et
1889 4869 2011 4908 ma-
2123 4852 2344 4906 dictum
2376 4854 2491 4906 est:
2528 4872 2555 4898 ‹‹
2597 4849 2667 4904 Et
2695 4849 2940 4904 dorsum
2990 4847 3225 4904 illorum
3253 4863 3489 4920 semper
3533 4845 3811 4902 incurva

379 4336 469 4388 est
499 4331 783 4400 medicus,
825 4345 972 4402 quos
1027 4325 1272 4384 sanavit.
1305 4323 1406 4378 His
1455 4321 1634 4393 igitur
1689 4320 1880 4375 bonus
1935 4320 2026 4374 est

2123 4993 2332 5050 corpus
2363 4973 2744 5050 reclinanms,
2774 4973 2882 5028 hoc
2899 4977 3019 5050 est,
3059 4972 3379 5050 erigimus;
3433 4986 3501 5026 ea
3551 4969 3806 5050 quippe

2120 5050 2206 5104 vis
2225 5043 2324 5104 'cst
2354 5044 2784 5119 praepositionis
2811 5061 2868 5119 re
2896 5045 2954 5119 in
2995 5043 3433 5119 compositione
3457 5043 3807 5119 verborum

2121 5127 2178 5174 ut
2215 5120 2296 5175 eis
2331 5113 2444 5173 n'nn
2477 5113 2606 5172 raro
2637 5113 3530 5187 signiticationem'simplieibus
3552 5115 3805 5187 verbis,

361 5186 1165 5275 etiam'hnuumerari‘potest
1191 5199 1590 5275 Theudor-etus
1607 5213 1620 5262 ;
1637 5186 1825 5275 .huic'
1853 5194 2007 5275 e‘uim
2119 5200 2219 5248 aut
2236 5191 2447 5275 etiam,
2479 5206 2546 5275 ex
2563 5186 3217 5275 praepositionibuscum
3239 5186 3296 5275 et
3311 5188 3381 5267 in
3400 5186 3805 5275 compositis,

363 5258 910 5351 vox
945 5258 1155 5344 legitur
1209 5272 1362 5344 apud
1429 5267 1570 5351 ΙΑξέΧ
1595 5258 1798 5351 ,⁷1ἀθῃῖι
1839 5264 2009 5351 plane
2118 5263 2474 5351 contrax-iatn
2501 5258 2753 5351 tribuat‘;
2787 5265 2852 5313 ut
2882 5262 3038 5340 patet
3079 5258 3138 5313 in
3169 5258 3692 5351 verbisnsig‘ug3L
3711 5275 3806 5313 re-

361 5329 1278 5420 signiii'catjemneatu-$1169:qu
1334 5341 1657 5412 repzuliutio,
1681 5407 1726 5420 υ
1747 5337 1804 5390 id
1841 5329 1854 5336 ’
1897 5341 2004 5420 est,
2117 5338 2322 5420 signo;
2350 5337 2614 5420 contego,
2639 5337 2848 5420 “retego
2871 5329 3341 5420 {iunuotreuum
3365 5329 3800 5420 et‘sinli‘ljbusj.

363 5398 886 5477 ἐξ)Ἤὶἑὲιῖιίιεῖἷῶ
904 5398 1620 5484 eiiiéii'ixiiiiime‘puca.
1647 5398 1654 5402 ⁷
1679 5407 1824 5484 Non
1857 5398 2005 5462 male
2114 5398 2270 5484 Alias
2307 5398 2486 5476 hujus
2521 5398 2652 5484 ilo—ci
2685 5398 3061 5484 differentias
3111 5400 3373 5484 inunotis
3402 5398 3672 5484 .l‘iobilii
3726 5400 3804 5484 ad

361 5468 569 5545 iéiéxii'
600 5468 1069 5545 ’i'ti"i1£i£déi6‘
1089 5468 1335 5542 reddita
1389 5468 1479 5539 est
1531 5499 1639 5553 per
1688 5479 2004 5553 dictionem
2115 5468 2918 5553 hune'yersum,_et.iulocis_
2936 5471 3311 5553 variantibus.
3358 5468 3592 5553 ultimae
3629 5474 3802 5553 _edi-

357 5541 1256 5632 recliawatieisiquidemverbium
1298 5564 1423 5611 νεύω
1442 5541 1679 5632 prdprie
1711 5551 2003 5632 actionem
2113 5547 2267 5632 tioni
2288 5543 2850 5630 Commentariorum
2883 5543 2940 5601 S.
2999 5542 3315 5618 Augustini
3383 5541 3444 5598 in
3499 5541 3800 5614 psalmos

360 5627 558 5697 signat
585 5618 703 5698 qua
729 5618 1409 5698 cérpusinﬂectimusac
1439 5618 1824 5698 inclinamus:
1860 5625 2003 5698 ἀνα-
2113 5618 2366 5694 praeﬁxis
2395 5618 2677 5675 invenies.

363 5692 490 5758 νιῦω
521 5692 716 5753 autem
749 5692 1100 5754 contrariam
1155 5692 1440 5753 actionem
1493 5710 1611 5766 qua
1657 5692 2000 5751 inclinatum

436 4994 552 5064 (25)
584 4993 801 5050 Revera
819 4989 1022 5062 scripti
1053 4985 1502 5064 codices_Bom.,
1537 4979 1792 5064 Med_iol.,
1815 4980 2008 5045 Carn.,

365 5056 689 5125 secundum
720 5056 998 5148 grtecurii,
1029 5065 1086 5148 et
1116 5076 1250 5142 cum
1284 5057 1375 5110 his
1410 5056 1814 5148 ‘Augustinus,
1865 5068 2011 5148 pra:-

363 5139 578 5203 ferunt,
643 5133 756 5192 τιοῆ
809 5141 888 5190 es!
937 5133 1227 5188 declinatio
1283 5133 1444 5203 morti
1501 5141 1757 5203 (301%qu
1795 5133 2010 5202 (1"“103
