3866 6212
120 370 223 451 881

890 372 991 439 DE
1033 372 1772 483 INTERPELLATlONE
1995 374 2095 442 ET
2138 374 2400 444 DAVID.
2445 374 2597 445 LIB.
2641 371 2745 443 ῙῙῙ.

3388 368 3509 469 sse

149 453 195 477 ιγ

122 506 282 580 (Pszt.
314 522 516 579 xxviii,
548 508 659 582 24).
699 531 727 559 ››
757 508 880 566 Non
913 510 1069 566 enim
1098 526 1159 565 se
1197 509 1429 583 erigunt
1458 511 1528 565 ad
1563 510 1758 565 rmles-
1794 510 1839 576 Α
1872 513 2006 582 quis
2032 512 2279 569 voluerit
2310 514 2366 568 in
2399 514 2570 570 nobis
2598 516 2814 580 tenere,
2846 509 3140 569 remittere
3178 526 3287 569 nos
3346 509 3513 582 operi

121 596 218 663 tia,
250 595 349 669 qui
381 595 613 654 Christo
645 615 761 654 non
804 597 1195 655 adhaeserunt.
1232 598 1297 653 Et
1326 599 1454 654 ideo
1514 618 1615 654 uec
1674 617 1760 653 re-

122 691 365 759 surgunt
394 703 532 742 cum
564 704 651 754 eo,
686 704 933 760 quorum
969 705 1124 742 mors
1149 687 1423 759 pessima,
1446 688 1598 744 sicut
1620 687 1762 743 scri-

122 780 282 849 ptum
316 779 438 841 est;
474 799 503 826 ‹‹
537 776 690 833 Mors
719 770 1083 851 peccatorum
1117 777 1367 848 pessima
1398 777 1763 846 (Psal.xxxm

114 868 223 936 22).
270 885 299 913 ››
356 863 459 929 Qui
523 869 717 921 autem
771 865 1002 922 Christo
1024 865 1423 931 commoritur,
1456 870 1512 920 et
1559 881 1760 921 conse-

122 953 330 1027 pelitur
348 970 483 1008 cum
506 953 627 1021 illo,
654 971 767 1009 non
791 955 981 1010 solum
1006 953 1453 1019 reclinatur,scd
1477 954 1653 1009 etiam
1681 971 1765 1009 re-

122 1040 453 1099 s'uscitatur.
482 1047 558 1100 De
581 1060 696 1115 quo
719 1042 961 1115 pulchre
983 1043 1127 1098 illud
1173 1044 1438 1097 convenit
1486 1043 1708 1098 dictum
1745 1061 1757 1098 :

122 1131 520 1187 «Universum
561 1137 808 1188 stratum
843 1133 1084 1189 versasti
1130 1132 1188 1187 in
1240 1132 1580 1187 infirmitate
1634 1132 1762 1203 ejus

119 1222 288 1290 (Psat.
314 1239 405 1287 XL,
426 1222 477 1293 4)
513 1240 525 1290 ;
554 1242 581 1269 ››
605 1221 856 1277 maxime
880 1222 928 1277 si
954 1225 1173 1293 martyr
1194 1221 1288 1287 sit,
1314 1222 1485 1291 cujus
1517 1221 1761 1275 inﬁrmi-

118 1314 206 1366 tas
227 1309 499 1383 passione
521 1310 784 1374 solvitur,
812 1328 968 1366 mors
992 1310 1439 1366 resurrectione.

189 1400 341 1456 665
373 1402 426 1455 8.
459 1400 730 1455 Vidimus
763 1398 926 1454 illum
962 1400 1197 1454 divitem
1231 1399 1326 1470 qui
1360 1398 1602 1454 indutus
1626 1416 1759 1471 pur-

119 1494 266 1562 piira
296 1494 353 1545 'et
382 1489 556 1561 bysso
582 1487 640 1543 in
675 1488 784 1545 hoc
811 1489 1022 1545 saeculo
1049 1487 1443 1554 recumbebat,
1479 1491 1535 1542 et
1564 1487 1760 1559 epula-

118 1578 293 1634 batur
325 1578 586 1651 quotidie
617 1577 940 1650 splendide,
975 1578 1046 1633 de
1077 1578 1246 1648 cujus
1278 1593 1481 1632 mensa
1511 1594 1637 1648 qua)
1669 1593 1762 1631 ea-

118 1667 335 1723 debant
364 1682 587 1740 pauper
618 1667 869 1722 Lazarus
901 1664 1229 1740 colligebat,
1262 1665 1761 1738 quemadmodum

118 1756 177 1812 in
213 1755 521 1811 tormentis
555 1755 800 1826 positus,
834 1754 893 1809 in
926 1755 1153 1809 inferno
1196 1771 1256 1809 se
1306 1753 1588 1810 reclinare
1645 1769 1761 1807 non

116 1848 377 1917 poterat;
403 1846 503 1899 sed
536 1844 629 1899 vix
659 1844 728 1899 ad
763 1843 1078 1906 Abraham,
1111 1861 1225 1899 non
1278 1848 1468 1899 totum
1520 1859 1603 1911 se,
1660 1842 1761 1897 sed

117 1933 275 1990 solos
305 1932 507 1988 oculos
537 1932 816 2005 erigebat,
851 1948 1064 2006 rogans
1087 1936 1151 1987 ut
1178 1932 1433 1987 mitteret
1455 1931 1760 1995 Lazarum,

117 2022 218 2096 qui
247 2025 568 2077 extremum
601 2021 768 2093 digiti
803 2021 891 2076 sui
926 2021 986 2076 in
1016 2038 1227 2093 aquam
1261 2020 1528 2092 tiugeret,
1563 2024 1621 2075 et
1646 2018 1758 2074 lin-

114 2128 295 2186 guam
327 2112 455 2183 ejus
486 2111 853 2183 refrigeraret
876 2111 1026 2183 (Luc.
1058 2129 1177 2178 xv1,
1214 2110 1426 2181 49-24).
1487 2109 1634 2181 Ergo
1694 2107 1762 2162 il-

115 2200 236 2257 lius
268 2199 439 2255 morti
474 2198 770 2255 reclinalio
802 2217 918 2255 non
941 2203 1082 2269 erat,
1106 2215 1210 2254 nec
1244 2199 1680 2253 ﬁrmamentum
1704 2196 1763 2251 in

114 2289 293 2367 plaga
324 2289 451 2359 ejus
482 2289 649 2361 (Psal.
686 2306 858 2354 Lxxu,
889 2288 962 2357 4).
998 2287 1153 2343 Nihil
1186 2287 1342 2343 enim
1369 2290 1617 2359 prosunt
1661 2286 1762 2341 ﬂa-

111 2378 274 2453 gella
303 2382 435 2446 post
464 2382 733 2433 mortem.

186 2470 243 2523 9.
276 2468 344 2522 Et
374 2467 501 2522 ideo
528 2467 706 2521 David
740 2467 880 2522 dum
913 2470 1067 2522 esset
1098 2466 1156 2520 in
1186 2464 1360 2521 istius
1389 2464 1648 2536 corporis
1691 2463 1766 2518 vi-

109 2563 195 2626 ta,
219 2556 279 2611 in
307 2555 531 2627 flagella
554 2572 614 2610 se
636 2555 1018 2631 prmparabat,
1043 2559 1109 2609 ut
1125 2570 1260 2609 cum
1298 2552 1584 2608 Dominus
1620 2552 1762 2607 reci-

109 2650 278 2719 peret
301 2645 671 2716 castigatum.
697 2644 1011 2699 Considera
1047 2643 1258 2698 iterum
1308 2641 1453 2697 mihi
1496 2646 1761 2697 sanctum

109 2732 364 2806 Job,qui
394 2733 663 2805 perfusus
686 2736 810 2787 erat
848 2731 1161 2799 ulceribus,
1200 2735 1257 2786 et
1325 2730 1765 2786 concutiebatur

111 2822 397 2879 omnibus
421 2819 722 2881 membris,
747 2825 804 2875 et
828 2820 1036 2892 plenus
1060 2824 1175 2874 erat
1203 2819 1378 2873 totius
1404 2818 1762 2891 corporissui

110 2910 443 2975 doloribus,
467 2909 668 2982 glebas
691 2913 858 2964 terrm
884 2908 1190 2964 vulnerum
1237 2924 1475 2963 suorum
1501 2907 1663 2963 sanie
1709 2911 1765 2962 et

111 3001 369 3056 humore
386 2996 737 3063 dissolvens,
762 2998 1259 3069 quemadmadum
1298 3014 1431 3052 cum
1453 3012 1515 3051 se
1536 2995 1596 3051 in
1654 2996 1763 3050 hoc

109 3104 361 3161 oorpore
378 3087 606 3159 positus
623 3085 903 3142 reclinare
926 3103 1039 3141 non
1063 3090 1278 3158 posset,
1326 3085 1585 3157 requiem
1610 3102 1763 3140 mor-

110 3178 194 3235 tis
216 3175 508 3233 invenerit
536 3193 549 3243 ;
576 3175 818 3247 ideoque
839 3175 1107 3231 conscius
1131 3175 1221 3230 sui
1244 3175 1427 3230 dixit:
1458 3194 1483 3226 ¢
1504 3175 1658 3230 Mors
1679 3174 1761 3228 vi—

109 3284 177 3324 ro
201 3264 437 3338 requies
460 3265 575 3337 (Job
600 3282 681 3332 1n,
704 3243 820 3333 i3.)
846 3287 871 3313 η
892 3265 947 3320 Is
968 3263 1215 3337 igiturin
1240 3263 1411 3336 plaga
1428 3280 1542 3319 non
1565 3267 1759 3319 motus
1793 3243 1835 3312 (ἶ

106 3360 223 3425 est,
250 3371 358 3411 nec
379 3353 603 3408 nutavit
619 3352 905 3409 sermonis
931 3352 1019 3408 sui
1044 3352 1287 3419 lubrico,
1306 3352 1403 3424 qui
1427 3352 1487 3406 in
1510 3351 1623 3407 illis
1645 3368 1763 3407 om-

106 3445 298 3501 nibus
318 3442 464 3499 nihil
488 3442 744 3515 peccavit
765 3441 940 3498 labiis
960 3442 1265 3498 suis.sicut
1277 3441 1575 3514 Scriptura
1596 3444 1765 3497 testa-

104 3532 347 3603 tur(Job
384 3549 444 3597 ll,
479 3531 566 3602 10)
600 3549 612 3585 :
643 3530 743 3586 sed
770 3531 960 3603 magis
984 3529 1164 3602 plagae
1196 3547 1314 3584 suae
1338 3530 1551 3601 reperit
1574 3530 1766 3584 firma-

107 3624 413 3686 mentum,
436 3636 539 3691 per
569 3636 745 3690 quam
778 3619 1158 3674 confirmatus
1186 3618 1244 3673 in
1277 3618 1499 3674 Christo
1525 3622 1631 3673 est.
1666 3619 1765 3673 Er-

105 3728 185 3785 go
218 3714 281 3766 et
311 3709 423 3764 Job
457 3713 515 3764 et
544 3707 744 3773 David,
778 3707 917 3781 quia
946 3707 1038 3762 hic
1072 3707 1348 3779 flagellati
1380 3710 1538 3774 sunt,
1572 3707 1766 3762 ﬁrma-

106 3803 389 3855 mentum
418 3797 752 3852 habuerunt
778 3797 836 3852 in
861 3797 1030 3870 plaga
1052 3814 1158 3852 sua
1186 3814 1199 3863 ;
1223 3796 1362 3868 quia
1392 3795 1646 3869 flagellat
1670 3812 1768 3867 pa-

104 3892 205 3943 ter
239 3886 430 3942 ﬁlium
456 3903 627 3958 quem
647 3885 896 3958 suscipit
922 3903 934 3939 :
961 3885 1061 3957 qui
1113 3890 1308 3941 autem
1368 3885 1462 3940 hic
1496 3901 1609 3939 non
1664 3885 1771 3938 fla—

103 3976 437 4049 gellantur,
462 3974 541 4029 ibi
575 3991 689 4030 non
740 3975 1137 4047 suscipientur
1174 3977 1240 4028 ut
1264 3973 1387 4027 filii.
1432 3974 1683 4044 Ideoque
1714 3972 1770 4027 in

113 4065 434 4123 laboribus
474 4064 781 4119 hominum
809 4080 924 4119 non
966 4066 1122 4132 sunt,
1151 4068 1208 4118 et
1255 4079 1389 4117 cum
1436 4061 1777 4117 hominibus

118 4173 243 4211 non
278 4152 926 4226 ﬂagellabuntur(l’sat.
961 4169 1132 4220 Lxxn,
1157 4153 1212 4219 5)
1249 4169 1315 4217 ;n
1340 4155 1402 4205 ut
1424 4149 1481 4204 in
1505 4152 1775 4222 perpetu-

120 4258 230 4297 um
258 4256 395 4295 cum
417 4237 649 4295 diabolo
682 4238 1049 4311 flagellentur
1074 4239 1232 4309 (Ibid.
1269 4238 1348 4307 6).

386 4336 389 4341 ‘
768 4326 1002 4382 CAPUT
1044 4326 1134 4381 IV.

1874 607 1976 669 tet,
2003 622 2071 659 ne
2105 604 2343 675 incipiat
2373 602 2731 674 injudicium
2756 601 2952 658 venire
2982 600 3286 657 nobiscum
3328 617 3345 665 ;
3376 606 3433 655 et
3460 597 3510 657 si

1873 692 2003 764 quis
2035 693 2292 748 tunicam
2322 696 2582 747 nostram
2614 708 2787 764 quam
2824 689 3157 762 accepimus
3189 687 3512 763 spiritalem

1873 782 2099 837 auferre
2129 786 2392 846 conetur,
2417 780 2648 837 remitte
2680 779 2925 853 pallium
2960 778 3308 851 iniquitatis,
3345 788 3514 832 sume

1872 870 2298 943 operimentum
2330 870 2460 924 ﬁdei
2493 872 2664 941 atque
2696 868 3005 941 patientire,
3057 880 3171 939 quo
3203 878 3265 921 se
3331 865 3510 923 David

1873 959 2165 1031 operiebat
2188 960 2243 1013 in
2269 958 2516 1029 jejunio,
2538 975 2610 1013 ne
2640 959 2933 1013 amitteret
2965 956 3344 1029 integimenta
3398 952 3512 1009 vir-

1871 1048 2034 1103 tutis.
2069 1050 2265 1120 lpsum
2294 1047 2587 1119 jejunium
2621 1047 3047 1118 operimentum
3082 1050 3190 1101 est.
3252 1044 3514 1115 Denique

1873 1136 1984 1191 nisi
2019 1141 2285 1191 sanctum
2318 1135 2534 1208 Joseph
2568 1131 3516 1207 texissetjejunasobrietas,adul-

1872 1230 2007 1281 term
2042 1225 2381 1298 protervitas
2413 1224 2686 1280 exuisset.
2720 1226 2841 1291 Quo
2866 1223 3093 1295 jejunio
3124 1222 3173 1278 si
3205 1239 3268 1279 se
3320 1226 3515 1294 tegere

1871 1314 2151 1370 voluisset
2173 1315 2378 1380 Adam,
2412 1314 2607 1369 nudus
2638 1330 2752 1369 non
2813 1313 3020 1368 fuisset
3076 1312 3363 1367 effectus.‘
3398 1310 3511 1366 Sed

1874 1403 2013 1477 quia
2043 1405 2115 1458 de
2144 1402 2303 1475 ligno
2336 1402 2589 1458 scientiae
2620 1402 2756 1457 boni
2796 1406 2853 1457 et
2883 1400 3021 1456 mali
3079 1404 3283 1455 contra
3336 1399 3513 1455 inter-

1872 1493 2093 1548 dictum
2125 1492 2357 1547 caeleste
2397 1491 2669 1564 gustavit,
2703 1494 2757 1545 et
2814 1490 3166 1562 imperatum
3215 1488 3510 1560 jejunium

1874 1581 2284 1654 przevaricatus
2315 1584 2403 1637 est
2433 1578 2863 1636 incontinentiae
2895 1579 3044 1645 cibo,
3078 1577 3305 1632 nudum
3336 1592 3399 1632 se
3427 1592 3515 1631 es-

1872 1687 1934 1725 se
1965 1668 2251 1743 cognovit.
2285 1669 2445 1735 Quod
2479 1667 2529 1723 si
2548 1668 2897 1739 jejunasset,
2950 1669 3007 1722 et
3039 1666 3171 1722 fidei
3229 1668 3518 1721 servasset

1870 1757 2131 1829 exuvias,
2164 1774 2270 1813 nec
2299 1775 2360 1813 se
2392 1758 2714 1829 aspexisset
2743 1757 3046 1811 intectum.
3083 1754 3209 1810 Non
3241 1770 3376 1827 ergo
3408 1771 3514 1810 nos

1870 1846 2528 1918 induamusiniquitale
2575 1850 2631 1901 et
2686 1845 3007 1916 impietate,
3068 1860 3137 1898 ne
3193 1843 3264 1898 de
3321 1842 3516 1914 aliquo

1875 1936 2027 1993 666
2058 1940 2324 1990 nostrum
2356 1935 2582 1990 dicatur
2614 1952 2625 1989 :
2664 1957 2690 1982 ‹‹
2720 1936 2785 1989 Et
2816 1933 3008 1988 induit
3039 1950 3099 1987 se
3156 1929 3515 1991 maledictio-

1874 2042 2008 2082 nem
2038 2025 2191 2096 (Psat
2246 2041 2402 2091 cvm,
2438 2024 2548 2095 l8).
2588 2046 2614 2071 ››
2649 2020 2794 2078 Male
2826 2038 2888 2078 se
2944 2020 3135 2075 induit
3190 2024 3247 2077 et
3300 2021 3508 2087 Adam,

1874 2114 1995 2187 qui,
2028 2114 2169 2169 dum
2202 2117 2481 2185 qurereret
2510 2112 2891 2185 integimenta
2919 2110 3210 2177 foliorum,
3272 2108 3515 2165 maledi-

1874 2203 2084 2260 ctionis
2119 2203 2342 2275 excepit
2370 2201 2740 2258 sententiam.

1948 2294 2034 2347 11.
2072 2293 2389 2347 Induerunt
2419 2308 2480 2346 se
2510 2288 2916 2346 maledictione
2943 2287 3150 2354 Judaei,
3192 2288 3263 2342 de
3300 2285 3517 2358 quibus

1874 2381 2159 2453 scriptum
2192 2385 2280 2435 est
2312 2397 2324 2435 :
2360 2404 2387 2429 ‹‹
2435 2378 2654 2434 Prodiit
2684 2377 2854 2450 quasi
2884 2395 2953 2433 ex
3007 2368 3193 2449 adipe
3232 2374 3515 2448 iniquitas

1876 2486 2101 2535 eorum,
2134 2468 2493 2523 transierunt
2520 2466 2579 2521 in
2611 2465 3056 2539 dispositionem
3089 2463 3288 2521 cordis
3343 2464 3512 2531 (P‘s'al.

1876 2576 2048 2622 LXXII,
2080 2559 2179 2627 7.).
2216 2580 2243 2605 ››
2277 2558 2362 2610 Ab
2393 2556 2561 2627 adipe
2592 2554 2816 2626 adipsal
2851 2553 2963 2626 (26)
2993 2553 3149 2609 enim
3181 2552 3435 2620 dicitur,
3456 2552 3515 2606 id

1874 2650 1981 2703 est.
2015 2646 2248 2718 pingue.
2281 2644 2445 2700 Sicut
2473 2644 2628 2698 enim
2662 2642 2857 2698 anima
2885 2641 3056 2697 bonis
3085 2644 3310 2713 pastoa,
3343 2643 3400 2695 et
3427 2652 3516 2694 re-

1875 2737 2023 2792 ferta
2051 2734 2389 2797 virtutibus,
2420 2738 2702 2804 tanquam
2736 2731 2907 2804 adipe
2937 2735 2994 2786 et
3022 2718 3380 2803 pinguedine
3426 2742 3513 2784 re-

1875 2822 2084 2897 pletur,
2120 2826 2183 2876 ut
2213 2821 2492 2894 scriptum
2527 2824 2615 2876 est
2647 2821 2820 2891 (Psat.
2856 2837 2991 2884 Lxu,
3024 2820 3077 2889 6)
3115 2836 3128 2886 ;
3162 2818 3248 2873 sic
3296 2815 3515 2889 iniqui-

1874 2918 1965 2968 tas
1997 2929 2123 2985 quaz
2155 2909 2324 2983 quasi
2354 2927 2421 2966 ex
2451 2908 2623 2981 adipe
2652 2908 2935 2982 procedit,
2966 2924 3083 2963 non
3105 2905 3298 2962 tenuis
3327 2907 3384 2961 et
3404 2903 3517 2960 exi-

1874 2999 1948 3054 lis
1980 2996 2360 3069 signiﬁcatur,
2396 2996 2491 3050 sed
2524 2994 2698 3068 plena
2727 2994 3022 3051 vitiorum.
3082 2992 3369 3065 Denique
3398 3008 3515 3048 non

1872 3086 2109 3143 fortuito
2131 3086 2383 3157 quodam
2407 3084 2573 3156 lapsu
2597 3084 2656 3138 in
2678 3098 2931 3140 errorem
2953 3082 3235 3139 incidere:
3253 3081 3353 3137 sed
3377 3094 3513 3137 con-

1874 3176 2003 3233 silio
2035 3180 2091 3230 et
2114 3173 2495 3246 dispositione
2528 3174 2586 3227 in
2618 3172 2989 3244 sacrilegium
3024 3170 3402 3226 transierunt.

2507 3278 2736 3333 CAPUT
2792 3278 2860 3332 V.

1873 3372 1978 3441 Qui
2007 3388 2063 3426 os
2091 3386 2253 3425 suum
2287 3372 2343 3422 in
2374 3369 2567 3431 ca'Ium
2594 3372 2825 3439 ponant,
2856 3382 2943 3441 eos
2969 3366 3345 3441 prsegcaﬁeris
3392 3379 3513 3441 esse

1944 3445 2040 3515 qui
2064 3443 2251 3515 omnia
2283 3442 2565 3515 stellarum
2594 3436 2913 3515 ’necessitati
2966 3436 3271 3515 attribuunt
3305 3451 3318 3489 :
3379 3436 3515 3515 ipsis

1946 3510 2127 3569 tamen
2158 3514 2301 3567 hanc
2323 3530 2357 3566 a
2389 3514 2491 3567 Deo
2518 3513 2759 3580 gratiam
2810 3511 3097 3576 reservari,
3120 3516 3180 3564 ut
3235 3510 3516 3580 revertan-

1944 3590 2037 3640 tur
2064 3600 2188 3640 cum
2218 3584 2383 3638 Israel
2414 3601 2432 3643 ;
2462 3578 2619 3652 cujus
2648 3581 2854 3638 reditus
2891 3582 3213 3654 mysterium
3258 3578 3515 3654 declara-

1946 3662 2037 3712 tur
2067 3674 2079 3710 :
2113 3654 2322 3711 eosdem
2352 3663 2411 3710 ut
2441 3671 2475 3709 a
2506 3655 2610 3709 Deo
2638 3655 2833 3725 negent
2860 3652 3069 3709 occulta
3097 3652 3367 3725 cognosci,
3398 3667 3514 3725 ma-

1946 3730 2097 3805 :rime
2123 3727 2685 3805 inducipeccatorum
2703 3720 2963 3805 dimittis:
2986 3720 3256 3805 postremo
3287 3722 3430 3783 idem
3455 3720 3520 3776 de

1953 3800 2164 3854 Christo
2191 3799 2419 3854 sensisse
2449 3797 2725 3853 Simonem
2755 3797 3126 3853 Pharisséam.
3302 3816 3311 3827 ·
3364 3804 3369 3809 ’

1952 3888 2039 3941 1⁵2.
2076 3909 2103 3936 ‹‹
2134 3887 2459 3941 Posuerunt
2488 3884 2542 3939 in
2577 3883 2786 3940 coelum
2831 3902 2895 3939 os
2952 3899 3148 3951 suum,
3207 3887 3265 3937 et
3312 3881 3526 3953 lingua

1882 3992 2084 4031 eorum
2115 3974 2391 4029 transivit
2420 3992 2597 4046 super
2623 3977 2841 4028 terram
2873 3973 3045 4044 (Psat.
3072 3988 3241 4041 Lxxu,
3261 3970 3337 4041 9).
3374 3991 3402 4018 ››
3425 3968 3527 4043 PO-

1885 4079 2021 4118 nere
2040 4064 2098 4117 in
2132 4060 2346 4116 cadum
2371 4078 2435 4115 es
2461 4078 2633 4114 suum
2659 4060 2798 4132 quid
2829 4060 2924 4126 sit,
2950 4059 3116 4113 docet
3162 4073 3268 4112 nos
3313 4053 3432 4110 ille'
3460 4071 3529 4110 ex

1884 4152 2163 4207 fratribus
2186 4148 2627 4211 adolescentior,
2654 4148 2755 4219 qui
2777 4163 3077 4219 regressus
3103 4146 3172 4200 ad
3195 4150 3417 4217 patrem
3432 4141 3528 4198 "di-

1887 4240 1970 4296 xit
1994 4258 2006 4307 ;
2044 4263 2069 4289 ‹‹
2096 4239 2277 4304 Pater,
2305 4237 2532 4310 peccavi
2558 4238 2614 4292 in
2640 4237 2848 4292 cmlum
2874 4239 2930 4291 et
2951 4251 3146 4291 coram
3168 4238 3224 4289 te
3261 4232 3413 4305 (Luc.
3434 4248 3530 4298 xv,

1890 4330 1998 4399 18).
2020 4350 2046 4377 η
2074 4331 2297 4382 Ponuut
2320 4329 2511 4382 autem
2535 4324 2591 4379 in
2614 4324 2824 4379 ccclum
2852 4340 2917 4380 os
2942 4339 3115 4378 suum
3140 4321 3240 4394 qui
3267 4320 3378 4377 sibi
3419 4318 3533 4375 c‘ri-

120 4420 457 4474 l’eccatores
487 4417 777 4487 iniquitate
802 4417 1027 4487 propria
1058 4417 1244 4470 vestiri
1269 4433 1292 4478 ;
1320 4414 1459 4483 quod
1490 4415 1779 4469 vestimen-

200 4493 328 4545 tum
361 4506 394 4542 a
408 4489 562 4543 nobis
580 4486 973 4555 reﬁciendum,
998 4490 1059 4541 ut
1080 4488 1388 4542 vestimento
1409 4486 1670 4540 virtutum
1696 4492 1782 4540 in-

200 4561 471 4622 duamur,
495 4576 560 4614 ac
577 4560 921 4630 potissimum
931 4559 1140 4629 jejami
1153 4575 1173 4619 ;
1196 4560 1292 4612 hoc
1310 4573 1367 4612 se
1387 4557 1603 4630 utiliter
1640 4558 1780 4613 lose-

197 4632 382 4703 phum
406 4627 669 4703 induisse,
693 4627 957 4684 Mummii
981 4627 1194 4684 eruisse
1211 4644 1337 4703 cum
1350 4627 1734 4703 gravidarum;
1763 4648 1782 4691 ,-

203 4701 447 4773 itenique
467 4702 783 4757 linteorum
810 4703 1159 4772 iniquitatem
1181 4702 1339 4770 quasi
1357 4716 1428 4755 me
1456 4701 1615 4770 adipe
1659 4718 1759 4772 pro
1778 4733 1792 4742 ι

204 4772 473 4829 deitatem
496 4790 753 4840 magnam
772 4790 836 4828 ar
854 4773 1213 4827 deliberatam
1245 4772 1537 4827 exstitisse.

207 4864 300 4917 10.
335 4883 364 4911 (ι
401 4862 531 4917 Ideo
563 4861 837 4928 obtinuit,
873 4860 1086 4932 inquit,
1120 4876 1217 4916 eos
1248 4860 1522 4931 superbia
1569 4878 1792 4923 eorum.

122 4951 399 5023 cooperti
443 4954 584 5005 sunt
649 4949 958 5021 iniquitate
1018 4953 1073 5003 et
1130 4948 1426 5020 impietate
1476 4967 1583 5005 sua
1622 4952 1792 5019 (Psal.

126 5058 317 5108 1.1x",
349 5041 423 5112 6).
465 5062 490 5086 n
524 5038 740 5093 Malum
772 5039 1189 5094 vestimentum
1221 5036 1525 5109 iniquitas,
1558 5040 1709 5110 quod
1749 5039 1796 5094 si

212 5202 332 5271 (26)
363 5199 461 5254 Sic
495 5215 638 5271 mss.
672 5197 924 5271 Thuan.,
958 5198 1138 5271 Laud.
1174 5200 1231 5252 et
1256 5196 1419 5271 Colb.
1464 5197 1575 5253 Alii
1605 5201 1799 5253 autem

133 5268 288 5343 duo,
318 5268 466 5329 loco
488 5269 659 5343 vocis
688 5270 923 5343 adipsal,
957 5269 1225 5343 lacunam
1246 5268 1489 5343 habent.
1523 5270 1673 5325 Edit.
1700 5287 1800 5343 rve-

132 5364 206 5403 ro
232 5339 658 5401 tantummodo
686 5339 1016 5413 praeferunt,
1049 5339 1660 5413 adqpsdiciturpingac.
1687 5342 1805 5396 Cla-

135 5435 278 5475 rum
314 5420 407 5471 est
435 5410 741 5468 inductam
772 5428 901 5467 esse
930 5410 1082 5467 hanc
1123 5410 1539 5478 diversitatem,
1570 5417 1635 5467 ut
1698 5429 1804 5467 vox

137 5508 258 5549 non
294 5484 608 5544 intellecta
630 5482 951 5538 ‘evitaretur
983 5483 1120 5549 ;sed
1152 5499 1259 5537 nos
1310 5483 1601 5553 potiorum
1658 5501 1803 5539 mss.

134 5562 466 5621 lectionem
502 5558 1016 5627 repracsentamus,
1050 5553 1302 5627 maxime
1331 5571 1465 5627 cum
1524 5554 1648 5610 fieri
1707 5574 1806 5627 po-

746 5626 909 5751 ?mat,
949 5628 1116 5680 aetate
1163 5624 1474 5693 Ambrosii,
1505 5643 1536 5681 a
1595 5624 1808 5699 populo

781 5699 1241 5751 reouentaretur.

781 5715 805 5753 ι’

102 5635 319 5693 »ῐυετὶι
355 5633 428 5685 ut
460 5625 644 5683 dictio
676 5624 743 5679 ad

125 5728 236 5786 per
262 5697 723 5771 corruptionem
755 5697 1241 5769 frequentaretur.

1890 4419 2116 4473 minum
2148 4414 2519 4471 auctoritates
2542 4416 2676 4487 (27),
2712 4412 3034 4469 nativitatis
3056 4408 3533 4485 putantquadam

1893 4507 2237 4563 necessitate
2266 4503 2497 4559 deferri.
2532 4503 2599 4557 Hi
2633 4519 2740 4558 nec
2771 4502 2912 4557 coelo
2943 4517 3047 4557 nec
3074 4501 3248 4557 terris
3305 4514 3538 4571 parcere

1818 4617 1859 4681 η
1893 4595 2101 4659 solent,
2137 4599 2200 4648 ut
2230 4609 2403 4646 cursu
2437 4593 2689 4681 quodam
2722 4590 3026 4681 stellarum
3057 4587 3538 4681 arbitrantur‘vi:

1901 4689 2021 4739 tam
2052 4682 2310 4737 hominis
2340 4680 2673 4751 gubernari.
2726 4678 2879 4734 Nihil
2940 4679 3334 4751 providentiae,
3395 4674 3541 4731 nihil

1904 4772 2074 4827 bonis
2108 4770 2371 4826 moribus
2402 4769 2834 4840 derelinquunt.
2868 4770 3053 4839 Atque
3082 4768 3308 4823 utinam
3339 4769 3393 4821 et
3422 4764 3541 4830 isti,

1907 4862 2060 4916 sicut
2090 4859 2187 4915 ille
2220 4877 2375 4914 unus
2404 4858 2474 4913 de
2505 4859 2736 4913 duobus
2765 4856 3255 4923 adolescentibus,
3288 4852 3549 4910 revertis-

1908 4953 2038 5005 sent
2062 4966 2073 5003 :
2101 4949 2290 5002 bonus
2314 4947 2600 5002 Dominus
2623 4946 2945 5001 remedium
2968 4961 3081 4998 non
3113 4945 3384 5014 negasset
3412 4941 3544 5010 (28),

1909 5042 1966 5092 et
1982 5041 2175 5091 tamen
2199 5034 2425 5090 etiamsi
2442 5034 2551 5106 ipsi
2577 5034 2762 5090 nolint
2775 5030 3254 5100 sanari,reservat
3265 5028 3548 5085 Dominus

1984 5199 2095 5268 (27)
2126 5195 2595 5268 Edit._Era.,_qui
2622 5193 2731 5247 sibi
2756 5192 3356 5268 criminumauctorgs,
3403 5189 3551 5243 nati-

1914 5260 2109 5324 vitates
2143 5287 2161 5333 ;
2192 5265 2325 5322 Gill.
2375 5271 2433 5320 et
2460 5260 2575 5320 duo
2632 5280 2870 5329 mss....,
2928 5263 3231 5326 vanitates;
3287 5260 3549 5333 Rom._....

1914 5331 2316 5396 nativila'tibus.
2354 5336 2460 5391 Ms.
2492 5352 2624 5390 vero
2654 5339 2924 5401 Vat......,
2972 5334 3295 5389 auctoritate
3347 5331 3553 5388 nativi-

1914 5415 2069 5466 tates.
2094 5408 2189 5462 alii
2249 5407 2615 5478 denique....,
2664 5408 3030 5478 auctoritates,
3087 5405 3394 5478 nativitatis
3445 5406 3555 5458 etc.

1917 5483 2100 5552 Cujus
2132 5474 2631 5534 lectionis—sensus
2647 5477 2911 5531 omnium
2934 5477 3162 5532 videtur
3184 5474 3434 5531 maxime
3449 5476 3560 5530 'na-

1914 5559 1980 5609 ω
1991 5553 2567 5695 ($I)deit._ftom.,uet
2587 5620 2959 5695 tameaetiam
2982 5620 3133 5690 ipsis,
3164 5619 3219 5695 si
3229 5618 3445 5695 potant
3471 5633 3560 5695 sa-

1921 5686 2689 5766 nari,etc.Edit.Am.Era.ac
2710 5691 2843 5748 Gill.
2863 5686 3017 5747 cum:
3032 5706 3176 5747 mss.
3196 5689 3325 5747 Vat.
3340 5694 3396 5744 et
3413 5686 3563 5741 Gall.
