3866 6212
182 470 453 543 secutus,
517 474 782 533 dicebam
839 476 1039 534 mihi:

207 581 315 631 me,
356 564 540 622 donec
599 565 887 623 introeam
935 567 993 623 in
1042 567 1439 625 sanctuarium
1500 566 1621 633 Dei,
1653 573 1709 623 et
1753 569 1841 622 in-

207 652 460 726 telligam
508 654 569 709 in
635 655 951 712 novissimo
999 657 1168 724 (Psal.
1233 674 1402 723 Lxxu,
1435 656 1523 723 l6,
1579 657 1684 727 17).
1720 679 1747 706 ››
1782 656 1841 711 Id

205 745 307 807 est,
339 741 501 798 solus
520 742 665 798 mihi
697 748 966 817 superest
994 743 1176 810 labor,
1211 749 1278 800 ut
1306 745 1597 818 ingrediar
1619 745 1677 801 in
1710 762 1843 800 san-

206 830 492 886 ctuarium
525 831 644 899 Dei,
680 832 779 887 ubi
810 838 900 888 est
930 833 1265 898 Cherubim,
1293 834 1350 889 id
1388 838 1477 889 est
1498 833 1845 905 cognitiom's

206 920 582 991 profundum,
615 926 673 976 et
702 938 816 977 non
851 921 1109 977 laborem
1142 923 1200 977 in
1231 923 1470 978 incertis
1509 924 1619 993 (30)
1662 926 1720 977 et
1750 939 1845 977 va-

206 1007 294 1064 nis
320 1007 702 1079 opinionibus
734 1028 746 1079 ;
772 1011 1029 1067 narratio
1058 1011 1214 1067 enim
1247 1011 1389 1066 fatui
1437 1010 1588 1066 sicut
1618 1009 1848 1066 sarcina

206 1096 260 1150 in
284 1094 392 1153 via.
428 1096 565 1151 Ideo
597 1096 997 1170 ingrediamur
1025 1100 1263 1171 adytum
1296 1099 1694 1171 cognitionum
1754 1114 1846 1152 sa-

204 1199 452 1254 crarum,
486 1188 663 1257 atque
685 1187 959 1242 interiora
989 1187 1312 1260 penetralia
1338 1187 1618 1251 veritatis,
1642 1191 1706 1241 ut
1731 1204 1845 1242 non

204 1273 279 1329 sit
305 1274 362 1328 in
396 1274 569 1330 nobis
597 1274 798 1343 labor;
832 1277 1121 1348 sapientia
1150 1276 1304 1333 enim
1339 1293 1444 1332 nos
1475 1294 1508 1332 a
1528 1292 1705 1331 sensu
1764 1274 1847 1330 la-

204 1360 356 1417 boris
385 1363 649 1419 abducit.
690 1364 949 1437 Denique
1008 1382 1124 1421 non
1180 1370 1270 1420 est
1319 1364 1485 1421 labor
1539 1367 1598 1420 in
1646 1364 1845 1419 Jacob.

205 1450 385 1506 Causa
415 1456 614 1507 autem
644 1451 863 1509 laboris
890 1452 1218 1526 ignorantia
1265 1458 1389 1508 est:
1417 1452 1694 1525 quoniam
1748 1451 1848 1523 qui

205 1540 385 1595 nescit
405 1540 592 1611 justis
623 1541 880 1613 reposita
935 1558 1063 1599 esse
1094 1542 1348 1614 pramia,
1382 1558 1497 1597 non
1530 1541 1789 1597 reﬁcitur
1818 1558 1851 1595 a

206 1627 522 1698 laboribus,
545 1629 648 1685 sed
668 1630 857 1703 magis
872 1630 1280 1703 imprudentia
1301 1648 1419 1687 sua
1437 1630 1633 1686 labore
1645 1645 1848 1685 curva-

204 1719 297 1771 tur
323 1721 380 1771 et
408 1716 719 1790 frangitur.
756 1718 1158 1791 Ingrediamur
1214 1718 1395 1792 igitur
1448 1718 1847 1774 sanctuarium

201 1804 320 1872 Dei,
351 1804 454 1860 ubi
486 1810 629 1861 sunt
652 1805 988 1876 Cherubim,
1031 1807 1090 1862 in
1124 1808 1339 1879 quibus
1367 1812 1458 1864 est
1485 1806 1849 1863 recordantia

203 1908 378 1949 sacra
397 1894 754 1966 cognitionis
783 1900 841 1951 et
854 1896 971 1950 veri
994 1894 1154 1952 illius
1169 1899 1345 1968 atque
1366 1895 1565 1951 aterni
1585 1894 1849 1951 luminis.

265 1982 353 2037 20.
394 1982 460 2037 In
516 1981 619 2038 illo
666 1982 1016 2040 candelabro
1066 1985 1262 2056 imago
1316 1984 1675 2055 resplendet,
1737 2000 1853 2055 quo

198 2070 490 2142 possimus
521 2070 846 2144 intelligere
876 2072 935 2127 in
967 2072 1306 2129 novissimo.
1341 2073 1591 2129 Sanctus
1633 2073 1850 2129 etenim

200 2158 256 2212 in
276 2157 483 2215 ultimo
504 2160 825 2233 cognoscit,
865 2165 922 2216 et
944 2161 1258 2233 perfectam
1314 2161 1662 2233 sapientiam
1718 2177 1850 2233 pro-

202 2261 361 2302 cessu
392 2248 584 2303 atatis
604 2247 949 2320 adipiscitur
978 2248 1214 2305 dicens:
1247 2272 1271 2298 α
1310 2249 1521 2305 Notum
1562 2250 1650 2305 fac
1682 2248 1846 2317 mihi,

201 2335 463 2404 Domine,
494 2337 675 2392 ﬁnem
709 2353 927 2403 meum,
956 2342 1013 2393 et
1034 2352 1349 2392 numerum
1402 2337 1629 2393 dierum
1690 2353 1847 2393 meo-

199 2440 327 2479 rum
349 2424 484 2496 quis
501 2429 612 2489 est,
641 2430 701 2480 ut
723 2425 903 2481 sciam
924 2425 1064 2497 quid
1087 2426 1241 2481 desit
1262 2425 1405 2480 mihi
1427 2426 1593 2497 (Paul.
1616 2442 1842 2492 axxvm,

198 2512 272 2583 5).
306 2533 333 2563 »
363 2514 507 2578 Quis
537 2519 628 2568 est
658 2514 813 2578 ﬁnis,
846 2513 958 2569 nisi
990 2513 1109 2579 ille,
1145 2531 1276 2569 cum
1309 2514 1560 2570 traditur
1600 2531 1843 2587 regnum

200 2600 312 2656 Deo
340 2601 523 2669 Patri,
560 2603 792 2673 quando
834 2601 1163 2658 revelantur
1213 2602 1438 2658 occulta
1494 2603 1790 2675 sapientia
1818 2603 1844 2657 Ἰ

198 2688 358 2745 Hunc
388 2690 571 2746 ﬁnem
592 2690 778 2747 nostri
810 2692 1149 2747 certaminis
1175 2692 1504 2763 requirebat
1532 2692 1842 2763 Propheta,

196 2778 433 2850 cupiens
464 2796 819 2851 cognoscere
859 2779 999 2852 quid
1050 2798 1168 2836 sua
1225 2780 1417 2835 desset
1466 2780 1839 2851 perfectioni;

194 2866 321 2923 ﬁnis
342 2868 507 2923 enim
537 2867 857 2939 disciplina
882 2872 1092 2925 nostra
1124 2873 1180 2924 et
1217 2869 1544 2924 studiorum
1569 2868 1843 2941 perfectio

193 2958 294 3011 est.

258 3044 345 3101 2t.
377 3045 517 3101 Haec
537 3061 672 3118 ergo
703 3046 895 3119 prima
923 3062 1066 3102 vera
1088 3045 1235 3104 ratio
1262 3047 1608 3119 cognitionis
1633 3065 1646 3114 ;
1708 3048 1846 3119 quia

192 3132 425 3191 fortuito
456 3134 733 3190 accidant
758 3151 884 3206 qua
916 3135 976 3190 in
1007 3134 1217 3191 saculo
1239 3142 1408 3191 sunt:
1437 3136 1695 3191 secunda
1717 3134 1837 3191 illa:

986 341 1089 408 DE
1134 341 1871 409 INTERPELLATIONE
1911 340 2051 408 ,ΙοΒ
2097 342 2198 408 ET
2239 344 2480 412 DAVID
2523 345 2675 411 LIB.
2721 344 2827 411 Ill.

3454 394 3457 403 .
3494 338 3613 405 886

1090 500 1118 528 «
1167 480 1279 535 Hoc
1333 478 1498 535 labor
1572 483 1657 535 est
1713 483 1846 533 ante
1883 478 1923 543 Α
1961 479 2015 532 et
2047 478 2180 534 alibi
2214 479 2396 536 habes
2427 482 2746 554 scriptum:
2782 504 2809 533 α
2842 479 2973 538 Vidi
3001 479 3250 555 impium
3281 481 3637 556 superexalg

1963 569 2151 620 tatum
2182 571 2239 622 et
2269 568 2555 624 elevatum
2587 585 2764 642 super
2792 569 2994 626 cedros
3025 568 3265 639 Libani;
3298 574 3355 628 et
3397 573 3611 629 transi-

1953 652 2029 724 vi,
2052 659 2110 709 et
2138 671 2269 711 ecce
2299 673 2413 713 non
2459 662 2608 713 erat:
2638 663 2695 713 et
2748 659 2983 729 quasivi
3032 675 3191 727 eum,
3244 663 3301 716 et
3356 677 3472 716 non
3522 661 3613 717 est

1955 740 2225 799 inventus
2255 743 2415 800 locus
2442 746 2569 817 ejus
2601 746 2772 818 (Psal.
2804 763 2995 815 xxxvr,
3051 747 3143 813 35,
3175 748 3266 819 36)
3295 748 3323 803 ?
3354 770 3383 797 ››
3416 753 3606 805 Incre-

1956 830 2155 886 dibilis
2203 832 2468 888 celeritas
2542 834 2912 890 extinctionis
2957 835 3104 905 ejus.
3158 835 3336 893 Vides
3411 836 3604 893 subito

1957 918 2205 990 impium
2242 920 2301 975 in
2332 921 2439 977 hoc
2471 921 2679 978 saculo
2710 927 3039 994 potentem:
3074 924 3214 979 dum
3258 932 3322 981 tu
3362 926 3602 995 transis,

1957 1005 2052 1061 ille
2075 1010 2201 1077 jam
2235 1025 2350 1064 non
2382 1014 2490 1065 est.
2524 1010 2749 1073 Quanta
2780 1011 3039 1067 estenim
3076 1013 3285 1069 umbra
3312 1014 3371 1068 in
3409 1012 3602 1069 terra!

1959 1111 2136 1166 quam
2170 1112 2284 1151 non
2301 1096 2577 1153 diuturna
2597 1098 2609 1151 Σ
2626 1099 2969 1171 Transpone
2981 1101 3313 1173 vestigium,
3329 1104 3607 1159 etumbra

1960 1184 2227 1253 praterit.
2261 1187 2378 1239 Aut
2408 1186 2455 1240 si
2486 1184 2579 1240 hic
2609 1185 2827 1258 aliquid
2860 1192 3068 1254 movet,
3104 1188 3173 1243 ad
3219 1205 3287 1243 ea
3331 1202 3459 1259 qua
3515 1189 3608 1244 fu-

1957 1275 2091 1326 tura
2121 1276 2277 1342 sunt,
2312 1272 2509 1329 attolle
2540 1275 2750 1329 mentis
2782 1276 3115 1347 vestigium,
3140 1276 3468 1332 etinvcnies
3488 1276 3607 1332 illic

1960 1359 2209 1430 impium
2260 1378 2373 1415 non
2406 1362 2694 1430 futurum,
2746 1380 2918 1434 quem
2968 1363 3062 1419 hic
3101 1381 3231 1420 esse
3286 1365 3603 1432 credebas;

1958 1463 2074 1501 non
2111 1448 2267 1502 enim
2296 1453 2403 1514 est,
2432 1449 2531 1520 qui
2565 1450 2710 1505 nihil
2740 1456 2847 1505 est.
2886 1452 3144 1523 Denique
3176 1452 3458 1508 Dominus
3507 1470 3606 1509 eos

1958 1536 2225 1608 cognovit
2254 1536 2351 1609 qui
2384 1542 2522 1593 sunt
2551 1538 2775 1610 ipsius:
2809 1540 2908 1611 qui
2941 1544 3137 1596 autem
3169 1557 3282 1596 non
3315 1545 3472 1609 sunt,
3506 1558 3605 1597 eos

1958 1640 2073 1679 non
2103 1625 2403 1697 agnoscit;
2438 1626 2578 1699 quia
2605 1627 2715 1699 ipsi
2746 1645 2878 1683 eum
2911 1628 3011 1701 qui
3043 1632 3150 1697 est,
3184 1646 3299 1685 non
3357 1646 3606 1702 agnove-

1959 1716 2115 1767 runt.

2577 1786 2809 1843 CAPUT
2838 1787 2985 1841 Vlll.

1881 1842 1929 1907 Β
1961 1856 2172 1932 Impz'os_
2189 1858 2247 1910 in
2277 1858 2629 1932 interiturae
2658 1842 2783 1932 cum
2836 1862 3046 1914 somnio
3106 1862 3238 1915 bene
3276 1861 3605 1932 comparari,

2033 1927 2173 1997 quod
2199 1943 2391 1998 nempe
2421 1930 2885 1986 animarillorum
2915 1932 3167 1989 omnibus
3217 1932 3370 1988 bonis
3389 1927 3605 1988 'vacua

2032 2000 2408 2072 reperiantur:
2453 2005 2506 2054 et
2548 2002 2856 2056 earumdem
2913 2004 3214 2059 tenebrosa
3267 2004 3537 2072 imagines
3581 2019 3611 2059 e

2033 2070 2242 2125 lumine
2264 2071 2489 2126 caleslis
2507 2074 2813 2128 Jerusalem
2836 2072 3143 2127 deleantur.

2029 2159 2119 2213 23.
2157 2158 2235 2213 De
2265 2157 2409 2229 ipsis
2441 2175 2576 2232 ergo
2602 2164 2660 2215 et
2688 2160 2781 2215 hic
2826 2160 3001 2216 dicit:
3064 2184 3093 2212 «
3152 2161 3499 2217 Defecerunt
3555 2167 3612 2219 et

1959 2246 2257 2318 perierunt
2277 2251 2513 2319 propter
2532 2247 2899 2320 iniquitatem
2923 2266 3114 2320 suam,
3132 2249 3291 2305 velut
3310 2251 3609 2308 somnium

1957 2335 2324 2406 exsurgentis
2348 2336 2518 2406 (Psal.
2554 2353 2722 2405 Lxxu,
2753 2337 2841 2406 49,
2869 2338 2980 2408 20),
3018 2360 3045 2386 »
3076 2337 3134 2393 id
3166 2343 3274 2406 est,
3327 2339 3411 2394 ita
3466 2339 3607 2394 deﬁ-

1954 2422 2117 2477 ciunt
2144 2426 2559 2479 etcvanescunt
2574 2425 2735 2497 impii
2748 2425 3227 2490 ,sicutsomnium
3242 2427 3607 2502 exsurgentis

1954 2528 1987 2567 a
2016 2529 2221 2568 somno
2252 2513 2505 2584 primum
2534 2533 2545 2580 ;
2572 2515 2711 2585 quia
2736 2514 2795 2569 in
2823 2516 3077 2571 tenebris
3100 2521 3259 2586 sunt,
3283 2521 3341 2571 et
3360 2517 3419 2571 in
3443 2521 3605 2571 tene-

1954 2600 2073 2655 bris
2105 2600 2569 2669 ambulaverunt,
2604 2619 2707 2658 nec
2738 2603 2951 2659 resedit
2979 2604 3212 2676 aliquod
3237 2621 3437 2661 eorum
3464 2604 3603 2661 boni

1951 2688 2141 2760 operis
2172 2689 2501 2762 vestigium,
2526 2691 2627 2746 sed
2658 2691 2880 2747 similes
2917 2708 3116 2748 eorum
3152 2692 3252 2764 qui
3296 2686 3593 2748 somnium

1952 2776 2152 2833 vident
2190 2795 2201 2832 :
2237 2778 2336 2849 qui
2370 2785 2564 2834 autem
2595 2781 2933 2846 somniat,in
2971 2785 3137 2837 nocte
3167 2781 3428 2837 sumniat
3451 2798 3596 2849 ;nox

1954 2871 2147 2922 autem
2180 2866 2236 2921 in
2267 2868 2542 2924 tenebris.
2586 2868 2713 2924 Filii
2769 2868 3143 2925 tenebrarum
3202 2874 3342 2925 sunt
3388 2870 3594 2943 privati

1954 2954 2074 3010 sole
2132 2956 2400 3026 justitia,
2471 2962 2529 3012 et
2576 2957 2885 3028 splendore
2939 2958 3194 3026 virtutis,
3242 2959 3601 3016 dormientes

1955 3059 2206 3115 semper,
2239 3048 2295 3099 et
2326 3061 2440 3099 non
2472 3044 2799 3116 vigilantes,
2833 3046 2906 3101 de
2936 3046 3152 3119 quibus
3184 3046 3331 3103 bene
3356 3045 3596 3103 dicitur:

1955 3154 1982 3181 «
2016 3130 2386 3187 Dormierunt
2415 3149 2687 3187 somnum
2720 3150 2916 3201 suum,
2949 3138 3006 3190 et
3063 3134 3210 3190 nihil
3257 3135 3604 3191 invenerunt

197 3221 327 3294 quia
348 3244 376 3273 «
412 3227 656 3295 propter
682 3239 886 3279 eorum
912 3223 1420 3296 tergiversationes
1448 3224 1697 3296 posuisti
1755 3222 1839 3279 eis
1870 3206 1912 3271 C
1949 3221 2122 3290 (Psal.
2160 3238 2322 3289 LXXV,
2352 3222 2428 3292 6).
2465 3244 2492 3270 ››
2525 3221 2747 3276 Etenim
2780 3238 2911 3277 cum
2945 3224 3153 3278 animae
3178 3240 3379 3279 eorum
3411 3240 3445 3279 a
3473 3240 3603 3279 cor-

198 3312 361 3381 (Psal.
397 3328 574 3379 Lxxn,
608 3311 697 3383 l8)
731 3334 759 3361 »
808 3328 1115 3368 successus
1171 3312 1426 3384 proﬁuos
1475 3312 1842 3368 sacularium

199 3400 664 3467 commodorum,
724 3404 782 3456 et
836 3400 1257 3457 abundantiam
1315 3400 1689 3467 divitiarum;
1774 3418 1844 3456 ne

199 3493 586 3545 causarentur
630 3492 866 3562 propter
928 3488 1186 3561 inopiam
1244 3506 1306 3545 se
1359 3493 1415 3544 et
1471 3489 1843 3546 acerbitatem

195 3576 441 3649 alicujus
496 3575 714 3633 doloris
761 3582 818 3633 et
855 3576 1052 3633 luctus
1100 3577 1296 3633 minus
1355 3578 1537 3634 fuisse
1585 3579 1843 3648 devotos,

193 3671 360 3738 atque
396 3668 471 3723 in'
496 3666 729 3740 culpam
760 3666 1051 3723 latrocinii
1099 3672 1156 3723 et
1195 3666 1542 3740 direptionis
1581 3668 1845 3724 studium

190 3757 538 3813 necessitate
576 3754 854 3829 egestatis
884 3757 1038 3812 σου
1067 3754 1376 3828 impulsos.
1407 3757 1533 3812 Non
1565 3756 1722 3812 enim
1772 3758 1845 3812 ad

191 3843 676 3917 tranquillitatem
705 3843 836 3900 vita
863 3859 1223 3915 usuramque
1252 3843 1463 3899 latitia
1495 3844 1711 3900 divitiis
1731 3844 1849 3917 opi-

192 3933 349 4001 mati,
410 3936 521 3989 aut
550 3932 872 3989 honoribus
901 3932 1107 3988 elevati
1140 3940 1308 3988 sunt:
1342 3933 1443 3989 sed
1502 3937 1566 3988 ut
1612 3932 1849 4005 querela

191 4020 616 4089 excluderetur,
650 4025 1082 4077 coacervaretur
1111 4038 1391 4077 arumna.

259 4113 347 4166 22.
378 4109 754 4180 Dejiciuntur
781 4109 980 4182 itaque
1008 4111 1149 4166 dum
1180 4108 1486 4165 elevantur
1505 4110 1847 4182 hujusmodi

194 4197 297 4252 viri
328 4197 541 4267 (lbid.).
600 4198 727 4254 Non
757 4198 915 4254 enim
947 4199 1153 4271 gratia,
1202 4199 1304 4254 sed
1350 4198 1522 4254 ruina
1553 4204 1643 4255 est
1676 4217 1688 4265 ;
1748 4199 1849 4255 ubi

200 4301 300 4341 nec
322 4285 589 4341 diuturni
622 4302 768 4341 usus
800 4285 1059 4341 muneris
1091 4290 1435 4351 reservatur,
1472 4289 1530 4341 et
1570 4286 1851 4342 adimitur

199 4374 491 4431 excusatio
516 4372 917 4446 delinquendi.
962 4375 1123 4439 Quod
1175 4374 1330 4429 enim
1379 4374 1663 4446 gravioris
1712 4393 1848 4447 pon-

204 4461 308 4517 dus
339 4461 611 4534 querela,
646 4479 823 4533 quam
849 4461 993 4518 illud
1037 4462 1300 4517 divinum
1334 4463 1489 4535 quod
1546 4462 1726 4519 habes
1788 4464 1845 4519 in

1953 3326 2090 3381 pore
2122 3314 2420 3381 separata,
2454 3314 2735 3382 tanquam
2771 3310 3011 3366 resoluti
3042 3329 3075 3366 a
3106 3312 3365 3385 corporis
3395 3329 3602 3369 somno

1955 3397 2100 3452 nihil
2135 3398 2446 3464 invenient,
2481 3398 2623 3452 nihil
2652 3399 2969 3467 tenebunt;
3002 3404 3058 3455 et
3087 3401 3243 3471 quod
3288 3417 3351 3457 se
3407 3404 3603 3457 tenere

1953 3486 2409 3554 arbitrabantur,
2444 3487 2714 3542 amittent
2747 3505 2760 3555 ;
2795 3488 3072 3561 quoniam
3105 3488 3321 3545 stultus
3352 3492 3411 3545 et
3460 3489 3603 3545 insi-

1954 3575 2120 3647 piens
2152 3592 2286 3630 cum
2310 3574 2526 3632 divitiis
2557 3576 2999 3644 exundaverint,
3032 3572 3363 3650 relinquent
3399 3574 3605 3635 alienis

1957 3663 2187 3719 divitias
2220 3680 2384 3733 suas,
2418 3680 2604 3737 neque
2648 3664 2822 3720 simul
2880 3667 2953 3722 ad
3013 3665 3240 3723 inferna
3294 3667 3608 3738 descendet

1956 3770 2091 3809 cum
2123 3753 2206 3809 eis
2237 3752 2422 3826 gloria
2453 3754 2664 3810 domus
2703 3771 2928 3811 eorum.

2025 3843 2116 3897 24.
2150 3843 2465 3914 Sequentia
2487 3859 2719 3914 quoque
2738 3845 3146 3901 demonstrant
3169 3846 3465 3917 quomodo
3495 3845 3605 3901 im-

1957 3928 2092 4000 pius
2122 3946 2235 3985 non
2266 3928 2614 3999 inveniatur,
2646 3932 2744 3986 sed
2779 3933 3044 3989 intereat.
3097 3933 3383 3999 Quoniam
3414 3932 3607 4006 imago

1956 4018 2085 4089 ejus
2117 4017 2177 4072 in
2228 4018 2459 4074 civitate
2522 4019 2744 4074 Domini
2804 4020 2904 4075 illa
2951 4021 3248 4092 superiore
3284 4021 3609 4078 Jerusalem

1956 4122 2072 4160 non
2104 4106 2414 4160 invenitur.
2447 4106 2731 4161 Dominus
2760 4107 2915 4162 enim
2948 4107 3135 4180 pinxit
3162 4125 3270 4165 nos
3301 4109 3373 4164 ad
3402 4108 3610 4182 imagi-

1960 4210 2094 4249 nem
2126 4200 2184 4249 et
2212 4194 2658 4249 similitudinem
2684 4212 2874 4263 suam,
2901 4196 3192 4268 sicutipse
3205 4197 3373 4253 docet
3389 4196 3608 4254 dicens:

1960 4306 1987 4332 «
2025 4283 2165 4339 Ecce
2193 4300 2319 4355 ego,
2350 4281 2700 4350 Jerusalem,
2734 4283 2892 4355 pinxi
2927 4300 3128 4340 muros
3158 4289 3292 4341 tuos
3322 4286 3429 4357 (lsa
3460 4304 3610 4354 xux,

1962 4374 2069 4443 16).
2108 4395 2134 4420 ››
2176 4373 2331 4427 670
2360 4371 2416 4426 Si
2452 4373 2595 4426 bene
2626 4372 2940 4442 egerimus,
2976 4378 3177 4429 manet
3204 4374 3263 4430 in
3298 4374 3467 4430 nobis
3502 4375 3615 4431 ista

1959 4462 2158 4534 imago
2190 4460 2475 4515 caelestis:
2536 4460 2581 4513 si
2620 4461 2769 4517 male
2802 4462 2935 4533 quis
2967 4462 3108 4535 agit,
3158 4464 3384 4519 deletur
3414 4464 3473 4518 in
3514 4462 3613 4519 illo

2346 4550 2350 4557 ρ
2362 4550 2370 4559 ο

204 4549 450 4607 Michaa
484 4550 774 4623 propheta
806 4550 955 4607 libro
984 4569 997 4606 :
1034 4574 1061 4601 ‹‹
1109 4551 1322 4623 Pepule
1355 4568 1542 4618 meus,
1572 4551 1711 4623 quid
1741 4553 1845 4608 feci
1880 4570 1923 4633 θ
1960 4550 2080 4606 hac
2111 4552 2303 4623 imago
2336 4548 2517 4621 (illius
2552 4549 2756 4622 utique
2788 4552 2887 4622 qui
2920 4551 3222 4607 descendit
3253 4552 3324 4608 de
3353 4551 3544 4619 calo),
3576 4570 3605 4607 e

201 4638 324 4708 tibi,
357 4644 463 4695 aut
491 4640 548 4695 in
582 4656 698 4710 quo
729 4640 1065 4695 contristavi
1099 4644 1172 4707 te,
1206 4645 1308 4695 aut
1365 4641 1505 4711 quid
1564 4641 1847 4702 molestus

204 4726 284 4782 fui
312 4727 467 4783 tibi?
500 4728 788 4799 responde
814 4727 978 4783 mihi.
1012 4728 1213 4784 Nonne
1256 4729 1429 4785 eduxi
1476 4734 1531 4785 te
1568 4730 1638 4785 de
1694 4734 1850 4787 terra

206 4815 451 4889 .Egypti,
482 4821 540 4871 et
568 4816 639 4872 de
670 4816 842 4873 domo
866 4817 1165 4872 servitutis
1197 4817 1434 4873 liberavi
1467 4823 1522 4873 te
1553 4820 1730 4887 (Mich.
1772 4837 1848 4886 v1,

198 4903 258 4972 ϐ,
290 4905 389 4973 4γῖ
422 4928 448 4954 ››
478 4905 619 4960 Ecce
652 4905 943 4977 quomodo
975 4906 1331 4976 dejiciuntur
1362 4906 1684 4978 impiidum
1718 4906 1854 4963 alle-

210 4998 434 5062 vantur,
467 4993 705 5066 querela
735 5011 937 5050 eorum
963 4995 1498 5067 excluditur,pana
1527 4996 1852 5051 acerbatur.

214 5080 552 5138 Calestibus
600 5082 757 5139 enim
798 5082 1095 5139 beneﬁciis
1144 5083 1370 5140 invitati
1420 5084 1686 5141 deserere
1742 5101 1857 5138 non

215 5168 539 5227 debuerunt
578 5171 706 5226 vita
740 5172 1075 5228 securitatis
1123 5176 1177 5227 ct
1237 5173 1640 5245 prosperitatis
1696 5173 1860 5227 dato-

215 5274 358 5329 rem,
381 5259 470 5316 cui
523 5260 708 5334 magis
734 5261 1061 5317 debuerant
1089 5262 1509 5333 obtemperare.
1556 5262 1666 5317 Sed
1712 5260 1865 5315 sicut

210 5345 437 5416 justitia
501 5348 596 5404 Dei
657 5365 891 5422 magna,
952 5350 1033 5405 ita
1089 5349 1262 5405 etiam
1327 5366 1527 5405 severa
1593 5349 1867 5405 vindicta.

219 5435 456 5499 Quando
486 5436 642 5492 enim
672 5437 894 5511 impius
925 5455 1295 5511 parseverare
1316 5439 1634 5507 consuevit,
1658 5440 1729 5495 de
1759 5456 1873 5512 quo

288 5577 400 5671 EO)
424 5579 507 5663 Ita
535 5595 680 5671 mss.
714 5581 971 5671 Thuan,
1003 5582 1174 5671 Vict,
1210 5581 1390 5651 Colb.,
1418 5582 1589 5639 Torn.
1621 5585 1690 5638 At
1720 5582 1858 5639 edit.
1890 5584 2019 5640 Era.
2054 5597 2119 5638 ac
2150 5580 2304 5650 Gill.,
2338 5584 2387 5636 et
2414 5596 2523 5637 non
2553 5580 2706 5635 labor
2734 5587 2810 5635 est
2839 5582 2901 5635 in
2942 5582 3185 5638 incertis.
3221 5580 3410 5650 Rom.,
3441 5583 3491 5635 et
3520 5593 3630 5632 non
3714 5666 3718 5671 Ι

244 5647 499 5722 αὺοιίᾳιιὶ
524 5655 599 5709 ut
630 5653 690 5707 in
722 5647 967 5710 incertis.
1022 5658 1132 5709 etc.

1957 4645 2047 4696 est
2080 4641 2134 4694 in
2167 4656 2232 4694 eo
2263 4638 2454 4711 imago
2480 4639 2722 4715 terreni.
2756 4639 2920 4696 Unde
2951 4644 3007 4696 et
3061 4641 3377 4713 Apostolus
3436 4641 3609 4696 dicit:

1959 4752 1986 4779 ‹‹
2019 4728 2180 4785 Sicut
2210 4729 2570 4800 portavimus
2592 4727 2907 4801 imaginem
2934 4728 3092 4786 illius
3126 4731 3361 4797 terreni,
3413 4735 3613 4801 porte-

1963 4835 2097 4873 mus
2126 4821 2184 4873 et
2221 4817 2536 4889 imaginem
2570 4817 2745 4888 hujus
2775 4817 3025 4875 cmlestis
3054 4820 3103 4890 (Ι
3141 4823 3266 4877 Cor.
3313 4837 3405 4885 xv,
3466 4819 3618 4887 49).»

1965 4906 2258 4962 Bonorum
2292 4923 2427 4978 ergo
2459 4906 2746 4979 imagines
2776 4914 3169 4980 perseverant,
3200 4911 3257 4963 et
3287 4908 3344 4963 in
3378 4906 3479 4962 illa
3518 4907 3619 4963 Dei

1967 4994 2197 5050 civitate
2231 4994 2621 5066 resplendent.
2684 4995 2743 5052 Si
2796 4996 2930 5067 quis
2988 4998 3183 5050 autem
3243 4995 3316 5050 ad
3347 4994 3618 5067 graviora

1970 5086 2205 5156 peccata
2234 5083 2550 5149 deﬂexerit,
2585 5100 2688 5137 nec
2719 5084 2902 5155 egerit
2938 5082 3361 5154 paenitentiam,
3422 5080 3619 5155 imago

1974 5173 2104 5243 ejus
2138 5170 2403 5225 aboletur
2431 5170 2518 5226 vel
2547 5170 2818 5241 dejicitur
2842 5189 2854 5237 ;
2879 5171 3033 5225 sicut
3052 5169 3237 5225 Adam
3261 5169 3332 5225 de
3352 5168 3626 5241 paradiso

1980 5261 2200 5332 ejectus
2232 5263 2321 5315 est
2350 5264 2407 5314 et
2435 5257 2731 5314 exclusus.
2766 5259 3107 5331 Quicunque
3137 5261 3330 5314 autem
3370 5258 3462 5331 pie
3519 5258 3629 5314 ho—

1984 5352 2260 5419 nesteque
2293 5364 2355 5402 se
2383 5346 2650 5420 gesserit,
2709 5347 2891 5403 intrat
2944 5346 3006 5401 in
3060 5346 3352 5403 civitatem
3405 5346 3528 5413 Dei,
3576 5349 3634 5402 et

1986 5439 2161 5493 infert
2193 5436 2509 5508 imaginem
2545 5453 2736 5503 suam,
2768 5441 2833 5491 ut
2864 5437 2919 5491 in
2951 5435 3054 5491 illa
3084 5436 3185 5492 Dei
3217 5435 3440 5508 fulgeat
3493 5434 3632 5490 civi-
