3866 6212
937 355 1328 423 APOLOGIA
1370 349 1810 431 PROPHE'I‘E
1852 356 2121 437 DAMID.
2149 388 2229 404 —
2265 352 2730 422 ADMONITIO.

3409 358 3537 451 #90

162 492 347 550 omnia
372 491 556 551 habeo
588 511 602 562 ;
636 491 777 566 quia
806 492 1107 551 Christum
1134 493 1341 560 habeo,
1373 492 1469 548 cui
1500 493 1669 549 Pater
1700 492 1778 548 al-
1808 507 1860 572 Α
1892 497 2121 549 terrena
2150 492 2348 548 omnia
2377 492 2698 550 abscondat
2726 491 2957 564 oblivio,
2993 497 3049 551 et
3078 494 3189 552 ﬁat
3214 495 3369 553 Deus
3408 513 3530 561 cor-

160 582 415 653 tissimus
446 604 476 631 ‹‹
508 598 620 638 non
654 582 911 654 pepercit
946 600 958 647 ;
994 583 1093 641 sed
1120 598 1236 659 pro
1281 582 1445 636 nobis
1504 581 1779 645 omnibus

160 670 384 727 tradidit
409 669 575 729 illum
609 688 621 727 :
658 671 949 743 quomodo
978 687 1117 744 ergo
1149 688 1264 731 non
1294 687 1430 727 cum
1461 670 1561 727 illo
1585 670 1783 728 omnia

161 759 320 815 nobis
347 759 580 815 donavit
608 761 783 831 (Rom.
817 778 938 829 vui,
992 762 1086 832 32)
1121 778 1133 827 ;
1193 783 1222 810 ››
1252 760 1406 819 sicut
1468 759 1779 832 Apostolus

157 847 337 903 dixit?
364 848 572 904 Omnia
599 849 755 905 enim
786 850 848 905 in
878 849 1128 917 Christo,
1162 866 1265 922 per
1321 865 1498 921 quem
1557 849 1777 914 omnia,

159 942 211 992 et
232 937 285 991 in
314 953 427 1008 quo
458 941 724 994 constant
754 938 971 994 omnia.
1007 938 1216 995 Omnia
1244 954 1382 1010 ergo
1413 938 1471 994 in
1516 937 1616 993 illo
1675 937 1778 993 ha-

157 1026 306 1093 bens,
339 1024 513 1081 aliam
537 1044 653 1081 non
677 1043 872 1099 quaero
905 1027 1255 1095 mercedem,
1290 1026 1427 1098 quia
1456 1026 1580 1097 ipse
1627 1042 1777 1081 mer-

157 1129 240 1168 ces
267 1119 350 1168 est
380 1115 1072 1187 universorum.ldeoque
1101 1117 1352 1188 perfecto
1383 1114 1529 1171 dixit
1561 1131 1572 1170 :
1610 1114 1778 1171 «Tol-

154 1200 202 1257 le
228 1219 449 1257 crucem
485 1206 665 1270 tuam,
700 1209 1019 1275 etsequere
1051 1220 1142 1259 me
1182 1204 1366 1274 (Maro.
1398 1221 1518 1269 VIII,
1575 1204 1685 1274 34).
1751 1226 1777 1252 ››

154 1291 250 1354 Ουί
276 1290 441 1346 illum
475 1291 761 1363 sequitur,
798 1309 911 1347 non
944 1293 1182 1365 praemio
1222 1293 1459 1350 ducitur
1516 1293 1588 1348 ad
1645 1309 1775 1364 per-

157 1380 444 1435 fectionem
489 1398 502 1436 :
538 1381 638 1435 sed
662 1380 1011 1452 perfectione
1039 1385 1482 1437 consummatur
1512 1382 1585 1437 ad
1633 1398 1774 1453 prae-

156 1467 343 1523 mium.
376 1468 711 1526 Imitatores
737 1470 895 1525 enim
926 1470 1139 1527 Christi
1171 1488 1287 1529 non
1319 1474 1555 1543 propter
1611 1487 1776 1542 spem

152 1556 276 1610 boni
305 1562 461 1625 sunt,
494 1559 596 1614 sed
630 1575 730 1632 pro
761 1575 959 1615 amore
989 1558 1240 1615 virtutis.
1291 1559 1560 1623 Christus
1618 1559 1776 1615 enim

151 1661 246 1716 per
270 1649 558 1714 naturam,
588 1649 801 1715 bonus,
834 1664 951 1719 non
984 1652 1218 1720 propter
1240 1648 1462 1720 praemii
1494 1647 1775 1719 cupidita-

150 1734 439 1790 tem..ldeo
468 1752 683 1806 passus
710 1741 821 1801 est,
864 1737 1004 1809 quia
1060 1737 1394 1794 benefacere
1449 1736 1772 1803 delectavit,

150 1822 417 1894 nonquia
467 1822 896 1881 incrementum
956 1825 1149 1897 gloriae
1209 1842 1275 1882 ex
1334 1843 1445 1884 sua
1504 1827 1775 1898 passione

148 1911 443 1983 quaerebat.
478 1913 612 1968 Ideo
646 1912 747 1985 qui
777 1913 946 1969 illum
977 1914 1195 1970 imitari
1227 1915 1413 1986 cupit,
1446 1931 1559 1970 non
1620 1915 1773 1986 quod

148 2000 269 2064 sibi,
298 2001 398 2056 sed
430 2001 589 2074 quod
621 2001 753 2057 aliis
779 2003 982 2074 prosit,
1014 2008 1304 2074 Operatur.
1342 2003 1505 2061 Unde
1534 2016 1649 2059 non
1673 2003 1779 2058 im-

147 2089 337 2145 merito
366 2090 566 2147 deﬁcit
594 2090 728 2156 sibi,
762 2091 893 2147 aliis
922 2096 1119 2147 autem
1152 2092 1383 2149 virtutis
1414 2093 1776 2149 incremento

144 2177 386 2234 valescit.

205 2267 289 2321 29.
319 2269 387 2322 Et
406 2268 820 2324 convenienter
846 2269 989 2325 dicit
1021 2287 1034 2323 :
1069 2292 1096 2320 ‹‹
1158 2269 1376 2325 Defecit
1425 2287 1521 2326 cor
1577 2286 1773 2326 meum

145 2358 195 2407 et
221 2370 345 2410 caro
375 2373 527 2421 mea.
556 2358 705 2412 Deus
734 2358 926 2413 cordis
959 2358 1071 2413 mei
1130 2359 1302 2429 (Psal.
1363 2376 1538 2426 LXXII,
1596 2359 1708 2429 26).
1746 2381 1772 2407 »

142 2442 324 2515 Neque
349 2446 523 2507 enim,
542 2451 792 2517 possunt
818 2454 1096 2518 perpetua
1126 2448 1452 2513 succedere,
1484 2446 1599 2504 nisi
1657 2451 1771 2504 ter-

143 2547 268 2587 rena
295 2533 630 2590 defecerint.
664 2535 870 2591 Deﬁcit
896 2552 1033 2608 ergo
1063 2552 1215 2601 caro,
1250 2524 1484 2607 quando
1525 2537 1773 2592 mortifi-

138 2625 328 2676 cantur
348 2638 487 2694 quae
544 2628 682 2679 sunt
734 2623 1009 2679 carnalia.
1069 2624 1358 2679 Deficiunt
1412 2628 1470 2680 et
1522 2623 1610 2681 illi
1668 2626 1769 2697 qui

136 2710 630 2767 mortificationem
663 2713 804 2767 Jesu
830 2712 1045 2768 Christi
1075 2713 1134 2767 in
1165 2729 1275 2768 sua
1301 2728 1476 2769 carne
1524 2713 1771 2771 circum-

136 2796 312 2854 ferunt
344 2818 358 2866 ;
392 2817 559 2880 mors
592 2801 748 2856 enim
780 2801 995 2857 Christi
1016 2802 1075 2858 in
1108 2800 1227 2857 illis
1252 2806 1621 2875 (operatur,ut
1642 2820 1767 2859 om-

136 2885 219 2942 nis
246 2904 515 2945 errorum
567 2890 851 2946 moriatur
900 2889 1191 2951 illecebra.
1253 2890 1416 2947 Unde
1474 2891 1770 2964 colligitur

138 2975 265 3045 quia
290 2982 346 3033 et
381 2994 489 3033 cor
504 2977 766 3035 hominis
797 2979 1012 3050 deﬁcit,
1044 2980 1281 3052 quando
1337 2980 1768 3053 mortiﬁcantur

131 3063 511 3137 cogitationes
543 3066 732 3135 male,
767 3085 895 3140 quae
922 3070 998 3125 de
1059 3069 1230 3139 corde
1285 3069 1649 3141 procedunt;
1698 3073 1762 3124 ut

1893 581 1982 635 ills
2014 598 2234 648 eorum,
2269 580 2368 653 qui
2388 581 2552 638 .beati
2598 582 2817 651 mundo
2876 584 3048 655 corde
3104 584 3283 641 Deum
3341 584 3533 642 videre

1890 675 2228 729 mereantur
2261 688 2274 739 ;
2309 675 2375 728 ut
2405 658 2876 745 apprOpinq‘uent
2906 672 3033 735 tibi,
3067 678 3123 729 et
3152 691 3268 730 non
3329 692 3391 731 se
3430 668 3530 735 se-

1886 764 2150 831 gregent.
2186 760 2341 831 Deus
2373 758 2526 815 enim
2560 760 2933 837 appoprians,
2964 778 3079 817 non
3140 762 3406 834 repulsor
3437 781 3534 835 ap-

1889 848 2412 920 propinquantium
2445 852 2534 907 est
2566 866 2579 913 ;
2613 849 2889 905 omnibus
2939 851 3094 906 enim
3144 844 3279 907 vult
3323 852 3531 909 salutis

1890 953 2068 992 causa
2096 953 2245 1005 esse,
2279 954 2393 993 non
2427 938 2655 993 mortis.
2686 938 2947 1011 Denique
2971 939 3263 997 neminem
3306 941 3534 1021 repellit

1890 1024 2002 1091 nisi
2030 1026 2129 1097 qui
2163 1042 2221 1081 se
2253 1025 2483 1099 abejus
2514 1032 2821 1098 conspectu
2846 1030 3135 1099 putaverit
3157 1035 3531 1101 sequestran-

1889 1114 2052 1169 dum.
3334 1110 3337 1111 ⁷

1957 1204 2045 1258 30.
2092 1226 2118 1253 ‹‹
2160 1202 2446 1270 Quoniam
2509 1220 2660 1271 ecce,
2703 1203 2915 1275 inquit,
2958 1204 3059 1281 qui
3126 1204 3403 1280 elongant
3471 1224 3532 1262 se

1887 1298 2035 1357 ate,
2077 1291 2351 1362 peribunt
2388 1291 2543 1362 (Ibid.
2598 1293 2725 1363 ¹27).
2797 1312 2825 1341 ››
2894 1292 3307 1366 Unusquisque
3373 1296 3530 1350 enim

1887 1381 2162 1452 operibus
2201 1379 2326 1436 suis
2367 1380 2564 1451 pietati
2609 1384 2717 1435 tum
2759 1397 2885 1438 sese
2925 1386 3026 1437 aut
3057 1381 3256 1455 jungit
3304 1388 3404 1438 aut
3442 1401 3529 1439 se-

1887 1472 2070 1540 parat.
2116 1469 2288 1541 Fugit
2325 1469 2479 1525 enim
2519 1469 2705 1524 Deum
2757 1469 2857 1542 qui
2919 1476 3190 1542 operatur
3257 1490 3342 1540 ea,
3387 1490 3530 1545 quo-

1887 1573 2018 1612 rum
2057 1557 2452 1630 cognitionem
2494 1561 2717 1617 metuat
2754 1558 3113 1633 deprehendi
3156 1577 3169 1627 ;
3230 1560 3382 1617 sicut
3438 1561 3531 1629 ille

1885 1645 1987 1717 qui
2026 1649 2213 1703 tectus
2264 1645 2587 1718 parietibus
2649 1650 2705 1702 ct
2748 1646 3164 1723 _circumfusus
3203 1634 3458 1715 tenebris
3497 1668 3525 1706 θ

1880 1734 2133 1791 Domino
2171 1735 2287 1790 Deo
2326 1751 2453 1790 sese
2492 1734 2791 1790 existimat
2820 1752 2947 1792 .non
2979 1735 3179 1805 ~videri
3218 1756 3229 1793 :
3299 1738 3531 1795 videtur

1866 1829 2255 1890 ,autem‘cum
2298 1847 2325 1874 «
2369 1823 2676 1887 Perdidisti
2733 1841 2937 1881 omnes
3000 1826 3100 1897 qui
3168 1826 3532 1883 fornicantur

1887 1913 1992 1968 abs
2031 1920 2083 1967 te
2123 1912 2326 1984 (Ibid),
2367 1935 2395 1962 ν
2439 1911 2601 1969 Sicut
2637 1912 2793 1968 enim
2834 1912 3044 1969 mulier
3095 1931 3220 1987 quae
3281 1915 3528 1973 fornica-

1870 2006 2004 2070 tur,
2046 2019 2158 2058 non
2202 2001 2455 2058 adhaeret
2492 2002 2634 2070 viro,
2677 2019 2782 2057 nec
2837 2019 2956 2058 una
3015 2019 3148 2059 caro
3215 2022 3346 2060 cum
3409 2006 3529 2061 viro

1887 2108 2014 2159 suo,
2057 2107 2162 2146 nec
2202 2107 2358 2146 unus
2390 2090 2639 2161 spiritus
2678 2096 2768 2147 est
2815 2108 2828 2160 ;
2869 2092 2969 2148 sed
3007 2092 3212 2149 dividit
3271 2085 3399 2150 sese
3463 2111 3530 2149 ac

1885 2182 2120 2251 separat
2158 2179 2498 2235 fornicando
2542 2195 2555 2233 :
2603 2178 2687 2234 ita
2748 2196 3111 2259 quaecunque
3177 2181 3374 2238 anima
3412 2176 3528 2239 nec

1886 2268 2142 2323 adhazret
2179 2268 2315 2337 Deo,
2386 2268 2485 2323 sed
2553 2268 2718 2323 vanis
2776 2266 3067 2325 idolorum
3127 2269 3383 2326 cultibus
3440 2271 3529 2331 in-

1884 2356 2141 2415 serviens
2181 2356 2519 2429 fornicatur,
2571 2355 2777 2411 dividit
2819 2374 2880 2412 se
2946 2358 3235 2431 sacrilegii
3304 2360 3527 2417 saevita-

1883 2450 1939 2502 te
1981 2447 2157 2517 (3|),
2225 2449 2281 2501 et
2346 2444 2517 2516 longe
2588 2446 2649 2500 fit
2716 2463 2750 2500 a
2814 2446 3083 2515 Domino,
3155 2464 3280 2519 quae
3352 2465 3529 2521 prope

1884 2551 2011 2599 esse
2050 2535 2303 2590 deberet.
2347 2533 2502 2589 Perit
2538 2538 2735 2590 autem
2776 2533 2877 2606 qui
2916 2541 3221 2608 separatur
3260 2554 3292 2591 a
3332 2537 3525 2593 Domi-

1883 2642 1978 2679 no.

1950 2715 2040 2768 3|.
2076 2711 2237 2767 Unde
2267 2715 2509 2767 sanctus
2538 2709 2637 2785 qui
2693 2711 2786 2766 Dei
2812 2711 3104 2783 judicium
3163 2714 3519 2789 reformidat,

1880 2819 2111 2874 semper
2139 2800 2431 2857 adhaarere
2461 2799 2587 2856 vult
2614 2799 2862 2867 Christo,
2893 2804 2950 2869 et
2978 2800 3036 2855 in
3068 2818 3133 2857 eo
3166 2819 3521 2874 spem_suam

1878 2906 2112 2962 ponere,
2148 2894 2210 2945 ut
2242 2888 2780 2965 laudctDominum
2812 2889 2976 2960 (Ibid.
3002 2890 3121 2961 2.8),
3155 2890 3249 2947 cui
3278 2896 3366 2947 est
3422 2892 3522 2948 ho-

1877 2996 2002 3047 nor,
2035 2978 2241 3051 gloria,
2265 2978 2619 3059 perpetuitas
2647 2995 2681 3035 a
2710 2977 3061 3055 smculis,_et
3093 2996 3249 3036 nunc
3281 2987 3334 3051 et
3367 2998 3519 3055 sem-

1868 3086 1999 3141 per,
2033 3072 2219 3141 etper
2247 3066 2445 3123 omnia
2473 3066 2687 3124 saecula
2724 3067 3090 3139 saeculorum.
3136 3070 3340 3125 Amen.

191 3214 294 3287 (3|)
326 3217 551 3291 Omnes
579 3219 718 3275 edit.
750 3221 1034 3293 sacrilegii
1059 3220 1391 3279 obscenitate
1419 3239 1441 3286 ,-
1471 3236 1675 3279 omnes
1706 3236 1870 3302 mss,
1902 3218 2476 3297 sacrilegiisaevitate.

127 3395 537 3408 μιῇ-..-

420 3542 538 3627 IN
629 3541 1306 3628 APOLOGIAM
1391 3540 2014 3627 PROPHET/E
2108 3542 2449 3628 DAVID
2545 3540 3193 3628 ADMONI'I‘IO

1756 3707 1902 3719 ...ι-η

185 3807 448 3864 Nonnulli
490 3809 637 3879 (cap.
671 3825 880 3873 I,num.
918 3808 969 3879 1)
1002 3814 1138 3863 cu‘m
1172 3807 1477 3864 historiam
1509 3808 1687 3864 David
1721 3807 2070 3881 perlegendo
2103 3811 2331 3863 tantum
2366 3808 2709 3882 prophetam
2741 3827 2805 3865 ac
2837 3826 3033 3884 regem
3066 3814 3183 3866 tam
3238 3818 3511 3868 sanetum

124 3892 175 3949 in
202 3897 502 3968 geminum
533 3896 746 3965 scelus,
801 3894 1072 3965 adulterii
1103 3895 1326 3955 scilicet
1354 3901 1531 3967 atque
1561 3895 1882 3952 homicidii.
1917 3896 2196 3953 incidisse
2224 3897 2655 3970 cognovissent,
2690 3898 3070 3955 offensionem
3104 3899 3261 3955 haud
3297 3902 3513 3958 medic-

125 3999 263 4039 crem
294 3986 448 4058 passi
490 3985 738 4040 fuerant.
773 3978 1725 4058 Quapropter.huiusreijvulgato
1757 3984 2119 4061 rumusculo,
2150 3990 2394 4059 sanctus
2447 3987 2815 4052 Ambrosius,
2849 3988 2923 4042 ad
2973 3987 3255 4043 utilitates
3314 3988 3510 4059 populi

125 4073 205 4127 sui
234 4090 557 4147 numquam
590 4092 704 4129 non
733 4073 1016 4142 intentus,
1044 4073 1183 4128 huic
1215 4073 1368 4128 malo
1400 4073 1625 4145 putavit
1656 4077 1882 4128 mature
1913 4060 2564 4144 Occurrendum.itaque
2593 4090 2825 4129 sacrum
2858 4078 3201 4148 suggestum
3234 4093 3512 4133 conscen-

125 4159 273 4229 dens,
304 4161 704 4219 defensionem
737 4162 1000 4232 ejusdem
1032 4159 1335 4233 propbetze
1358 4177 1426 4217 ac
1458 4160 1611 4234 regis
1638 4165 2101 4233 aggressusest.
2128 4160 2326 4231 Neque
2356 4165 2551 4215 tamen
2586 4161 2779 4233 ipsum
2814 4161 2895 4217 ita
2924 4162 3180 4234 suscepit
3205 4164 3512 4221 defenden-

123 4247 270 4317 dum,
301 4256 367 4307 ut
394 4271 430 4308 a
461 4250 707 4306 crimine
737 4252 1061 4306 immunem
1090 4253 1393 4305 assereret.
1429 4253 1662 4325 Fatetur
1694 4250 1988 4321 siquidem
2019 4250 2167 4321 (cap,
2204 4250 2229 4303 1
2261 4253 2316 4304 et
2347 4249 2497 4320 seq.)
2525 4248 2695 4303 illum
2723 4250 2955 4307 duobus
2985 4252 3350 4322 gravissimis
3379 4271 3509 4326 pec-

124 4338 251 4394 catis
278 4339 635 4397 maculatum
668 4332 896 4421 fuiése':
926 4336 2131 4419 at,verocontendit,eumdemgaccelerata
2163 4337 2532 4421 confessione
2563 4338 2825 4419 (cap.‘,2),
2893 4338 3113 4413 prolixa
3171 4340 3508 4410 poenitentia

120 4427 254 4497 (cap.
286 4429 359 4500 4),
391 4439 449 4484 et
477 4414 772 4483 indefesso
802 4414 1089 4482 bonorum
1123 4414 1366 4497 operum
1395 4414 1591 4482 studio
1652 4414 1802 4499 (cap.
1835 4427 1871 4481 6
1899 4431 1957 4481 et
1985 4427 2132 4498 seq.)
2164 4414 2483 4497 expiatum,
2518 4431 2581 4480 ut
2604 4414 2609 4419 ’
2623 4414 2751 4496 jam
2785 4426 3191 4498 peccatoribus
3251 4445 3385 4484 eum
3423 4446 3512 4485 ac.-

122 4527 340 4571 censero
370 4532 550 4588 quem
582 4515 829 4586 ipsemet
854 4514 1007 4570 Deus
1037 4514 1365 4587 absolverat
1395 4515 1542 4588 (cap.
1578 4517 1610 4570 4
1640 4518 1696 4571 et
1728 4514 2163 4597 al‘ibi),niiui!me
2192 4514 2393 4597 liceret
2427 4531 2440 4568 :
2473 4519 2747 4593 caeterum
2795 4514 3256 4588 haudquaquam
3314 4518 3502 4573 insoli-

120 4603 233 4657 tum
261 4605 463 4671 videri,
499 4604 654 4675 quod
683 4603 1022 4659 tentationis
1051 4608 1107 4658 et
1134 4604 1618 4675 concupiscentiae
1647 4604 1701 4660 vi
1735 4590 2114 4660 succubuerit
2132 4590 2564 4677 homofragilis
2595 4605 2746 4677 (cap.
2782 4604 2803 4660 4
2840 4609 2898 4660 et
2952 4607 3136 4677 alibi),
3198 4607 3297 4662 sed
3361 4607 3505 4663 illud

120 4705 343 4758 prorsus
372 4693 640 4750 omnium
673 4687 1060 4749 admiratione
1084 4692 1352 4766 dignum,
1388 4694 1539 4765 quod
1566 4709 1665 4749 rex
1692 4683 2140 4766 potentissimus
2171 4694 2269 4765 qui
2302 4692 2497 4765 legum
2531 4692 2833 4749 severitate
2865 4712 2978 4749 non
3011 4695 3338 4761 tenebatur,
3386 4704 3507 4753 sta-

118 4776 212 4832 tim
241 4785 411 4852 atque
440 4782 513 4837 de
544 4781 860 4836 commisso
892 4783 1125 4852 peccato
1158 4780 1267 4834 fuit
1296 4780 1654 4847 admonitus,
1677 4781 1909 4854 culpam
1944 4783 2264 4854 agnoverit,
2293 4799 2541 4854 eamque
2570 4783 2796 4839 sincero
2827 4803 2893 4838 ac
2926 4783 3253 4840 vehementi
3308 4786 3503 4841 dolore

120 4865 604 4927 deleverit.,Addit
631 4868 727 4924 his
757 4873 1151 4951 memoratum
1172 4868 1415 4940 lapsum
1448 4887 1576 4937 eam
1609 4871 1683 4927 ob
1707 4886 1827 4925 rem
1860 4871 2056 4926 divino
2090 4870 2833 4951 permissum,consili_o,‘ut
2864 4871 3020 4941 idem
3044 4871 3147 4928 ille
3177 4889 3211 4926 a
3258 4875 3504 4944 posteri-

119 4956 248 5011 tatis
263 4956 975 5031 exemplumhumiliatus
1005 4942 1469 5027 exercereturac
1496 4959 1842 5032 probaretur
1871 4960 2018 5031 (cap.
2052 4964 2088 5013 2
2113 4942 2261 5028 et‘3)
2340 4976 2529 5031 neque
2560 4943 2679 5015 non
2706 4942 2773 5018 in.
2797 4960 2905 5016 hoc
2934 4960 3060 5031 ipso
3117 4942 3377 5033 mysterii
3448 4963 3506 5016 Π-

116 5056 308 5112 guram
338 5046 599 5104 extitisse
629 5047 780 5123 (cap.
814 5047 899 5118 3),,
922 5062 1061 5119 quis,
1081 5045 1445 5115 atrocitatem
1474 5064 1635 5107 noxae
1667 5047 1978 5102 minueret.
2014 5040 2335 5113 Postremo,
2360 5065 2475 5120 non
2510 5048 2711 5119 paucis
2739 5046 3033 5118 praeclaris
3063 5063 3129 5102 ac
3159 5047 3377 5103 sanctis
3411 5068 3501 5103 ac-

115 5129 357 5190 tionihus
385 5141 535 5207 (cap.
567 5137 603 5191 6
630 5139 685 5191 et
715 5136 865 5207 seq.)
896 5134 1114 5207 quibus
1140 5134 1426 5207 Propheta
1459 5135 1731 5205 delictum
1764 5135 1970 5191 texerit
2000 5152 2196 5201 suum,
2230 5135 2637 5202 dinumeratis,
2662 5134 2917 5189 afﬁrmat
2947 5152 3080 5189 eum
3113 5134 3226 5215 alio
3258 5142 3502 5215 patrono

113 5215 255 5275 haud
288 5221 549 5296 indigere
583 5241 596 5291 ;
628 5222 1103 5295 quandoquidem
1132 5227 1192 5292 et
1215 5222 1448 5295 psalmo
1479 5242 1528 5291 L,
1558 5241 1672 5297 quo
1703 5228 1761 5280 et
1789 5216 1977 5279 actam
2011 5223 2116 5278 abs
2146 5240 2208 5279 se
2239 5222 2638 5294 paenitentiam
2662 5226 2720 5278 et
2740 5222 3112 5307 impetratam
3135 5212 3365 5309 veniam
3392 5229 3503 5282 tes-

111 5308 258 5397 tatus
284 5315 379 5366 est
406 5313 553 5385 (cap.
584 5316 619 5367 8
646 5318 703 5369 et
732 5312 909 5384 seq.),
934 5329 1102 5377 suam
1135 5312 1261 5384 ipse
1288 5311 1524 5386 reliquit
1550 5312 2049 5387 apologiam._Hoc
2079 5312 2173 5389 vir~
2194 5316 2433 5387 sanctus
2465 5312 2695 5386 probat,
2725 5311 2882 5368 brevi
2914 5304 3501 5397 quidem,atfelegan-

114 5393 172 5457 ti,
200 5398 753 5471 qmniumejusdem
784 5399 1001 5480 psalmi,
1021 5416 1299 5463 versuum
1330 5402 1717 5475 enarratione,
1750 5402 1810 5458 in
1842 5419 1961 5476 qua
1988 5400 2224 5477 sicutet
2254 5401 2311 5455 in
2344 5404 2461 5456 toto
2493 5418 2665 5480 opere
2699 5393 2974 5479 mysticae
3007 5393 3500 5479 quasdam'expo-

111 5483 362 5553 sitiones,
395 5490 847 5556 observationes,
879 5476 1429 5562 adhortationesque
1459 5490 1713 5555 morales
1742 5492 1813 5547 ad
1845 5489 2047 5564 populi
2068 5476 2073 5477 ί
2098 5490 2251 5564 apud
2285 5506 2458 5562 quem
2500 5476 2682 5567 verba
2734 5476 3007 5559 faciebat,
3067 5476 3497 5562 institutionem

110 5574 342 5647 spargit.

173 5660 302 5733 Ipsa
331 5662 509 5735 hujus
539 5667 732 5740 operis
762 5666 1179 5724 constitutione
1210 5667 1353 5723 satis
1388 5666 1683 5740 intelligas
1712 5670 1771 5725 in
1804 5669 2057 5727 editione
2091 5668 2353 5726 Romana
2382 5686 2587 5747 parum
2618 5666 3059 5758 consulteillud
3117 5674 3318 5759 contra
3375 5688 3496 5726 ma-
