3866 6212
420 317 537 386 891
1885 320 1948 386 S.
1993 261 2365 388 AMBROSll
3652 334 3753 401 393

424 456 862 532 nuscriptorum
890 452 1176 528 omnium,
1210 472 1277 513 ac
1307 454 1676 531 superiorum
1706 453 2027 513 editionum
2062 458 2489 524 auctoritatem,
2524 456 2581 513 in
2612 456 2762 514 duos
2789 459 3073 516 tractatus
3101 473 3229 518 esse
3257 458 3522 531 divisum,
3548 479 3746 538 quorum

425 547 573 604 alter
601 552 860 621 priscum
892 546 1130 602 titulum
1162 546 1446 618 Apologia)
1474 545 1644 601 David
1674 544 1935 611 retinuit,
1970 543 2116 601 alter
2144 550 2380 618 accepta
2411 562 2560 603 nova
2588 546 2973 621 inscriptione
3000 548 3072 605 ad
3146 551 3529 609 enarrationes
3554 554 3607 609 in
3632 557 3751 627 psal-

426 653 555 693 mos
585 637 938 692 amaudatus
967 638 1075 692 est.
1111 635 1256 691 Huic
1286 651 1521 707 quoque
1552 634 1823 689 divisioni
1855 634 2180 707 refragatur
2209 634 2415 692 beatus
2441 636 2806 709 Augustinus
2839 653 2854 704 ;
2885 636 2938 692 is
2966 637 3125 694 enim
3151 637 3277 711 (lib,
3339 656 3414 705 Iv,
3471 640 3604 698 Cant.
3649 644 3752 702 duas

426 728 582 798 epist.
616 727 825 792 Pelag.,
859 741 984 796 cap.
1020 725 1107 785 11,
1140 729 1197 779 et
1225 722 1329 779 lib.
1363 741 1405 779 ιι
1441 723 1593 779 Cant.
1621 724 1731 779 Jul.
1762 724 1974 795 Pelag.,
2007 740 2134 795 cap.
2165 724 2222 795 7)
2253 724 2658 780 testimonium
2688 741 2757 781 ex
2786 726 3153 783 enarratione
3210 727 3421 799 psalmi
3473 747 3518 785 ι..
3554 731 3753 803 petitum

425 813 725 885 proferens
752 812 895 867 illud
920 829 1034 868 non
1066 811 1181 868 alio
1214 813 1324 867 sub
1356 811 1526 867 titulo
1557 828 1733 883 quam
1765 812 2034 883 Apologiae
2064 811 2235 866 David
2264 809 2483 867 laudat.
2517 812 2640 869 Non
2674 816 2952 884 putamus
2984 815 3159 870 etiam
3194 815 3518 888 quempiam
3538 818 3754 887 inveniri,

426 901 516 957 cui
551 905 652 957 aut
680 902 933 956 inductae
961 901 1032 955 ab
1064 901 1328 971 ejusdem
1360 899 1636 955 editionis
1669 898 1980 961 ἐπιμεληταῖς
2016 900 2075 955 in
2108 900 2365 956 auctoris
2398 904 2618 956 textum
2649 900 3088 959 immutationes
3117 903 3523 975 approbentur,
3551 911 3641 961 aut
3657 923 3756 962 ver-

420 991 630 1046 borum
665 990 880 1064 quibus
912 990 1092 1061 hujus
1123 989 1566 1056 lucubrationis,
1601 1006 1777 1061 quam
1810 988 2048 1043 omnino
2082 1005 2259 1044 unam
2290 1006 2418 1045 esse
2450 994 2698 1061 oportet,
2731 993 2926 1060 partes
2956 990 3111 1047 inter
3140 1007 3201 1047 se
3233 992 3613 1061 nectebantur,
3637 995 3759 1050 facta

422 1079 701 1135 detractio
735 1096 848 1134 non
890 1078 1214 1149 displiceat.
1247 1078 1523 1141 Quocirca
1553 1095 1583 1131 e
1616 1078 1972 1150 scriptorum
2008 1077 2272 1134 codicum
2304 1095 2372 1134 ac
2404 1082 2661 1134 veterum
2692 1077 3015 1135 editionum
3044 1079 3158 1134 ﬁde
3208 1080 3407 1135 omnia
3426 1080 3758 1145 restituimus,

422 1172 490 1224 ut
520 1168 647 1224 suis
670 1167 815 1223 locis
847 1168 1303 1222 submonuimus
1335 1168 1405 1221 ad
1438 1166 1656 1222 calcem
1689 1165 2056 1239 paginarum.

491 1255 837 1312 Ambrosius
867 1254 1174 1310 conciones
1204 1254 1419 1325 quibus
1449 1253 1543 1309 hic
1571 1257 1854 1309 tractatus
1885 1255 2274 1326 componitur,
2303 1270 2463 1311 more
2492 1271 2600 1311 suo
2631 1255 2688 1310 in
2716 1255 2974 1311 Ecclesia
3000 1256 3400 1328 pronuntiavit
3428 1261 3550 1329 post
3591 1257 3759 1314 recita-

420 1349 547 1400 tum
580 1343 967 1415 evangelium,
1002 1342 1498 1413 quemadmodum
1530 1347 1725 1414 apcrte
1756 1342 2092 1415 significant
2118 1359 2187 1399 ea
2216 1343 2389 1399 verba
2425 1360 2439 1398 :
2475 1348 2537 1398 ut
2566 1344 2732 1399 hodie
2759 1344 2956 1400 lectum
2981 1347 3061 1399 est
3089 1346 3238 1416 (cap.
3274 1348 3331 1411 5,
3363 1347 3634 1413 uum.20),
3652 1347 3762 1416 quod

418 1435 576 1490 homo
604 1432 829 1504 quidam
857 1448 979 1487 curn
1008 1431 1158 1487 dives
1186 1441 1341 1498 esset,
1375 1432 1514 1488 abiit
1542 1434 1603 1486 in
1633 1433 1908 1502 regionem
1941 1433 2313 1504 longinquam,
2356 1437 2464 1488 etc.
2514 1434 2531 1502 (
2540 1436 2667 1488 Luc.
2698 1432 2839 1503 xxx).
2871 1432 2980 1488 Sed
3017 1448 3121 1488 nec
3179 1432 3379 1488 minus
3435 1433 3759 1489 manifestum

417 1526 507 1579 est
536 1520 592 1577 id
626 1520 888 1577 evenisse
920 1536 1035 1574 non
1069 1520 1147 1575 ita
1177 1519 1364 1575 multo
1392 1526 1523 1591 post
1554 1520 1814 1576 Gratiani
1845 1520 2217 1593 imperatoris
2245 1521 2481 1587 caedem,
2512 1521 2747 1593 quando
2779 1536 2909 1577 eam
2956 1519 3054 1577 ille
3082 1520 3244 1577 hisce
3274 1521 3509 1577 vocibus
3534 1520 3766 1578 lamenta-

416 1615 515 1667 tur
543 1611 692 1683 (cap.
724 1611 780 1669 6.
815 1626 979 1664 num.
1008 1611 1098 1680 27)
1133 1625 1144 1663 :
1181 1611 1352 1676 Quam
1380 1611 1558 1680 gravi,
1592 1608 1805 1680 inquit,
1838 1608 2017 1664 adhuc
2045 1610 2249 1665 luimus
2280 1611 2550 1677 vastitate,
2579 1627 2746 1681 quam
2769 1609 2988 1683 publica
3018 1608 3253 1682 quodam
3282 1612 3451 1666 totius
3476 1610 3612 1666 orbi:
3634 1612 3762 1681 fune-

423 1717 481 1758 re
507 1702 739 1773 appetiti
767 1715 949 1754 necem
978 1699 1122 1768 regis
1150 1699 1479 1754 exsoluimus
1512 1703 1530 1752 ,ν
1558 1702 1667 1753 etc.
1702 1697 1873 1753 Plane
1904 1697 2013 1753 hoc
2042 1699 2214 1754 modo
2244 1698 2407 1771 loqui
2439 1702 2679 1755 sanctus
2704 1698 2950 1755 antistes
2977 1714 3096 1755 non
3131 1702 3360 1772 poterat
3415 1698 3527 1755 nisi
3578 1701 3670 1754 aut
3713 1698 3768 1753 de

417 1789 712 1852 Gratiano,
747 1791 847 1842 aut
876 1787 947 1841 de
978 1786 1382 1842 Valentiniano
1406 1785 1660 1856 juniore,
1694 1801 1829 1840 cum
1860 1784 1979 1841 illis
2004 1786 2372 1858 temporibus
2401 1802 2505 1859 per
2530 1785 2649 1843 vim
2680 1785 2882 1843 nullus
2912 1786 3232 1858 imperator
3270 1790 3478 1859 prater
3503 1787 3602 1843 hos
3649 1786 3766 1843 duos

406 1876 643 1951 juvenis
674 1876 848 1931 fuerit
876 1875 1200 1931 exstinctus
1233 1892 1247 1942 ;
1276 1878 1334 1929 at
1365 1891 1490 1946 qua:
1521 1875 1800 1947 adjuncta
1828 1872 1946 1928 illic
1976 1875 2311 1930 referuntur
2337 1873 2556 1947 optime
2588 1875 2648 1930 in
2678 1873 2997 1932 violentum
3021 1874 3283 1931 Gratiani
3315 1875 3631 1942 interitum,
3678 1874 3766 1930 mi-

413 1966 573 2022 nime
601 1981 734 2021 vero
764 1963 822 2019 in
853 1962 1243 2019 Valentiniani
1276 1962 1563 2035 quadrare
1596 1963 1741 2018 satis
1770 1965 2017 2018 constat.
2048 1963 2328 2018 Praeterea
2355 1962 2465 2019 hac
2494 1962 2623 2034 ipsa
2650 1961 2931 2036 Apologia
2959 1962 3174 2019 citetur
3200 1962 3261 2018 in
3291 1963 3705 2020 commentariis
3720 1962 3767 2019 in

410 2053 787 2127 Evangelium
815 2052 1139 2109 secundum
1173 2051 1386 2107 Lucam
1418 2049 1497 2122 (in
1531 2067 1658 2123 cap.
1690 2052 1767 2121 3),
1801 2068 1928 2123 quae
1960 2050 2191 2106 circiter
2221 2067 2442 2107 annum
2474 2053 2581 2107 385
2609 2051 2827 2124 scripta
2855 2066 2984 2108 esse
3015 2051 3380 2124 probabilius
3410 2056 3584 2116 est.ac
3607 2051 3767 2124 perin-

410 2144 483 2199 de
512 2142 611 2198 diu
644 2146 778 2197 ante
809 2156 1010 2196 necem
1037 2138 1450 2195 Valentiniani.
1472 2139 1875 2211 Colligendum
1910 2139 2107 2211 itaque
2134 2140 2683 2197 commentationem
2715 2140 2865 2196 hanc
2896 2145 3030 2214 post
3057 2157 3318 2197 mensem
3350 2143 3664 2215 Augustum
3688 2157 3771 2196 an-

411 2231 471 2287 ni
502 2232 629 2297 383,
662 2246 777 2303 quo
808 2229 1137 2284 trucidatus
1169 2229 1278 2283 fuit
1306 2228 1639 2295 Gratianus,
1672 2232 1729 2284 et
1763 2234 1898 2285 ante
1928 2244 2148 2284 annum
2174 2229 2299 2297 385,
2334 2246 2449 2302 quo
2479 2234 2806 2286 memorata
2834 2230 3256 2286 commentaria
3282 2229 3586 2286 lucubrata
3640 2232 3767 2293 sunt,

412 2321 473 2376 in
505 2320 695 2375 lucem
727 2317 1035 2387 prodiisse,
1069 2334 1220 2373 anno
1249 2316 1534 2382 videlicet,
1567 2321 1633 2372 ut
1661 2334 1795 2373 vero
1823 2317 2055 2374 videtur
2084 2316 2366 2386 similius,
2395 2319 2521 2373 384.

483 2408 675 2464 Codex
700 2407 1037 2473 Thuaneus,
1070 2411 1200 2462 ante
1234 2404 1394 2461 mille
1416 2423 1621 2469 annos.
1656 2411 1721 2462 ut
1747 2406 2111 2462 characteres
2142 2405 2424 2472 indicant,
2457 2411 2751 2473 exaratus,
2806 2412 2863 2462 et
2910 2406 3010 2462 alii
3066 2405 3290 2479 aliquot
3349 2407 3597 2480 probata:
3651 2408 3769 2459 nota

411 2497 564 2554 hanc
595 2497 861 2552 eamdem
895 2493 1143 2567 opellam
1176 2494 1449 2551 exhibent
1477 2495 1559 2549 ita
1586 2494 1929 2566 inscriptam
1967 2513 1980 2549 :
2016 2495 2290 2550 Tractatus
2318 2494 2372 2549 S.
2408 2494 2690 2551 Ambrosii
2715 2495 2780 2551 de
2806 2494 3067 2568 Apologia
3091 2495 3368 2567 propheta:
3397 2494 3567 2551 David
3589 2492 3772 2548 adflue-

408 2585 659 2642 odosium
687 2590 1007 2653 Augustum.
1040 2584 1150 2639 Sed
1211 2584 1355 2639 forte
1402 2583 1741 2657 suspicetur
1769 2583 1980 2656 aliquis
2011 2586 2309 2655 postrema
2335 2583 2511 2639 verba
2541 2584 2722 2640 tuisse
2751 2583 2824 2640 ab
2853 2583 3140 2656 imperitis
3169 2583 3529 2656 quibusdam
3557 2580 3640 2637 vel
3686 2597 3765 2634 au-

410 2673 636 2731 daculis
668 2672 1063 2745 superaddita,
1097 2689 1228 2727 cum
1256 2672 1621 2728 Theodosius
1651 2673 1899 2745 Magnus
1931 2689 2046 2744 quo
2075 2675 2336 2745 tempore
2364 2672 2601 2728 eosdem
2631 2688 2932 2729 sermones
2960 2672 3194 2728 habitos
3222 2688 3355 2728 esse
3385 2668 3768 2728 demonstravi-

408 2780 565 2831 mus,
599 2779 713 2817 non
747 2760 999 2833 potuerit
1026 2777 1153 2816 esse
1184 2760 1517 2829 Mediolani,
1550 2777 1728 2833 quam
1761 2762 1819 2816 in
1853 2761 2057 2816 urbem
2090 2760 2324 2817 nonnisi
2355 2760 2582 2833 aliquot
2610 2765 2743 2834 post
2773 2760 2945 2817 annis
2993 2777 3128 2817 cum
3159 2761 3232 2817 de
3285 2759 3544 2816 Maximo
3597 2758 3767 2814 trium-

407 2852 669 2925 phasset,
703 2866 831 2905 sese
862 2848 1132 2913 contulit,
1164 2853 1564 2905 verumtamen
1596 2849 1743 2904 nihil
1775 2850 2094 2906 admodum
2124 2853 2281 2906 vetat
2305 2850 2623 2923 quominus
2653 2853 2894 2907 sanctus
2923 2848 3137 2923 praesul
3165 2849 3499 2905 Theodosio
3528 2865 3564 2904 a
3586 2862 3646 2903 se
3692 2844 3771 2901 ali-

410 2956 586 3013 quem
619 2956 649 2994 e
678 2938 805 2994 suis
836 2936 1004 2992 libris
1036 2936 1251 3009 petenti
1282 2937 1439 2993 hunc
1467 2937 1684 3010 ipsum,
1716 2936 1853 2994 licet
1882 2942 2017 2994 ante
2046 2955 2235 2996 annos
2263 2956 2379 2995 non
2411 2955 2629 3012 paucos
2658 2939 3073 3011 compositum,
3105 2943 3299 2994 tamen
3334 2937 3509 3011 quasi
3564 2935 3772 2992 maxime

408 3026 847 3084 convenientem
879 3026 953 3081 ob
984 3024 1202 3098 regiam
1232 3042 1492 3098 personae
1522 3028 1595 3082 de
1661 3043 1780 3098 qua
1811 3025 2027 3083 ibidem
2060 3026 2256 3101 agitur
2280 3027 2654 3101 dignitatem,
2686 3026 3063 3100 potissimum
3103 3027 3380 3084 tribuerit
3413 3044 3426 3082 :
3491 3028 3590 3082 aut
3633 3022 3772 3080 etiam

408 3117 660 3190 ipsemet
689 3120 895 3186 sponte
925 3132 1033 3170 sua
1061 3114 1251 3171 eidem
1284 3114 1529 3187 principi
1565 3115 1707 3172 forte
1736 3119 1869 3187 post
1897 3116 2107 3171 factam
2139 3114 2751 3173 Thessalonicensium
2778 3119 3053 3190 stragem,
3087 3120 3324 3188 propter
3355 3131 3536 3189 quam
3567 3113 3665 3187 ipsi
3690 3127 3772 3183 pu-

408 3205 621 3262 blicam
654 3202 1114 3260 satisfactionem
1148 3202 1377 3271 indixit,
1410 3202 1760 3260 mittendum
1796 3205 2103 3276 putaverit,
2135 3208 2201 3259 ut
2231 3203 2398 3261 illum
2428 3204 2488 3260 in
2520 3204 2871 3277 poenitentia
2901 3205 3161 3261 ﬁrmaret
3217 3200 3546 3278 proposito.
3600 3199 3775 3271 [teipse

407 3295 561 3351 inter
590 3292 845 3366 plurima
874 3290 1147 3363 praeclare
1176 3291 1331 3347 dicta
1361 3308 1492 3363 quae
1518 3292 1784 3365 legentur
1811 3292 1872 3347 in
1902 3292 2012 3349 hoc
2037 3297 2311 3363 tractatu,
2343 3291 2627 3349 nonnulla
2654 3292 2831 3349 etiam
2860 3292 3167 3349 observare
3197 3298 3287 3348 est
3319 3309 3453 3365 qum
3509 3290 3775 3346 videantur

403 3400 471 3440 eo
497 3386 781 3455 spectare.
814 3381 943 3437 Haec
973 3380 1319 3436 Ambrosius
1348 3380 1648 3452 scriptioni
1683 3398 1801 3437 sua:
1832 3385 2147 3453 antequam
2179 3380 2343 3438 illam
2392 3381 2649 3438 mitteret
2682 3381 2762 3438 ad
2820 3381 3252 3454 imperatorem,
3316 3381 3535 3437 addere
3586 3373 3764 3451 potuit.

408 3472 570 3539 Quod
602 3471 653 3526 si
686 3471 767 3525 ita
795 3470 892 3535 sit,
926 3468 1238 3541 praedicare
1267 3486 1587 3541 possumus
1615 3469 1725 3526 hoc
1756 3486 1905 3541 opus
1934 3473 2232 3542 postrema
2256 3470 2513 3527 auctoris
2542 3485 2685 3526 cura
2710 3468 3035 3543 perfectum
3063 3473 3121 3525 et
3151 3469 3531 3542 recognitum
3575 3466 3641 3522 ad
3692 3476 3773 3518 nos

406 3574 760 3633 pervenisse.

409 3692 3780 3730 Μ

1199 3848 1918 4015 SANCTI
2045 3848 3035 4017 AMBROSII

1641 4117 2222 4176 MEDIOLANENSIS
2260 4117 2576 4176 EPISCOPI

857 4281 1728 4417 ‘APOLOGIA
1826 4232 2747 4419 PROPHET/E
2832 4186 3367 4419 DAVID.

1227 4521 1371 4603 AD
1433 4515 2225 4609 THEODOSIUM
2279 4518 2963 4608 AUGUSTUM.

790 4838 1037 4914 618-15
1083 4836 1330 4914 Δ(ζιΑΡῐᾷξΓ
1381 4836 1698 4914 PRIMUM.
1864 4911 1871 4914 _
1946 4911 1959 4914 _
2174 4840 2431 4897 efﬂoruit
2464 4859 2477 4909 ;
2513 4841 2613 4897 sed
2647 4841 2788 4914 quia
2815 4840 3078 4913 plerique
3133 4845 3450 4913 gestorum
3508 4840 3636 4910 ejus
3680 4832 3794 4886 iecit

338 4924 343 4930 ’
405 4912 588 4995 Qua,"
617 4911 929 5038 αὲριυρίςινη
955 4909 1127 4992 Βαρίά
1156 4909 1394 4992 “rw”?
1421 4908 1779 4993 aggrediatur
1835 4911 2063 4994 4mb’0‘
2172 4931 2468 4996 serie,non
2496 4908 3122 5003 introspicientes'vim
3136 4908 3792 5001 wScripturarurnﬁeloc-

470 4999 602 5038 szus.
684 4987 877 5038 utorza
906 4985 1043 5038 facit
1090 4982 1471 5038 praemittitur.
1510 4981 1712 5036 Deinde
1744 4981 2063 5038 iudieanius
2829 5018 3113 5038 __:___.___
3150 5018 3448 5038 ωυρμ-
3486 5019 3680 5038 μμ---
3698 5023 3792 5038 -.λ

470 4981 1074 5119 sanes,
1089 4981 2063 5125 immerentes:
2173 4981 2340 5125 ἐξιὶίέ
2354 4981 2799 5125 esse;
2812 4981 3122 5125 ’τῖιθὲὲιξίὶξέ
3142 4981 3794 5125 eaeaeae

474 5130 564 5182 tm
594 5094 722 5182 re;
744 5094 912 5182 ἔῖξιῖηι
944 5094 1397 5195 Ιαιιιίαῖηιιιςῃυοά
1409 5094 1469 5177 iii.
1498 5094 1649 5179 (auia
1664 5094 1927 5196 potestate

2264 5114 2348 5165 sta
2377 5108 2647 5165 adulterii
2674 5107 2886 5180 primo,
2920 5106 3134 5162 deinde
3188 5104 3510 5161 homicidii
3566 5094 3791 5171 contagia

481 5197 651 5268 plura
667 5198 988 5268 peccaverit.
1273 5194 1281 5195 7
1666 5194 1677 5196 ⁷
2170 5214 2288 5253 non
2316 5196 2712 5253 declinaverit.
2768 5194 2793 5209 ’

476 5286 524 5338 1.
562 5283 901 5358 Apologiam
934 5283 1228 5357 prophetae
1257 5283 1438 5339 David
1472 5282 1747 5355 praesenti
1806 5284 2065 5357 arripui-
2241 5286 2294 5341 2.
2330 5286 2465 5343 Ideo
2497 5285 2668 5342 nobis
2697 5284 2896 5342 studio
2926 5284 3038 5341 fuit
3065 5284 3253 5357 ipsam
3304 5297 3623 5340 recensere
3650 5278 3790 5334 histo-

406 5386 539 5426 mus
569 5372 735 5441 stybo
767 5372 1043 5435 scribere,
1095 5388 1211 5427 non
1266 5372 1421 5444 quod
1480 5370 1579 5427 ille
1629 5370 1896 5445 indigeat
1950 5372 2061 5430 hoc
2172 5374 2341 5445 riam,
2373 5389 2501 5446 quae
2535 5373 2796 5445 patuisse
2831 5377 3067 5446 peccato
3120 5370 3387 5427 videtur.
3450 5372 3707 5440 Namque
3751 5362 3790 5415 in

408 5472 665 5521 munere,
697 5460 795 5531 qui
830 5461 1008 5516 tantis
1042 5459 1264 5516 meritis
1324 5459 1557 5528 enituit,
1617 5460 2061 5534 virtutibusque
2170 5463 2426 5519 secundo
2456 5461 2680 5534 Regum
2704 5460 2956 5534 legimus
2975 5460 3124 5517 libro
3145 5459 3217 5532 (II
3239 5463 3389 5531 Reg.
3426 5476 3511 5527 xi,
3539 5462 3575 5513 2
3602 5452 3791 5523 εικῆ-1,

484 5631 560 5702 (1)
590 5632 815 5703 Scripta
838 5637 985 5693 forte
1014 5636 1167 5693 circa
1197 5653 1291 5693 an.
1323 5637 1450 5692 384.
