3866 6212
266 341 385 415 895

1726 346 1793 411 s.
1838 344 2217 441 mansit

3553 346 3664 447 θέε

266 495 531 559 libidine,
563 494 813 549 acriores
844 489 915 546 ad
947 486 1299 544 currendum
1341 490 1675 555 resurgunt,
1724 481 1907 553 pudo-
1939 482 1988 547 Α
2022 488 2195 540 strias
2226 494 2401 559 atque
2434 486 2717 560 impigros
2746 487 2805 543 in
2836 485 2951 543 alio
2983 503 3223 545 munere
3250 486 3529 544 volumus
3573 507 3665 545 ex-

271 588 349 643 ris
382 584 619 641 stimulo
652 584 873 651 majora
905 582 1239 650 reparantes
1286 574 1603 629 certamina
1644 591 1655 627 :
1704 588 1763 623 u:
1802 590 1908 624 τιον-1

268 677 463 733 solum
496 673 721 729 nullum
765 670 1029 724 attulisse
1060 666 1383 720 aestimetur
1422 663 1625 734 lapsus
1664 661 1911 731 impedio

269 772 555 829 mentum,
588 763 685 818 sed
711 761 884 815 etiam
908 757 1229 812 velocitatis
1253 754 1537 807 incentiva
1555 750 1908 805 cumulasse.

266 858 416 927 Ergo
442 855 489 909 si
523 852 877 905 currentium
914 865 1026 901 non
1051 845 1294 900 solvi‘ur
1338 859 1565 901 cursus,
1599 857 1731 895 cum
1766 840 1912 894 forte

266 944 443 1014 aliqui
476 940 807 999 ceciderint,
840 955 953 993 non
994 936 1345 991 luctantium
1375 929 1795 995 contentio,sed
1830 931 1911 982 in-

264 1031 483 1085 offensa
527 1030 763 1081 manent
803 1023 1166 1079 certamina;
1223 1021 1363 1093 quin
1422 1021 1597 1073 etiarn
1652 1016 1909 1088 ριετίίῐυθ

266 1126 395 1192 post
426 1134 607 1171 unum
642 1124 739 1170 aut
771 1114 1016 1167 alterum
1070 1112 1323 1183 lapsum.
1358 1108 1544 1180 gratia
1576 1108 1793 1176 majore
1824 1107 1906 1158 vi-

265 1213 508 1264 cerunt:
542 1211 759 1278 quanto
780 1203 965 1269 magis
999 1218 1237 1255 nsonem
1267 1199 1499 1267 pie‘atis
1524 1196 1769 1267 ingressi
1793 1213 1905 1249 non

262 1298 473 1353 debent
506 1295 681 1349 unius
711 1292 1095 1364 prolapsioan
1126 1290 1441 1344 offensione
1493 1285 1739 1348 censeri,
1771 1301 1903 1338 cum

264 1387 465 1440 beatus
496 1384 571 1438 sit
603 1382 699 1453 qui
734 1397 796 1435 se
843 1379 1090 1451 potuerit
1138 1396 1401 1449 reparare
1464 1381 1590 1448 post
1621 1375 1851 1445 lapsum
1888 1392 1901 1433 :

261 1473 537 1544 quoniam
575 1478 701 1543 post
754 1476 1001 1523 mortem
1050 1485 1280 1540 quoque
1338 1482 1636 1537 resurgere
1690 1481 1905 1519 munus

262 1562 564 1617 beatorum
597 1565 703 1615 est.

328 1651 384 1705 7.
416 1650 572 1704 Alias
618 1663 849 1719 quoque
899 1649 1171 1718 prodesse
1238 1653 1538 1717 peccatum
1588 1660 1904 1715 possumus

259 1738 775 1810 comprehendere,
848 1742 903 1790 et
958 1736 1320 1807 providentia
1382 1733 1607 1790 Domini
1685 1734 1903 1787 sanctis

2023 578 2191 647 μᾶς-Ξ
2221 582 2243 630 ?
2272 579 2456 641 Quam
2489 577 2661 633 multi
2710 577 2944 635 athleta
2971 596 3103 633 cum
3136 578 3249 634 isto
3275 580 3538 635 certandi
3568 597 3666 654 ge-

2022 684 2157 721 nere
2187 668 2613 739 pra-valuerint,
2664 668 2735 723 ad
2766 668 2923 723 aliud
2956 686 3139 737 genus
3169 674 3459 725 vocantur
3486 676 3665 725 certa-

2022 757 2237 811 minis!
2288 758 2396 823 Qui
2445 757 2495 812 si
2543 763 2599 813 et
2629 764 2686 813 te
2717 758 3001 813 Dominus
3042 764 3189 814 Deus
3220 764 3362 815 tuus
3390 776 3528 815 cum
3558 759 3665 814 ali-

2019 846 2173 916 quod
2200 846 2491 917 specimen
2512 847 2745 900 virtutis
2766 848 2997 903 dederis
3015 854 3147 913 tum,
3170 849 3228 902 in
3251 847 3366 903 alio
3387 848 3662 904 virtutum

2018 951 2229 1006 genere
2260 936 2381 990 vult
2412 936 2653 1007 probare
2674 935 2705 989 ἓ
2731 936 2841 991 Job
2896 944 3167 993 sanctum
3217 944 3547 993 currentem
3580 939 3664 993 in-

2018 1026 2253 1087 offense,
2275 1027 2487 1079 tentari
2520 1032 2714 1081 tamen
2749 1028 3001 1081 ﬁliorum
3032 1027 3291 1091 interitu,
3322 1033 3379 1082 et
3412 1028 3665 1100 corporis

2018 1117 2198 1169 totius
2232 1114 2525 1170 ulceribus
2571 1133 2781 1188 passus
2804 1122 2927 1172 est:
2963 1118 3107 1171 utin
3139 1117 3247 1172 hoc
3276 1134 3510 1189 quoque
3540 1118 3665 1187 ejus

2014 1202 2286 1257 virtutem
2314 1204 2603 1275 probaret,
2624 1204 2673 1259 si
2706 1204 3081 1275 necinjuriis,
3114 1221 3219 1259 nec
3249 1204 3665 1259 acerbitatibus

2014 1298 2247 1347 coaetus
2284 1293 2644 1347 devotionem
2678 1294 2765 1348 sui
2802 1294 3086 1348 minueret
3117 1294 3379 1348 affectus.
3408 1292 3563 1348 Num
3592 1292 3667 1347 li-

2015 1386 2153 1453 quet
2184 1384 2337 1454 quod
2371 1384 2545 1437 etiam
2580 1388 2843 1437 sanctum
2877 1384 3053 1439 David
3080 1383 3190 1437 ﬁde
3212 1381 3491 1448 nobilem,
3524 1399 3664 1454 prae-

2021 1473 2453 1527 stantissimum
2490 1472 2959 1531 mansuetudine.
2993 1488 3169 1525 manu
3192 1472 3398 1526 fortem
3421 1471 3667 1541 probare

2014 1561 2279 1623 voluerit,
2313 1562 2813 1633 quemadmodum
2864 1562 3069 1615 vitium
3128 1564 3369 1631 tegeret,
3432 1558 3663 1632 lapsum

2014 1651 2391 1715 emendaret;
2426 1656 2487 1704 ut
2515 1667 2621 1704 nos
2659 1651 2888 1705 doceret
2914 1649 3414 1722 quemadmodum
3447 1649 3664 1703 admis-

2013 1756 2147 1795 sum
2180 1741 2479 1811 possimus
2509 1740 2733 1812 operire
2765 1746 3065 1812 peccatum
3097 1740 3121 1793 ?

259 1827 588 1898 Obrepsisse
618 1825 847 1920 delicta.
902 1825 1183 1896 Propositi
1232 1824 1389 1879 enim
1443 1825 1512 1920 ad
1550 1823 1899 1920 imi-tandum
1934 1855 1983 1920 Β
2086 1849 2173 1902 10.
2206 1847 2326 1901 χερί
2363 1847 2507 1902 forte
2534 1846 2665 1901 vilis
2696 1862 2876 1902 causa
2904 1844 3077 1901 alicui
3134 1846 3386 1914 videtur,
3438 1849 3505 1900 ut
3535 1862 3666 1917 pro,

258 1917 427 1971 nobis
456 1922 589 1970 sunt
618 1934 631 1979 ;
660 1920 715 1969 et
748 1915 874 1968 ideo
897 1920 1164 1969 curatum
1184 1919 1272 1968 est
1297 1918 1359 1967 ut
1380 1918 1435 1967 ct
1456 1913 1563 1984 ipsi
1588 1912 1904 1982 aliquando

256 2005 609 2061 laberentur.
656 2004 801 2059 Nam
852 2004 901 2057 si
956 2004 1307 2057 inoffensum
1361 2020 1395 2056 a
1442 2001 1599 2056 vitiis
1643 2002 1793 2055 inter
1822 2005 1905 2054 tot

256 2093 479 2149 lubrica
503 2093 677 2163 hujus
699 2092 893 2148 είς(δωί
917 2090 1273 2147 curriculum
1298 2090 1679 2163 peregissent.
1706 2089 1901 2143 dedis-

256 2186 386 2238 sent
411 2183 577 2238 nobis
608 2181 973 2236 occasionem
1005 2180 1427 2250 inﬁrmioribus
1457 2178 1781 2232 mstimandi
1806 2194 1903 2232 cu-

246 2272 489 2343 jusdam
512 2270 829 2342 superioris
852 2286 951 2325 eos
972 2275 1189 2322 naturas
1220 2285 1285 2322 ac
1330 2268 1537 2322 divina:
1588 2268 1806 2332 fuisse;
1840 2272 1903 2321 ut

255 2359 531 2416 delictum
566 2360 841 2431 recipere,
863 2362 919 2413 et
947 2358 1127 2429 culpo?
1159 2358 1515 2412 consortium
1548 2356 1759 2410 habere
1787 2372 1901 2409 non

256 2454 516 2522 possent.
550 2449 684 2513 Qua:-
713 2447 908 2518 Opinio
940 2448 1159 2518 utique,
1194 2452 1255 2500 ut
1302 2450 1557 2500 exsortes
1606 2462 1713 2500 nos
1746 2444 1902 2499 illius

256 2538 624 2601 substantiae,
678 2538 752 2591 ab
794 2536 1140 2607 impossibili
1204 2536 1527 2590 imitatione
1586 2539 1899 2590 revocaret.

256 2625 513 2681 Praterit
546 2625 725 2693 igitur
758 2624 1053 2697 paulisper
1078 2623 1207 2677 illos
1251 2624 1405 2679 678
1442 2623 1541 2678 Dei
1576 2622 1803 2695 gratia;
1837 2626 1903 2676 ut

254 2714 423 2770 nobis
456 2714 525 2769 ad
561 2713 940 2768 imitationem
975 2715 1093 2767 vita
1122 2728 1323 2767 eorum
1357 2712 1518 2767 ﬁeret
1552 2709 1900 2783 disciplina;

252 2808 311 2859 et
341 2803 491 2859 sicut
522 2802 884 2861 innocentiae.
920 2802 995 2856 ita
1030 2806 1083 2855 et
1116 2800 1465 2875 poenitentiae
1498 2800 1901 2872 magisterium

254 2891 325 2948 de
356 2907 556 2948 eorum
604 2892 831 2945 actibus
889 2908 1275 2945 sumeremus.
1328 2891 1477 2958 Ergo
1525 2891 1665 2944 dum
1701 2889 1901 2960 lapsus

254 2996 453 3036 eorum
486 2978 637 3050 lego,
658 2984 957 3034 consortes
978 2979 1152 3034 etiam
1177 2978 1308 3034 illos
1339 2978 1697 3033 inﬁrmitatis
1727 2995 1902 3051 agno-

254 3085 393 3125 sco:
425 3068 565 3123 dum
625 3067 797 3122 credo
836 3072 1154 3137 consortes,
1204 3067 1519 3123 imitandos
1576 3084 1702 3122 esse
1757 3083 1900 3140 pra:-

254 3173 445 3213 sumo.

326 3247 378 3301 8.
410 3245 697 3301 Admonet
726 3245 901 3301 etiam
951 3244 1249 3317 apostolus
1300 3244 1511 3300 Paulus
1544 3247 1617 3319 (II
1644 3245 1764 3300 Cor.
1796 3262 1894 3312 xu,
1928 3228 1973 3294 C

253 3338 309 3405 7)
342 3334 705 3409 prospexisse
726 3334 1039 3390 Dominum
1064 3335 1245 3390 Deum
1270 3340 1557 3401 nostrum,
1591 3351 1662 3390 ne
1690 3334 1779 3390 vel
1812 3351 1899 3390 re-

254 3424 609 3480 velationum
632 3422 1018 3491 sublimitate,
1046 3423 1131 3480 vel
1162 3424 1417 3479 secundo
1447 3440 1689 3496 operum
1719 3422 1898 3478 conti-

256 3516 476 3569 nuante
504 3530 805 3586 processu,
836 3513 1134 3570 humanus
1165 3513 1339 3570 etiam
1384 3514 1441 3569 in
1472 3514 1693 3569 sanctis
1721 3512 1902 3568 extol-

256 3601 475 3658 leretur
503 3601 762 3665 affectus,
795 3617 899 3656 nec
931 3601 1042 3657 sibi
1075 3601 1441 3674 deputarent,
1472 3602 1787 3673 virtutique
1816 3607 1901 3657 at-

257 3690 584 3745 tribuerent
611 3706 754 3755 cue,
785 3690 941 3760 quod
971 3690 1169 3746 divina
1224 3690 1335 3745 sibi
1391 3690 1725 3762 operatione
1756 3690 1903 3747 foret

256 3777 554 3835 collatum.
587 3778 733 3851 Ergo
765 3795 835 3834 ne
867 3778 925 3834 in
956 3783 1185 3834 tantum
1218 3780 1616 3853 prazjudicium
1647 3784 1901 3847 ruerent,

256 3866 520 3941 atquein
571 3865 826 3939 perﬁdiae
876 3867 1095 3924 foveam
1143 3866 1494 3936 deciderent,
1557 3886 1769 3941 passus
1816 3872 1905 3925 est

257 3955 541 4013 Dominus
566 3955 684 4011 illis
712 3955 1044 4012 subintrare
1075 3957 1305 4031 culpam
1333 3977 1346 4025 ;
1381 3963 1445 4014 ut
1472 3962 1529 4014 et
1558 3957 1671 4031 ipsi
1703 3958 1902 4014 adver—

255 4050 444 4102 terent
474 4044 685 4100 divinis
715 4062 778 4100 so
809 4044 1043 4101 auxiliis
1076 4045 1354 4118 indigere,
1388 4047 1713 4117 ducemque
1744 4047 1902 4102 salu-

259 4136 334 4189 tis
372 4152 490 4189 suae
540 4135 917 4206 quaerendum
967 4152 1096 4192 esse
1142 4142 1579 4207 cognoscerent.
1643 4136 1905 4208 Denique

258 4222 475 4279 Paulus
520 4220 922 4280 inﬁrmitatem
972 4224 1083 4279 sibi
1131 4225 1424 4298 profuisse
1488 4228 1754 4290 testatur,
1816 4224 1902 4279 di-

256 4316 419 4368 cente
450 4311 695 4368 Domino
728 4313 953 4385 roganti
984 4312 1120 4381 sibi,
1151 4318 1215 4369 ut
1246 4332 1279 4369 a
1309 4330 1371 4369 se
1402 4313 1681 4370 stimulus
1712 4312 1906 4369 carnis

259 4417 378 4455 sua:
410 4399 773 4455 discederet:
810 4424 836 4447 ‹‹
896 4401 1125 4457 Sufﬁcit
1181 4400 1286 4457 tibi
1318 4402 1509 4474 gratia
1555 4419 1721 4458 mea:
1769 4418 1905 4457 nam

258 4488 445 4543 virtus
470 4487 525 4542 in
554 4488 890 4544 inﬁrmitate
917 4491 1540 4570 consummaturUhi'd.
1573 4492 1648 4561 9).
1686 4516 1710 4539 υ
1742 4490 1908 4547 Meri-

260 4575 768 4665 toquoigloriatur
825 4578 881 4631 in
934 4579 1415 4646 inﬁrmitatibus;
1465 4580 1686 4635 sciebat
1749 4580 1905 4636 enim
1938 4598 1987 4665 Ι)

260 4663 496 4718 virtutis
528 4664 887 4720 abundantia
946 4666 1229 4737 plurimos
1258 4668 1437 4722 etiam
1495 4672 1729 4724 sanctos
1784 4669 1911 4725 sine

262 4750 522 4808 remedio
552 4753 864 4809 corruisse.
919 4750 1144 4819 Quanto
1196 4757 1376 4829 igitur
1412 4758 1779 4814 commodius
1810 4759 1911 4813 uni

262 4846 366 4898 aut
392 4841 625 4897 duabus
661 4843 1211 4914 reprehensionibus
1240 4845 1431 4901 locum
1455 4847 1708 4913 dedisse,
1731 4865 1911 4921 quam

260 4931 509 4988 traxisse
534 4930 590 4985 in
626 4936 972 5004 perpetuum
1004 4934 1327 4991 divinitatis
1355 4935 1636 4992 offensam
1662 4937 1674 4991 l

903 5039 1134 5097 CAPUT
1175 5042 1269 5097 Ill.

260 5129 521 5185 Davidcm
548 5144 609 5185 eo
640 5132 929 5186 lentationz‘
956 5132 1259 5202 expositum
1287 5134 1477 5203 fuisse,
1536 5134 1676 5203 quod
1734 5132 1912 5188 athle-

329 5203 415 5255 tas
468 5217 595 5256 suos
652 5203 820 5258 variis
876 5204 1272 5258 certaminibus
1325 5204 1586 5268 exerceri,
1640 5213 1695 5261 et
1758 5206 1913 5262 nobis

332 5273 583 5347 exemplo
632 5290 747 5347 esse
777 5275 917 5329 Deus
956 5272 1131 5329 velit:
1158 5283 1425 5347 praeterea
1476 5275 1717 5346 ejusdem
1752 5276 1911 5332 adul-

332 5344 532 5420 ter-funi
564 5345 623 5420 ἰζι
671 5345 909 5414 ﬁguram
936 5344 1171 5416 factum,
1221 5345 1469 5402 adductis
1498 5344 1672 5403 variis
1708 5347 1910 5420 allego-

335 5414 460 5477 riis,
490 5413 822 5471 declaratur.

335 5499 390 5553 9.
426 5499 570 5563 Quid
629 5503 803 5560 etiam
861 5504 961 5560 illa
1018 5506 1292 5577 adjiciam
1352 5524 1479 5579 quae
1539 5524 1608 5563 ex
1636 5508 1766 5580 ipso
1795 5526 1910 5566 usu

269 5586 472 5640 mundi
507 5586 785 5655 conjicere
844 5610 1177 5664 possumus,
1238 5595 1376 5666 quia
1428 5596 1736 5669 pleresque
1773 5613 1907 5655 cum

271 5671 712 5743 probaverimus
738 5678 794 5732 in
826 5679 1024 5751 aliquo
1054 5682 1264 5751 ofﬁcio,
1286 5684 1519 5740 eosdem
1542 5686 1708 5755 quasi
1735 5686 1908 5743 indu-

2018 1943 2143 2007 pter
2165 1941 2425 1990 nostram
2454 1936 2873 1990 correctionem
2900 1940 3101 1990 tantus
3120 1940 3339 1990 erraret
3362 1932 3664 2007 prapbeta,

2016 2042 2149 2079 cum
2182 2030 2417 2096 propter
2472 2025 2740 2079 omnium
2789 2024 3248 2095 redemptionem
3295 2022 3666 2078 inﬁrmitates

2016 2120 2251 2170 nostras
2269 2114 2536 2169 Christus
2567 2113 2910 2184 susceperit,
2941 2113 3042 2185 qui
3092 2116 3395 2185 peccatum
3429 2130 3533 2185 pro
3562 2130 3667 2169 no-

2016 2204 2105 2258 bis
2140 2203 2327 2258 factus
2359 2206 2468 2266 est,
2499 2218 2634 2257 cum
2687 2207 2990 2274 peccatum
3026 2218 3139 2256 non
3196 2200 3549 2274 cognoverit.
3600 2202 3667 2256 Et

2013 2292 2323 2365 indignum
2354 2292 2700 2360 :estimatur,
2730 2306 2833 2347 nec
2861 2290 3177 2347 verisimile
3204 2290 3482 2359 creditur,
3509 2293 3665 2365 quod

2012 2381 2193 2439 David
2234 2386 2470 2455 propter
2498 2380 2855 2454 posteritatis
2884 2381 3206 2452 profectum
3255 2379 3314 2434 in
3348 2380 3524 2436 unius
3578 2380 3668 2438 la-

2013 2489 2158 2545 psus
2188 2470 2571 2543 opprobrium
2599 2469 2869 2525 inciderit
2902 2488 2918 2537 ;
2950 2485 3084 2524 cum
3116 2469 3241 2541 ipse
3273 2468 3559 2525 Dominus
3586 2470 3665 2525 sit

2015 2579 2119 2633 pro
2151 2562 2319 2617 nobis
2349 2560 2541 2617 factus
2572 2559 2976 2631 opprobrium,
3010 2559 3161 2614 sicut
3187 2558 3311 2631 ipse
3333 2559 3452 2614 ait:
3483 2583 3509 2605 ‹‹
3544 2560 3662 2631 Ego

2014 2655 2210 2707 autem
2241 2667 2375 2705 sum
2403 2650 2700 2714 vcrmis,et
2730 2665 2845 2703 non
2873 2647 3085 2714 homo;
3146 2647 3525 2719 opprobrium
3558 2647 3663 2703 bo-

2014 2740 2266 2803 minum,
2297 2743 2355 2794 et
2384 2738 2634 2809 abjectio
2664 2736 2851 2810 plebis
2884 2737 3054 2808 (Psal.
3087 2754 3205 2801 xxx,
3228 2738 3307 2804 7).
3342 2759 3370 2785 ››
3400 2737 3465 2791 Et
3492 2736 3661 2793 alibi:

2015 2854 2043 2879 (ι
2076 2831 2145 2885 Et
2174 2827 2487 2901 opprobria
2515 2826 2987 2899 exprobrantium
3014 2826 3121 2880 tibi
3152 2824 3489 2881 ceciderunt
3507 2826 3661 2882 679

2011 2934 2192 2991 super
2220 2933 2313 2972 me
2343 2916 2517 2987 (ρωι.
2552 2932 2748 2982 uvm,
2783 2916 2893 2981 10).
2932 2938 2958 2961 υ
2990 2915 3139 2987 Ergo
3170 2914 3378 2969 futurae
3425 2914 3664 2986 dispen~

2011 3006 2259 3064 sationis
2284 3004 2630 3079 mysterium
2662 3003 2721 3058 in
2752 3003 2878 3060 suis
2906 3007 3042 3059 ante
3098 3003 3400 3076 praemisit.
3434 3003 3503 3058 Et
3540 3020 3663 3058 ser-

2008 3095 2130 3153 vuli
2161 3095 2400 3170 quidem
2458 3091 2812 3149 conditionis
2868 3110 2987 3148 sua:
3043 3096 3278 3166 peccata
3329 3095 3661 3164 portarunt,

2010 3187 2142 3243 ideo
2171 3202 2289 3241 non
2319 3186 2637 3257 potuerunt
2661 3181 2842 3239 etiam
2871 3186 2930 3238 et
2958 3181 3069 3255 ipsi
3099 3187 3359 3238 exsortes
3384 3197 3515 3237 esse
3528 3198 3662 3254 pec-

2008 3276 2156 3333 cati:
2190 3273 2479 3330 Dominus
2505 3276 2706 3337 autem
2733 3288 2883 3328 onus
2912 3271 3170 3343 suscepit
3218 3270 3500 3337 alienum,
3532 3270 3662 3326 ideo

2010 3363 2171 3421 solus
2193 3362 2303 3419 fuit
2329 3362 2458 3419 sine
2486 3358 2780 3418 consortio
2807 3359 3175 3417 delictorum.

2084 3472 2172 3528 11.
2204 3470 2295 3525 Ad
2325 3485 2646 3534 summam,
2683 3467 2960 3541 Apostolo
2991 3483 3225 3540 quoque
3262 3467 3528 3532 docente,
3558 3482 3664 3522 co-

2010 3560 2324 3634 gnovimus
2353 3559 2415 3614 in
2443 3558 2633 3630 ﬁgura
2659 3561 2825 3630 gesta
2853 3573 2981 3613 esse
3009 3554 3335 3628 complura,
3365 3570 3495 3628 qua
3525 3559 3666 3611 tem-

2012 3649 2257 3722 poribus
2285 3651 2453 3721 gesta
2480 3646 2885 3719 superioribus
2902 3649 3064 3702 sunt.
3096 3645 3244 3701 Nam
3267 3644 3665 3701 cumdixisset

2013 3738 2073 3794 in
2102 3738 2332 3794 deserto
2360 3738 2557 3809 patres
2585 3734 3021 3807 a'serpentibus
3048 3731 3382 3790 vulneratos
3411 3749 3527 3789 non
3557 3732 3665 3789 ali-

2010 3832 2101 3884 ter
2126 3826 2391 3899 potuisse
2422 3824 2641 3890 sanari;
2662 3823 2779 3881 nisi
2800 3824 3029 3896 Moyses
3047 3826 3380 3895 serpentem
3410 3834 3659 3894 suspen-

2013 3915 2197 3972 disset
2224 3930 2462 3989 aereum,
2494 3928 2611 3986 quo
2640 3912 2786 3977 viso,
2814 3911 3062 3969 lothales
3121 3910 3205 3966 illi
3240 3928 3473 3967 morsus
3493 3910 3661 3966 infu-

2012 4005 2327 4074 sionesque
2380 4002 2587 4059 veneni
2643 4001 2826 4058 noxia:
2891 4001 3267 4067 curabuntur,
3350 3999 3597 4071 subjecit
3640 4016 3655 4054 :

2014 4116 2043 4143 α
2074 4092 2207 4149 Haec
2234 4096 2433 4148 autem
2480 4090 2541 4144 in
2571 4090 2762 4162 ﬁgura
2806 4089 2958 4145 facta
3010 4093 3153 4145 sunt
3206 4088 3325 4144 illis
3356 4089 3404 4158 (Ι
3452 4088 3573 4144 Cor.
3604 4105 3665 4156 ι,

2011 4184 2089 4253 6),
2124 4205 2148 4234 ι
2198 4181 2271 4237 ad
2319 4184 2589 4236 nostram
2627 4178 3065 4235 correctionem.
3114 4178 3175 4233 In
3233 4178 3425 4250 ﬁgura
3480 4193 3670 4233 aereus

2014 4287 2256 4344 serpens
2280 4274 2564 4342 tanquam
2592 4267 2858 4325 conﬁxus
2882 4267 3039 4323 cruci
3064 4288 3079 4332 ;
3112 4267 3252 4339 quia
3277 4283 3451 4324 verus
3480 4265 3669 4323 cruci-

2016 4360 2285 4433 ﬁgendus
2321 4357 2521 4431 generi
2551 4356 3014 4413 annuntiabatur
3076 4356 3358 4423 hiimano,
3420 4356 3522 4428 qui
3552 4370 3671 4411 se!»

2016 4450 2208 4523 pontis
2239 4446 2453 4503 diaboli
2465 4463 2688 4503 venena
2706 4449 2996 4515 vacuaret,
3013 4445 3069 4501 in
3086 4446 3273 4519 ﬁgura
3299 4444 3670 4510 maledictus,

2017 4527 2078 4594 in
2107 4537 2349 4594 veritate
2378 4542 2575 4592 autem
2602 4534 2703 4608 qui
2727 4537 2908 4591 totius
2936 4535 3138 4590 mundi
3175 4533 3484 4591 maledicta
3515 4532 3669 4589 dele-

2025 4631 2130 4685 ret.
2171 4622 2321 4691 Alibi
2353 4640 2605 4698 quoque,
2637 4623 2694 4679 id
2758 4628 2847 4680 est
2877 4622 2946 4679 ad
2981 4616 3239 4691 Galatas,
3292 4622 3375 4678 ait
3404 4640 3421 4678 ι
3464 4647 3491 4673 ‹‹
3524 4623 3669 4688 Quia

2022 4704 2171 4773 duos
2194 4702 2353 4770 ‘ﬁlios
2386 4710 2593 4769 habuit
2637 4712 2950 4777 Abraham,
2984 4729 3167 4768 unum
3216 4713 3287 4769 de
3320 4708 3570 4778 'ancilla,
3612 4714 3671 4764 et

2022 4821 2208 4861 unum
2238 4804 2312 4859 de
2341 4802 2526 4860 libera
2546 4802 2748 4872 (Galat.
2780 4812 2860 4868 tv,
2890 4803 3003 4872 22).
3040 4825 3068 4851 ››
3100 4802 3169 4857 Et
3186 4801 3451 4857 subdidit
3474 4818 3488 4857 :
3514 4800 3668 4855 «Sed

2021 4894 2072 4950 is
2102 4892 2338 4966 quidem
2371 4884 2468 4964 qui
2503 4891 2575 4946 de
2603 4882 2834 4955 ancilla,
2869 4891 3190 4946 secundam
3232 4896 3467 4946 carnem
3500 4892 3669 4944 natus

2022 4974 2149 5040 est:
2184 4981 2284 5055 qui
2332 4984 2526 5036 autem
2567 4979 2638 5035 de
2693 4972 2896 5047 libera,
2952 4974 3057 5052 per
3108 4974 3668 5052 repromissioncm;

2023 5088 2150 5145 qua:
2181 5072 2320 5127 sunt
2376 5085 2480 5141 per
2535 5064 2874 5141 allegoriam
2931 5062 3091 5123 dicta"
3140 5063 3297 5137 (Ibid.
3355 5065 3448 5135 23,
3494 5064 3604 5133 24).
3639 5085 3665 5112 ιι

2021 5159 2168 5225 Quid
2200 5159 2279 5214 sit
2309 5174 2413 5230 per
2469 5154 2831 5229 allegoriam,
2883 5155 2942 5211 in
2974 5156 3352 5228 sequentibus
3407 5151 3669 5227 exposuit

2020 5248 2343 5312 evidenter,
2375 5244 2576 5301 dicens
2606 5245 2757 5300 duas
2778 5243 2910 5299 illas
2930 5244 3357 5316 generationes,
3391 5254 3572 5300 unam
3602 5240 3671 5297 de

2020 5334 2252 5404 ancilla,
2285 5333 2529 5392 alteram
2561 5332 2633 5389 de
2661 5331 2873 5401 libera,
2931 5333 3047 5389 duo
3082 5328 3231 5389 esse
3258 5328 3667 5388 Testamenta:

2021 5441 2208 5481 unum
2240 5422 2477 5498 quidem
2511 5439 2545 5477 a
2574 5424 2773 5495 monte
2829 5421 2970 5478 Sina
3001 5421 3059 5476 in
3118 5418 3458 5477 servitutem
3502 5433 3671 5493 gene-

2021 5529 2179 5582 rans,
2214 5513 2276 5568 in
2305 5528 2422 5584 quo
2482 5513 2682 5566 monte
2732 5509 2920 5584 legem
2976 5510 3204 5583 Moyses
3248 5509 3474 5581 accepit
3501 5525 3537 5564 a
3564 5506 3669 5563 Do-

2018 5601 2180 5658 mino
2208 5619 2222 5657 :
2258 5600 2513 5657 alterum
2530 5594 2736 5655 autem
2759 5594 2833 5655 ab
2847 5598 3172 5655 Jerusalem
3194 5614 3323 5673 qua:
3355 5602 3450 5654 est
3467 5595 3669 5654 libera.

2018 5708 2150 5775 qua:
2181 5690 2247 5747 in
2274 5690 2434 5783 lsaac
2466 5684 2666 5783 ,ﬁlios,
2688 5754 2699 5767 ,Ι
2724 5686 2833 5745 hoc
2893 5688 3011 5765 est,
3064 5689 3120 5745 in
3151 5674 3671 5783 libertatelgrpt‘iw
