3866 6212
188 348 294 460 te

1305 362 1693 461 APOLOGIIA
1738 356 2183 462 paginam
2227 403 2492 463 DAVID.

3466 374 3588 469 eos

199 547 307 590 non
334 530 534 589 litterae
564 530 844 589 servitute
875 528 1190 603 generavit.
1224 530 1419 590 Servis
1447 532 1604 605 enim
1654 549 1823 604 poma
1852 538 1902 601 Α
1937 534 2257 604 posteriora
2285 552 2417 592 eum
2451 538 2609 610 gravi
2640 552 2833 595 errore
2878 555 2993 597 non
3053 526 3311 619 careant,
3369 538 3583 612 vulgus

199 618 536 686 decernitur,
568 618 769 677 liberis
792 619 1089 675 confertur
1115 617 1320 693 gratia.
1350 614 1552 675 Nonne
1590 620 1650 689 in
1688 625 1823 694 typo

198 707 432 781 geminae
462 707 648 780 plebis
676 709 856 766 Jacob
888 708 1034 764 duas
1063 708 1284 781 accepit
1312 698 1553 780 uxores,
1584 702 1657 766 exi
1696 708 1827 782 qui-

195 797 305 873 bus
327 796 629 855 diversum.
650 796 910 875 sobolem
942 796 1314 869 procreavit?
1355 796 1468 861 Cur
1495 798 1830 870 patriarcha

192 885 367 963 Judas
397 886 639 960 propriae
671 904 855 944 nurus
885 890 1019 959 post
1051 885 1151 943 filii
1185 886 1277 943 sui
1319 890 1569 947 mortem
1617 886 1833 961 legitur

193 975 471 1048 expetisse
499 975 874 1032 concubitum
900 974 1057 1045 (Gen.
1083 991 1326 1045 xxxvm,
1355 975 1467 1047 l6),
1495 982 1609 1049 quo
1640 976 1831 1050 gemi-

194 1081 393 1122 norum
416 1069 619 1137 partus
638 1069 727 1121 est
753 1065 968 1133 editus,
991 1064 1103 1121 nisi
1127 1068 1192 1121 ut
1210 1064 1408 1122 futura
1423 1068 1672 1136 utroque
1689 1065 1721 1121 J
1728 1082 1831 1123 esu

192 1153 417 1211 Domini
447 1154 799 1226 praecederet
822 1155 1195 1211 Testamento
1224 1172 1237 1210 :
1276 1170 1530 1226 quorum
1579 1154 1831 1229 alterum

192 1244 249 1298 in
270 1248 403 1314 typo
433 1243 643 1298 future:
666 1243 872 1298 mortis
892 1244 1023 1314 ejus
1045 1246 1136 1298 est
1155 1241 1479 1310 conditum,
1503 1242 1752 1299 alterum
1773 1242 1832 1299 in

193 1330 488 1405 Evangelii
520 1332 783 1399 veritate,
816 1332 965 1387 duos
1004 1329 1254 1404 populos
1299 1332 1830 1404 essegenerandos,

192 1437 435 1493 quorum
469 1421 753 1492 posterior
781 1421 839 1476 in
863 1420 1053 1477 crucis
1086 1421 1255 1493 signo
1287 1436 1485 1493 sepem
1517 1437 1749 1479 omnem
1768 1438 1834 1478 ac

193 1510 573 1566 munitionem
614 1510 813 1583 populi
862 1510 1184 1582 superioris
1242 1509 1562 1566 incideret?
1587 1509 1689 1566 Hic
1746 1515 1834 1566 est

190 1598 436 1672 populus
470 1616 649 1655 manu
682 1598 857 1672 prior,
891 1602 1021 1654 ortu
1054 1598 1357 1671 posterior.
1390 1598 1492 1654 Vel
1524 1599 1665 1671 quia
1709 1599 1834 1671 ipse

188 1687 476 1743 Dominus
493 1690 664 1744 JeSus
694 1692 867 1744 natus
899 1703 967 1743 ex
997 1686 1151 1743 tribu
1174 1687 1323 1742 Juda
1354 1703 1531 1759 opera
1560 1704 1668 1743 sua
1698 1694 1833 1743 ante

189 1777 489 1848 praemisit,
518 1793 696 1849 quam
723 1776 893 1832 nobis
924 1793 991 1832 ex
1008 1776 1249 1848 Virgine
1279 1780 1634 1832 nasceretur.

257 1868 322 1921 12
374 1865 528 1931 Quid
559 1867 630 1922 de
651 1866 869 1938 Joseph
901 1865 1129 1939 loquar,
1154 1864 1256 1937 qui
1286 1882 1319 1920 a
1348 1865 1628 1922 fratribus
1657 1881 1832 1937 appe-

190 1953 348 2022 titus,
378 1958 596 2021 exutus
628 1955 817 2029 patrio
845 1955 1212 2024 vestimento,
1242 1953 1303 2009 in
1344 1952 1541 2010 lacum
1593 1953 1835 2020 missus,

190 2045 245 2100 in
270 2043 618 2100 servitutem
646 2042 941 2110 venditus,
974 2041 1210 2099 evidens
1233 2041 1835 2099 Dominicaelncarna-

187 2132 357 2188 tionis
373 2132 667 2205 expressit
681 2131 967 2187 indicium
984 2133 1012 2185 ?
1033 2119 1099 2187 e'o
1117 2130 1272 2203 quod
1298 2128 1393 2186 ille
1414 2130 1663 2187 dilectus
1683 2130 1839 2186 680

191 2222 338 2277 Patri
368 2239 509 2278 cum
543 2226 698 2278 esset
726 2220 785 2277 in
817 2221 918 2277 Dei
950 2221 1161 2290 forma,
1202 2236 1319 2276 non
1366 2219 1632 2292 rapinam
1682 2218 1835 2275 arbi-

190 2314 437 2366 traretur
459 2326 591 2366 esse
627 2326 688 2366 se
718 2308 1001 2383 mqualem
1026 2309 1164 2381 Deo,
1188 2309 1290 2365 sed
1319 2309 1449 2380 ipse
1478 2325 1551 2365 se.
1569 2308 1838 2365 exinani-

192 2404 300 2467 ret;
332 2404 399 2455 ut
426 2400 683 2455 formam
716 2399 864 2455 servi
914 2397 1207 2471 accipiens
1252 2397 1496 2464 veniret,
1528 2401 1586 2454 et
1628 2414 1691 2454 se
1738 2414 1835 2453 us-

191 2505 298 2561 que
326 2490 397 2547 ad
429 2491 687 2544 mortem
718 2487 908 2543 crucis
937 2487 1273 2545 humiliaret
1299 2504 1312 2542 :
1347 2486 1518 2558 cuius
1565 2485 1747 2560 pretio
1782 2490 1839 2542 et

191 2582 418 2650 emptus
450 2581 515 2633 et
542 2577 813 2633 venditus
844 2593 883 2631 a
906 2576 1031 2632 suis
1055 2576 1339 2632 fratribus
1371 2591 1559 2649 genus
1587 2574 1838 2632 redemit

192 2665 542 2722 humanum.
573 2666 843 2737 lncujus
872 2669 1007 2738 typo
1040 2664 1220 2735 David
1266 2664 1457 2727 minor
1502 2662 1723 2737 electus
1770 2680 1838 2719 ex

191 2755 495 2822 fratribus,
520 2758 741 2810 unctus
776 2754 834 2808 in
866 2756 1135 2827 regnum,
1166 2751 1331 2809 solus
1357 2751 1491 2809 belli
1521 2753 1713 2825 gravis
1743 2769 1837 2826 pe-

192 2845 390 2911 riculo,
436 2842 728 2917 singulari
778 2843 1093 2899 certamine
1148 2842 1491 2898 universum
1552 2840 1837 2915 populum

192 2933 482 3000 liberavit,
528 2931 918 3005 .triumphavit
965 2933 1025 2987 in
1070 2931 1270 2989 decem
1292 2929 1596 3003 millibus;
1645 2930 1728 2986 ita
1771 2934 1838 2986 ut

193 3022 397 3096 puellae
412 3038 556 3079 cum
587 3021 885 3094 tympanis
915 3019 1270 3094 psallerent:
1308 3042 1335 3071 «
1358 3018 1841 3091 Saultriumpha-

193 3112 269 3167 vit
297 3111 354 3167 in
385 3109 681 3179 millibus,
714 3109 892 3165 David
947 3108 1006 3165 in
1039 3110 1239 3165 decem
1316 3107 1584 3165 millibus
1616 3109 1667 3181 (Ι
1705 3112 1836 3180 Reg.

192 3217 347 3270 xvux,
374 3200 458 3273 7).
495 3221 523 3251 ››
558 3201 693 3265 Quae
723 3198 916 3271 ﬁgura
947 3198 1004 3253 in
1037 3197 1156 3254 illis
1175 3196 1534 3270 juvenculis,
1567 3196 1683 3253 nisi
1714 3197 1839 3256 ani-

1937 624 2474 685 tamendudaicum
2490 626 2687 699 ipsum
2719 616 3023 701 existimat
3044 616 3274 685 venis-se
3294 644 3402 700 pro
3424 628 3587 684 Chri-

1938 710 2075 766 sto?
2107 712 2172 767 Et
2200 726 2391 789 quam,
2414 714 2602 770 multo
2644 716 2839 788 gravis
2898 716 3110 772 erroris
3159 716 3381 774 olI‘ensa
3428 734 3587 793 revo-

1938 798 2341 872 eavit?Major
2367 802 2565 875 itaque
2596 803 2771 876 culpa
2810 803 2942 875 plus
2991 804 3230 877 profuit,
3287 822 3361 871 ne
3411 823 3590 878 supra

1940 886 2241 945 hominem
2273 891 2629 965 crederetur,
2663 892 2764 964 qui
2793 892 2932 949 vitio
2981 910 3097 950 non
3146 893 3433 950 caruisset
3479 890 3589 950 hu-

1942 988 2117 1033 mano
2148 977 2249 1049 (7).
2277 979 2405 1035 Fuit
2434 980 2613 1053 igitur
2640 981 2702 1037 in
2732 999 2798 1039 eo
2846 982 3136 1040 invidiosa
3178 982 3487 1056 sapientia,
3532 988 3591 1039 et
3622 979 3636 990 ’

1942 1063 2115 1137 culpa
2146 1067 2433 1135 suasoria,
2458 1086 2584 1141 qua
2615 1070 2915 1127 hominem
2937 1072 3360 1144 comprobaret.
3440 1136 3447 1147 λ

2018 1154 2104 1209 14.
2137 1155 2283 1220 Quid
2316 1156 2497 1229 igitur
2524 1160 2721 1215 obstat
2751 1159 3069 1232 quominus
3120 1160 3296 1216 etiam
3345 1161 3590 1218 Bethsa-

1945 1242 2048 1297 hee
2080 1249 2279 1301 sancto
2310 1245 2489 1302 David
2521 1248 2581 1303 in
2613 1250 2801 1320 ﬁgura
2832 1249 3051 1307 sociata
3080 1249 3261 1309 fuisse
3291 1250 3588 1319 credatur;

1948 1334 2011 1385 ut
2041 1332 2473 1404 significaretur
2510 1339 2880 1411 congregatio
2935 1338 3262 1409 nationum,
3296 1356 3423 1413 quae
3475 1356 3591 1396 non

1944 1425 2069 1476 erat
2098 1416 2325 1479 Christo
2356 1424 2617 1498 legitimo
2649 1429 2903 1498 quodam
2955 1427 3089 1483 fidei
3135 1426 3409 1500 copulata
3455 1445 3588 1485 con-

1945 1511 2143 1581 nubio,
2178 1514 2328 1585 quod
2388 1516 2830 1572 transversariis
2889 1519 2963 1588 (8)
3026 1517 3388 1588 quibusdam
3447 1518 3594 1573 foret

1945 1600 2250 1657 vestibulis
2282 1592 2341 1657 in
2373 1604 2501 1675 ejus
2531 1605 2781 1677 gratiam
2814 1611 3018 1677 prmtcr
3060 1605 3205 1676 legis
3256 1604 3593 1678 ingressura

1945 1690 2370 1762 prmseriptum,
2418 1692 2473 1747 in
2526 1710 2639 1765 qua
2692 1693 2848 1749 nuda
2896 1694 3110 1749 mentis
3158 1688 3486 1763 sinceritas,
3537 1701 3595 1751 et

1946 1783 2144 1850 aperta
2190 1779 2538 1852 simplicitas
2588 1781 2801 1836 lavurri
2851 1772 3215 1853 justifieante
3292 1783 3590 1855 mysterio,

1944 1867 2058 1921 veri
2091 1867 2268 1924 David
2327 1874 2383 1924 et
2443 1870 2595 1942 regis
2659 1871 2856 1926 u-terni
2923 1877 3179 1926 mentem
3238 1873 3592 1943 traduceret,

1946 1955 2255 2012 lacesseret
2297 1957 2690 2014 eharitatem‘?
2749 1959 2951 2015 Merito
3010 1959 3167 2015 venit
3219 1957 3597 2030 occ'ultus,'et

1947 2044 2046 2117 qui
2099 2044 2324 2102 falleret
2381 2046 2704 2121 principem
2768 2049 2993 2116 mundi,
3056 2054 3339 2120 tanquam
3394 2049 3593 2106 Uriam

1945 2133 2112 2189 illum
2148 2135 2247 2208 qui
2314 2136 2788 2209 interpretatione
2842 2135 3057 2193 dicitur
3114 2136 3314 2194 lumen
3374 2154 3594 2205 meum,

1945 2223 2462 2297 transiigurantem
2496 2225 2646 2280 sein
2698 2224 2969 2297 angelum
3029 2224 3199 2283 lucis.
3259 2226 3451 2296 Venit,
3511 2228 3597 2282 in-

1947 2328 2146 2387 quam,
2181 2311 2236 2366 in
2269 2313 2425 2368 hunc
2474 2315 2785 2383 mundum,
2821 2318 2878 2369 et
2932 2314 3089 2370 venit
3145 2315 3437 2386 occultus,
3465 2318 3596 2373 tan-

1949 2419 2121 2473 quam
2159 2401 2387 2458 adulter
2437 2402 2691 2472 intravit,
2746 2408 2811 2458 ut
2858 2405 2960 2475 jus
3019 2403 3348 2477 legitimum
3406 2390 3597 2461 vindi-

1947 2494 2122 2547 caret.

2588 2597 2819 2655 CAPUT
2860 2600 2949 2656 IV.

1949 2686 2172 2743 Davidis
2198 2688 2524 2758 paenitentia
2552 2686 2720 2759 paulo
2752 2691 2935 2759 fusius
2962 2685 3360 2757 Commendata,
3412 2694 3594 2749 nemi-

2017 2775 2144 2841 nem
2173 2776 2207 2813 (ι
2255 2761 2413 2841 lapsu
2468 2761 2765 2841 ignmunein
2822 2762 3063 2841 inveniri
3117 2763 3593 2819 sanetissimmm

2019 2831 2265 2885 virorum
2293 2830 2607 2886 inductione
2633 2832 2825 2902 palam
2850 2833 3005 2902 furit.

2022 2938 2107 2991 15.
2140 2936 2528 2993 Distinximus
2558 2936 2939 3010 allegationes
2969 2940 3046 3011 (9)
3095 2938 3339 3009 validas,
3390 2920 3456 2995 ut
3502 2957 3595 2996 ar-

1948 3025 2255 3093 bitramur,
2287 3029 2343 3080 et
2371 3025 2430 3080 in
2462 3026 2653 3098 ﬁgura
2682 3026 2861 3083 fuisse
2882 3031 3105 3083 textum
3128 3028 3307 3100 hujus
3338 3020 3596 3087 historias

1948 3114 2491 3186 comprobavimus:
2521 3130 2675 3169 nunc
2707 3115 3009 3187 superiora
3050 3122 3405 3188 repetamus,
3440 3116 3587 3189 68]

1948 3207 2007 3259 et
2034 3206 2316 3274 tanquam
2347 3205 2584 3257 exutum
2611 3202 2971 3274 spiritalibus
3003 3204 3367 3261 indumentis
3415 3206 3599 3281 intro-

196 3306 419 3347 marum
438 3305 577 3361 qua:
594 3287 1009 3363 triumphalem
1032 3284 1838 3359 psalmum‘concinuntChri-
1872 3279 1916 3345 C
1955 3290 2274 3363 spiciamus
2312 3307 2588 3347 errorem.
2645 3290 2908 3347 Peccavit
2954 3292 3157 3359 David,
3208 3294 3361 3364 quod
3408 3293 3599 3369 solent

198 3380 330 3435 sto?
358 3376 581 3435 Gemuit
622 3394 691 3432 ex
747 3392 809 3433 se
864 3375 1036 3441 filios,
1073 3391 1255 3431 unum
1314 3375 1626 3443 incestum,
1659 3372 1842 3430 alium

199 3467 582 3542 parricidam;
615 3482 681 3522 eo
713 3464 867 3537 quod
899 3464 1156 3520 incestus
1184 3467 1241 3519 et
1262 3462 1627 3535 parricidalis
1658 3478 1843 3535 popu-

196 3565 284 3622 lus
308 3567 552 3623 afﬁxam
589 3563 851 3637 patibulo
872 3562 1059 3618 crucis
1084 3579 1316 3618 carnem
1343 3561 1561 3633 proprii
1588 3559 1841 3617 violatu-

195 3671 289 3710 rus
317 3657 486 3711 esset
514 3641 788 3708 aucto’ris.
823 3651 1084 3724 Denique
1112 3651 1168 3705 in
1202 3650 1377 3706 tertio
1402 3649 1627 3722 psalmo
1659 3650 1843 3706 Abes-

191 3743 351 3800 salon
379 3741 601 3799 titulus
616 3740 1009 3814 praemittitur,
1034 3743 1090 3795 et
1125 3734 1320 3812 passio
1343 3738 1575 3794 Domini
1601 3737 1844 3812 prephe-

189 3834 361 3974 tattu3‘...
396 3918 554 3984 Quid
615 3918 686 3973 de
749 3916 1059 3973 Salomone
1133 3919 1337 3973 sancto
1409 3914 1637 4007 loquar,
1670 3916 1843 3986 cujus

258 4035 331 4106 (7)
380 4032 541 4090 Edit.
588 4033 717 4088 Era.
763 4033 1070 4106 aettem,
1114 4034 1208 4104 qui
1249 4033 1383 4087 vitio
1424 4031 1692 4086 caruisset
1739 4029 1840 4106 hu-

187 4103 384 4171 mano;
411 4107 549 4160 Am.
582 4119 717 4160 vero
748 4107 804 4159 et
834 4103 967 4160 Gill.
1002 4103 1137 4158 cum
1170 4119 1340 4168 mss.,
1479 4118 1586 4157 non
1632 4103 1842 4159 caruis-

192 4180 358 4233 set...
392 4176 733 4232 Commode.
768 4175 871 4230 Hie
902 4175 1058 4231 enim
1090 4172 1452 4245 subintelligi
1484 4173 1735 4240 videtur,
1756 4181 1844 4231 ut-

189 4251 326 4318 pote,
358 4248 448 4304 vel
481 4246 678 4318 simile
716 4247 1042 4318 quidpiam.
1090 4246 1308 4309 lterum
1346 4245 1616 4316 sequenti
1665 4261 1842 4318 sensu

197 4314 330 4375 edit.
365 4320 540 4385 Era.,.
562 4316 696 4379 Gil].
729 4314 787 4374 et
835 4314 1028 4383 Rom.,
1085 4314 1597 4389 culpmsuasoria;
1630 4314 1843 4389 melius

193 4391 315 4446 Am.
348 4396 606 4461 etmssy
634 4389 799 4460 culpa
826 4391 1115 4461 suasoria;
1137 4385 1352 4461 quippe
1374 4403 1502 4459 quae
1533 4385 1719 4461 suasit
1739 4403 1842 4442 seu

192 4460 456 4531 probavit
484 4457 855 4533 Sglomonem
888 4477 1067 4533 supra
1096 4457 1418 4533 humanam
1448 4457 1842 4533 conditionem

195 4529 492 4588 nonesse.
529 4531 648 4586 Hoc
688 4535 885 4587 autem
937 4529 1063 4587 loco
1100 4529 1719 4586 videturAmhrosius
1772 4530 1843 4585 de

193 4602 545 4668 Salomonis,
580 4619 754 4674 quem
785 4607 1057 4667 sanctum
1087 4600 1535 4674 appellaremon
1581 4600 1835 4674 dubitat,

1954 3396 2156 3453 reges:
2207 3381 2305 3435 sed
2359 3380 2758 3452 paenitentiam
2809 3380 3009 3452 gessit,
3064 3379 3236 3449 flevit,
3289 3381 3596 3455 ingemuit,

1954 3469 2109 3541 quod
2142 3486 2256 3524 non
2288 3468 2478 3524 solent
2503 3485 2685 3541 reges.
2715 3468 3026 3524 Confessus
3068 3473 3155 3525 est
3201 3468 3455 3541 culpam,
3491 3471 3598 3524 ob-

1953 3557 2198 3614 secravit
2245 3556 2693 3630 indulgentiam,
2753 3556 2917 3612 humi
2991 3562 3212 3614 stratus
3280 3557 3601 3631 deploravit

1952 3662 2296 3713 aerumnam,
2322 3644 2631 3717 jejunavit,
2664 3644 2866 3713 oravit,
2899 3646 3285 3703 confessionis
3316 3663 3433 3701 suae
3484 3651 3600 3702 tes-

1952 3734 2261 3791 timonium
2288 3734 2343 3789 in
2376 3738 2653 3813 perpetua
2675 3734 2886 3789 saecula
2916 3734 3148 3807 vulgato
3180 3733 3376 3791 dolore
3406 3739 3598 3791 trans-

1954 3824 2133 3879 misit.
2195 3823 2357 3889 Quod
2413 3823 2768 3878 erubescunt
2824 3823 3010 3879 facere
3066 3823 3294 3896 privati,
3327 3840 3424 3879 rex
3484 3841 3600 3880 non

1951 3913 2186 3968 erubuit
2241 3911 2525 3967 confiteri.
2584 3900 2690 3977 Qui
2749 3916 3022 3967 tenentur
3076 3911 3324 3984 legibus,
3383 3913 3601 3969 audent

1951 4028 2017 4083 de
2041 4027 2520 4099 paenitentiaejus
2544 4027 2625 4081 vel
2656 4026 3000 4099 indulgentia
3053 4028 3149 4099 Dei
3196 4028 3422 4099 omnino
3463 4044 3604 4082 com-

1953 4095 2236 4159 meinorat.
2256 4095 2514 4169 Denique
2538 4114 2650 4151 non
2677 4095 3107 4169 defueruntqui
3129 4095 3378 4150 mediam
3401 4112 3605 4169 quam-

1953 4172 2086 4225 dam
2109 4169 2263 4222 viam
2291 4167 2564 4239 putarent
2595 4167 2938 4239 iucundam,
2962 4167 3344 4239 rdieerentque
3364 4167 3603 4225 tametsi

1953 4246 2188 4313 peccato
2210 4236 2336 4313 ejus
2362 4238 2505 4313 nihil
2530 4238 2745 4293 certius
2767 4236 2862 4313 sit,
2895 4238 3041 4313 nihil
3078 4236 3273 4313 autem
3301 4239 3600 4313 incertius

1952 4308 2079 4382 eius
2103 4310 2482 4383 pmnitentia;
2506 4314 2701 4364 tamen
2731 4310 2868 4381 quia
2893 4310 2968 4383 de
3000 4308 3201 4383 ipsius
3231 4308 3421 4383 salute
3454 4310 3602 4369 nihil

1952 4379 2257 4455 scriptura
2279 4379 2534 4455 deﬁniat,
2559 4398 2663 4436 nec
2694 4379 2800 4436 nos
2830 4380 3005 4436 etiam
3024 4379 3114 4436 'de
3143 4379 3243 4435 illa
3275 4381 3601 4453 quidquam

1953 4453 2197 4511 definire
2228 4453 2456 4509 debere.
3416 4516 3419 4521 Ι

2026 4528 2100 4593 (8)
2135 4526 2277 4580 Mss.
2311 4525 2497 4586 Dion.,
2538 4521 2719 4590 Colb.,
2771 4522 2942 4588 Maz.,
2991 4522 3356 4588 adversariis;
3402 4523 3501 4580 alii
3547 4530 3604 4580 et

1953 4599 2115 4663 edit.,
2151 4596 2583 4653 transversariis.
2616 4595 2833 4649 Iterum
2868 4611 3010 4649 mss.
3073 4594 3240 4650 Rom.
3301 4602 3358 4650 et
3412 4594 3599 4666 Colb.,

198 4655 545 4755 tisanana;
562 4655 847 4755 asina
858 4655 1244 4755 sientque
1288 4655 1841 4755 ambitae-(Navi
1870 4655 1915 4718 ι)
2165 4670 2300 4755 ἐσθίοι
2322 4668 2459 4755 12m
2486 4667 2785 4755 ρνεδςτξρια
2805 4683 2841 4755 5,
2858 4667 3085 4749 Βρυίεη
3117 4666 3327 4755 Albia.
3353 4670 3411 4751 et
3436 4655 3599 4755 ,βάίιῖ

194 4756 324 4802 vero
352 4745 413 4801 in
446 4762 515 4802 ea
545 4746 836 4802 sententia
853 4744 1013 4801 solus
1031 4744 1119 4800 est
1143 4763 1156 4812 ;
1176 4760 1310 4805 eam
1336 4744 1493 4799 enim
1522 4744 1844 4800 detendunt

192 4815 443 4889 Cyrillus
471 4816 698 4889 Hieros.
731 4816 897 4889 Cath.
932 4833 996 4882 ιι,
1036 4819 1094 4871 et
1127 4816 1538 4889 ﬁieronymus
1579 4815 1650 4889 _in
1710 4831 1838 4889 cap.

191 4886 327 4942 xnm
367 4887 773 4944 Ezecthem
802 4886 1035 4944 Hieron.
1072 4886 1229 4942 .alihi
1280 4886 1456 4941 etiam
1508 4886 1684 4942 refert
1736 4886 1839 4942 Ju-

193 4959 453 5031 daaorum
479 4958 815 5031 opinionem
839 4960 908 5014 de
932 4958 1270 5031 poenitentia
1291 4955 1643 5031 Salomonis,
1663 4972 1836 5027 quem

194 5046 260 5103 ea
284 5030 357 5103 de
388 5028 568 5103 causa
598 5030 907 5103 scripsisse
933 5028 1126 5103 libros
1157 5028 1616 5103 _Proverbior_um
1666 5031 1840 5103 atque

195 5100 561 5157 Ecclesiastis
594 5096 970 5157 arbitrantur.
1003 5099 1113 5161 Alii
1157 5099 1355 5159 Patres
1405 5096 1592 5153 multo
1631 5096 1840 5168 majori

196 5187 442 5244 numero
472 5171 642 5227 illum
673 5171 798 5227 sine
829 5171 947 5229 ulla
978 5170 1319 5244 pgenitentia
1351 5169 1840 5244 defunctum,_at-

192 5258 304 5312 que
335 5243 482 5299 adeo
513 5248 738 5299 aeternis
768 5238 1125 5303 damnationi
1159 5241 1618 5312 addictum-esse
1647 5238 1842 5312 existi-

192 5310 379 5386 mant.
411 5314 480 5368 In
507 5314 600 5386 his
638 5315 929 5371 numerari
962 5317 1149 5386 potest
1179 5310 1422 5386 Tertull.
1459 5311 1560 5366 lib.
1574 5328 1637 5386 _n
1682 5310 1837 5386 cont.

190 5384 356 5457 Mare.
382 5388 443 5443 et
472 5385 648 5457 alibi;
686 5386 861 5443 Basil.
903 5381 1075 5457 epist.
1129 5385 1207 5439 Ad
1257 5383 1470 5457 Chilon.
1502 5400 1516 5450 ;
1566 5381 1837 5457 Cyprian,

190 5453 576 5530 lib.:l,'epist.
608 5452 663 5523 5,
714 5461 891 5530 atque
937 5452 1057 5530 alii,
1106 5455 1461 5530 quosinter
1496 5452 1838 5530 praetermit-

190 5526 325 5588 tend
336 5542 420 5601 us:
439 5522 573 5601 noni
584 5522 677 5601 est
703 5522 1093 5601 Augustinus,
1124 5522 1415 5601 qui,,‘licet
1436 5522 1841 5601 egi—Aindnstria

190 5596 508 5725 grseolaros
552 5599 777 5682 Veteris
797 5595 1182 5680 "Testamenti
1227 5596 1384 5653 viros
1425 5595 1839 5664 defendat,,de

235 5684 507 5725 a.omone
536 5674 733 5725 tamen
762 5675 847 5725 ita
876 5670 1251 5725 pronuntiat:
1304 5666 1656 5725 Vehementer
1707 5683 1839 5725 cum

235 5668 507 5745 atomone
536 5674 733 5745 tamen
762 5670 847 5745 ita
876 5668 1251 5745 pronuntiat:
1304 5666 1675 5745 Vehementen
1706 5683 1839 5745 eum

189 5740 381 5831 wit
419 5749 605 5806 sancta
651 5736 940 5819 Scriptum
992 5744 1153 5817 atque
1200 5738 1540 5812 condemnat,
1589 5736 1840 5813 nihilque
1898 5828 1906 5839 .

1949 4736 2078 4813 'Am.
2126 4736 2503 4813 atque__'_Era.,
2549 4736 2763 4813 praeter
2798 4739 2930 4813 legis
2979 4736 3113 4809 jura
3159 4736 3598 4813 praescriptum;

1951 4811 2180 4868 Thuan.
2208 4809 2270 4865 et
2288 4809 2465 4881 Dion.
2478 4849 2491 4873 ,
2508 4818 2718 4881 praeter
2736 4809 2888 4881 leges
2910 4809 3231 4875 ingressum
3247 4812 3597 4881 praescripto.

1950 4884 2213 4953 Denique
2250 4880 2347 4937 alii
2382 4898 2515 4935 cum
2550 4880 2687 4953 edit.
2718 4880 2862 4953 Gill._
2884 4889 2940 4935 et
2971 4881 3136 4953 Rom,
3172 4885 3374 4953 utnos
3421 4880 3599 4953 supe-

1951 4956 2093 5010 rius.
2120 4950 2315 5024 'Porro
2345 4952 2690 5024 mysterium
2740 4952 2798 5007 in
2850 4951 2958 5024 hoc
2990 4950 3288 5024 adulterio
3338 4950 3599 5024 extitisse

1951 5025 2215 5106 agnoscit
2245 5022 2423 5106 etiam
2454 5023 2511 5076 in
2543 5024 2865 5106 Comment.
2898 5022 2963 5106 iu-
2987 5022 3122 5102 Luc.
3158 5037 3284 5106 cap.
3330 5039 3391 5075 ιιι
3443 5023 3601 5078 idem

1948 5093 2313 5150 Ambrosius.
2349 5093 2553 5147 Utrum
2583 5097 2775 5146 autem
2818 5093 3078 5163 mysterii
3126 5095 3350 5146 ratione
3396 5109 3601 5163 pecca-

1949 5171 2076 5221 tum
2108 5164 2233 5220 tolli
2264 5164 2619 5234 credendum
2652 5163 2765 5229 sit;
2799 5162 2929 5234 vide
2954 5178 3081 5234 quae
3112 5163 3180 5217 ad
3200 5178 3342 5234 _cap.
3371 5180 3433 5217 ιιι
3466 5163 3599 5219 libri

1950 5239 2023 5292 De
2049 5237 2238 5305 Ioseph
2264 5233 2591 5305 patriareh.,
2626 5250 2789 5287 num.
2824 5233 2912 5298 13,
2943 5231 3374 5291 adnotavimus.

2021 5308 2097 5435 Si?)
2156 5304 2348 5387 Edita.
2390 5305 2725 5386 ailegorias;
2782 5320 2952 5368 mss.,
2997 5305 3393 5386 'allegationes.
3427 5375 3435 5385 .
3474 5304 3599 5360 Non

1950 5380 2024 5435 du
2075 5394 2218 5435 tum.
2251 5393 2395 5435 quin
2437 5374 2724 5435 intelligat
2770 5373 3113 5435 allegoricas
3155 5392 3473 5435 superioris
3504 5393 3597 5432 ca-

1950 5391 2218 5439 dublum,
2251 5393 2395 5448 quin
2437 5391 2724 5446 intelligat
2770 5391 3113 5445 allegoricae
3155 5392 3473 5446 superioris
3504 5393 3597 5432 ca-

1950 5450 2089 5523 pitis
2123 5448 2435 5523 historias;
2467 5452 2530 5523 at
2562 5446 3467 5523 t‘ortesuspicetur_aliquis,.p_ro
3486 5450 3598 5523 dis-

1950 5516 2244 5586 tinximus,
2276 5518 2329 5573 le
2372 5517 2592 5573 endum
2620 5516 3033 5590 distringimus',
3081 5518 3143 5576 id
3188 5516 3598 5585 est,.§trictim

1950 5592 2279 5655 attigimus,
2330 5534 3059 5655 gelihavimus...Attamen
3109 5590 3469 5648 distinxi-mus
3517 5589 3598 5645 ita

1950 5592 2279 5721 attigimus,
2330 5588 3059 5655 delihavimus...Attamen
3109 5590 3469 5648 distinxi-mus
3517 5589 3601 5645 ita

1950 5681 2055 5721 exn
2081 5662 2223 5721 icari
2253 5665 2465 5721 potest.
2497 5677 2565 5719 ac
2597 5660 2645 5718 si
2674 5661 2986 5721 legeretur.
3036 5678 3153 5721 non
3202 5661 3461 5721 confuse.
3496 5662 3597 5720 sed

1948 5661 2223 5740 explicari
2253 5665 2465 5740 potest,
2497 5677 2565 5740 ac
2597 5661 2645 5718 si
2674 5661 2986 5740 legeretur,
3036 5678 3153 5721 non
3202 5661 3461 5739 confuse,
3496 5662 3597 5720 sed

1949 5732 2056 5796 suo
2088 5732 2387 5815 quamque
2416 5733 2617 5792 ordine
2648 5732 2980 5797 retulimus.
