3866 6212
296 290 416 351 899

295 510 785 581 gentiam,'quam
816 506 1045 579 petebat
1101 503 1201 574 qui
1258 501 1437 556 nullis
1495 500 1725 571 legibus
1778 508 1939 556 tene-

298 601 471 653 batur
527 598 827 653 humanis.
884 594 1045 661 Quod
1105 592 1382 663 peccavit,
1438 590 1793 645 conditionis
1849 595 1941 645 est

294 692 391 761 {De
419 692 569 745 Pan.
604 689 741 743 dist.
771 686 827 749 3,
858 701 986 755 cap.
1033 682 1130 736 Ille
1180 698 1303 746 rex,
1361 682 1391 751 ξ
1437 679 1597 749 Quod
1637 680 1938 749 pecearit,:

294 780 449 852 quod
480 773 849 849 supplicavit,
881 770 1282 827 correctionis.
1316 769 1539 840 Lapsus
1581 767 1939 833 communis,

293 870 397 924 sed
429 865 698 939 Specialis
741 862 1051 917 confessio.
1100 858 1344 930 Culpam
1393 858 1589 928 itaque
1636 855 1937 920 incidisse,

292 963 511 1013 natura:
541 958 669 1009 est:
703 950 970 1013 diluisse,
998 948 1232 1002 virtutis
1278 946 1415 1015 (10).
1454 966 1478 994 ι
1527 944 1671 1006 Quis
1719 942 1939 1015 gloria-

290 1054 405 1110 tur,
438 1042 649 1116 inquit,
682 1045 909 1095 castum
941 1053 1005 1092 se
1034 1036 1249 1090 habere
1278 1050 1377 1089 cor
1414 1035 1595 1103 (Prov.
1648 1049 1743 1095 xx,
1772 1030 1870 1098 9)?
1907 1054 1935 1080 η

287 1137 403 1192 Nec
433 1134 611 1188 unius
638 1130 751 1182 dici
786 1128 980 1181 infans
1012 1124 1272 1180 mundus
1309 1139 1440 1178 esse
1493 1122 1804 1193 Scriptura:
1855 1126 1940 1174 te-

291 1223 568 1281 etimonio
599 1219 929 1273 declaratur
956 1214 1092 1283 (Job.
1118 1229 1231 1275 xiv,
1265 1213 1339 1281 4}.
1382 1236 1405 1255 η

364 1360 453 1415 l6.
483 1357 565 1412 Da
597 1352 739 1408 mihi
791 1350 1048 1419 aliquem
1109 1346 1235 1399 sine
1295 1343 1662 1415 prolaptione
1718 1342 1935 1397 delicti.

292 1445 704 1503 Validissimus
733 1438 996 1496 omnium
1027 1437 1275 1489 Samson
1310 1433 1523 1503 legitur
1556 1431 1750 1499 gladia.
1774 1448 1867 1485 xxv
1887 1433 1939 1484 et

291 1540 449 1609 seq.),
482 1536 581 1609 qui
607 1534 831 1588 leoueui
865 1528 1039 1583 etiam
1060 1526 1183 1579 suis
1214 1521 1487 1577 manibus
1512 1518 1936 1591 strangulavit;

292 1606 415 1685 sed
446 1606 667 1681 utinam
714 1632 973 1673 amorem
1021 1630 1196 1669 suum
1267 1611 1551 1667 sutl‘ocare
1610 1606 1935 1680 potuisset!

293 1719 511 1774 hlesses
545 1708 801 1767 incendit
857 1702 1306 1776 allophylorum,
1365 1705 1420 1754 et
1477 1698 1601 1769 ipse
1668 1695 1932 1751 mulieris

297 1808 474 1864 unius
500 1801 646 1858 arsit
676 1794 955 1869 igniculo.
984 1790 1233 1864 Jephthe
1265 1790 1447 1842 victor
1502 1790 1575 1841 ab
1633 1787 1797 1841 hoste
1849 1801 1936 1840 re-
1966 1794 2015 1858 Β

295 1896 544 1954 meavit:
586 1891 687 1945 sed
720 1884 929 1942 vexilla
958 1882 1211 1937 referens
1266 1876 1667 1948 triumphalia,
1716 1891 1822 1930 suo
1854 1873 1935 1926 vi-

292 1996 423 2043 ctus
454 1989 543 2039 est
571 1979 959 2037 sacramento,
997 1978 1057 2025 ut
1091 1971 1359 2042 pietatem
1400 1966 1754 2020 occurrentis
1804 1963 1934 2016 tiliae

296 2071 605 2149 parricidio
651 2061 1136 2122 remunerandam
1188 2062 1437 2129 putaret.
1491 2054 1751 2109 Primum
1810 2069 1933 2106 om-

294 2142 456 2221 nium
491 2160 627 2234 quid
661 2171 809 2227 opus
842 2152 951 2206 fuit
981 2158 1099 2203 tam
1136 2146 1297 2200 facile
1344 2146 1567 2213 jurare,
1618 2150 1678 2196 et
1716 2142 1938 2234 incerta

292 2228 659 2320 vovere-pro
714 2243 909 2303 certis,
967 2254 1216 2309 quorum
1297 2234 1541 2287 nesciret
1617 2228 1937 2285 eventum?

294 2340 511 2399 Deinde
556 2318 634 2391 ad
683 2332 821 2405 quid
875 2332 1240 2384 sacramenta
1290 2322 1479 2376 tristia
1524 2321 1769 2375 Domino
1818 2318 1935 2373 Deo

292 2430 519 2491 reddit;
556 2431 617 2480 ut
646 2419 904 2478 cruentis
935 2415 1120 2472 solvat
1149 2431 1253 2468 sua
1284 2418 1413 2466 vota
1444 2407 1794 2465 funeribus?

360 2564 449 2618 l7.
480 2560 591 2616 Nec
622 2559 693 2612 de
739 2551 1139 2609 sacerdotibus
1189 2546 1483 2602 silendum
1538 2544 1809 2605 arbitror,
1862 2557 1933 2595 ne

290 2659 491 2709 nostra
510 2648 709 2703 videar
726 2638 1101 2699 dissimulare
1131 2636 1361 2691 delicta.
1395 2639 1583 2689 Aaron
1616 2633 1739 2703 ipse
1770 2647 1932 2686 sum-

291 2759 424 2797 mus
454 2736 725 2793 sacerdos
759 2747 898 2802 {quo
920 2730 1066 2783 duce
1086 2726 1302 2798 pariter
1330 2740 1395 2778 ac
1430 2722 1644 2792 Moyse,
1669 2720 1929 2774 Rubrum

293 2831 465 2903 pedes
481 2841 642 2882 mare
663 2820 929 2877 transivit
959 2815 1208 2887 populus
1250 2813 1646 2903 Hebraeorum)
1694 2812 1933 2880 rogatus

292 2901 327 2974 a
355 2918 522 2990 plebe
552 2918 617 2968 ut
643 2912 783 2965 deos
812 2906 926 2962 sibi
958 2909 1171 2958 taceret
1190 2918 1340 2973 quos
1370 2901 1697 2990 adorarent,
1720 2914 1930 2952 aurum

292 2986 575 3080 poposcit,
607 3001 668 3055 in
698 2999 892 3070 ignem
925 2992 1105 3058 misit,
1129 2994 1183 3044 et
1213 2994 1387 3080 caput
1416 2986 1593 3080 vituli

290 3074 400 3161 est,
434 3093 527 3149 cui
562 3093 702 3144 sunt
748 3084 945 3142 oblata
984 3078 1296 3137 sacriﬁcia.
1320 3079 1445 3143 Quo
1474 3075 1689 3143 indicio
1718 3074 1934 3129 claruit

1750 283 1817 344 S.
1865 281 2241 344 AHBROSII

296 440 469 477 suum
505 436 715 492 negare
746 422 1071 490 peccatum,
1100 415 1493 485 dedignantur
1523 431 1723 484 mgazi‘
1758 414 1945 467 ΞΓε-ἰιιῖο
1974 430 2017 487 _\

3544 290 3641 351 θοο

2602 414 2754 470 .82
2795 412 3021 469 CAPL'T
3082 416 3141 468 \'.

2052 503 2320 576 Parabola
2352 519 2513 572 quam
2546 502 2743 556 Doridi
2768 504 3049 573 proposuit
3088 502 3328 576 Nalﬁan,
3357 509 3643 576 amttitur;

2118 575 2811 699 εἰοιὲιξὶεεονςυςςεερέιτρυε
2837 582 2905 628 ub
2935 591 2995 628 eo
3021 576 3181 629 αιηιί
3207 574 3456 632 butum
3471 574 3644 635 eccm;

2119 662 2173 698 m
2242 662 2277 698 a
2306 662 2394 698 ur.

2119 662 2394 698 mouamr.

2118 768 2206 822 ‘20.
2241 769 2353 823 Nec
2384 768 2661 841 parabola
2686 769 2917 824 videtur
2944 785 2979 824 a
3020 769 3295 842 mysterio
3338 770 3644 844 discrepare.

2047 857 2191 921 Quis
2216 857 2373 912 enim
2400 858 2584 923 dives,
2616 857 2727 913 nisi
2772 857 3057 914 Dominus
3104 863 3302 914 noster
3341 858 3522 927 Jesus,
3564 862 3645 933 qui

2047 946 2121 1001 de
2150 963 2211 1002 se
2242 945 2345 1012 ait,
2378 952 2443 1000 ut
2472 946 2645 1002 hodie
2681 945 2899 1002 lectum
2945 953 3054 1011 est,
3102 947 3295 1019 quod:
3345 946 3508 1004 homo
3547 950 3651 1022 qui-

2047 1035 2182 1089 dam
2200 1051 2341 1089 cum
2371 1035 2534 1090 dives
2558 1042 2733 1101 esset,
2755 1036 2899 1090 abiit
2917 1036 2977 1090 in
2994 1036 3291 1109 regionem
3309 1034 3648 1109 longinquam

2046 1124 2307 1193 accipere
2347 1139 2593 1195 regnum
2641 1131 2695 1178 et
2753 1125 2954 1179 reverti
2997 1127 3148 1195 (Luc.
3204 1142 3320 1189 xiv,
3368 1125 3468 1196 i2).
3524 1148 3548 1173 η
3592 1127 3651 1183 Et

2048 1228 2179 1265 vere
2217 1213 2377 1265 dives
2405 1218 2527 1266 erat
2557 1214 2887 1281 majestatis
2917 1230 3034 1265 sua:
3081 1213 3314 1285 opibus,
3367 1218 3423 1268 et
3472 1213 3648 1270 divini-

2048 1306 2184 1354 tatis
2220 1301 2463 1371 proprize
2494 1300 2877 1371 plenitudine.
2926 1302 3017 1355 cui
3086 1300 3287 1373 Angeli
3347 1306 3401 1356 et
3426 1301 3649 1358 Archan.

2048 1388 2182 1459 geli,
2208 1388 2467 1443 Virtutes
2497 1395 2553 1443 et
2592 1390 2911 1444 Potestates
2941 1398 2996 1443 et
3028 1390 3414 1462 Principatus,
3464 1390 3650 1446 Thmui

2047 1484 2103 1531 et
2134 1478 2594 1539 Dominationes,
2626 1478 2940 1532 Cherubim
2970 1485 3027 1533 et
3059 1478 3369 1550 Seraphim
3396 1478 3653 1535 indelesso

2047 1567 2328 1637 obsequio
2359 1567 2706 1621 serviebant.
2738 1567 2847 1621 Sed
2878 1572 3073 1622 tamen
3107 1584 3241 1622 cum
3298 1567 3454 1624 dives
3503 1572 3651 1635 esset,

2049 1656 2282 1726 reliquit
2321 1656 2637 1726 nonaginta
2689 1672 2891 1711 novem
2951 1656 3009 1711 in
3066 1657 3367 1712 montibus
3418 1672 3560 1721 oves,
3608 1662 3655 1712 ct

2046 1761 2225 1799 unam
2258 1761 2419 1799 ovem
2453 1762 2581 1815 qua:
2611 1744 2767 1799 lassa
2786 1752 3166 1815 remanserat,
3186 1745 3503 1819 requisivit.
3522 1744 3655 1801 Hanc

2046 1832 2317 1901 princeps
2348 1832 2519 1885 istius
2551 1832 2777 1893 mundi,
2798 1831 3288 1904 contemplatione
3318 1832 3471 1888 illius
3490 1832 3656 1888 divitis

2043 1936 2262 1990 egenus
2292 1926 2348 1974 et
2381 1938 2618 1991 pauper,
2651 1921 2821 1991 quasi
2874 1922 3049 1975 filiam
3094 1921 3390 1977 alimentis
3436 1920 3655 1994 propriis

2044 2010 2357 2063 nutriebat.
2392 2010 2595 2063 Merito
2627 2011 2819 2080 itaque
2850 2011 3156 2075 defecerat,
3215 2012 3310 2066 cui
3360 2012 3657 2067 substantia

2042 2104 2165 2151 erat
2196 2099 2362 2153 cibus
2404 2098 2622 2153 sazculi.
2656 2099 2953 2153 Erraverat
3011 2099 3131 2153 haec
3186 2101 3313 2154 ovis
3371 2101 3427 2155 in
3476 2100 3655 2167 Adam,

2044 2188 2276 2241 insidiis
2307 2187 2617 2242 sollicitata
2647 2188 2953 2259 serpentis.

2114 2280 2203 2330 2|.
2237 2278 2299 2331 Et
2333 2293 2446 2331 nou
2480 2276 2633 2330 mala
2670 2276 2813 2339 ovis,
2841 2294 2968 2348 quae
2999 2284 3119 2331 erat
3152 2277 3329 2333 \‘erbi
3372 2278 3551 2351 plena,
3578 2283 3655 2333 ut-

2046 2372 2177 2438 pote
2207 2365 2569 2422 rationabilis
2601 2366 2985 2421 hebdomadis
3016 2368 3127 2437 ..12)
3185 2367 3331 2436 ﬁlia,
3388 2373 3445 2423 et
3496 2367 3656 2424 sancti

2044 2472 2262 2510 munus
2291 2455 2589 2519 auctoris;
2618 2460 2817 2510 tamen
2864 2471 2981 2509 non
3035 2455 3313 2527 pretiosis
3368 2455 3654 2528 aliquibus,

2043 2544 2143 2598 sed
2169 2544 2383 2597 vilibus
2414 2542 2688 2614 pauperis
2714 2543 2814 2598 diu
2846 2543 3057 2615 Opibus
3086 2542 3374 2599 alebatur.
3427 2544 3656 2615 Denique

2042 2658 2069 2679 ‹‹
2104 2632 2175 2687 de
2208 2648 2356 2704 pane
2384 2633 2534 2702 ejus,
2565 2632 2783 2703 inquit,
2820 2631 3232 2701 manducabat,
3291 2637 3349 2688 et
3394 2634 3465 2687 de
3507 2632 3655 2687 calice

2040 2724 2170 2793 ejus
2201 2722 2459 2786 bibebat,
2489 2726 2546 2775 et
2576 2721 2635 2775 in
2667 2720 2798 2775 sinu
2830 2722 2961 2791 ejus
3011 2722 3341 2778 dormiebat
3407 2722 3498 2794 (II
3547 2724 3655 2791 Reg.
3722 2728 3729 2735 ‘

2042 2828 2143 2877 xu,
2175 2812 2250 2881 3}.
2280 2834 2305 2857 ››
2337 2810 2463 2865 Non
2496 2811 2646 2865 bona
2674 2826 2809 2865 esca
2862 2810 3225 2881 .Ethiopum,
3278 2811 3487 2867 noxius
3533 2808 3657 2865 calix

2041 2916 2254 2955 aureus
2285 2898 2616 2971 Babylonis,
2643 2898 2745 2969 qui
2782 2903 2983 2969 gentes
3023 2898 3318 2956 inebriat:
3367 2917 3480 2957 non
3519 2898 3657 2955 utilis

2040 3006 2287 3044 somnus
2314 2994 2403 3044 est
2432 2987 2879 3053 dormientibus,
2911 2988 3066 3043 malo
3111 2987 3374 3060 vigilare.
3427 2988 3657 3061 Denique

2040 3078 2259 3134 turbati
2284 3081 2425 3134 sunt
2454 3093 2658 3132 omnes
2702 3076 3047 3149 insipientes
3101 3077 3300 3144 corde,
3358 3077 3661 3134 obdormie-

287 3184 415 3240 auri
446 3180 834 3253 cupiditatum
867 3170 1171 3227 materiam
1201 3185 1331 3223 esse
1378 3165 1651 3238 perlidize,
1698 3169 1756 3219 et
1797 3180 1927 3218 ava-
1959 3163 2002 3229 C
2041 3172 2177 3223 runt
2206 3183 2481 3223 somnum
2512 3183 2712 3231 suum,
2743 3171 2799 3221 et
2829 3166 2975 3221 nihil
3022 3168 3392 3222 invenerunt.
3440 3165 3657 3239 Hospitii

287 3274 431 3329 ritis:
461 3269 657 3327 studio
688 3261 995 3333 sacrilegia
1023 3258 1211 3313 solere
1236 3256 1521 3328 generari.
1559 3256 1769 3308 lterum
1800 3257 1928 3307 tan-

285 3369 385 3419 tus
414 3360 686 3417 sacerdos
714 3355 907 3409 locum
932 3347 1137 3403 incidit
1166 3344 1508 3401 offensionis
1540 3360 1673 3397 cum
1732 3355 1930 3396 sorore

286 3467 395 3507 sua
410 3448 612 3504 Maria.
636 3444 782 3499 Nam
815 3441 958 3495 dum
990 3435 1156 3492 fratri
1188 3438 1433 3503 uterque
1463 3433 1747 3485 obtrectat
1771 3427 1930 3501 quod

285 3538 673 3608 alienigenam
704 3529 1023 3600 accepisset
1049 3539 1311 3588 uxorem,
1362 3521 1517 3576 illico
1564 3519 1746 3575 Maria
1791 3534 1929 3573 con-

286 3626 441 3697 tagio
466 3624 607 3692 (10‘)
641 3618 949 3675 maculosae
979 3614 1172 3669 carnis
1192 3610 1464 3667 etlloruit.

360 3784 385 3807 σε
418 3759 504 3813 l8.
527 3756 649 3820 Quo
680 3751 787 3808 loci
813 3747 1097 3806 evidentia
1127 3744 1233 3799 fuit
1258 3744 1444 3815 ﬁgura
1463 3740 1749 3813 mysterii,
1770 3742 1927 3811 quod

287 3844 668 3904 sacerdotalis
699 3840 796 3896 ille
826 3835 1081 3911 pepulus
1130 3839 1362 3906 patrum
1412 3831 1669 3887 fraterno
1715 3828 1928 3901 populo

287 3933 708 4011 posterioribus
765 3924 1125 3998 temporibus
1192 3922 1514 4011 derogaret,
1565 3918 1927 4011 Ethiopissaz

286 4006 443 4081 illius
470 4021 737 4079 nesciens
766 4017 1220 4073 sacramentum.
1254 4010 1401 4065 Nam
1451 4009 1498 4063 si
1542 4006 1927 4078 cognovisset,

287 4132 401 4171 non
432 4108 921 4185 reprehendisset,
953 4102 1105 4175 quod
1140 4117 1275 4155 cum
1296 4097 1473 4153 veteri
1496 4096 1773 4168 mysterio
1798 4112 1929 4151 con-

282 4204 523 4259 veniret.
586 4200 785 4270 Itaque
831 4209 967 4249 cum
1001 4191 1239 4246 Judaaus
1284 4204 1417 4244 eum
1474 4187 1573 4259 qui
1622 4202 1691 4240 ex
1738 4185 1927 4258 genti-

285 4296 397 4348 bus
428 4289 693 4354 credidit,
726 4286 867 4341 dicit
897 4298 1025 4337 esse
1055 4294 1425 4335 communem
1456 4278 1594 4347 (tt),
1641 4281 1699 4330 et
1744 4272 1929 4328 vulta

284 4382 410 4453 lege
440 4392 759 4443 secernere,
803 4374 1021 4444 lepram
1068 4368 1266 4433 habet,
1316 4382 1493 4438 quam
1547 4380 1663 4419 non
1713 4361 1928 4453 poterit

283 4450 542 4534 evadere,
578 4464 691 4520 nisi
722 4459 1003 4535 spiritalis
1035 4459 1089 4513 ei
1120 4456 1268 4528 legis
1312 4454 1532 4525 agnitio
1578 4454 1650 4508 ad
1696 4450 1923 4506 veniam

284 4557 459 4612 fuerit
488 4554 824 4624 sull‘ragata.

359 4688 445 4743 19.
480 4687 628 4757 Ergo
648 4690 705 4739 et
733 4683 911 4738 Daviil
944 4681 1041 4753 qui
1099 4680 1275 4734 sciret
1324 4675 1621 4732 hominem
1690 4691 1751 4730 se
1799 4690 1929 4730 esse

284 4782 486 4835 natum
525 4773 739 4846 lapsui,
772 4772 997 4825 veniam
1040 4766 1392 4840 postulavit:
1450 4764 1680 4821 Domini
1731 4770 1924 4820 autem

284 4884 402 4924 non
431 4861 762 4937 desperavit
793 4857 1274 4914 misericordiam.

351 5064 463 5135 (l0)
496 5062 646 5116 Edit.
680 5064 791 5140 vet.
824 5055 1196 5140 cumpaucis
1228 5069 1403 5140 mssz,’
1418 5050 1626 5140 delesse
1676 5050 1927 5108 virtutis;

285 5125 457 5191 Rom:
484 5149 619 5188 cum
653 5130 914 5202 reliquis,
947 5125 1173 5183 diluisse
1203 5125 1449 5181 virium.

350 5205 585 5277 (10')Ald
615 5209 725 5267 est,
755 5202 933 5277 lepra.
1039 5268 1051 5277 _
1221 5266 1232 5277 ,
1286 5270 1296 5277 ,
1480 5269 1490 5277 _
1630 5264 1641 5273 .

351 5268 865 5399 (ίίζϐωηηιαηεῇι,
898 5271 1006 5327 hoc
1038 5268 1162 5325 loco
1218 5268 1599 5350 interpretare
1628 5268 1923 5334 impurum

377 5345 686 5399 uolutum.
736 5349 803 5399 ut
846 5360 915 5399 ea
958 5357 1067 5395 vox
1109 5343 1367 5396 sumitur
1396 5339 1646 5391 Actuum
1694 5351 1822 5399 cap.
1868 5350 1923 5399 x,

279 5338 808 5418 et'pollutum,_ut_
846 5338 915 5399 ea
958 5357 1067 5395 vox
1109 5338 1367 5396 sumitur
1396 5339 1646 5391 Actuum
1694 5351 1822 5407 cap.
1868 5350 1926 5400 x,

280 5414 432 5472 vers.
466 5418 557 5476 14.
587 5422 647 5471 et
674 5414 834 5470 alibi.

356 5486 470 5565 (is)
502 5486 869 5565 Rationabili:
898 5480 1265 5565 hebdomadis,
1296 5479 1485 5565 id_est
1530 5475 1825 5565 spiritalis,
1844 5491 1927 5565 ac

284 5546 817 5628 ωὲειὶοειβὶνθιρι
841 5558 1085 5628 panem
1112 5546 1331 5628 secter-
1359 5546 1695 5628 τηθςυξὲιὲθη
1732 5546 1926 5628 Loesi-

286 5620 407 5693 tu'r,
438 5625 805 5699 intelligibitis
834 5622 1199 5694 hebdomadis,
1230 5620 1705 5679 Veteris'scilicet
1732 5620 1930 5679 Testa-

1958 4533 2005 4598 D

2041 3258 2220 3328 igitur
2239 3256 2444 3328 gratia,
2462 3255 2602 3327 quia
2621 3262 2957 3327 susceperat
2979 3255 3294 3328 hospitem,
3321 3260 3387 3312 ut
3413 3256 3465 3311 ei
3483 3253 3658 3329 epulas

2035 3345 2353 3413 exhiberet,
2384 3343 2546 3399 illam
2578 3344 2851 3416 pauperis
2906 3360 3073 3399 ovem
3129 3344 3399 3399 abstulit.
3433 3348 3506 3400 De
3554 3344 3659 3399 suis

2035 3435 2191 3490 enim
2226 3434 2309 3488 vel
2343 3434 2620 3506 gregibus
2648 3432 2734 3489 vel
2766 3433 3049 3489 armentis
3077 3434 3126 3487 si
3158 3434 3321 3505 quod
3342 3431 3554 3490 animal
3574 3433 3659 3487 im-

2038 3522 2303 3587 molaret,
2337 3523 2505 3577 nobis
2549 3522 2824 3593 prodesse
2882 3538 2995 3576 non
3055 3527 3305 3593 poterat,
3367 3539 3514 3594 quos
3564 3519 3657 3575 nisi

2036 3610 2419 3676 immolasset,
2451 3626 2566 3665 non
2598 3608 2959 3666 redemisset.

2231 3700 2605 3754 luﬁrmitates
2632 3698 2813 3770 igitur
2841 3704 3052 3754 nostra:
3085 3698 3421 3770 fragilitatis
3461 3700 3519 3755 in
3568 3714 3659 3755 sua

2036 3805 2208 3843 carne
2240 3787 2514 3859 hospitali
2554 3787 2808 3858 quodam
2840 3787 3098 3860 suscepit
3126 3787 3363 3855 all‘ectu,
3393 3791 3555 3860 cujus
3590 3786 3655 3842 lc-

2033 3877 2235 3932 vandaa
2265 3892 2443 3932 causa
2472 3875 2557 3930 vel
2590 3876 2784 3947 potius
2832 3876 3172 3943 reficiendae,
3222 3893 3462 3933 carnem
3509 3892 3657 3934 suam

2036 3965 2277 4021 salutari
2320 3963 2405 4019 illi
2437 3964 2649 4020 obtulit
2678 3965 2958 4037 passioni,
2982 3972 3045 4018 ut
3064 3971 3119 4019 et
3139 3966 3340 4021 cibum
3366 3966 3530 4023 nobis
3550 3964 3658 4019 vita

2036 4055 2317 4126 preberet
2344 4058 2590 4109 αξιοι-ηαξ.
2634 4053 2701 4108 Et
2754 4053 2899 4110 bene
2943 4071 3145 4125 agnam
3194 4055 3347 4111 dixit
3391 4055 3665 4128 Scriptura

2033 4143 2243 4211 (tam,
2299 4142 2436 4214 quia
2490 4148 2615 4198 erat
2672 4141 2927 4214 Virginis
2984 4148 3207 4214 partus.
3262 4144 3420 4200 Bene
3474 4145 3664 4216 dignus

2036 4236 2219 4286 morte
2247 4231 2662 4303 pronuntiatur
2699 4230 2858 4286 dives
2902 4230 3015 4286 iste
3050 4231 3279 4302 judicio
3305 4233 3664 4306 prophetico;

2034 4321 2174 4391 quia
2229 4325 2286 4376 et
2338 4318 2589 4392 Caiphas
2644 4320 3005 4392 prophetavit
3062 4320 3303 4376 dicens:
3365 4343 3396 4371 ‹‹
3452 4319 3667 4393 Expedit

2034 4425 2219 4464 unum
2252 4408 2548 4464 hominem
2583 4407 2730 4463 mori
2761 4426 2864 4481 pro
2895 4407 3110 4481 populo
3151 4411 3332 4479 (locu.
3382 4428 3465 4477 χι,
3509 4410 3612 4479 50).
3640 4429 3664 4456 ιο

2036 4498 2210 4554 Solus
2237 4503 2434 4554 autem
2463 4497 2748 4552 Dominus
2774 4497 2950 4553 Jesus
2978 4497 3080 4552 tali
3113 4498 3332 4570 dignus
3361 4499 3577 4555 electus
3592 4500 3666 4551 est

2038 4591 2243 4654 morte,
2276 4603 2392 4658 qua
2420 4586 2645 4641 tolleret
2670 4591 2969 4659 peccatum
3004 4587 3230 4641 mundi.
3256 4587 3511 4643 Pulchra
3536 4600 3666 4658 quo-

2037 4691 2151 4748 que
2181 4674 2443 4731 addidit:
2478 4700 2502 4722 ‹‹
2541 4680 2764 4747 Aguam
2798 4676 3061 4756 restituet
3094 4676 3191 4745 {Il
3231 4678 3358 4748 Reg.
3394 4694 3495 4732 xn.
3521 4676 3609 4746 6};
3640 4695 3664 4720 ιι

2037 4765 2177 4837 quia
2195 4780 2431 4827 carnem
2464 4763 2760 4836 propriam
2794 4763 3177 4830 resuscitavit,
3224 4781 3467 4821 carnem
3526 4762 3665 4819 illam

2037 4852 2339 4926 virginalis
2370 4852 2717 4924 integritatis
2749 4852 3020 4907 reddidit.
3062 4852 3175 4908 Nec
3234 4853 3383 4909 illud
3433 4854 3666 4909 otiosum

2038 5050 2244 5104 menti.
2269 5049 2414 5104 Nam
2437 5064 2543 5121 per
2567 5046 2995 5121 hebdomadam
3027 5049 3335 5121 antiquum
3370 5048 3557 5121 fcedus
3583 5045 3668 5121 de-

2037 5121 2255 5202 signari
2285 5136 2419 5175 cum
2440 5119 2591 5174 alibi
2623 5119 2936 5192 signiﬁcat,
2981 5126 3106 5176 tum
3133 5119 3304 5203 epist.
3337 5120 3413 5175 ad
3461 5119 3664 5175 ﬂoreat

2037 5193 2135 5246 ubi
2165 5191 2358 5247 legas:
2393 5191 2685 5247 Ilebdomu:
2727 5193 2940 5246 Veteri:
2974 5192 3289 5247 Testamena
3334 5200 3454 5247 est:
3502 5194 3668 5246 octava

2037 5200 2135 5246 ubi
2165 5200 2358 5263 legas:
2393 5200 2685 5247 Ilebdomu:
2727 5200 2940 5246 Veteri:
2974 5200 3291 5248 Testamenti
3334 5200 3454 5248 est:
3502 5200 3668 5246 octava

2035 5265 2190 5327 Novi,
2222 5268 2331 5318 etc.
2364 5263 2469 5317 Hic
2490 5278 2626 5334 ergo
2655 5261 2978 5334 totiusloci
3026 5280 3235 5319 sensus
3289 5268 3422 5318 est:
3469 5262 3668 5317 Natura

2037 5334 2300 5390 humana
2327 5334 2434 5389 etsi
2467 5334 2524 5388 in
2563 5333 2787 5388 Adamo
2843 5333 3007 5405 lapsa
3060 5334 3252 5400 fuerit,
3310 5350 3434 5390 non
3490 5339 3667 5390 tamen

2037 5405 2195 5461 mala
2223 5411 2333 5473 est,
2364 5405 2581 5477 quippe
2610 5421 2736 5476 qua:
2764 5412 2956 5477 creata
3010 5405 3089 5461 sit
3146 5406 3205 5461 in
3247 5405 3446 5477 Veteri
3492 5405 3670 5460 Testa-

2037 5482 2256 5561 ξηειιιοι
2289 5475 2645 5561 sesese
2688 5475 3087 5561 ριἐξειίοιίοειθε
3112 5475 3670 5561 ,Ρτοηξίβςὲοηεείιιξς

2034 5548 2380 5681 imusndi
2407 5543 2581 5609 Verbi
2609 5543 2851 5624 accepit,
2884 5547 3037 5605 unde
3072 5543 3250 5608 etiam
3280 5548 3503 5607 dicitur
3532 5543 3668 5604 Virbi

2034 5638 2068 5681 ρ
2203 5662 2217 5678 .

2029 5638 2217 5699 plena.
