3866 6212
137 328 236 390 9m
1213 320 1604 384 APOLOGIA
1646 314 2090 399 reorum};
2134 316 2398 383 DAVID.
3387 320 3507 383 902

138 461 278 535 quod
310 457 416 515 ait:
450 480 477 507 «
510 458 575 515 In
600 454 1001 529 quadruplum
1031 453 1297 512 restituet
1328 454 1506 525 (Ibid).
1543 477 1570 503 »
1601 454 1748 518 Qua-
1780 458 1835 522 Α
1863 453 2143 511 Similiter
2199 460 2255 512 et
2310 456 2462 512 facta
2516 454 2670 510 bona
2726 454 3038 511 manifesta
3084 458 3243 509 sunt.
3288 455 3510 511 Lucent

138 548 420 622 druplatur
446 545 600 602 enim
632 545 1010 602 ressurrectio
1050 548 1440 610 mortuorum,
1473 544 1627 599 sicut
1655 544 1752 599 do-
1861 544 2016 599 enim
2050 561 2219 616 opere
2246 545 2554 609 virtutum,
2588 547 2646 599 et
2676 542 2987 617 splendore
3036 541 3377 599 meritorum
3404 561 3418 613 ;
3454 547 3511 600 et

136 642 223 695 θοι·
241 633 540 710 Apostolus
568 634 809 690 dicens:
848 655 870 685 ι
907 630 1242 690 Seminatur
1267 631 1327 687 in
1357 632 1751 704 corruptione,
1862 648 1988 703 quae
2021 633 2190 688 aliter
2220 649 2281 689 se
2314 632 2551 699 habent,
2587 632 2867 688 abscondi
2902 649 3015 688 non
3050 636 3318 706 possunt.
3361 633 3511 705 Ergo

135 726 302 800 surgit
327 725 383 779 in
415 722 886 796 incorruptione;
915 721 1243 779 seminatur
1272 718 1334 776 in
1362 717 1749 795 ignobilitate,
1860 719 1998 777 talia
2031 738 2147 778 non
2177 724 2476 795 teguntur,
2510 737 2624 777 non
2657 721 2967 777 obumbrat
2998 737 3065 777 ea
3093 720 3349 778 Charitas
3384 737 3510 793 quae

137 813 304 888 surgit
332 813 387 868 in
407 811 590 886 gloria
614 829 628 881 ;
651 810 982 868 seminatur
1002 810 1059 866 in
1086 809 1447 877 inﬁrmitate,
1471 808 1661 882 surgit
1691 809 1752 866 in
1861 809 2047 883 operit
2077 809 2518 867 multitudinem
2550 815 2943 884 peccatorum,
2978 827 3088 866 non
3110 808 3299 883 operit
3328 809 3510 865 bono-

135 900 326 958 virtute
365 900 687 957 seminatur
732 916 946 974 corpus
993 898 1268 968 animale,
1322 899 1512 973 surgit
1540 915 1753 971 corpus
1860 915 1993 954 rum
2025 916 2265 972 operum
2297 899 2508 974 gratia,
2539 916 2655 955 non
2677 899 2984 955 abscondit
3004 898 3287 954 virtutum
3313 897 3511 954 multi-

137 989 372 1065 spiritale
416 990 466 1063 (1
519 989 649 1047 Cor.
698 1006 793 1057 xv,
842 988 1046 1061 42.44).
1080 1010 1109 1040 ››
1160 988 1450 1045 Restituet
1490 987 1662 1060 plane
1691 987 1751 1043 in
1862 987 2027 1056 tudo,
2062 988 2163 1044 sed
2213 988 2384 1062 quasi
2434 988 2595 1045 nuda
2634 990 2692 1045 et
2739 990 2954 1044 intecta
2996 987 3347 1060 produntur.
3381 986 3511 1042 Non

139 1077 1232 1154 quadruplumagnametiamillomodo
1264 1093 1380 1150 quo
1401 1079 1591 1150 potest
1623 1076 1751 1148 jam
1862 1075 2020 1132 enim
2068 1080 2156 1134 est
2204 1076 2265 1133 in
2314 1077 2387 1133 iis
2440 1077 2539 1150 qui
2588 1075 2778 1133 dicat;
2815 1099 2843 1128 «
2873 1076 2994 1132 Sub
3041 1077 3255 1134 umbra
3283 1074 3510 1134 alarum

136 1171 292 1226 homo
318 1168 545 1224 dicere:
581 1189 610 1218 «
641 1167 703 1224 Si
734 1167 827 1224 cui
858 1165 1080 1241 aliquid
1112 1165 1349 1235 abstuli,
1383 1165 1563 1222 reddo
1606 1182 1752 1238 qua-
1861 1167 2098 1222 tuarum
2147 1170 2384 1240 protege
2434 1183 2526 1223 me
2577 1166 2749 1239 (Psal.
2805 1184 2918 1237 xvr,
2954 1166 3032 1239 8).
3070 1188 3097 1217 ››
3147 1166 3301 1222 Crux
3356 1164 3514 1222 enim

136 1256 386 1330 druplum
415 1260 437 1327 (
464 1261 590 1314 Luc.
623 1274 737 1325 xm,
769 1256 847 1330 8).
884 1277 912 1305 »
942 1255 1096 1313 888
1129 1254 1549 1312 Convenienter
1576 1253 1753 1311 etiam
1862 1253 2093 1310 Domini
2123 1271 2328 1313 omnes
2359 1255 2548 1311 abolet
2570 1260 2755 1329 atque
2782 1254 3089 1312 abscondit
3118 1271 3365 1312 errores.

136 1346 261 1403 illud
291 1346 533 1420 adjecit:
569 1370 595 1396 «
630 1346 774 1413 Quia
810 1362 925 1402 non
956 1344 1214 1419 pepercit
1243 1345 1318 1417 (ιι
1340 1347 1468 1417 Reg.
1490 1344 1690 1417 xn,6);
1725 1365 1752 1393 ››
1933 1344 2021 1400 25.
2055 1344 2195 1409 Quis
2225 1343 2406 1418 igitur
2439 1345 2627 1418 magis
2660 1344 2889 1418 operuit
2917 1349 2975 1401 et
3005 1345 3145 1401 texit
3174 1362 3352 1418 quam
3383 1361 3514 1402 san-

136 1453 233 1493 non
263 1434 413 1491 enim
443 1435 701 1509 pepercit
729 1435 843 1492 sibi
873 1433 1170 1502 Christus,
1204 1437 1272 1491 ut
1299 1433 1575 1490 omnibus
1612 1432 1752 1490 sub-
1861 1436 1992 1489 ctus
2022 1432 2224 1502 David,
2259 1433 2359 1505 qui
2380 1437 2438 1489 et
2458 1433 2599 1489 alibi
2628 1435 2710 1489 ait
2734 1452 2745 1488 :
2768 1436 2832 1490 Et
2854 1437 2912 1489 in.
2932 1435 3127 1490 umbra
3147 1435 3369 1491 alarum
3394 1442 3516 1491 tua-

134 1524 353 1581 veniret.
1861 1539 1988 1579 rum
2018 1524 2255 1595 speravi,
2286 1522 2454 1579 donec
2480 1526 2720 1579 transeat
2743 1524 3016 1595 iniquitas
3037 1524 3213 1597 (Psal.
3238 1541 3349 1591 va,
3375 1525 3509 1597 21);

194 1614 276 1668 23.
309 1613 560 1685 Ideoque
588 1612 810 1669 dictum
842 1617 933 1670 est
962 1630 998 1670 a
1044 1610 1292 1670 Domino
1319 1611 1481 1677 Jesu
1525 1611 1753 1668 Christo
1862 1615 1919 1667 et
1939 1612 2022 1668 sic
2039 1610 2241 1669 dilexit
2260 1610 2596 1680 Dominum,
2626 1616 2691 1666 ut
2710 1611 2896 1668 nimia
2910 1613 3194 1670 charitate
3210 1617 3513 1687 peccatum

135 1702 197 1758 ad
226 1717 445 1758 servum
479 1718 655 1757 suum
688 1701 888 1769 David,
921 1701 1360 1774 utmysterium
1391 1699 1712 1758 declararet
1737 1718 1750 1756 :
1862 1718 2035 1757 omne
2064 1704 2286 1773 tegeret
2306 1705 2486 1774 atque
2503 1701 2907 1757 absconderet.
2934 1701 3168 1758 Etenim
3189 1702 3239 1759 si
3273 1705 3517 1759 metus

136 1790 451 1859 «Quoniam
480 1793 546 1846 tu
580 1790 688 1846 hoc
718 1789 906 1847 fecisti
936 1789 997 1846 in
1029 1789 1275 1858 occulto,
1308 1794 1366 1845 et
1393 1806 1500 1863 ego
1544 1788 1751 1845 faciam
1788 1826 1835 1893 Β
1863 1789 2018 1846 884
2059 1789 2360 1862 apostolus
2406 1789 2610 1845 Petrus
2652 1789 2885 1863 lapsum
2936 1807 3109 1846 suum
3143 1790 3515 1847 confessione

136 1879 231 1935 hoc
256 1879 490 1936 verbum
524 1895 723 1935 coram
781 1878 941 1935 omni
992 1877 1191 1947 Israel,
1241 1882 1300 1934 et
1342 1877 1405 1934 in
1442 1884 1753 1951 conspectu
1788 1877 1832 1893 υ
1863 1878 2163 1935 cbaritatis
2194 1878 2462 1948 abolevit,
2526 1883 2576 1933 et
2617 1878 2708 1934 ille
2768 1879 3156 1952 interrogatus
3205 1898 3239 1937 a
3271 1879 3514 1936 Domino

137 1968 279 2024 solis.
303 1967 480 2040 hujus
513 1969 588 2039 (II
628 1969 753 2038 Reg.
807 1984 907 2036 xu,
938 1967 1048 2039 12).
1085 1989 1112 2017 ››
1162 1967 1234 2023 Et
1282 1966 1471 2041 primo
1516 1968 1753 2040 quidem
1863 1967 2091 2024 dicente
2123 1968 2173 2023 ei
2204 1968 2409 2023 tertio:
2446 1989 2473 2017 «
2506 1969 2704 2023 Simon
2735 1967 3003 2037 Joannis,
3025 1985 3190 2025 amas
3213 1984 3306 2026 me
3335 1969 3510 2042 (Joan.

138 2057 376 2114 nesciens
405 2060 865 2127 sacramentum,
894 2061 1223 2114 commotus
1254 2061 1343 2114 est
1388 2056 1566 2113 David
1606 2056 1756 2112 indi-
1867 2074 1983 2126 χχι,
2019 2058 2124 2130 16),
2161 2062 2223 2112 ut
2252 2074 2425 2129 quem
2453 2058 2619 2113 tertio
2649 2062 2976 2130 negaverat,
3011 2058 3181 2114 tertio
3214 2060 3509 2128 fateretur,

137 2146 408 2220 gnatione,
437 2146 543 2202 sed
577 2163 691 2202 non
723 2149 938 2203 erravit
967 2145 1196 2202 all‘ectu.
1232 2144 1438 2203 Postea
1486 2162 1619 2202 vero
1659 2146 1756 2201 ubi
1868 2150 2041 2219 atque
2068 2146 2149 2202 ita
2170 2147 2323 2201 trino
2352 2147 2602 2218 quodam
2631 2145 2958 2202 dilectionis
2977 2145 3262 2203 velamine
3280 2147 3512 2220 lapsum

137 2237 381 2308 cognovit
408 2235 759 2309 mysterium
790 2251 1096 2308 magnum,
1146 2251 1427 2307 magnum
1476 2235 1634 2291 enim
1665 2252 1756 2292 sa-
1870 2236 2032 2290 trina:
2064 2234 2389 2309 negationis
2419 2236 2834 2291 absconderet:
2862 2235 2907 2290 si
2932 2235 3070 2308 quia
3099 2235 3279 2292 semel
3309 2236 3516 2293 Petrus

137 2327 480 2381 cramentum
504 2323 718 2381 Christi
740 2329 796 2380 et
815 2322 1108 2393 Ecclesiae,
1127 2323 1332 2380 videns
1353 2323 1757 2381 remissionem
1872 2323 2045 2392 flevit,
2078 2324 2305 2379 veniam
2340 2324 2675 2395 reportavit,
2710 2328 2930 2396 quanto
2963 2324 3151 2398 magis
3180 2324 3383 2392 David,
3414 2324 3515 2397 qui

136 2412 372 2470 futuram
402 2411 673 2469 omnium
706 2416 1096 2486 peccatorum,
1121 2411 1443 2485 praevidens
1474 2411 1761 2485 fulgorem
1870 2412 2101 2469 lavabat
2129 2430 2232 2485 per
2261 2411 2528 2485 singulas
2559 2416 2757 2468 noctes
2780 2412 2995 2469 lectum
3021 2430 3222 2482 suum,
3251 2416 3309 2470 et
3336 2413 3519 2485 lacry-

135 2502 313 2574 gratiae
344 2518 445 2574 per
470 2499 771 2557 lavacrum
819 2499 1294 2575 regenerationis,
1315 2504 1373 2557 et
1408 2500 1761 2558 infusionem
1872 2501 1985 2557 mis
2016 2506 2267 2558 stratum
2300 2517 2477 2557 suum
2509 2501 2737 2574 rigabat
2760 2502 2873 2570 ;cui
2904 2507 3069 2558 erant
3100 2501 3367 2576 lacrymaa
3396 2520 3516 2559 suae

137 2589 369 2662 Spiritus
398 2590 613 2655 sancti,
645 2590 726 2645 ait
756 2605 1000 2647 securus
1046 2589 1264 2647 veniae:
1299 2612 1328 2640 «
1380 2589 1614 2648 Peccavi
1651 2591 1762 2647 Do-
1873 2589 2042 2662 panis
2073 2588 2165 2644 die
2195 2605 2260 2643 ac
2309 2593 2492 2655 nocte,
2540 2589 2639 2660 qui
2689 2587 2941 2645 cinerem
2989 2594 3273 2662 tanquam
3305 2607 3514 2665 panem

144 2679 284 2736 mino
338 2679 493 2751 (Ibid.
561 2678 650 2751 43)
678 2698 690 2746 ;
723 2702 752 2731 ››
812 2683 877 2735 ut
923 2682 981 2735 et
1025 2677 1150 2751 ipse
1197 2679 1255 2734 in
1302 2695 1506 2736 eorum
1545 2679 1768 2737 veniret
1874 2677 2287 2744 manducabat,
2320 2680 2377 2732 et
2407 2680 2609 2749 potum
2641 2693 2815 2732 suum
2848 2693 2981 2732 cum
3015 2677 3151 2733 fletu
3185 2678 3518 2735 miscebat?

140 2768 502 2837 consortium,
566 2767 781 2841 quibus
838 2766 1021 2840 culpae
1083 2767 1354 2827 remissio
1412 2770 1762 2841 proveniret.
1875 2765 2098 2821 Etenim
2131 2764 2179 2820 si
2209 2764 2454 2837 ejusqui
2477 2765 3179 2838 conversusingemuerit,
3204 2766 3519 2825 miseretur

140 2856 385 2913 Advertis
416 2856 916 2929 quemadmodum
965 2861 1270 2929 peccatum
1321 2858 1620 2931 pr0prium
1662 2860 1768 2917 de-
1872 2854 2047 2910 Jesus
2078 2854 2124 2909 si
2153 2872 2166 2923 ;
2201 2858 2437 2909 Petrum
2469 2854 2696 2927 aspexit
2721 2859 2776 2910 et
2808 2854 2903 2910 ille
2925 2855 3083 2911 ﬂevit
3103 2874 3120 2910 :
3140 2861 3358 2929 quanto
3392 2874 3519 2915 ma-

143 2943 433 3015 ploraverit
452 2948 479 3001 7
506 2944 652 3010 Quis
682 2943 863 3018 igitur
893 2944 1139 3001 miretur
1167 2944 1218 3002 ei
1249 2962 1378 3003 esse
1407 2945 1720 3006 dimissum
1741 2950 1769 3004 ?
1876 2943 1966 3016 gis
1991 2943 2090 3016 qui
2123 2942 2224 2997 diu
2254 2942 2429 3012 flevit,
2456 2960 2490 2998 a
2509 2946 2820 3016 conspectu
2845 2942 3078 3000 Domini
3104 2962 3221 3001 non
3245 2947 3522 3005 recessit?

766 3050 998 3108 CAPUT
1035 3051 1129 3108 v1.
1878 3032 2121 3105 Negavit
2148 3031 2371 3100 Petrus,
2404 3037 2461 3087 et
2491 3049 2607 3087 non
2636 3032 2810 3097 ﬂevit,
2859 3033 2998 3105 quia
3045 3051 3160 3090 non
3195 3042 3521 3109 respexerat

142 3162 299 3213 Bonos
324 3163 377 3215 et
402 3159 581 3216 malos
609 3157 708 3214 hoc
733 3159 885 3213 inter
911 3173 969 3214 κ
1015 3157 1238 3230 diﬁc,”
1335 3160 1444 3216 “ad
1488 3161 1615 3218 mo:
1680 3178 1765 3219 ϐο-
1879 3121 2072 3189 Jesus,
2105 3121 2337 3194 negavit
2366 3121 2647 3188 secundo,
2677 3124 2733 3177 et
2764 3138 2877 3178 non
2899 3122 3074 3191 ﬂevit,
3100 3124 3238 3197 quia
3260 3144 3372 3183 non
3405 3144 3521 3185 res-

204 3237 311 3259 “...
344 3233 644 3259 .-,...,...ι....
701 3228 791 3259 ιη...
818 3229 1130 3259 “mna...”
1156 3247 1169 3259 .
1206 3199 1257 3259 ,ἶ
1292 3176 1487 3259 1.3....
1518 3178 1766 3259 “-31.-.-
1796 3192 1839 3259 C
1877 3215 2109 3259 uexerat
2138 3210 2424 3259 Dominus
2455 3227 2468 3259 ε
2496 3210 2721 3259 necavit
2739 3210 2930 3259 tertio-
2957 3213 3209 3259 resnexit
3235 3215 3408 3259 Jama
3461 3223 3518 3259 at

201 3210 665 3304 adficiar}qu
682 3210 1136 3304 adﬁrmasti
1149 3210 1257 3299 {gi
1796 3210 1839 3259 υ
1877 3215 2109 3304 pexerat
2126 3210 2424 3304 Dominus
2496 3210 2721 3304 negavit
2739 3210 2931 3304 tertio,
2957 3213 3209 3304 respexit
3235 3215 3429 3304 Jesus,
3461 3223 3519 3274 et

202 3298 671 3374 Davidpeccatum
699 3298 861 3355 suum
891 3302 1106 3357 texerit.
1159 3298 1163 3299 ί
1296 3298 1312 3303 ’
1540 3298 1556 3304 ⁷
1877 3299 2075 3355 statim
2118 3299 2295 3365 flevit,
2345 3303 2400 3353 et
2447 3298 2603 3354 flevit
2653 3300 2956 3356 amarisse.
3013 3301 3144 3357 Ideo
3194 3303 3367 3360 David
3416 3308 3518 3378 qui

201 3390 284 3444 24.
315 3389 480 3445 Nunc
512 3388 955 3446 consideremus
982 3406 1157 3463 Opera
1186 3391 1314 3462 ejus
1335 3391 1551 3464 quibus
1583 3395 1771 3466 potuit
1877 3404 2109 3460 semper
2139 3387 2334 3461 ﬂebat,
2365 3388 2632 3443 dicabat:
2668 3410 2696 3437 α
2728 3386 2891 3443 Oculi
2921 3388 3034 3444 mei
3059 3406 3289 3463 semper
3310 3393 3383 3449 ad
3419 3395 3518 3450 Do-

140 3481 319 3549 tegere
348 3481 681 3551 peccatum.
713 3477 941 3534 Etenim
972 3478 1112 3551 quia
1141 3496 1257 3535 non
1278 3484 1471 3553 potest
1494 3481 1619 3538 sine
1642 3500 1771 3556 pec-
1877 3477 2105 3533 mitium
2136 3477 2307 3548 (Psal-
2340 3491 2486 3544 XXIV,
2524 3477 2632 3548 15)-
2666 3498 2695 3526 >)
2728 3476 2835 3541 Olli
2873 3494 3108 3551 semper
3152 3479 3456 3538 Videbatur
3485 3500 3520 3539 a

140 3570 259 3621 cato
286 3583 412 3623 esse
458 3567 722 3623 humana
773 3567 1078 3640 fragilitas,
1126 3569 1449 3625 cavendum
1496 3587 1569 3627 ne
1600 3571 1770 3644 plura
1876 3566 2127 3634 Christo,
2154 3565 2419 3621 dicebat:
2456 3589 2482 3614 ‹‹
2515 3565 2624 3621 Per
2647 3566 2838 3622 exitus
2867 3583 3155 3639 aquarum
3203 3563 3524 3630 descende;

138 3659 357 3725 peccata
384 3656 529 3726 sint,
563 3672 739 3728 quam
779 3672 955 3728 Opera
1001 3655 1304 3714 virtutum.
1354 3658 1518 3723 Quod
1556 3677 1771 3735 magna
1878 3658 2015 3710 runt
2043 3653 2195 3710 0001i
2230 3652 2342 3708 mei
2366 3654 2520 3726 (Ρεαὶ
2542 3670 2776 3722 CXXVIII,
2808 3654 2955 3727 “36)-
2991 3678 3020 3706 η

138 3744 185 3797 vi
214 3746 510 3818 sapientia
542 3762 661 3803 sua
693 3749 934 3802 sanctus
961 3745 1179 3803 Paulus
1209 3747 1498 3820 expressit
1534 3749 1764 3809 dicens:
1949 3744 2037 3799 26-
2065 3743 2174 3799 Sed
2200 3743 2328 3814 jam
2359 3742 2535 3799 etiam
2569 3743 2718 3799 facta
2738 3745 2868 3815 ejus
2889 3747 3350 3804 CODSideremUS-
3376 3750 3520 3815 Ουίε

142 3855 161 3882 ι
194 3832 590 3898 Quorumdam
640 3834 948 3891 hominum
997 3839 1233 3908 peccata
1285 3836 1599 3895 manifesta
1631 3846 1773 3898 sunt
1877 3849 1991 3889 non
2010 3836 2308 3888 tantarum
2330 3831 2502 3888 laude
2520 3832 2803 3889 virtutum
2828 3833 3005 3890 unius
3025 3835 3290 3893 criminis
3309 3838 3518 3899 obum-

140 3924 513 3993 praecedentia
545 3923 619 3980 ad
641 3922 957 3996 judicium,
989 3923 1276 3996 quosdam
1306 3930 1500 3983 autem
1530 3931 1589 3983 et
1628 3930 1768 3985 sub-
1877 3922 2073 3977 braret
2101 3920 2381 3976 invidiam
2407 3921 2435 3976 ?
2480 3920 2683 3978 Divino
2730 3921 2951 3978 electus
2997 3924 3284 3987 examine.
3316 3927 3517 3985 statim

138 4016 454 4084 sequuntur
482 4015 534 4083 (Ι
567 4013 698 4068 Tim.
730 4030 788 4082 v,
816 4013 929 4085 24),
961 4035 989 4063 ››
1018 4012 1128 4069 hoc
1176 4018 1284 4083 est,
1331 4031 1445 4071 non
1475 4015 1665 4073 inveni

1989 4009 2143 4064 bavit
2171 4009 2481 4081 indignum
2514 4025 2578 4065 se
2606 4014 2767 4066 tanto
2799 4028 2911 4065 non
2944 4013 3340 4083 essejudicio.
3374 4020 3516 4073 Pro-

138 4100 441 4174 quisquam
471 4100 740 4158 illibatus
769 4118 803 4156 a
829 4100 1038 4175 culpa;
1070 4100 1249 4158 habet
1285 4102 1419 4174 quis
1465 4105 1617 4162 bona
1646 4123 1768 4162 me-
1876 4098 2055 4154 cessit
2084 4097 2142 4152 in
2174 4097 2463 4169 praelium,
2512 4105 2568 4152 et
2608 4099 3037 4169 trepidantibus
3078 4102 3320 4169 caeteris,
3355 4104 3518 4162 solus

137 4187 257 4257 rita,
290 4190 467 4247 habet
511 4193 573 4246 et
612 4189 753 4246 vitia
811 4193 985 4262 atque
1033 4194 1289 4263 peccata.
1337 4190 1546 4249 Omnia
1575 4193 1769 4264 itaque
1877 4184 2236 4259 allophylum
2270 4185 2493 4241 Goliam
2524 4187 2831 4242 verborum
2856 4188 3162 4259 jactantia,
3182 4195 3239 4245 et
3270 4191 3517 4251 immani

136 4283 323 4335 nostra
351 4278 527 4353 quasi
559 4278 621 4334 in
649 4277 871 4334 trutina
892 4278 1329 4350 ponderantur:
1364 4279 1410 4336 si
1451 4279 1622 4337 bonis
1650 4281 1765 4356 igi-
1875 4275 2135 4347 corporis
2166 4274 2317 4331 mole
2336 4273 2678 4345 terribilem,
2701 4281 3083 4333 concurrente
3104 4278 3282 4335 simul
3307 4281 3421 4338 fide
3451 4300 3518 4340 ac

136 4367 223 4420 tur
274 4366 445 4424 factis
476 4371 715 4441 peccata
778 4366 1248 4440 prmponderant,
1304 4369 1641 4439 precedunt
1694 4371 1768 4427 ad
1875 4365 2111 4433 virtute,
2135 4364 2469 4436 prostravit.
2496 4362 2681 4419 Unius
2702 4364 2979 4420 fortitudo
3003 4364 3156 4423 facta
3174 4373 3264 4423 est
3290 4371 3517 4427 univer-

129 4453 407 4522 judicium
432 4474 447 4525 ;
480 4459 732 4529 vergunt
760 4455 918 4512 enim
948 4459 1182 4527 peccata
1213 4456 1381 4528 quasi
1429 4457 1488 4513 in
1527 4458 1768 4530 profun-
1878 4469 2078 4509 eorum
2104 4452 2366 4508 Victoria.
2398 4450 2765 4521 Conferatur,
2797 4453 2847 4509 si
2871 4452 3079 4525 placet,
3104 4456 3398 4528 privatum
3416 4460 3520 4515 cri-

138 4540 289 4611 dum,
314 4548 568 4618 vergunt
594 4560 722 4617 quae
752 4544 1068 4600 manifesta
1093 4548 1234 4600 sunt
1262 4544 1347 4601 vel
1398 4546 1652 4619 pondere
1682 4553 1767 4606 at-
1800 4558 1848 4624 Ι)
1880 4557 2036 4608 men,
2067 4545 2125 4598 et
2151 4540 2489 4614 triumphus
2520 4542 2784 4598 omnium
2810 4560 2823 4599 :
2857 4559 3016 4601 mors
3045 4545 3224 4602 unius
3252 4551 3309 4603 et
3336 4553 3523 4606 tanto-

134 4645 237 4699 que
265 4633 585 4689 acerbitate
610 4631 699 4689 vel
729 4631 1126 4689 multitudine.
1165 4653 1192 4687 ιι
1221 4633 1515 4697 Quosdam
1551 4642 1770 4710 autem,
1883 4647 2013 4686 rum
2045 4647 2193 4703 quos
2222 4630 2489 4687 liberavit
2516 4648 2549 4686 a
2581 4635 2785 4701 morte,
2815 4633 2932 4689 vita
2963 4634 3333 4708 populorum.

135 4716 337 4790 inquit,
371 4727 429 4778 et
457 4721 885 4793 subsequatur,
918 4743 946 4771 »
976 4721 1088 4778 hoc
1110 4725 1219 4789 est,
1251 4738 1352 4779 eos
1398 4723 1499 4795 qui
1546 4742 1609 4782 se
1639 4741 1769 4800 ege-
1950 4722 2040 4776 27.
2077 4720 2396 4777 Veniamus
2426 4720 2496 4775 ad
2528 4721 2661 4777 alia.
2690 4723 2942 4779 Insidias
2966 4724 3519 4801 patiebaturarege,

137 4804 245 4862 rint
273 4808 490 4875 sobrie,
525 4809 625 4865 sed
658 4808 971 4882 fragilitate
999 4809 1351 4867 conditionis
1371 4812 1638 4870 dederint
1666 4815 1771 4870 ali-
1879 4809 2057 4864 vitam
2086 4809 2215 4879 ejus
2247 4809 2544 4881 quaerebat
2589 4811 2946 4885 extinguere,
2996 4815 3091 4869 sed
3139 4814 3523 4886 dispositione

136 4896 359 4963 quando
390 4896 572 4953 etiam
604 4898 785 4954 errori
816 4896 1033 4967 locum,
1062 4898 1214 4955 bona
1243 4899 1398 4955 facta
1416 4903 1768 4972 pracedunt,
1882 4897 2075 4952 divina
2105 4896 2163 4951 in
2195 4898 2323 4967 ejus
2354 4913 2451 4952 rex
2480 4902 2831 4970 potestatem
2877 4899 3151 4967 traditus,
3197 4915 3330 4955 cum
3360 4903 3521 4956 totus

137 4980 282 5040 mala
310 4989 661 5057 sequuntur.
698 4986 769 5042 Hi
800 4985 1182 5053 honestiores,
1213 4987 1316 5044 sed
1344 4993 1543 5045 tamen
1582 4989 1770 5046 homi-
1881 4990 2106 5057 pateret
2125 4985 2196 5040 ad
2219 4984 2452 5052 vulnus,
2478 4986 2735 5041 ferituris
2762 4987 2935 5042 sociis
2960 4987 3138 5042 David
3160 4992 3401 5043 sanctus
3430 5004 3519 5044 oc-

137 5071 412 5146 neslapsi
443 5073 762 5132 levioribus
807 5074 968 5131 vitiis
1015 5081 1072 5131 et
1121 5076 1355 5133 erratis.
1406 5077 1553 5151 Ergo
1577 5080 1771 5150 justos
1882 5073 2063 5128 currit
2092 5074 2225 5144 (13),
2252 5079 2309 5128 et
2337 5090 2370 5128 a
2398 5090 2639 5146 corpore
2668 5074 2908 5144 perituri
2933 5072 3147 5130 vulnus
3190 5073 3404 5131 lethale
3432 5092 3520 5131 re-

137 5165 463 5232 sequuntur
491 5167 746 5235 peccata,
778 5180 893 5219 non
922 5169 1217 5237 prseunt;
1267 5165 1520 5237 injustos
1558 5182 1772 5239 praece-
1880 5161 2054 5215 torsit
2073 5160 2273 5216 dicens
2294 5161 2507 5216 :Nolite
2522 5159 3061 5233 tangereChristum
3083 5161 3375 5237 Domini(l
3384 5166 3509 5235 Reg.

138 5244 296 5304 dunt.
332 5248 783 5323 Prmponderant
810 5256 1046 5324 peccata
1065 5269 1193 5325 qua
1216 5258 1498 5328 vergunt;
1521 5271 1775 5328 sequun-
1879 5265 2031 5305 xxxv.
2062 5248 2140 5320 7).
2174 5248 2323 5313 Quin
2352 5247 2529 5304 etiam
2560 5248 2783 5303 inimici
2827 5248 2986 5305 illius
3033 5249 3195 5308 ultus
3241 5256 3330 5308 est
3360 5269 3514 5310 mor-

141 5337 228 5390 ῑυι*
254 5340 453 5394 autem
485 5339 534 5395 εἰ
564 5356 691 5413 qua
722 5344 878 5398 recte
907 5340 1060 5398 facta
1088 5346 1248 5406 sunt.
1299 5343 1469 5416 quasi
1513 5345 1771 5417 quodam
1879 5342 2021 5406 tem,
2041 5336 2311 5393 ﬂebiliter
2330 5337 2475 5393 satis
2495 5335 2816 5410 deploravit
2838 5337 3163 5407 interitum,
3182 5345 3239 5398 et
3259 5342 3521 5398 debitum

136 5425 470 5497 prejudicio
525 5433 897 5501 peccatorum
947 5431 1335 5503 precantium
1389 5438 1769 5507 pmgravata.
1882 5425 2434 5499 sibiimperiumdiu
2455 5424 2876 5499 distulit,quod
2893 5428 3114 5486 sciebat
3153 5429 3266 5488 Deo
3288 5435 3523 5488 auctore

204 5557 337 5641 (t3).
371 5559 460 5617 Ita
489 5561 625 5641 edit.
657 5561 790 5622 Gill.
824 5579 890 5641 a_c
920 5563 1088 5641 Rom.
1115 5580 1251 5641 cum
1300 5563 1486 5622 multo
1516 5565 1774 5623 maxima
1880 5562 2055 5641 sociis
2082 5561 2268 5641 David
2279 5565 2535 5641 sanetae
2557 5563 2829 5641 occurrit.
2864 5584 2893 5612 »
2924 5562 3063 5641 Mss.
3097 5564 3344 5641 aliquot,
3380 5589 3401 5617 ι
3438 5580 3527 5625 se-

141 5632 299 5701 parte
319 5646 467 5692 mss.
500 5632 647 5693 Edit.
676 5649 811 5695 vero
840 5636 969 5695 Am.
1003 5639 1177 5715 atque
1204 5636 1358 5711 Era,
1403 5640 1709 5714 separatus
1739 5655 1774 5699 a
1880 5640 2122 5715 paratus
2153 5633 2327 5695 sociis
2356 5633 2539 5695 David
2571 5637 2772 5693 sancto
2795 5635 3066 5694 occurrit.
3106 5656 3130 5688 ι
