3866 6212
336 329 453 392 903

1792 324 1859 386 S.
1908 324 2279 386 AMBROQH

3614 320 3729 394 θυι

336 462 554 517 deberi.
580 462 703 527 Quo
733 461 855 516 scio
873 459 1069 515 docuit
1083 474 1284 514 omnes
1304 457 1571 513 homines
1593 457 1663 511 ad
1696 473 1807 512 non
1836 474 1979 530 praa-
2012 459 2063 523 Α
2096 463 2208 511 tem
2222 475 2379 529 pora,
2402 458 2787 512 tentationum
2807 458 3144 524 certamina,
3166 462 3221 514 et
3237 462 3513 516 examina
3532 465 3714 535 proha-

338 551 670 623 ripiendum
702 566 969 623 regnum,
1001 547 1225 604 etiamsi
1249 546 1571 601 debeatur:
1605 546 1704 600 sed
1739 562 1980 617 exspec-

336 640 580 695 tandum
613 644 677 693 ut
706 656 810 694 suo
843 644 1103 709 tempore
1134 637 1447 691 deferatur.
1477 634 1708 689 Utinam
1730 634 1887 689 hunc
1908 633 1985 688 vi-

337 746 467 784 rum
489 726 699 784 imitati
721 731 918 783 essent
938 723 1177 797 posteri,
1199 740 1315 778 non
1340 728 1534 778 tantas
1558 714 1842 778 bellorum
1860 740 1982 795 per-

334 812 676 872 tulissemus
690 814 1034 871 acerbitates
1058 812 1289 885 lArguis
1305 808 1463 884 (μιὸᾶ
1482 802 1663 866 unum
1685 811 1979 878 occiderit,

334 921 453 959 non
474 904 817 959 consideras
848 901 1003 975 quod
1035 896 1297 955 docuerit
1326 890 1824 971 quemadmodum
1870 894 1980 972 pax

332 991 722 1063 orhiRdmano
734 974 1015 1063 perpetua
1037 1003 1200 1044 serva
1210 982 1388 1053 retur.
1407 988 1589 1051 Quam
1606 988 1764 1059 gravi
1788 986 1978 1043 adhuc

332 1008 722 1063 ornmomano
777 1008 1015 1061 erpetua
1037 1008 1388 1053 servaretur.
1407 1008 1589 1051 uuam
1606 1008 1764 1059 gravi
1788 1008 1978 1043 aunuc

331 1008 861 1141 luim‘us'vd'slitiz‘ite,
887 1064 1065 1151 quam
1089 1070 1321 1149 publico
1342 1077 1594 1149 quodam
1619 1077 1797 1131 totius
1820 1077 1979 1131 orbis

332 1164 532 1226 t’u'ne're
563 1150 799 1244 appetiti
835 1166 1033 1221 necem
1063 1165 1215 1236 regis
1246 1165 1600 1220 exsolvimus
1653 1165 1764 1236 (14)
1788 1166 1817 1219 ?
1855 1164 1974 1221 Heu

330 1262 459 1315 dira
489 1250 816 1333 supplicia!
858 1255 994 1311 [nde
1025 1255 1218 1310 adhuc
1251 1255 1417 1309 abhis
1460 1254 1744 1308 barbarus
1786 1253 1978 1309 hostia

332 1347 597 1415 insultat,
632 1345 771 1400 dum
805 1348 1008 1415 parata
1036 1344 1345 1398 adversum
1370 1358 1431 1397 se
1451 1342 1505 1397 in
1529 1359 1637 1397 nos
1658 1358 1825 1397 arma
1854 1358 1977 1398 ver-

332 1440 557 1493 tuntur.
594 1418 687 1490 Sic
718 1435 867 1488 vires
898 1432 1231 1486 reciderunt
1278 1430 1545 1503 publieae,
1599 1431 1681 1485 sic
1712 1432 1975 1487 Romana

327 1527 509 1581 virtu‘s
540 1509 665 1581 suis
696 1516 951 1578 molibus
985 1523 1163 1576 fracta
1195 1521 1526 1582 consenuit,
1559 1521 1698 1574 dum
1736 1520 1972 1592 publico

326 1613 553 1688 rapitur
579 1600 911 1687 parricidio,
943 1610 1095 1680 quod
1118 1615 1371 1681 pateram
1396 1607 1811 1663 sollicitudinis
1845 1609 1973 1663 reli-

324 1706 496 1777 gione
525 1701 862 1773 suscipitur.
897 1700 1076 1771 quue
1106 1716 1172 1753 eo
1207 1714 1394 1769 usque
1424 1698 1710 1769 praecavit,
1747 1703 1809 1750 ut
1834 1714 1969 1751 cum

324 1784 608 1849 Adoniam
634 1789 814 1845 lilium
847 1805 1091 1859 regnum
1116 1788 1226 1843 sibi
1252 1803 1534 1857 usurpare
1565 1787 1965 1857 comperisset,

324 1887 379 1937 et
410 1886 600 1937 serere
620 1884 960 1939 conventus,
986 1893 1097 1930 non
1122 1893 1253 1930 eum
1288 1876 1386 1946 qui
1416 1875 1723 1945 praeripere
1753 1874 1962 1945 gestie-

325 1973 443 2036 bat,
479 1964 578 2024 sed
611 1983 743 2024 eum
777 1967 877 2038 qui
906 1970 1283 2037 exspectaret,
1316 1965 1569 2035 eligeret.

394 2094 544 2152 085
579 2096 664 2148 ‘28.
697 2091 957 2147 Saltahat
986 2094 1119 2146 ante
1167 2105 1362 2143 arcam
1413 2088 1643 2142 Domini
1684 2086 1961 2159 potentis-

322 2168 517 2253 simus
577 2198 805 2253 regum,
836 2184 889 2233 et
922 2194 1053 2232 cum
1083 2195 1117 2232 a
1159 2176 1392 2248 propria
1444 2175 1964 2247 reprehenderetur

322 2288 521 2337 uxore,
544 2270 696 2342 quod
718 2264 1049 2323 denudatus
1070 2270 1367 2319 essetantc
1392 2265 1593 2318 faciem
1612 2262 1961 2335 puellarum,

322 2359 660 2433 respondit:
696 2382 721 2407 ‹‹
757 2358 960 2411 Coram
993 2354 1239 2410 Domino
1265 2354 1530 2408 nudubor
1555 2352 1765 2419 adhuc,
1790 2356 1845 2406 et
1866 2368 1963 2407 ero

318 2436 514 2521 nugax
528 2451 661 2504 ante
678 2445 877 2501 oculos
901 2449 1055 2511 tuos,
1080 2446 1144 2498 ut
1166 2442 1603 2508 honoriﬁcetur,
1625 2441 1841 2513 inquit,
1857 2441 1965 2496 Do-

323 2539 540 2606 minus,
576 2526 675 2609 qui
709 2552 801 2590 me
833 2550 934 2606 pro
966 2538 1129 2606 patre
1153 2538 1253 2587 tuo
1282 2531 1488 2587 ascivit
1517 2531 1571 2585 in
1606 2547 1851 2602 regnum
1895 2522 1966 2599 (II

320 2630 445 2699 Reg.
476 2644 556 2694 vI,
585 2628 675 2692 21,
697 2629 787 2690 2‘2)
812 2647 839 2674 ››
865 2624 1078 2678 docens
1098 2621 1424 2677 contuitum
1458 2618 1670 2691 regalis
1695 2621 1961 2691 potentia:

320 2736 435 2773 non
469 2715 825 2780 habendum,
848 2713 942 2767 ubi
969 2711 1233 2783 religioni
1259 2710 1565 2765 exhibetur
1589 2707 1959 2779 obsequium.

319 2808 638 2861 Honestum
671 2808 759 2858 est
789 2802 945 2856 enim
978 2802 1089 2869 (l5)
1122 2816 1226 2872 pro
1258 2798 1534 2870 religione
1557 2798 1741 2852 facere
1763 2797 1869 2851 etsi
1903 2798 1958 2852 id

320 2895 709 2965 incongruum
740 2888 1012 2962 potestati
1046 2888 1141 2942 sit.

388 3009 481 3064 29.
515 3008 723 3080 Specta
751 3003 906 3060 aliud
943 3002 1339 3059 memorabile.
1372 3001 1666 3058 Parricida
1695 3002 1852 3058 ﬁlius
1872 3019 1960 3058 re-

318 3114 502 3172 gnum
534 3093 788 3170 patrium
818 3093 1101 3148 violenter
1141 3092 1453 3159 invaserat,
1502 3092 1743 3147 cedebat
1770 3091 1958 3163 primo

318 3192 487 3260 pater
506 3186 635 3258 ejus
662 3183 866 3249 furori,
898 3188 955 3238 et
983 3180 1175 3237 locum
1201 3181 1379 3253 praelii
1399 3180 1762 3248 declinabat;
1788 3185 1852 3235 ut
1870 3179 1958 3236 vel
1990 3189 2032 3255 (ι

318 3277 402 3333 sic
431 3274 653 3347 impius
682 3290 716 3328 a
736 3273 930 3328 furore
951 3269 1335 3341 resipiscerct.
1361 3268 1516 3324 Bello
1533 3286 1765 3341 quoque
1787 3270 1957 3325 inter-

316 3380 445 3422 esse
471 3363 679 3428 noluit,
714 3362 936 3433 rogavit
964 3360 1035 3415 ad
1070 3358 1331 3431 praelium
1356 3359 1715 3430 profecturos
1740 3364 1804 3413 ut
1834 3374 1959 3417 Dar-

316 3455 512 3508 cerent
539 3449 679 3505 ﬁlio.
714 3450 965 3504 Securus
997 3450 1123 3502 erat
1150 3446 1221 3502 de
1245 3444 1609 3516 victoria,qui
1628 3445 1870 3517 rogabat
1896 3450 1959 3500 ut

318 3542 657 3612 parcerent:
693 3553 795 3591 nec
829 3536 1060 3606 pietatis
1091 3533 1340 3599 alienus,
1382 3533 1485 3605 qui
1533 3533 1721 3604 perire
1750 3533 1957 3589 debere

319 3627 493 3682 etiam
524 3626 772 3696 impium
802 3623 990 3679 ﬁlium
1021 3641 1135 3679 non
1160 3623 1421 3694 putabat.
1444 3621 1641 3688 Flevit,
1665 3625 1723 3677 et
1742 3637 1955 3694 magno

319 3716 479 3771 luctu
511 3712 831 3785 deploravit
859 3713 1076 3767 exitum
1112 3710 1409 3783 parricida:
1440 3710 1640 3766 dicens
1666 3728 1679 3764 :
1715 3734 1741 3760 ‹‹
1775 3709 1955 3766 Filius

320 3820 487 3861 meus
516 3800 860 3865 Abessalon,
892 3800 1026 3872 quis
1046 3800 1209 3855 dabit
1238 3798 1385 3854 mihi
1416 3802 1662 3854 mortem
1687 3815 1790 3870 pro
1838 3803 1895 3855 te
1926 3822 1955 3849 ››

319 3893 477 3948 illius
492 3907 660 3947 meus
674 3887 992 3946 Abessalon
1015 3889 1087 3959 (II
1107 3889 1228 3956 Reg.
1255 3902 1415 3954 xvm,
1439 3888 1528 3955 33)
1551 3887 1613 3942 ?n
1651 3886 1958 3944 Vindican-

314 3984 457 4037 dum
492 3980 736 4052 putabat
764 3994 898 4034 cum
923 3976 1021 4049 qui
1041 3992 1145 4048 pro
1166 3981 1419 4048 paternae
1443 3976 1696 4031 vindicta
1719 3975 1953 4048 pictatis

314 4069 626 4127 occiderat.

382 4184 470 4240 30.
504 4185 686 4251 Quam
721 4198 853 4237 vero
888 4179 1110 4252 injuriae
1145 4180 1370 4251 patiens
1403 4183 1460 4234 et
1487 4176 1741 4235 doloris!
1776 4180 1951 4236 Cede-

313 4276 436 4341 hat,
468 4280 529 4327 ut
586 4270 727 4335 dixi,
778 4269 880 4324 tilii
934 4268 1026 4324 sui
1078 4266 1397 4324 Abessalon
1449 4268 1652 4329 furori,
1702 4268 1952 4324 vallatus

311 4363 513 4417 dextra
543 4357 801 4431 ltevaque
831 4356 1039 4413 validis
1069 4354 1469 4411 bellatoribus.
1493 4354 1872 4411 Maledicehat
1900 4356 1950 4410 ei

312 4450 399 4503 vir
428 4448 515 4503 cui
550 4463 760 4502 nomen
781 4445 989 4510 Semei,
1013 4448 1318 4500 cruentum
1342 4442 1665 4514 appellans,
1689 4447 1745 4499 et
1760 4444 1950 4498 virum

312 4535 938 4608 sanguinis,dignoqne
952 4531 1408 4603 judicioDomini
1424 4532 1715 4602 dejectum
1732 4548 1859 4587 esse
1879 4532 1950 4586 de

313 4640 491 4697 regno
516 4641 529 4679 :
563 4622 663 4678 sed
688 4639 754 4677 ne
772 4621 987 4676 talibus
1012 4622 1247 4692 quidem
1276 4622 1614 4675 movebatur
1633 4620 1942 4687 conviciis;

312 4714 695 4769 movebantur
724 4718 919 4765 autem
946 4712 1187 4765 comites
1216 4710 1363 4780 ejus.
1386 4709 1647 4781 Denique
1699 4725 1853 4764 unus
1881 4726 1951 4764 ex

310 4800 485 4859 sociis
515 4801 757 4874 (AbesSa
786 4814 999 4854 nomen
1029 4797 1172 4869 viro)
1207 4796 1511 4853 minitatus
1542 4802 1630 4852 est
1675 4798 1828 4869 quod
1858 4796 1949 4853 in-

302 4892 472 4963 jurias
529 4888 781 4962 pretium
842 4891 1018 4959 caput
1074 4888 1364 4942 auferret:
1420 4887 1520 4941 sed
1584 4902 1681 4941 rex
1720 4902 1952 4941 conver-

308 4999 411 5038 sus
444 4979 514 5034 ad
541 4978 796 5033 Abessa:
832 4999 859 5025 ‹‹
894 4976 1039 5041 Quid
1060 4974 1225 5044 mihi,
1250 4974 1351 5040 ait,
1375 4977 1431 5030 et
1450 4975 1553 5028 tibi
1573 4976 1681 5039 est,
1706 4975 1786 5028 ﬁli
1816 4974 1949 5031 Sar-

305 5067 457 5124 vize?
486 5067 619 5122 Ideo
650 5063 948 5120 maledicit
977 5062 1140 5134 mihi,
1175 5062 1450 5135 quoniam
1482 5060 1764 5117 Dominus
1803 5063 1951 5118 dixit

305 5156 409 5223 illi,
444 5160 509 5211 ut
539 5153 848 5211 maledicat
869 5154 939 5222 (ΙΙ
965 5153 1220 5223 Iieg.xvr,
1248 5153 1356 5221 10).
1387 5173 1416 5200 ››
1440 5150 1623 5214 Quam
1649 5149 1948 5207 moraliter

307 5244 503 5302 docuit
532 5244 685 5317 quod
709 5240 1055 5315 injuriarum
1078 5238 1164 5296 vel
1190 5237 1581 5313 periculorum
1611 5243 1945 5295 nostrorum

377 5356 490 5432 (14)
520 5352 800 5432 Videlicet
832 5348 1112 5432 _Gratiani_
1156 5353 1549 5428 imperatoris,
1595 5358 1659 5409 ut
1690 5353 1945 5411 diximus

310 5426 694 5496 in'Admonit,
727 5428 799 5484 ad
832 5426 991 5483 hunc
1019 5426 1255 5482 librum.

379 5497 859 5571 (1ᾅλιΗοιιρεῑυιιι
872 5498 1127 5571 ostentm
1137 5519 1187 5569 ,η
1200 5501 1257 5553 et
1268 5499 1743 5571 quaesequuntur
1758 5512 1945 5569 usque

310 5560 640 5641 adjverlgum
663 5562 870 5640 Specta,
897 5560 1028 5639 etc”,
1054 5560 1303 5641 1:11me
1319 5567 1437 5641 edit
1467 5560 1661 5641 ablata
1693 5560 1946 5641 Fuerant,

381 5638 493 5712 (16)
521 5635 661 5697 Mss.
693 5626 937 5712 Septe’m,
970 5626 1187 5713 «'q'u'o'd
1238 5634 1512 5715 patiatur.
1562 5637 1680 5699 Nos
1720 5626 1947 5699 minora

2094 545 2319 601 tionum
2346 546 2499 601 sint:
2533 549 2591 601 et
2640 545 2770 602 ideo
2814 562 2932 602 non
2979 548 3106 603 sine
3149 547 3345 605 divino
3398 556 3473 605 ea'
3495 550 3720 629 irrogari

2093 634 2277 689 solere
2301 634 2525 705 judicio
2544 634 2573 689 ?
2600 635 2912 690 Exercetur
2955 636 3147 691 bonus
3188 636 3410 693 athleta
3438 640 3714 708 conviciis,

2090 724 2390 779 exercetur
2410 720 2707 779 laboribus
2723 730 2779 779 et
2798 723 3092 796 periculis,
3114 732 3176 779 ut
3197 726 3413 799 dignus
3436 727 3516 783 sit
3534 729 3623 784 cui
3638 730 3714 785 de-

2090 813 2314 867 feratur
2340 829 2554 868 corona
2576 813 2824 885 justitize
2852 830 2865 867 :
2899 818 2957 869 et
3000 813 3132 869 ideo
3181 815 3421 872 ferenda
3447 818 3717 889 patienter

2090 904 2229 955 sunt
2254 918 2380 972 quae
2412 906 2694 972 putantur
2721 902 2982 957 adversa.
3014 902 3273 974 Denique
3301 908 3361 959 et
3405 905 3545 961 alibi
3587 906 3647 961 id
3668 911 3715 963 te

2089 990 2253 1044 docet
2274 989 2576 1059 Scriptum
2596 990 2810 1055 divina,
2835 976 3059 1046 dicente
3070 994 3264 1061 justo:
3288 1016 3317 1042 «
3332 994 3387 1047 Si
3413 994 3717 1052 bonaacce-

2088 1075 2285 1148 pimus
2312 1078 2384 1131 de
2416 1092 2593 1131 manu
2625 1077 2880 1145 Domini,
2914 1095 3045 1149 quae
3074 1078 3230 1134 mala
3278 1084 3421 1135 sunt
3469 1097 3577 1136 cur
3615 1088 3723 1137 non'

2087 1165 2489 1220 sustineamus
2517 1166 2653 1229 (Job.
2689 1183 2751 1230 II,
2785 1165 2918 1236 40)?
2946 1188 2974 1215 ιι

2156 1255 2245 1308 3t.
2282 1256 2347 1309 Et
2386 1255 2611 1308 addidit
2657 1261 2898 1310 sanctus
2945 1256 3232 1327 Propheta
3259 1257 3499 1313 dicens:
3531 1281 3562 1307 ‹‹
3591 1260 3716 1315 Ecce

2086 1342 2243 1399 filius
2258 1361 2423 1398 meus
2447 1344 2548 1415 qui
2569 1343 2745 1399 exivit
2764 1344 2835 1399 de
2853 1350 3051 1400 ventre
3071 1362 3219 1411 meo,
3243 1348 3452 1417 qumrit
3470 1348 3710 1404 animam

2086 1449 2295 1487 meam.
2327 1434 2385 1487 Si
2418 1437 2614 1488 autem
2642 1434 2943 1489 Jemineus
2977 1432 3267 1493 maledicit
3298 1435 3466 1501 mihi,
3498 1437 3715 1492 dimitte

2084 1521 2253 1577 illum
2289 1527 2352 1576 ut
2376 1522 2704 1585 maledicat,
2738 1524 3013 1594 quoniam
3046 1523 3192 1577 dixit
3214 1524 3298 1578 illi
3323 1525 3639 1591 Dominus,
3661 1531 3715 1581 ut

2081 1610 2273 1666 videat
2322 1611 2712 1666 humilitatem
2747 1618 2960 1675 meam,
2987 1616 3045 1666 et
3070 1612 3347 1667 retribuet
3368 1604 3515 1668 mihi
3537 1604 3715 1670 Domi-

2082 1717 2191 1754 nus
2225 1716 2327 1770 pro
2361 1699 2668 1753 maledicto
2701 1699 2806 1753 hoc
2836 1699 2907 1770 (Il
2940 1700 3064 1769 Reg.
3098 1717 3213 1765 va,
3236 1701 3322 1767 lt,
3350 1702 3457 1772 t2).
3487 1725 3517 1750 υ
3540 1702 3715 1759 Gallio

2083 1788 2220 1844 tudo
2254 1788 2598 1859 prudentiml
2636 1805 2668 1841 ο
2703 1789 2928 1860 insigne
2960 1776 3249 1859 patientiae
3278 1789 3290 1842 Ξ
3326 1791 3713 1847 odevorandir

2075 1877 2437 1932 contumelia:
2451 1877 2672 1947 grande
2687 1878 2979 1931 inventum
2992 1876 3713 1951 lMoveris,inquit,Abes'sa

2072 1966 2224 2037 quod
2259 1965 2401 2020 mihi
2420 1966 2729 2020 maledicat
2756 1971 3262 2037 extraneus,quem
3286 1958 3602 2038 parricidio
3624 1982 3709 2040 pe-

2074 2056 2145 2109 tit
2160 2053 2318 2109 tilius
2346 2072 2359 2117 ;
2376 2053 2659 2109 Dominus
2680 2052 2793 2107 dixi
2808 2054 2891 2109 tei
2908 2054 3292 2111 utmaledicat
3308 2056 3711 2113 mihi.Sadn0n

2074 2148 2162 2198 est
2192 2142 2513 2197 maledicus
2544 2142 2961 2206 Dominus,nec
2982 2142 3303 2199 delectatur
3319 2136 3710 2202 contumeliis.

2138 2232 2229 2286 32.
2268 2232 2409 2285 Vide
2440 2240 2617 2303 quam
2649 2231 2883 2302 singula
2912 2232 3225 2304 diligenter
3253 2234 3574 2289 custodiat.
3596 2234 3709 2290 Non

2073 2325 2311 2375 accusat
2323 2320 2637 2374 Dominum
2652 2318 2820 2390 quasi
2841 2324 3137 2375 auctorem
3152 2320 3515 2391 injuriae,sed
3530 2322 3713 2394 magis

2073 2407 2274 2463 laudat
2303 2408 2455 2479 quod
2489 2394 2746 2479 patiatur
2774 2408 2886 2478 (18)
2935 2424 3043 2463 nos
3092 2409 3322 2464 minora
3365 2410 3615 2482 perpeti,
3655 2416 3711 2465 ut

2074 2497 2365 2568 majorum
2415 2496 2639 2551 veniam
2692 2500 3066 2566 peccatorum
3122 2492 3542 2569 adipiscamur.
3579 2494 3709 2555 Ecce

2069 2586 2380 2640 verborum
2413 2583 2767 2639 contumelia
2797 2585 3093 2656 parricidii
3124 2584 3328 2641 levavit
3367 2600 3706 2652 aerumnam,

2074 2673 2321 2729 absolvit
2335 2686 2637 2745 procacem
2649 2691 2736 2740 ,cu
2735 2675 2837 2744 jus
2859 2673 3169 2729 maledicta
3190 2673 3323 2746 plus
3334 2672 3705 2748 prosint,qua

2070 2762 2266 2817 divina
2294 2762 2762 2817 remuneratione
2787 2762 3096 2817 donantur.
3136 2756 3292 2819 σεο
3338 2764 3483 2827 Quis
3515 2780 3704 2820 secum

2072 2851 2245 2906 talem
2266 2866 2380 2905 non
2400 2847 2738 2922 compensat
2759 2851 3057 2922 injuriam,
3082 2858 3330 2922 utquem
3348 2852 3526 2909 homo
3537 2852 3700 2920 laesit,

2070 2956 2204 2995 eum
2236 2940 2389 2995 Deus
2420 2939 2731 2995 meliorum
2763 2940 3143 2996 retributione
3171 2934 3441 2996 soletur?

2680 3036 2912 3101 CAPUT
2952 3046 3102 3100 VIII.

2072 3136 2371 3261 Defugnis
2398 3133 2572 3217 Dauid
2601 3143 2786 3190 contra
2816 3135 3086 3215 gigantes.
3114 3137 3165 3189 cl
3193 3144 3349 3216 aqua?
3392 3135 3703 3191 Bethleem-

2182 3222 2233 3260 σι
2264 3206 2411 3261 lacus
2461 3206 2760 3261 Metione:
2792 3222 2862 3261 ea:
2909 3207 3106 3261 auibus
3162 3205 3398 3261 alusaue
3446 3209 3703 3261 praeclare

2182 3208 2235 3260 ci
2264 3206 2411 3261 lacus
2461 3206 2760 3278 libatzone;
2792 3222 2862 3261 ea:
2909 3206 3106 3278 quibus
3162 3205 3398 3276 aliisque
3440 3209 3703 3278 praeclare

2136 3279 2294 3348 factis
2349 3277 2693 3331 concluditur
2740 3292 2901 3331 suum
2952 3276 3021 3330 ab
3076 3291 3138 3331 eo
3186 3276 3471 3347 peccaturi:
3519 3288 3703 3334 lectum

2134 3350 2343 3430 fuisse:
2400 3350 2708 3430 gramarum
2749 3363 2889 3430 cun:
2924 3348 3075 3401 illud
3118 3353 3483 3430 non‘cruento
3513 3350 3700 3421 aﬂeclu

2131 3416 2451 3491 patraverz’l,
2485 3421 2529 3473 it
2556 3423 2739 3492 postea
2768 3434 2826 3473 se
2850 3416 2974 3492 Deo,
2999 3416 3699 3492 quamdhoym’nibuama-

2135 3489 2303 3615 atterit
2323 3489 2672 3613 cgmmittere,
2694 3490 2901 3545 necnon
2923 3490 3131 3544 crimen
3151 3489 3260 3544 sibi
3276 3490 3570 3546 dimissum
3599 3493 3702 3562 ipse

2172 3574 2350 3617 ocuerz
2385 3602 2396 3614 .

2134 3650 2222 3704 33.
2258 3646 2386 3703 Alia
2402 3662 2635 3720 quoque
2659 3649 2787 3718 ejus
2808 3654 2968 3721 gesta
2989 3649 3454 3706 consideremus.
3478 3650 3696 3722 Pugna-

2063 3740 2145 3793 vit
2171 3738 2450 3793 adversus
2473 3737 2807 3809 progeniem
2839 3737 3165 3811 gigantum,
3196 3736 3434 3811 quando
3466 3754 3619 3794 unus
3638 3736 3699 3794 ex

2063 3825 2180 3883 illis
2208 3830 2536 3883 versantem
2560 3825 2620 3880 in
2655 3825 2850 3898 praelia
2896 3838 3087 3898 regem
3138 3842 3284 3897 pene
3314 3824 3694 3899 percusserat,

2063 3931 2211 3988 quos
2240 3931 2421 3970 ausus
2452 3919 2647 3970 tamen
2679 3915 2958 3971 adversus
2987 3909 3236 3988 excepta:
3268 3913 3457 3988 pretio
3498 3915 3695 3971 mortis

2062 4004 2323 4061 exsolvit.

2132 4093 2221 4148 34.
2282 4092 2399 4147 Hoc
2454 4106 2686 4163 quoque
2746 4088 3012 4165 percepto
3068 4094 3229 4148 victae
3258 4094 3455 4166 gentis
3502 4092 3698 4149 ferocis

2061 4181 2385 4253 triumpho,
2416 4179 2629 4236 iterum
2663 4182 2720 4235 in
2741 4180 3173 4237 valleTitanum
3197 4180 3420 4237 bellum
3447 4183 3697 4237 immane

2061 4270 2339 4342 suscepit,
2373 4287 2487 4325 non
2512 4271 2709 4325 minus
2724 4271 3003 4327 adversus
3028 4270 3278 4336 hostem,
3301 4284 3483 4343 quam
3504 4272 3695 4327 adver-

2061 4374 2163 4415 sus
2196 4358 2486 4415 nataram.
2524 4358 2738 4414 Sitien‘s
2764 4359 2921 4413 enim
2938 4372 3074 4414 cum
3096 4358 3501 4415 versareturin
3531 4357 3696 4419 bello.

2063 4448 2219 4520 qdod
2234 4447 2457 4503 biberet
2474 4460 2588 4501 non
2602 4446 2878 4502 habebat:
2895 4471 2923 4497 ‹‹
2940 4448 3082 4512 Quis
3096 4448 3238 4502 mihi
3257 4445 3694 4519 potum,inquit,

1983 4555 2028 4618 ι)
2059 4535 2223 4592 dabit
2253 4536 2323 4591 de
2355 4534 2482 4591 lacu
2514 4534 2613 4605 qui
2643 4540 2733 4590 est
2761 4535 2821 4590 in
2844 4532 3135 4592 Bethleem
3159 4536 3232 4590 ad
3255 4538 3457 4608 p‘ortas
3479 4538 3554 4608 (ll
3575 4538 3689 4607 Reg.

2058 4624 2325 4695 xxm,15)
2346 4623 2411 4678 7»
2437 4622 2570 4678 Erat
2582 4626 2775 4678 autem
2793 4623 2942 4679 inter
2961 4623 3150 4679 lacum
3172 4628 3229 4678 et
3248 4622 3692 4680 sanctumDavid

2057 4706 2382 4768 interfusus
2412 4710 2619 4777 hostis,
2651 4715 2708 4766 et
2738 4711 2931 4767 media
2959 4710 3264 4767 hostilium
3297 4717 3464 4784 septa
3493 4716 3694 4769 castro-

2057 4796 2616 4856 rum.Praeciderunt
2634 4805 2752 4855 tres
2772 4799 2877 4854 viri
2892 4798 3333 4857 multitudinem
3347 4799 3695 4858 adversarios

2056 4903 2211 4951 rum,
2245 4894 2302 4944 et
2328 4887 2717 4960 impleverunt
2746 4900 2959 4960 aquam
2989 4889 3061 4944 de
3088 4888 3218 4944 lacu
3251 4889 3354 4961 qui
3377 4886 3509 4945 erat
3536 4886 3693 4945 Beth-

2056 4977 2227 5044 leem,
2261 4980 2317 5032 et
2343 4975 2676 5032 obtulerunt
2709 4978 2830 5048 regi
2860 4977 3173 5033 bibendam
3203 4994 3216 5032 :
3250 4977 3351 5033 sed
3386 4992 3486 5033 rex
3516 4974 3693 5033 noluit

2056 5066 2275 5132 bibere,
2290 5070 2346 5120 et
2359 5061 2617 5137 profudit
2632 5063 2795 5120 illam
2807 5064 3049 5121 Domino
3064 5066 3197 5135 (17).
3218 5064 3472 5137 Dignum
3485 5064 3689 5122 etenim

2054 5158 2217 5210 tanto
2232 5167 2473 5208 munere
2486 5150 2594 5207 fuit
2609 5158 2670 5208 ut
2692 5166 2817 5224 quae
2836 5157 2959 5209 erat
2969 5152 3170 5208 vividis
3190 5152 3429 5209 virtutis
3444 5152 3689 5224 insigne,

2055 5243 2221 5298 ﬁeret
2244 5241 2477 5314 pietatis
2492 5242 2639 5297 sacri
2648 5240 2866 5297 licium.
2891 5240 3159 5312 Dixitque
3174 5240 3415 5312 dignam
3432 5234 3688 5314 prophcti

2055 5352 2275 5439 perpeti
2307 5355 2608 5439 solemus;
2643 5361 2710 5410 ιιι
2737 5357 3266 5439 animum“
3288 5344 3520 5439 ξὶέξίιιιιῑ
3538 5346 3681 5439 ea,

2055 5425 2216 5500 iique
2234 5427 2509 5500 potiores,
2522 5440 2669 5500 cum
2688 5427 2825 5500 edit.
2838 5425 3119 5500 omnibus
3133 5425 3682 5500 nobiscum't‘aciunt.

2127 5496 2435 5573 (lu—Rom.
2466 5499 2604 5556 edit.
2642 5519 2670 5550 «
2701 5503 2757 5557 et
2781 5498 2983 5558 libavit
3029 5497 3190 5555 illam
3239 5497 3507 5556 Domino.
3539 5520 3566 5549 ››
3602 5496 3685 5552 Ita

2055 5570 2232 5630 etiam
2264 5570 2435 5628 infra.
3054 5594 3057 5597 -
