3866 6212
104 326 257 391 905.

1226 328 1620 392 APOLOGIA
1664 324 2107 393 PROPHETIE
2147 326 2410 391 DAVID.

3401 323 3525 389 900
3548 342 3571 359 ’τ

104 480 173 519 co
206 463 421 536 spiritu
453 461 803 519 sententiam
828 479 840 518 :
862 461 988 517 Non
1011 462 1309 536 contingat
1329 462 1591 518 mihihoc
1615 464 1763 518 face-

1928 484 2014 534 cet
2046 478 2358 535 adversarii
2395 475 2646 547 agminis
2664 472 3202 545 ins’idiisappetitus
3220 472 3519 541 occubuit;

104 570 197 615 re;
235 570 307 608 nn.
342 551 691 622 sanguinem
720 551 979 609 virorum
1008 551 1109 625 qui
1139 552 1410 608 abierunt
1439 570 1506 605 ex
1555 552 1766 605 animis

101 640 372 710 illorum,
395 641 596 697 bibam
628 641 784 713 (Ibid.
822 642 930 713 17).
965 641 1115 696 Vicit
1134 657 1271 713 ergo
1294 646 1564 696 naturam
1599 645 1663 696 ut
1684 641 1767 696 si-

100 731 265 786 tiens
296 748 417 785 non
450 729 690 797 biberet,
708 735 767 785 et
794 730 1126 802 exemplum
1157 731 1229 785 de
1259 747 1320 785 se
1352 729 1618 800 praebuit,
1651 746 1767 800 quo

103 820 308 875 omnis
338 818 628 875 exercitus
662 818 905 875 tolerare
958 818 1117 874 sitim
1175 818 1443 873 disceret.
1504 817 1771 873 Exercuit

102 908 286 964 etiam
323 908 595 963 subditos
614 908 686 963 ad
708 906 937 963 virtutis
958 907 1237 975 officium,
1262 910 1328 961 ut
1355 905 1529 962 etiam
1555 923 1655 976 per
1674 922 1770 978 pe-

101 996 303 1053 ricula
334 995 515 1068 regali
546 996 790 1068 imperio
819 995 1135 1051 voluntarii
1167 994 1386 1050 milites
1414 995 1772 1066 obtempera-

99 1088 259 1141 rent.
287 1085 461 1151 Quod
473 1088 668 1140 autem
682 1083 867 1140 noluit
884 1083 1100 1149 bibere,
1121 1082 1437 1138 declaravit
1450 1083 1773 1153 probando-

102 1191 248 1230 rum
280 1172 540 1228 militum
574 1189 636 1229 se
665 1172 987 1243 imperasse
1016 1172 1224 1244 gratia,
1257 1188 1371 1226 non
1399 1172 1528 1227 sitis
1549 1172 1768 1226 vietum

102 1261 501 1319 necessitate:
527 1262 892 1334 prospexisse
903 1260 1079 1317 etiam
1102 1277 1171 1315 ne
1192 1261 1283 1314 cui
1311 1276 1509 1332 regum
1532 1260 1768 1315 bibendi

101 1368 263 1408 usus
322 1350 534 1407 alienis
591 1348 864 1422 periculis
919 1363 1230 1421 quaeretur.
1293 1348 1595 1403 Postremo
1662 1349 1768 1418 piae

101 1438 341 1494 vulnus
369 1436 737 1493 conscientiae
767 1437 1168 1508 deprecatum,
1201 1452 1267 1491 eo
1299 1435 1454 1506 quod
1499 1452 1651 1506 aqua
1694 1440 1775 1490 tot

95 1529 380 1583 virorum
432 1510 677 1599 qumsita
696 1525 1003 1598 sanguine,
1029 1524 1378 1580 suavitatem
1404 1524 1642 1579 bibendi
1668 1524 1768 1579 ha-

96 1617 252 1672 bere
285 1632 408 1671 non
438 1619 656 1688 posset,
716 1631 841 1685 qua:
900 1613 1205 1684 proposita:
1264 1612 1476 1668 mortis
1533 1612 1771 1667 horrore

99 1709 438 1761 constaret.

1878 586 2050 637 quem
2086 568 2261 635 licvit,
2294 570 2513 637 etpost
2570 566 2791 620 luctum
2850 562 2977 632 ejus
3035 560 3346 617 ambulans
3387 562 3523 634 (19),

1879 656 2160 727 depositis
2214 654 2421 709 infulis
2479 653 2803 725 potestatis,
2873 650 3284 720 exsequiarum
3364 651 3529 720 justo.

1879 744 2122 799 curavit.
2157 746 2278 808 Quo
2312 744 2463 797 facto
2493 742 2692 796 docuit
2721 739 2899 795 etiam
2954 738 3301 793 adverSariis
3349 739 3527 793 ﬁdem

1886 832 2240 903 promissam
2272 847 2400 885 esse
2432 830 2797 892 servandam,
2829 827 3232 882 honorandum
3292 831 3528 899 qudque

1880 925 1937 975 et
1968 920 2026 974 in
2057 920 2226 974 hoste
2254 919 2552 973 virtutem.
2585 918 2788 972 Nonne
2816 920 2939 971 tam
2970 914 3100 969 miti
3132 931 3249 969 suae
3284 914 3529 970 haeredi-

1878 1012 1999 1063 tate
2029 1008 2282 1079 pictatis,
2317 1006 2494 1062 etiam
2524 1005 2704 1076 hujus
2736 1020 2961 1058 navum
2993 1003 3235 1058 detersit
3269 1002 3523 1059 erroris?

1954 1097 2041 1151 37.
2076 1099 2260 1162 Quam
2296 1094 2639 1166 praeclarum
2672 1097 2890 1160 autem,
2925 1091 3079 1162 quod
3100 1091 3292 1147 tribus
3316 1082 3531 1147 oblatis

1880 1183 1991 1238 sibi
2020 1184 2455 1238 conditionibus
2478 1197 2654 1253 quam
2684 1180 2856 1236 vellet
2882 1179 3143 1251 eligeret,
3168 1179 3403 1249 quando
3429 1193 3534 1233 nu-

1880 1278 2102 1327 merato
2134 1270 2348 1342 populo
2379 1270 2670 1326 contraxit
2707 1270 3014 1333 otfensam,
3071 1281 3205 1321 cum
3259 1265 3531 1338 proposi-

1877 1364 2003 1415 tum
2036 1363 2190 1415 esset
2218 1364 2416 1413 utrum
2449 1358 2700 1414 triennio
2730 1358 2941 1412 famem
2968 1371 3145 1427 super
3166 1360 3381 1411 terram
3404 1354 3529 1410 ﬁeri

1878 1447 2068 1516 vellet,
2085 1448 2389 1502 auttribus
2403 1447 2706 1501 mensibus
2721 1447 2915 1516 fugere
2938 1461 2971 1498 a
2988 1443 3131 1497 facie
3157 1443 3530 1498 inimicorum

1882 1553 2124 1592 suorum
2142 1535 2619 1607 persequentium
2643 1550 2724 1600 se,
2751 1530 3191 1588 auttriduoﬁeri
3207 1535 3453 1585 mortem
3470 1529 3531 1586 in
3556 1526 3559 1529 “

1879 1628 2068 1691 terra;
2100 1624 2337 1678 tertium
2369 1622 2563 1694 elegit,
2590 1622 2744 1693 quod
2768 1619 3000 1676 Domini
3033 1635 3094 1675 se
3116 1618 3337 1684 mallet,
3353 1634 3531 1690 quam

1882 1712 2580 1777 hominum,committere
2602 1709 2906 1782 potestati!
2933 1708 3217 1763 Dominus
3238 1707 3395 1762 enim
3418 1706 3532 1762 cito
3564 1724 3568 1729 ‘

172 1796 276 1850 35-
312 1792 479 1890 QUOd
514 1792 563 1890 εξ
600 1790 964 1890 ἀξῖῗυετνθῘιίε
996 1796 1279 1862 ερθθιεινθ,
1304 1796 1361 1845 et
1391 1788 1771 1860 introspicere
1801 1825 1847 1890 Β
1879 1801 2192 1856 miseratus
2214 1801 2559 1872 ignosceret.
2579 1799 2779 1870 Itaque
2797 1799 2881 1853 sic
2896 1796 2977 1852 ait
3000 1795 3368 1868 :«Angustiae
3394 1799 3534 1851 sunt

96 1881 492 1955 mysterium,
516 1880 751 1936 sitiebat
781 1880 960 1935 David
992 1897 1109 1935 non
1143 1896 1320 1951 quam
1367 1879 1439 1934 de
1490 1879 1618 1934 lacu
1670 1879 1769 1949 qui

97 1976 195 2027 est
220 1972 286 2025 in
312 1966 635 2034 Bethleem,
666 1968 766 2023 sed
789 1967 1104 2022 oriundum
1125 1985 1194 2023 ex
1213 1966 1449 2039 Virgine
1470 1966 1768 2021 Christum

96 2062 163 2117 in
179 2058 413 2130 spiritu
426 2056 1047 2129 praevidebatNolebat
1063 2072 1200 2128 ergo
1212 2056 1408 2111 bibere
1426 2072 1539 2110 non
1555 2072 1769 2126 aquam

1880 1887 2024 1944 mihi
2055 1888 2222 1942 valde
2252 1887 2310 1941 in
2342 1887 2435 1943 his
2465 1887 2689 1942 tribus:
2750 1886 2849 1940 'sed
2899 1884 3092 1957 magis
3154 1883 3411 1940 incidam
3469 1883 3526 1938 in
3554 1888 3555 1895 ‘

1880 1994 2091 2033 manus
2120 1975 2352 2031 Domini
2382 1975 2679 2046 (quoniam
2716 1990 2930 2046 magna
2991 1978 3079 2027 est
3125 1971 3529 2028 misericordia
3558 1976 3559 1979 “

1879 2067 2006 2137 ejus
2033 2064 2242 2130 valde),
2278 2078 2456 2136 quam
2490 2064 2551 2117 in
2581 2080 2797 2118 manus
2830 2060 3140 2116 hominum
3173 2059 3427 2127 incidam
3459 2060 3530 2131 (Il

95 2147 409 2213 ﬂuminis,
443 2145 542 2202 sed
573 2150 773 2217 potum
806 2144 1003 2217 gratiae
1031 2144 1330 2216 spiritalis,
1364 2144 1469 2198 hoc
1496 2149 1606 2208 est,
1655 2160 1770 2199 non

92 2252 413 2309 aquarum
445 2234 682 2290 sitiebat
702 2233 1079 2302 elementum,
1108 2234 1209 2289 sed
1232 2234 1578 2305 sanguinem
1606 2232 1769 2286 Chri-

93 2326 199 2383 sti.
244 2324 515 2394 Denique
546 2338 660 2378 non
691 2322 838 2376 bibit
860 2320 1115 2376 oblatam
1138 2338 1371 2391 aquam,
1398 2321 1495 2376 sed
1530 2318 1769 2374 Domino

1880 2156 2002 2224 Reg.
2033 2168 2188 2208 xxiv.
2223 2152 2334 2223 Μ).
2360 2173 2387 2200 »
2408 2151 2525 2207 Hac
2539 2146 3526 2220 humilitate,prudentia,mansue-

1881 2243 2082 2297 tudine
2114 2242 2266 2305 fecit,
2302 2245 2367 2294 ut
2392 2240 2581 2295 verbis
2614 2238 2928 2309 Scripturae
2959 2241 3109 2304 utar,
3143 2236 3357 2291 habere
3416 2236 3527 2291 Do-
3555 2228 3559 2233 ’

1881 2331 2108 2385 minum
2133 2328 2378 2399 propriae
2397 2326 3244 2397 commotionispmnitontiam.
3270 2324 3528 2397 Denique

1880 2420 1964 2475 sic
1995 2418 2274 2488 scriptum
2310 2423 2432 2471 est:
2468 2440 2493 2464 ‹‹
2528 2416 2672 2480 Quia
2703 2414 3104 2486 pmnitentiam
3164 2412 3369 2468 habuit
3411 2406 3555 2468 D0?

1880 2506 2078 2562 minus
2110 2521 2286 2576 super
2316 2502 2600 2558 malitiam
2633 2504 2852 2572 (Jerem.
2886 2520 3037 2571 xxxx,
3072 2502 3180 2569 19).
3218 2524 3245 2550 ››
3466 2510 3471 2513 ·

1950 2596 2037 2649 38.
2069 2596 2255 2657 Quam
2287 2608 2418 2646 vero
2448 2590 2591 2645 illud
2624 2591 2798 2645 etiam
2832 2589 3285 2658 admirabile(De
3315 2590 3523 2648 Ράᾮηίε.

1880 2683 2015 2738 dist.
2049 2684 2104 2751 5,
2136 2698 2262 2752 cap.
2297 2679 2439 2735 Illud
2471 2681 2636 2747 vero),
2667 2679 2821 2749 quod
2855 2677 3061 2750 angelo
3111 2677 3341 2733 ferienti
3397 2677 3525 2749 ple-

1881 2772 2012 2826 bem
2047 2786 2108 2824 se
2139 2768 2349 2824 obtulit
2378 2767 2609 2822 dicens:
2646 2766 2793 2822 Grex
2822 2765 2931 2821 iste
2963 2766 3104 2836 quid
3165 2765 3336 2822 fecit?
3394 2767 3523 2822 Fiat

1882 2875 2094 2913 manus
2124 2863 2227 2912 tua
2258 2857 2311 2910 in
2348 2871 2460 2921 me,
2493 2860 2549 2909 et
2580 2854 2639 2908 in
2671 2855 2911 2909 domum
2944 2854 3127 2925 patris
3160 2853 3271 2908 mei
3295 2854 3367 2925 (II
3392 2854 3521 2923 Reg.

1882 2964 2031 3003 xxw.
2065 2946 2174 3013 47).
2203 2968 2231 2993 ››
2253 2943 2414 3007 Quod
2438 2946 2585 2998 facto
2610 2943 2808 2999 statim
2833 2941 3046 3014 dignus
3073 2941 3357 2997 sacriﬁcio
3362 2941 3526 3013 judi-

94 2414 294 2480 fudit;
331 2411 672 2484 signiﬁcans
703 2411 865 2465 sitire
897 2428 958 2466 se
988 2410 1200 2465 Christi
1228 2409 1600 2475 sacriﬁcium,
1653 2425 1768 2462 non

93 2509 347 2560 natura:
381 2501 705 2556 ﬂuentum:
742 2498 887 2554 illud
937 2497 1290 2553 sacriﬁcium
1350 2498 1407 2552 in
1457 2515 1572 2568 quo
1619 2501 1773 2551 esset

91 2590 398 2649 remissio
413 2592 810 2660 peccatorum,
826 2586 991 2642 illum
1010 2586 1171 2643 sitire
1184 2604 1245 2641 se
1259 2587 1475 2641 fontem
1490 2591 1770 2640 aeternum

92 2698 228 2737 non
268 2678 377 2750 qui
412 2675 688 2749 periculis
721 2681 1077 2747 quaereretur
1103 2674 1331 2742 alienis,
1364 2675 1465 2729 sed
1518 2672 1773 2745 pericula

89 2771 317 2828 aliena
349 2765 683 2838 depelleret.

176 2860 283 2915 36.
319 2857 434 2911 Tot
464 2854 644 2926 igitur
671 2853 943 2925 operibus
976 2856 1095 2908 tam
1126 2852 1409 2907 mirandis
1441 2851 1616 2906 unius
1645 2868 1774 2906 san-

88 2949 367 3021 guinem
398 2948 617 3000 tectum
650 2959 765 2997 non
788 2941 1334 2997 credimus?Merito
1348 2938 1774 3012 voxsanguinis

87 3035 259 3093 Abel
284 3032 437 3105 justi
470 3031 760 3087 clamabat
791 3031 861 3086 ad
891 3028 1386 3100 Dominum,quia
1406 3027 1608 3082 nullus
1630 3027 1772 3083 Cain

1928 3039 2047 3091 itus
2078 3038 2186 3100 est,
2220 3032 2319 3104 qui
2374 3031 2739 3087 absolutione
2764 3030 3167 3086 aestimabatur
3220 3029 3547 3104 indignus,

83 3126 342 3199 impius
377 3121 546 3177 bonis
575 3119 846 3191 operibus
877 3119 1196 3191 ίθϐεδειυνγ
1231 3118 1370 3189 (ἰυίᾶ
1399 3118 1544 3173 687
1587 3116 1771 3188 ΡᾶΙῪί-
1810 3187 1843 3199 κ
1880 3124 1994 3179 Nec
2027 3123 2239 3178 mirum
2273 3121 2321 3176 si
2347 3119 2444 3176 tali
2477 3136 2584 3174 sua
2615 3119 2908 3175 oblatione
2937 3135 3041 3190 pro
3097 3118 3331 3191 populo,
3388 3134 3526 3190 pec-

91 3187 336 3273 cidalis
373 3214 516 3275 erat,
549 3187 690 3280 quia
719 3225 833 3264 non
864 3187 1264 3263 conﬁtebatur
1306 3187 1616 3278 ﬂagitium,
1670 3205 1769 3260 sed
1804 3187 1844 3253 C
1884 3212 1998 3268 cati
2030 3212 2121 3267 sui
2153 3211 2400 3281 adeptus
2433 3213 2523 3262 est
2553 3208 2804 3271 veniam,
2828 3187 2959 3260 cum
2984 3187 3211 3277 Movses
3233 3187 3525 3262 offerendo

87 3303 403 3377 negabat.
445 3298 623 3354 David
658 3314 791 3353 vero
813 3297 1103 3352 occiderat
1130 3295 1367 3366 quidem
1386 3295 1577 3349 virum
1600 3293 1772 3349 mini—
1884 3317 1944 3356 se
1974 3299 2221 3355 Domino
2254 3313 2354 3368 pro
2388 3294 2574 3365 plebis
2632 3310 2846 3359 errore,
2906 3294 3080 3348 etiam
3141 3292 3327 3365 plebis
3392 3307 3527 3363 pec-

89 3411 201 3450 me
239 3387 580 3454 reum;sed
643 3386 933 3440 occiderat
992 3401 1105 3439 non
1165 3382 1361 3438 studio
1416 3380 1776 3437 crudelitatis
1885 3385 2321 3444 catadeleverit.
3362 3388 3365 3391 '

89 3475 565 3554 impulsus,sed
586 3479 649 3530 ut
671 3474 1050 3529 obumbraret
1065 3472 1370 3545 pudorem,
1394 3474 1778 3543 tegeretvere-
1955 3478 2044 3532 39.
2080 3474 2246 3530 Texit
2273 3473 2454 3545 igitur
2485 3476 2720 3543 peccata
2749 3488 2877 3535 sua,
2910 3487 2982 3525 an
3014 3486 3129 3525 non
3150 3469 3177 3523 ?
3226 3469 3338 3525 Sed
3398 3469 3532 3541 quis

91 3568 414 3628 cundiam
448 3562 930 3634 concupiscentiae
976 3561 1107 3632 (18).
1170 3560 1294 3614 Non
1353 3561 1538 3615 audeo
1586 3559 1778 3614 dicere

1930 3581 1995 3621 oc
2026 3568 2214 3635 neget,
2242 3578 2375 3616 cum
2399 3561 2523 3630 ipse
2543 3560 2806 3615 docuerit
2824 3558 3129 3630 Propheta,
3155 3558 3307 3630 quod
3334 3558 3534 3614 remit-

94 3657 282 3732 quod
316 3652 377 3709 vi
435 3650 699 3706 criminis
752 3648 927 3705 fuerit
983 3664 1297 3719 oppressus
1329 3650 1344 3718 (
1380 3664 1566 3718 neque
1623 3647 1778 3703 enim
1886 3658 2088 3709 tantur
2114 3652 2485 3724 iniquitates,
2518 3653 2791 3721 tegantur
2818 3652 3072 3720 peccata,
3105 3664 3221 3702 non
3252 3642 3567 3720 imputem“

97 3728 456 3820 oppressus
480 3745 587 3805 est,
619 3737 719 3810 qui
778 3737 947 3792 scivit
998 3737 1497 3807 quemadmodum
1530 3753 1563 3790 ἃ
1613 3736 1783 3790 ruina
1890 3747 1986 3797 tur
2015 3759 2049 3796 a
2078 3740 2325 3795 Domino
2347 3740 2374 3793 ‘?
2404 3738 2708 3793 Peccatum
2743 3736 3055 3792 remissum
3080 3736 3193 3792 sibi
3220 3728 3373 3791 688
3414 3736 3539 3807 ipse

1893 3829 2115 3895 docuit,
2149 3829 2304 3884 sicut
2333 3826 2616 3897 scriptum
2641 3830 2755 3880 est:
2782 3848 2809 3875 ‹‹
2838 3823 3120 3880 ΗΘΙῘΟωω
3143 3839 3338 3878 meum
3358 3840 3537 3896 agno-

1894 3936 2014 3984 sco,
2046 3922 2102 3972 et
2131 3915 2480 3986 injustitiam
2513 3930 2702 3968 meam
2728 3930 2841 3968 non
2867 3912 3085 3984 operui.
3110 3911 3261 3979 Dixi,
3282 3911 3542 3966 Pronun-

1892 4008 2050 4062 tiabo
2074 4006 2380 4060 adversum
2407 4018 2499 4057 me
2517 4002 2868 4073 injustitiam
2896 4016 3087 4056 meam
3112 3999 3381 4067 Domino,
3398 4004 3457 4054 et
3477 4004 3540 4053 tu

1894 4092 2176 4149 dimisisti
2212 4091 2568 4163 impietatem
2602 4089 2794 4144 cordis
2821 4088 2935 4142 mei
2979 4088 3152 4158 (Psal.
3214 4104 3364 4154 xxxx,
3395 4088 3472 4158 5).
3510 4109 3539 4137 »
3570 4096 3575 4107 '

1896 4184 1957 4239 Si
1989 4182 2153 4247 dixit,
2188 4204 2213 4230 ‹‹
2251 4179 2665 4242 Pronuntiabo,
2703 4199 2729 4225 υ
2761 4181 2817 4231 et
2845 4176 3074 4230 veniam
3106 4176 3323 4230 merui»
3379 4183 3540 4231 ante-

1897 4286 2081 4343 quam
2114 4268 2555 4342 pronuntiaret:
2590 4269 2807 4337 quanto
2840 4264 3027 4336 magis
3058 4262 3157 4319 ubi
3189 4264 3260 4319 de
3291 4280 3352 4319 se
3409 4279 3542 4336 pro-

96 3836 218 3892 illa
254 3830 488 3905 peccati
519 3845 581 3884 se
612 3831 806 3899 posset
831 3825 1062 3896 levare),
1095 3825 1223 3880 dico
1274 3830 1471 3880 tamen
1532 3826 1685 3896 quod
1728 3823 1783 3877 vi

89 3917 478 3980 tentationis
500 3916 745 3971 inflexus
768 3914 863 3969 sit.
889 3912 1121 3968 Dixerat
1142 3913 1300 3968 enim
1323 3930 1531 3985 supra:
1551 3936 1577 3961 ‹‹
1599 3912 1785 3967 Proba

92 4029 227 4077 me,
270 4006 546 4072 Domine,
579 4008 635 4059 et
662 4006 825 4058 tenta
850 4017 969 4057 me:
1007 4017 1108 4057 ure
1164 4018 1331 4057 renes
1391 4018 1552 4056 meos
1583 4006 1639 4055 et
1687 4016 1787 4055 cor

94 4113 324 4157 meum
360 4094 533 4165 (Psal.
564 4109 690 4158 xxv,
706 4094 782 4159 2).
816 4091 928 4145 »Εἰ
947 4088 1113 4145 alibi:
1149 4116 1175 4139 «ι
1203 4090 1527 4161 Egoautem
1551 4087 1666 4143 dixi
1691 4088 1781 4142 in—

90 4204 249 4247 mea
284 4181 680 4248 abundantia,
714 4196 829 4235 non
864 4178 1139 4233 movebor
1170 4176 1235 4231 in
1270 4181 1553 4232 internum
1608 4176 1782 4246 (Psal.

93 4292 279 4343 XXIX,
312 4273 435 4343 7)»
469 4271 576 4325 Et:
610 4294 635 4316 ‹‹
674 4268 817 4340 Igne
840 4283 932 4322 me
969 4265 1339 4329 examinasti,
1363 4269 1419 4320 et
1449 4282 1564 4319 non
1587 4268 1675 4319 est
1699 4264 1788 4318 in-

93 4371 300 4423 venta
332 4361 397 4414 in
430 4374 523 4413 me
558 4357 843 4428 iniquitas
873 4356 1043 4425 (Psal.
1076 4370 1189 4423 xw,
1220 4354 1297 4423 3).
1338 4376 1364 4400 ι)
1400 4352 1595 4407 Voluit
1652 4369 1784 4408 eum

1928 4358 2192 4415 iuntiavit
2221 4356 2451 4412 dicens:
2485 4378 2511 4404 ‹‹
2546 4352 2917 4425 Iniquitatem
2951 4369 3140 4408 meam
3161 4369 3265 4425 ego
3290 4368 3543 4426 agnoseo

99 4454 446 4523 subjacere
480 4445 762 4501 Dominus
794 4442 1120 4509 tentationi,
1157 4457 1227 4497 ne
1259 4459 1437 4513 supra
1493 4441 1784 4497 hominem

1928 4449 2099 4519 Paul).
2134 4465 2183 4513 L,
2219 4446 2296 4517 5),
2333 4468 2361 4494 ››
2384 4443 2696 4499 remissum
2725 4446 2812 4496 est
2830 4442 2881 4496 ei
2903 4458 3074 4497 omne
3090 4446 3393 4514 peccatum
3410 4440 3545 4496 ?Li-

98 4543 233 4599 sibi
275 4536 510 4607 aliquid
545 4537 875 4606 arrogaret;
907 4547 1041 4586 nam
1089 4531 1274 4585 virtus
1334 4530 1393 4584 in
1455 4531 1791 4585 inﬁrmitate
1823 4548 1869 4613 Β
1901 4542 1992 4593 cet
2022 4534 2352 4609 specialiter
2384 4534 2453 4587 de
2510 4532 2618 4587 hoc
2673 4531 2901 4585 Nathan
2960 4531 3242 4602 propheta
3300 4546 3546 4603 respon-

99 4628 610 4688 consummatur.
642 4623 840 4693 Neque
871 4620 1027 4675 enim
1060 4623 1299 4675 cruento
1352 4619 1487 4674 facit
1543 4620 1789 4674 aﬂcctu:
1904 4625 2086 4681 derit:
2146 4647 2171 4674 ‹‹
2237 4625 2303 4677 Et
2354 4622 2639 4677 Dominus
2697 4619 2956 4675 traduxit
3011 4624 3314 4691 peccatum
3374 4624 3545 4676 tuum

108 4716 285 4776 nihil
342 4712 546 4768 minus
576 4714 779 4767 sancto
810 4708 1111 4780 Prophetas
1164 4707 1377 4763 ascribi
1427 4712 1636 4778 potest,
1693 4708 1794 4778 qui
1904 4716 1975 4786 (ιι
2002 4719 2138 4786 Reg.
2175 4712 2409 4778 1111,43).
2449 4732 2476 4759 ››

96 4808 319 4865 etiam
358 4801 478 4857 vita
506 4800 793 4856 decedens
826 4813 1102 4869 suprema
1126 4813 1263 4851 voce
1306 4796 1575 4851 convenit
1632 4795 1793 4851 Salo-
1973 4803 2065 4857 ΑΟ.
2098 4803 2245 4873 Ergo
2278 4805 2334 4855 et
2366 4799 2772 4855 remissionem
2832 4800 3047 4854 meruit
3096 4797 3445 4871 iniquitatis,
3491 4801 3549 4851 et

111 4907 383 4953 manem
416 4890 604 4944 ﬁlium
624 4906 649 4943 ε·
674 4892 737 4943 ut
767 4888 1135 4941 innocentem
1169 4884 1511 4957 sanguinem
1547 4901 1581 4940 a
1610 4900 1671 4939 se
1696 4883 1796 4939 tol-
1858 4926 1861 4929 λ
1904 4890 2045 4945 texit
2075 4889 2358 4944 charitate
2390 4893 2567 4959 atque
2598 4888 2823 4958 aperuit
2853 4891 3090 4959 peccata
3114 4904 3240 4956 sua,
3299 4890 3356 4939 et
3408 4883 3577 4939 texit‘

96 4987 298 5048 leret,
330 4995 510 5051 quem
542 4974 1351 5046 fuderatduxejusexercitus
1370 4973 1535 5039 Joab,
1562 4973 1784 5044 quandc

1928 4978 2183 5051 iperibus
2215 4976 2406 5032 bonis.
2438 4977 2552 5031 Nec
2582 4977 2941 5048 imputatum
2971 4979 3061 5030 est
3116 4974 3165 5029 ei
3222 4977 3544 5046 peccatum,

95 5072 435 5129 Abenner,
467 5081 599 5119 cum
633 5063 704 5119 de
734 5062 991 5117 incunda
1024 5061 1296 5117 societate
1325 5063 1622 5126 tractaret,
1681 5059 1798 5114 dux
1904 5067 2045 5138 quia
2073 5082 2188 5120 non
2222 5064 2333 5119 fuit
2363 5065 2421 5118 in
2453 5081 2519 5119 eo
2551 5064 2720 5119 dolus
2751 5062 3010 5130 malitiae,
3044 5062 3146 5117 sed
3190 5062 3395 5133 lapsus
3452 5076 3545 5117 er-

194 5208 329 5290 (1_8_)
361 5205 532 5290 Rom.
568 5205 728 5272 edit,
761 5202 1163 5290 verecundiam.
1197 5203 1542 5284 conscientia:
1574 5218 1587 5269 ;
1639 5218 1794 5284 com-

792 5202 1163 5279 erecundiam‘
1197 5203 1542 5279 conscientia:
1574 5218 1587 5269 ;
1639 5218 1794 5279 com-
1907 5206 2097 5279 elatus
2115 5204 2446 5279 Stephanus
2464 5206 2877 5279 protomartyr.
2914 5202 3152 5279 lterum,
3186 5202 3286 5279 ubi
3326 5206 3549 5261 cuncta

105 5273 384 5342 modius
415 5274 542 5333 alia;
576 5293 642 5331 ac
672 5274 840 5342 mss.,
869 5273 1255 5330 verecundiam
1284 5274 1758 5344 concupiscentiae.
1907 5276 2047 5331 edit.
2081 5281 2139 5331 et
2169 5273 2313 5330 m—ss.
2348 5273 2521 5344 longe
2551 5273 2785 5344 plurimi

1907 5276 2047 5331 edit.
2081 5281 2139 5331 et
2169 5273 2313 5330 m—ss.
2348 5273 2521 5346 longe
2551 5273 2810 5344 plurimi,
2844 5276 3204 5345 exequiarum
3232 5277 3401 5346 juxta
3454 5292 3550 5331 cu-

194 5336 330 5427 ξ19)
363 5347 596 5427 Remig.
631 5336 836 5427 codex,"
863 5353 917 5401 et
938 5354 1064 5417 post
1116 5347 1381 5427 feretrum
1435 5336 1554 5427 éjuc
1578 5344 1798 5427 _ambu-
1907 5349 2071 5427 ravit,
2106 5346 2323 5427 habent
2352 5336 2484 5427 ms."
2497 5336 2723 5425 Benig.,
2755 5336 3143 5427 exsequiarum
3172 5336 3358 5427 iurem:
3382 5363 3553 5427 cura-

103 5415 575 5491 latis,"reliqui',
608 5421 782 5491 atque
840 5415 1045 5491 omnes
1101 5416 1354 5483 edit.,et
1404 5417 1522 5487 post
1571 5415 1796 5483 luctum,
1906 5421 2004 5486 vit,
2037 5418 2217 5491 habet
2248 5433 2357 5472 ms.
2406 5415 3045 5491 Benig.,’e.requiar:un_z
3093 5419 3279 5491 busta;
3330 5417 3550 5491 Albim,

98 5503 279 5563 διεδ
316 5492 379 5549 id
413 5487 526 5563 est,
555 5487 869 5563 funebrem
902 5488 1031 5561 ejus
1086 5503 1391 5563 pompanr
1413 5502 1796 5563 prosequens.
1911 5491 2114 5563 lustra;
2143 5488 2325 5553 (3mm,
2357 5487 2615 5563 excubias
2641 5490 2874 5543 curavit.
2926 5488 3047 5563 Sed
3097 5488 3402 5546 retinenda
3445 5487 3555 5548 vox

97 5556 374 5642 Ειεάίιη
434 5562 631 5642 luctus
693 5561 803 5642 hoc
850 5556 981 5642 loco
1038 5556 1156 5642 non
1228 5556 1433 5642 'aliud'
1485 5556 1798 5642 sigriiﬁcat,
1900 5562 2053 5642 juata
2085 5576 2348 5642 qusa_pro
2372 5558 2759 5642 inferiishseu
2813 5558 3223 5642 exsequiarum
3282 5576 3554 5622 caeremo-

104 5628 322 5723 qnam
356 5636 422 5693 in
450 5632 613 5691 Actis
643 5630 1042 5705 apostolorum
1082 5631 1369 5708 planctus;
1402 5628 1567 5703 quod
1590 5629 1803 5688 dicitur
1900 5628 2050 5703 'niis,
2081 5628 2303 5710 passim
2335 5630 2409 5691 ab
2439 5628 2777 5691 auctoribus
2804 5628 3141 5707 usurpatur.
3280 5660 3283 5663 ν
3584 5652 3597 5699 ;

474 5758 741 5825 Ρλτιοι.
786 5757 951 5828 XIV.

3154 5759 3235 5845 99.
