3894 6208
210 346 321 420 ῥορ

1300 348 1689 415 APOLOGlA
1736 346 2179 416 PROPHET/E
2221 352 2465 414 DAVID

3446 312 3579 419 sio

219 490 325 544 lava
355 503 436 541 me
464 486 533 540 ab
563 482 853 557 injustitia
884 502 1031 543 mea.
1059 505 1086 535 »
1118 485 1368 541 Grandis
1401 487 1555 540 enim
1589 484 1826 555 squalor
1858 490 1903 552 Α
1940 486 2187 555 pientis).
2222 488 2297 541 Ex
2329 487 2421 540 his
2472 486 2669 543 nullus
2719 491 2909 560 potest
2956 489 3185 545 dicere:
3220 514 3247 539 «
3291 492 3575 557 Quoniam

216 584 263 633 et
298 574 508 632 macula
536 591 651 631 non
682 575 909 649 exiguo,
946 576 1047 631 sed
1080 575 1261 630 multo
1283 576 1543 631 aufertur
1576 575 1821 631 lavacro.

277 666 415 721 800
444 666 527 718 43.
562 664 723 728 Quod
753 664 803 719 si
833 662 968 736 quis
1015 662 1181 719 aliter
1228 664 1486 735 accipere
1539 662 1682 728 vult,
1723 680 1823 735 po-

194 759 311 810 test
337 755 411 808 ita
437 769 607 808 suum
639 753 891 808 formare
919 751 1278 807 intellectum
1308 768 1320 804 :
1358 752 1605 807 mundat
1634 767 1824 807 sermo

190 843 437 908 "divinus,
453 841 696 896 mundat
715 845 916 897 nostra
935 840 1221 896 confessio
1246 856 1259 893 :
1285 839 1383 895 ille
1403 841 1543 894 dum
1566 840 1825 906 auditur,

210 931 310 987 ista
336 930 468 984 dum
499 929 788 1000 promitur
819 947 833 995 ;
868 929 1115 984 mundat
1142 929 1294 982 bona
1324 927 1617 1000 cogitatio,
1649 943 1824 982 mun-

208 1020 295 1074 dat
341 1018 579 1074 honesta
608 1018 886 1090 Operatio,
918 1017 1083 1072 bonae
1133 1032 1365 1088 quoque
1412 1033 1557 1071 usus
1586 1032 1825 1071 conver-

209 1106 448 1164 sationis.
480 1106 581 1160 His
614 1107 937 1161 mundatus
985 1105 1389 1177 unusquisque
1422 1104 1649 1173 facilius
1679 1104 1827 1159 hau-

204 1196 287 1262 rit,
314 1201 365 1251 et
391 1200 669 1267 tanquam
718 1195 777 1248 in
808 1211 870 1250 se
902 1195 1051 1266 rapit
1080 1194 1449 1266 splendorem
1481 1193 1676 1265 gratiae
1708 1192 1826 1264 spi-

206 1283 391 1339 ritalis.
439 1283 701 1355 Denique
730 1299 845 1338 non
896 1300 1013 1338 una
1040 1282 1335 1337 infusione
1366 1281 1597 1337 velleris
1627 1281 1827 1337 statim

203 1373 471 1444 pretiosus
503 1388 715 1427 succus
744 1371 1007 1434 irradiat,
1039 1371 1139 1427 sed
1172 1370 1425 1443 primum
1460 1387 1631 1425 succo
1663 1370 1827 1443 igno-

203 1461 293 1517 bili
320 1459 497 1516 vellus
528 1460 824 1528 inﬁcitur;
858 1460 1064 1515 deinde
1095 1459 1227 1514 aliis
1269 1465 1444 1531 atque
1475 1459 1605 1514 aliis
1637 1458 1829 1514 succis

201 1548 465 1605 naturalis
486 1550 614 1621 ejus
645 1549 869 1621 species
900 1549 1229 1621 frequenter
1257 1548 1494 1616 eluitur,
1526 1552 1583 1603 et
1602 1548 1828 1603 diverso

202 1638 396 1710 saepius
441 1638 634 1693 colore
681 1643 984 1693 mutatur:
1036 1654 1102 1692 ac
1153 1638 1236 1693 sic
1285 1642 1485 1709 postea
1517 1635 1674 1691 velut
1705 1635 1829 1708 ple-

200 1727 365 1782 nioris
396 1727 607 1781 lavacri
653 1726 965 1781 adhibetur
1013 1726 1271 1795 infectio,
1326 1731 1387 1780 ut
1437 1742 1705 1797 purpurae
1738 1741 1829 1779 ve-

200 1816 304 1870 rior
332 1821 501 1887 atque
551 1814 858 1887 perfectior
915 1813 1107 1886 fulgor
1157 1812 1424 1868 irrutilet.
1465 1813 1625 1867 Sicut
1653 1812 1833 1886 igitur

172 1903 472 1958 uaricum
506 1902 898 1975 plurimorum
944 1903 1003 1957 in
1046 1918 1315 1974 purpurae
1370 1901 1702 1969 infectione,
1749 1900 1830 1956 ita

196 1993 248 2047 in
273 1992 493 2048 lavacro
543 1990 999 2063 regenerationis
1049 1990 1493 2046 miserationum
1534 1994 1622 2045 est
1679 1989 1828 2045 mul-

176 2082 367 2137 titudo
410 2080 759 2147 caelestium,
811 2085 875 2135 ut
936 2079 1216 2150 iniquitas
1281 2078 1563 2134 deleatur.
1631 2079 1829 2151 Itaque

193 2170 283 2241 qui
327 2171 384 2224 in
416 2169 674 2225 multum
722 2168 966 2237 lavatur,
1000 2169 1071 2222 ab
1104 2169 1395 2238 injustitia
1428 2168 1746 2222 inundatur
1774 2172 1832 2222 et

192 2276 223 2314 a
250 2259 475 2326 delicto,
527 2262 587 2313 et
638 2257 913 2329 peccandi
968 2256 1284 2328 quamdam
1316 2256 1578 2311 inclitam
1619 2256 1830 2310 studiis

190 2364 251 2403 ac
287 2349 551 2403 moribus
600 2346 836 2417 deponit
890 2344 1315 2411 habitudinem,
1361 2349 1418 2399 et
1469 2344 1833 2399 obliviscitur

191 2436 546 2508 qualitatem.
584 2434 651 2489 Et
705 2434 852 2490 bene
880 2432 1110 2489 lavatur
1156 2434 1227 2488 ab
1284 2433 1575 2504 injustitia
1602 2432 1687 2488 vel
1721 2433 1831 2487 ini-

188 2526 422 2596 quitate,
456 2541 589 2597 quae
614 2524 800 2594 major
825 2530 913 2579 est
937 2540 950 2577 :
973 2523 1359 2577 mundaturet
1389 2539 1421 2577 a
1442 2521 1652 2577 delicto
1675 2522 1832 2594 quod

188 2614 374 2670 minus
404 2614 512 2670 est.

768 2752 775 2759 .
824 2699 1059 2756 CAPUT
1100 2698 1192 2753 IX.

187 2794 382 2848 Paucos
411 2809 542 2847 cum
576 2790 745 2845 David
797 2797 1017 2861 peccata
1043 2805 1146 2843 sua
1173 2804 1481 2861 agnoscere,
1516 2790 1624 2844 imo
1651 2790 1835 2860 plures

248 2864 313 2919 de
369 2865 488 2918 illis
556 2859 848 2933 gloriari;
930 2867 1228 2930 sapientem
1298 2859 1481 2915 delicti
1535 2859 1834 2933 sui’mm-

249 2932 749 3011 quamaeponefe
801 2932 1166 3011 memoriam:
1222 2939 1285 3011 et.
1330 2935 1535 3011 quanta
1588 2932 1834 3011 sit__con_-

249 3002 494 3062 .Ecientiae
525 3002 631 3060 eis.
675 3006 819 3059 Inter
844 3006 1143 3073 peccatum,
1178 3010 1228 3056 et
1266 3002 1612 3072 iniquitatem
1639 3002 1835 3057 discri-

246 3094 371 3133 men
399 3094 521 3133 esse
542 3093 564 3137 ;
599 3091 766 3146 quove
809 3072 967 3145 pacto
995 3074 1097 3146 illa
1128 3072 1449 3143 baptismate
1480 3090 1542 3128 ac
1566 3076 1834 3144 pazniten-

138 3160 147 3167 ”
248 3152 328 3203 tia
357 3144 632 3203 charitati
666 3144 955 3217 conjuncta
983 3144 1284 3200 deleantur.

247 3238 335 3295 46.
396 3237 657 3306 Ideoque
709 3211 968 3288 addidit:
1037 3256 1063 3282 ‹‹
1119 3232 1402 3296 Quoniam
1468 3211 1907 3304 iniquitatemC

180 3341 369 3382 meam
400 3341 510 3401 ego
547 3339 800 3396 agnosco
827 3340 839 3390 ;
873 3328 930 3377 et
958 3321 1236 3376 delictum
1268 3338 1463 3376 meum
1496 3328 1698 3377 contra
1744 3338 1838 3377 me

180 3418 264 3469 est
292 3430 539 3487 semper
593 3412 765 3485 (Psal.
818 3428 867 3477 L,
899 3411 975 3482 5).
1034 3433 1061 3459 »
1114 3411 1237 3465 Non
1289 3410 1579 3466 mediocre
1625 3415 1732 3476 est,
1776 3415 1840 3465 ut

177 3508 458 3575 agnoscat
509 3500 928 3575 unusquisque
982 3504 1282 3570 peccatum
1333 3516 1529 3554 suum.
1593 3499 1840 3572 Ideoque

180 3595 232 3645 et
261 3608 443 3663 supra
476 3592 604 3646 ait:
640 3613 667 3638 «
726 3589 952 3662 Lapsus
982 3587 1114 3661 quis
1158 3587 1443 3660 intelliget
1472 3588 1640 3659 (Psal.
1675 3606 1835 3655 XVIII,

176 3679 312 3751 l3)?
345 3704 373 3730 »
408 3681 466 3735 id
507 3683 623 3745 est,
654 3678 789 3750 quis
836 3683 926 3733 est
955 3680 1155 3734 tantus
1204 3681 1267 3730 ut
1314 3676 1652 3747 intelligat?
1691 3677 1840 3739 Quo-

179 3770 348 3824 modo
382 3768 536 3823 illud
567 3785 583 3823 :
615 3790 640 3816 ‹‹
691 3766 831 3830 Quis
878 3766 1168 3822 habitabit
1216 3765 1271 3819 in
1315 3765 1688 3820 tabernaculo
1719 3771 1840 3833 tuo,

176 3861 275 3911 aut
304 3857 445 3930 quis
502 3855 786 3913 ascendet
834 3854 892 3909 in
954 3858 1214 3910 montem
1247 3852 1477 3908 Domini
1520 3854 1840 3924 (Psal.x1v,

180 3946 275 4015 1)?
308 3970 337 3995 ››
393 3947 530 4001 Non
588 3943 789 4015 utique
840 3942 1058 4009 nullus,
1126 3943 1225 4000 sed
1277 3960 1463 3997 rarus.
1514 3941 1618 4006 Qui
1686 3942 1841 3999 enim

176 4039 367 4105 potest
399 4049 751 4107 agnoscere,
786 4035 977 4104 potest
1007 4030 1319 4099 declinare,
1363 4035 1551 4103 potest
1582 4030 1722 4102 quid
1756 4048 1842 4086 se-

178 4128 400 4193 quatur
428 4122 676 4195 eligere.
712 4120 980 4192 Plerique
1010 4120 1069 4174 in
1117 4120 1244 4174 suis
1293 4118 1557 4190 lapsibus
1587 4118 1845 4190 glorian-

176 4216 290 4278 tur,
324 4218 384 4268 et
417 4213 644 4284 putant
672 4225 740 4265 ea
769 4209 930 4264 laudi
978 4225 1104 4264 esse
1151 4224 1275 4279 qua:
1326 4207 1558 4263 crimini
1598 4212 1754 4262 sunt.
1787 4208 1846 4263 Si

179 4301 444 4356 alienum
495 4297 902 4370 coinquinavit
952 4296 1212 4362 thorum,
1266 4300 1322 4350 et
1365 4296 1588 4367 pudicas
1618 4296 1847 4352 femina:

178 4390 550 4462 expugnavit
580 4387 877 4453 affectum,
930 4385 979 4439 si
1027 4386 1213 4440 viduae
1258 4384 1622 4456 propositum
1654 4384 1850 4458 aliqua

176 4478 383 4533 fraude
416 4476 717 4533 mutavit:
755 4473 905 4529 alius
939 4490 1077 4529 nece
1107 4473 1382 4543 hominis,
1438 4472 1730 4530 latrocinii
1759 4474 1848 4530 in-

1938 575 2303 645 iuiquitatem
2329 592 2517 631 meam
2539 593 2645 648 ego
2667 593 2918 649 agnosco
2943 596 2955 633 :
2979 597 3006 630 ιι
3034 579 3134 635 sed
3159 578 3255 635 ille
3269 580 3367 652 qui
3391 584 3581 652 potest

1934 663 2128 719 dolere
2157 664 2312 734 quod
2346 664 2564 735 fecerit,
2621 667 3009 722 condemnare
3038 669 3191 739 quod
3246 668 3578 741 deliquerit,

1935 767 2108 822 quem
2136 768 2245 806 sua
2265 751 2846 832 vitia-compungunt.
2880 755 3042 811 Unde
3064 762 3121 811 et
3142 757 3429 829 Pr0pbeta
3458 757 3577 813 ait:

1936 863 1961 887 ‹‹
1993 840 2127 902 Quae
2148 839 2341 894 dicitis
2364 840 2419 893 in
2443 842 2716 897 cordibus
2736 843 2968 911 vestris,
3000 849 3057 899 et
3080 845 3137 899 in
3170 846 3464 902 cubilibus
3484 863 3580 903 ve-

1935 926 2073 982 stris
2089 929 2550 1000 compungimini
2572 930 2740 1000 (Psal.
2764 948 2838 999 1v,
2858 933 2935 1001 5).
2955 955 2981 980 ››
3006 932 3271 1005 Plerique
3292 950 3579 1006 equorum

1936 1032 2069 1071 cum
2093 1015 2428 1083 ceciderint,
2452 1033 2513 1072 se
2528 1018 2750 1087 jactare
2796 1026 3189 1089 consuerunt;
3220 1027 3277 1077 et
3306 1040 3455 1093 quos
3485 1039 3581 1078 ca-

1936 1120 2040 1159 sus
2071 1120 2185 1159 non
2219 1104 2447 1170 laeserit,
2464 1105 2741 1175 jactando
2771 1123 2830 1162 se
2856 1107 3164 1164 debilitant
3193 1114 3249 1165 et
3278 1110 3579 1184 frangunt.

1936 1192 2048 1247 Alii
2097 1192 2312 1264 (qualis
2368 1193 2699 1249 Graecorum
2761 1212 3047 1266 equorum
3106 1198 3288 1253 fertur
3350 1200 3582 1272 natura)

1937 1299 2069 1336 cum
2118 1282 2203 1336 vel
2238 1282 2295 1335 in
2348 1283 2664 1337 certamine
2711 1284 2896 1338 curuli
2929 1286 3042 1356 (24)
3074 1285 3199 1342 elisi
3253 1288 3468 1344 fuerint
3493 1288 3582 1344 vel

1939 1371 2173 1426 fortuito
2222 1370 2554 1436 ceciderint,
2604 1373 2750 1427 69!
2804 1389 3176 1445 nequaquam
3229 1393 3290 1431 se
3355 1392 3585 1434 movere

1938 1463 2314 1525 consuerunt,
2339 1463 2395 1512 et
2416 1460 2735 1529 quamdam
2756 1464 2955 1515 tenent
2972 1463 3188 1533 quietis
3208 1467 3265 1518 et
3290 1464 3581 1536 patientia:

1939 1545 2334 1618 disciplinam.
2383 1547 2486 1602 His
2533 1548 2581 1601 si
2633 1564 2805 1603 casus
2837 1566 2951 1605 non
2984 1551 3203 1621 nocuit,
3250 1553 3418 1623 quies
3446 1571 3584 1627 pro-

1940 1635 2104 1702 dest;
2140 1639 2291 1689 certe
2325 1652 2438 1689 non
2489 1636 2796 1691 acerbatur
2840 1638 3103 1694 offensio.
3158 1640 3359 1695 Nonne
3403 1642 3586 1697 mutis

1941 1723 2296 1779 animalibus
2327 1725 2638 1780 deteriores
2667 1725 3017 1797 aestimandi,
3053 1727 3153 1799 qui
3181 1745 3242 1784 se
3265 1730 3322 1783 in
3347 1730 3588 1803 flagitiis

1941 1813 2066 1869 suis
2087 1814 2333 1883 jactant,
2394 1816 2451 1866 et
2480 1817 2688 1883 putant
2738 1814 2967 1887 insigne
3015 1832 3143 1872 esse
3189 1817 3444 1887 virtutis,
3487 1818 3586 1875 ubi

1939 1901 2141 1973 lapsus
2171 1906 2259 1955 est
2308 1901 2570 1957 criminis
2591 1902 2619 1956 ‘?
2668 1903 2799 1958 Ideo
2859 1904 3027 1974 quasi
3061 1910 3224 1961 muto
3255 1902 3585 1978 diciturju-

1938 1994 2134 2044 mento
2162 2007 2174 2043 :
2213 2012 2239 2039 α
2273 1989 2548 2060 Peceasti,
2580 1992 2812 2061 quiesce
2844 1992 2994 2064 (Gen.
3033 2011 3105 2060 ιν,
3136 1995 3213 2064 7).
3251 2016 3279 2044 »

2011 2080 2098 2132 47.
2134 2078 2296 2133 Unde
2325 2078 2567 2149 pulchre
2596 2080 2856 2134 addidit:
2891 2103 2918 2130 »
2954 2082 3019 2136 Et
3071 2081 3349 2139 delictum
3389 2102 3585 2142 meum

1940 2173 2142 2222 contra
2175 2183 2267 2221 me
2297 2172 2386 2223 est
2415 2184 2663 2239 semper.
2702 2190 2728 2216 ι)
2761 2169 3045 2241 lnsipiens
3077 2170 3235 2226 enim
3266 2172 3589 2230 delectatur

1940 2256 2235 2311 erroribus
2267 2256 2410 2325 suis,
2445 2260 2503 2312 et
2532 2257 2696 2312 novis
2742 2263 2937 2313 vetera
2989 2260 3418 2329 obumbrando,
3452 2278 3589 2334 pec-

1941 2345 2085 2399 catis
2136 2362 2197 2399 se
2245 2345 2537 2399 existimat
2593 2346 2894 2416 adjuvari;
2946 2347 3193 2419 ideoque
3243 2347 3496 2405 exsultat
3524 2351 3589 2406 In

1942 2432 2205 2488 crimine.
2238 2435 2309 2487 At
2337 2450 2470 2488 vero
2519 2434 2754 2505 sapiens
2787 2434 3093 2491 adversum
3127 2453 3189 2492 se
3208 2438 3440 2508 judicat
3462 2454 3591 2495 esse

1942 2520 2217 2576 delictum
2248 2538 2443 2589 suum,
2478 2527 2533 2575 et
2582 2528 2860 2593 tanquam
2915 2522 3156 2579 hostiles
3187 2525 3361 2595 acies,
3392 2525 3476 2582 ita
3505 2525 3591 2582 la-

1943 2626 2086 2681 psus
2117 2608 2419 2680 culparum
2482 2625 2723 2664 suarum
2772 2611 3207 2667 adversantium
3253 2615 3428 2669 modo
3477 2614 3591 2670 sibi

1943 2697 2260 2751 arbitratur
2319 2696 2621 2753 obsistere.
2672 2698 2964 2770 Quidquid
3001 2701 3384 2772 personuerit,
3417 2702 3587 2775 quid-

1944 2786 2083 2856 quid
2115 2785 2487 2857 increpuerit,
2541 2786 2712 2857 culpa
2743 2785 2792 2841 ei
2823 2788 3057 2859 propria
3103 2805 3335 2861 semper
3380 2807 3589 2847 occur-

1945 2876 2057 2940 rit;
2109 2874 2396 2945 quidquid
2448 2873 2622 2929 fuerit
2669 2875 2896 2933 dictum
2954 2882 3055 2932 aut
3118 2877 3357 2947 lectum,
3403 2879 3463 2935 in
3526 2897 3591 2936 se

1944 2964 2167 3019 dictum
2215 2967 2424 3034 putat;
2477 2963 2762 3035 quidquid
2812 2960 3144 3034 intenderit,
3198 2984 3260 3024 se
3309 2972 3478 3036 nutu,
3529 2985 3590 3026 se

1945 3053 2130 3109 oculis
2185 3053 2294 3122 (25)
2348 3050 2568 3123 signari
2613 3057 2799 3124 putat.
2833 3053 2892 3107 Si
2949 3055 3239 3125 epuletur,
3274 3058 3324 3113 si
3354 3058 3589 3131 cogitet,

1945 3145 1993 3198 si
2057 3147 2179 3197 oret
2245 3158 2310 3195 ac
2377 3141 2735 3212 deprecetur,
2804 3147 2936 3197 ante
3006 3144 3203 3199 oculos
3269 3147 3396 3216 ejus
3435 3161 3589 3202 sem-

1945 3249 2047 3304 per
2102 3235 2192 3285 est
2246 3246 2407 3285 error
2462 3229 2755 3301 preprius,
2814 3234 2871 3285 et
2940 3232 3252 3287 momentis
3313 3233 3593 3290 omnibus

1946 3319 2118 3391 culpa
2183 3317 2379 3389 pulsat
2425 3316 2864 3383 conscientiam,
2937 3335 3042 3374 nec
3108 3319 3426 3391 quiescere,
3486 3338 3592 3379 nec

1947 3407 2211 3464 oblivisci
2278 3407 2434 3475 sinit,
2492 3404 2649 3461 velut
2703 3406 2895 3478 gravis
2959 3422 3165 3463 censor
3223 3409 3477 3482 exagitat
3531 3427 3593 3466 se

1946 3503 2163 3553 terrore
2220 3508 2519 3567 perpetuo.
2584 3494 2794 3549 Omnia
2848 3495 3028 3566 igitur
3086 3497 3325 3553 adversa
3394 3497 3595 3572 habet,

1951 3586 2049 3658 qui
2109 3585 2230 3657 ipse
2287 3584 2399 3639 sibi
2457 3583 2744 3655 displicet,
2788 3584 2912 3655 ipse
2973 3585 3065 3641 sui
3106 3592 3429 3654 accusator,
3469 3588 3595 3662 ipse

1950 3675 2076 3730 suis
2114 3675 2280 3729 testis
2338 3676 2447 3739 est,
2489 3689 2593 3727 nec
2651 3672 2871 3727 invenit
2908 3690 3024 3745 quo
3082 3675 3287 3748 fugiat,
3330 3677 3431 3749 qui
3470 3678 3596 3750 ipse

1951 3780 2015 3819 se
2055 3767 2346 3835 perurget,
2402 3760 2784 3817 etstimulat.
2846 3762 2958 3818 Sed
3012 3763 3120 3819 hoc
3178 3765 3340 3821 bonae
3382 3766 3597 3823 mentis

1953 3857 2059 3922 est,
2099 3851 2313 3906 vulnus
2353 3850 2565 3905 sentire
2601 3852 2840 3923 peccati.
2883 3852 3029 3907 Nam
3070 3854 3167 3924 qui
3209 3859 3471 3925 expertes
3500 3856 3599 3910 d0-

1952 3941 2092 3995 loris
2151 3943 2307 4003 sunt,
2380 3956 2494 3993 non
2567 3939 2831 3995 sentiunt
2884 3939 3144 3996 vulneris
3200 3943 3595 4013 acerbitatem,

1955 4030 2109 4101 quod
2140 4033 2228 4083 est
2273 4027 2723 4083 immedicabilis
2781 4028 3182 4101 aegritudinis:
3245 4030 3346 4100 qui
3402 4035 3599 4086 autem

1954 4117 2150 4188 aliquo
2181 4115 2377 4170 dolore
2407 4122 2771 4187 punguntur,
2831 4116 2984 4171 sicut
3030 4116 3248 4173 doloris
3278 4135 3455 4175 sensu
3485 4136 3600 4177 non

1956 4209 2173 4271 carent,
2225 4204 2305 4258 ita
2352 4203 2527 4258 etiam
2577 4220 2692 4257 non
2742 4209 2941 4259 carent
2993 4205 3262 4261 sanitatis
3315 4207 3597 4278 profectu.

1958 4294 2064 4349 Ubi
2117 4291 2270 4347 enim
2321 4290 2538 4346 doloris
2587 4308 2818 4364 sensus,
2865 4292 2947 4347 ibi
2996 4293 3173 4349 etiam
3241 4311 3451 4352 sensus
3515 4302 3604 4353 est

1956 4383 2121 4449 vitae;
2155 4380 2370 4436 sentire
2404 4380 2559 4435 enim
2590 4380 2787 4437 vitalis
2818 4381 3031 4453 vigoris
3090 4400 3155 4438 ac
3199 4385 3462 4441 muneris
3490 4392 3599 4443 est.

1958 4471 2122 4527 Unde
2151 4474 2207 4525 et
2255 4469 2350 4524 ille
2397 4469 2496 4541 qui
2545 4486 2798 4525 errorem
2831 4488 3007 4527 suum
3052 4489 3165 4528 non
3197 4474 3481 4547 agnoscit,
3514 4475 3607 4530 in-

176 4566 370 4633 sidiis,
405 4571 469 4621 et
502 4568 678 4637 rapto
734 4564 920 4618 vivere
980 4566 1146 4634 putat
1202 4578 1331 4617 esse
1386 4562 1622 4618 virtutis
1655 4581 1667 4618 :
1702 4580 1850 4623 non-
1882 4580 1929 4644 Ι)
1963 4562 2138 4628 sanit,
2192 4560 2353 4629 furit,
2406 4559 2657 4631 desipit;
2711 4560 2811 4631 qui
2851 4566 3045 4617 autem
3089 4563 3372 4635 agnoscit,
3406 4563 3607 4637 utique

176 4655 323 4710 nulli
357 4652 801 4711 circumvenire
859 4667 926 4706 ac
957 4650 1152 4706 fallere
1184 4652 1543 4706 arbitrantur
1589 4669 1715 4707 esse
1761 4669 1854 4707 sa-

249 4780 366 4851 (24)
402 4780 633 4835 Eorum
669 4776 768 4851 qui
796 4775 854 4830 in
888 4773 1077 4851 curuli
1107 4774 1855 4851 certamineequosagita-

177 4845 321 4905 bant
348 4845 570 4922 posita
599 4850 659 4903 in
686 4845 800 4902 hoc
832 4851 955 4922 erat
977 4845 1289 4922 industria,
1324 4851 1388 4900 ut
1418 4847 1653 4903 ferventi
1686 4845 1858 4922 equo-

178 4939 312 4975 rum
348 4917 547 4976 éursu
581 4923 697 4974 tam
732 4919 912 4990 perite
951 4917 1269 4990 ﬂecterent
1325 4934 1584 4982 currum,
1638 4923 1700 4971 ut
1727 4917 1857 4989 ejus

174 4993 491 5049 modiolus
551 4988 810 5061 proxime
862 4988 1099 5059 quidem
1154 4989 1497 5061 adimetam
1540 4988 1855 5061 accederet,

175 5065 437 5120 minime
493 5059 697 5117 tamen
752 5076 876 5115 eam
925 5064 1204 5132 tangeret.
1253 5060 1381 5132 Non
1410 5059 1565 5114 enim
1606 5060 1859 5132 impune

172 5135 259 5189 illi
319 5139 476 5196 erat.
532 5133 635 5203 qui
694 5132 753 5186 in
795 5130 1062 5187 eamdem
1129 5130 1488 5201 impegisset.
1558 5130 1858 5202 Siquidem

172 5202 586 5278 contingebat
616 5219 731 5278 non
775 5219 924 5271 raro,
959 5207 1025 5278 ut
1076 5202 1442 5278 frangeretur
1485 5217 1728 5278 currus,
1756 5204 1857 5257 eli—

170 5272 475 5334 derentur
507 5275 875 5346 equi,atque
902 5272 1074 5346 etiam
1095 5272 1391 5346 interdum
1418 5274 1622 5346 auriga
1653 5274 1863 5329 misere

168 5349 643 5406 dilaceraretur.
668 5344 1131 5401 Pseudo-Oresta:
1147 5344 1205 5398 in
1237 5345 1524 5415 ejusmodi
1548 5344 1865 5400 certamine

167 5421 387 5476 laniati
414 5434 638 5474 casum
671 5416 1105 5488 elegantissime
1134 5414 1411 5488 describit
1448 5415 1762 5488 Sophocles
1804 5416 1864 5471 in

167 5492 433 5547 Electra.
473 5489 632 5543 Hinc
661 5486 837 5542 etiam
882 5487 1187 5554 Homerus,
1240 5486 1400 5541 Iliad.
1432 5498 1508 5551 Ψ,
1529 5486 1544 5488 ⁷
1567 5487 1865 5543 Nestorem

163 5562 418 5619 inducit
452 5559 590 5615 ﬁlio
619 5560 854 5613 currum
881 5562 1170 5630 agitaturo
1219 5563 1387 5612 caute
1440 5558 1867 5629 praecipientem

167 5650 294 5708 qua
328 5632 585 5690 ratione
614 5646 794 5708 equos
816 5630 904 5708 all
923 5628 998 5684 eo
1051 5628 1171 5708 regi
1203 5634 1486 5708 oporteat,
1519 5634 1583 5683 ut
1607 5630 1679 5708 ad
1724 5648 1867 5708 ρι-φ-

165 5700 372 5767 mium
405 5700 728 5783 perveniat
756 5700 1100 5760 inoffensus.
1120 5700 1289 5759 later
1319 5703 1524 5757 cetera
1563 5700 1759 5761 autem
1790 5702 1873 5762 ita

1965 4650 2273 4721 resipiscit,
2306 4666 2422 4703 non
2479 4648 2701 4720 respuit
2752 4651 3009 4706 remedia
3057 4651 3345 4721 sanitatis,
3396 4653 3496 4709 sed
3547 4671 3608 4710 se

1966 4779 2300 4831 commonet
2327 4791 2338 4828 :

2120 4894 2197 4936 Ἑν
2229 4890 2388 4951 νύσσῃ
2417 4888 2467 4936 δέ
2496 4905 2570 4937 τοι
2592 4889 2734 4948 ἵππος
2762 4889 3007 4954 ἀριστερὸς
3038 4890 3397 4956 ἐγχριμφθήτω,

2122 4965 2199 5017 Ὡς
2228 4961 2289 5006 ἄν
2317 4976 2392 5007 τοι
2418 4960 2623 5021 πλήμνη
2652 4977 2705 5021 γε
2735 4959 2995 5011 δοάσσεται
3022 4963 3173 5025 ἄκρον
3205 4963 3387 5012 ἱκέσθαι

2126 5030 2317 5079 Κύκλου
2345 5033 2562 5088 ποιητοῖο
2587 5046 2596 5055 ·
2629 5030 2763 5077 λίθου
2795 5031 2835 5078 δ’
2864 5031 3067 5078 ἀλέαθαι
3097 5032 3339 5096 ἐπαυρεῖν,

2126 5102 2304 5159 Μήπως
2328 5101 2503 5157 ἵππους
2530 5117 2581 5147 τε
2611 5101 2817 5163 τρώσῃς,
2849 5102 2974 5148 κατά
3003 5101 3042 5147 0’
3070 5103 3266 5166 ἅρματα
3294 5105 3425 5168 ἄξῃς.

1970 5201 2089 5255 Hoc
2130 5204 2252 5254 est:
2298 5222 2323 5248 ‹‹
2359 5199 2557 5269 Equus
2597 5197 2834 5253 sinister
2862 5204 3139 5270 urgeatur
3160 5201 3229 5255 ad
3264 5206 3503 5268 metam,
3536 5203 3616 5260 ita

1973 5278 2039 5329 ut
2076 5271 2203 5341 ejus
2234 5285 2527 5324 summam
2582 5275 2805 5341 partem
2836 5270 3101 5326 videatur
3146 5272 3449 5329 elaboratae
3482 5281 3616 5331 rotae

1973 5341 2264 5397 modiolus
2294 5346 2550 5419 tangere,
2582 5342 2640 5394 in
2670 5340 2923 5419 lapidem
2977 5359 3109 5398 vero
3146 5360 3256 5399 non
3292 5345 3615 5419 impingat;

1975 5431 2047 5469 ne
2078 5430 2192 5485 quo
2220 5411 2392 5466 modo
2418 5417 2478 5485 et
2501 5427 2681 5481 equos
2710 5411 3001 5485 vulneres,
3052 5420 3106 5469 et
3139 5411 3617 5474 currum-inter;

1975 5482 2420 5554 ram—dejectum
2452 5482 2708 5554 frangas.
2746 5505 2775 5532 »
2812 5484 2966 5539 Idem
3008 5485 3162 5542 infra
3197 5504 3312 5543 non
3344 5488 3618 5546 incruen-

1976 5562 2104 5634 tum
2131 5555 2307 5634 unius
2337 5570 2372 5634 e_
2406 5554 2899 5634 concurrentibus
2930 5556 3160 5629 lapsum
3195 5565 3411 5629 narrat,
3444 5577 3619 5634 quem

1978 5627 2082 5684 tibi
2113 5626 2293 5693 adire,
2328 5626 2377 5682 si
2406 5624 2567 5694 libet,
2600 5624 2749 5682 licet.

2048 5699 2162 5777 (25)
2196 5697 2337 5759 Mss.
2370 5702 2640 5774 quatuor,
2670 5714 2726 5759 se
2751 5702 2914 5776 notis,
2943 5716 3000 5762 se
3028 5702 3219 5774 oculis,
3260 5705 3368 5764 etc.
