3894 6208
341 339 454 411 9H
1809 340 1878 404 S;
1918 334 2292 401 AMBROSII
3589 336 3679 403 ω

343 475 471 547 ipse
546 473 867 546 restringit,
943 474 1183 546 pcenitet
1255 490 1387 527 eum
1464 473 1667 544 culpes,
1746 473 1815 526 de
1867 472 1993 542 ipsa
2024 471 2072 537 Α
2104 471 2367 533 Joannis,
2419 486 2583 525 amas
2608 485 2702 525 me
2753 468 2914 540 (Ibid.
2966 467 3198 540 17)?Et
3226 468 3574 526 contristatus
3598 475 3682 535 est,

347 581 579 635 semper
614 564 849 636 cogitat,
893 565 949 618 et
977 562 1282 636 cogitando
1313 579 1373 617 se
1432 562 1553 633 ipse
1611 562 1980 616 condemnat.
2100 560 2233 631 quia
2266 560 2409 612 dixit
2440 558 2485 613 ei
2512 558 2719 614 tertio:
2753 560 2932 614 Amas
2962 572 3090 627 me;
3118 561 3177 613 et
3196 557 3436 614 dixitei:
3465 557 3682 619 Domine.

343 654 551 709 Justus
616 653 771 708 enim
828 652 887 706 in
957 651 1275 724 primordio
1343 650 1630 706 sermonis
1684 658 1989 705 accusator
2097 649 2295 703 omnia
2342 653 2400 701 tu
2448 647 2583 713 scis,
2638 651 2699 701 tu
2749 647 2899 711 nosti
2949 647 3088 719 quia
3116 664 3248 703 amo
3277 646 3685 719 te(lbid.).nEt

343 745 433 798 est
491 741 604 797 sui.
663 742 770 805 Qui
828 757 889 796 se
950 746 1204 803 accusat,
1231 742 1431 810 justus
1486 745 1616 805 est;
1653 740 1750 810 qui
1786 740 1988 808 justus
2097 738 2319 792 dictum
2354 741 2441 791 est
2470 736 2521 791 ei
2545 735 2701 791 trina
2725 736 2932 791 vicem
2967 736 3144 793 Pasce
3192 752 3324 793 oves
3370 751 3517 790 meas
3556 735 3683 801 (Ibid.

343 834 450 898 est,
506 830 736 886 sobrius
794 835 901 893 est,
962 846 1139 883 sanus
1196 838 1300 884 est.
1363 830 1570 884 Justus
1630 830 1818 883 favere
1875 828 1987 881 sibi
2104 829 2224 889 18');
2278 840 2519 896 sequere
2573 841 2686 889 me,
2720 848 2748 873 ››
2784 824 2953 895 quasi
2996 825 3095 896 qui
3129 829 3425 897 peccatum
3449 824 3687 881 suumni-

342 918 546 984 nescit,
596 918 846 990 rigorem
894 918 1100 987 judicii
1152 919 1327 972 etiam
1378 919 1531 972 circa
1580 934 1641 972 se
1682 934 1796 971 non
1831 917 1990 970 novit
2099 915 2217 968 mia
2237 912 2515 968 cbaritate
2537 913 2792 968 texisset.
2823 914 2938 968 Nec
2957 913 3140 970 otiose
3161 917 3295 986 post
3313 912 3686 969 confessionem

341 1006 653 1075 inflectere,
696 1006 1157 1061 recordationem
1201 1007 1401 1077 lapsus
1463 1006 1677 1077 proprii
1748 1005 1988 1077 perhor—
2100 1003 2290 1056 nimia:
2334 1000 2637 1056 charitatis
2661 1002 2905 1071 jubetur
2932 1001 3160 1072 plebem
3191 1016 3403 1073 regere,
3434 1000 3690 1072 quietiam

340 1095 536 1162 rescit,
554 1100 613 1150 et
628 1096 1012 1150 commissum
1027 1095 1849 1159 erubesciterrorem,omnem
1864 1095 1991 1163 ejus
2095 1092 2369 1145 turbatus
2402 1108 2515 1144 non
2550 1090 2845 1155 amiserat,
2878 1089 3371 1161 quemadmodum
3402 1090 3517 1160 ipse
3542 1105 3597 1146 se
3620 1105 3691 1143 re-

342 1184 689 1239 memoriam
748 1189 936 1254 pavet,
1010 1183 1237 1248 metuit,
1313 1183 1649 1238 reformidat
1688 1201 1699 1248 ;
1755 1199 1987 1251 gravem
2098 1183 2305 1249 geret?
2336 1179 2462 1233 Haec
2480 1182 2714 1249 propter
2742 1179 2990 1250 gratiam
3036 1178 3292 1233 diximus
3321 1176 3614 1244 charitatis,
3641 1193 3691 1232 eo

343 1272 454 1326 sibi
490 1288 551 1327 se
594 1272 837 1340 judicat,
898 1289 958 1326 se
1008 1272 1202 1342 ipsum
1251 1272 1535 1325 arbitrum
1588 1270 1819 1341 refugit,
1885 1287 1989 1323 nec
2100 1267 2249 1338 quod
2285 1272 2586 1337 peccatum
2634 1272 2807 1337 tegat.
2865 1266 3127 1337 Denique
3174 1263 3435 1322 nonnulli
3475 1265 3588 1321 ideo
3613 1264 3693 1319 tri-

341 1377 471 1416 esse
527 1360 638 1415 sibi
697 1360 869 1415 audet
925 1360 1320 1425 committere;
1382 1360 1535 1431 quod
1593 1358 1822 1413 nullum
1883 1375 1989 1429 pu-
2102 1372 2237 1409 nam
2268 1355 2780 1426 interrogationem
2813 1353 3140 1409 dilectionis
3190 1355 3400 1409 factam
3427 1369 3544 1409 esse
3569 1353 3694 1408 dixe-

342 1453 429 1503 tat
467 1448 577 1503 sibi
632 1464 760 1502 esse
807 1448 1150 1518 graviorem,
1201 1464 1378 1519 quam
1424 1464 1557 1503 eum
1592 1463 1764 1517 quem
1814 1446 1990 1501 latere
2101 1449 2256 1509 runt,
2287 1443 2424 1513 quia
2454 1443 2607 1498 trina
2657 1443 2846 1498 fuerat
2906 1444 3175 1515 negatio;
3211 1448 3274 1497 ut
3322 1442 3478 1499 trina
3506 1441 3696 1513 lapsum

346 1553 461 1591 non
520 1536 724 1607 possit,
775 1536 975 1591 fallere
1034 1552 1147 1590 non
1208 1540 1406 1607 queat,
1461 1537 1657 1607 fugere
1716 1552 1782 1589 ac
1812 1536 1993 1589 vitare
2102 1532 2426 1603 negationis
2462 1532 2743 1603 professio
2774 1532 3077 1587 charitatis
3114 1532 3288 1588 toties
3317 1532 3551 1603 repetita
3574 1530 3699 1586 dele-

346 1641 459 1680 non
500 1624 766 1695 reperiat,
820 1624 931 1679 nisi
982 1628 1049 1679 ut
1100 1640 1160 1679 se
1211 1625 1321 1679 sibi
1356 1626 1618 1696 abneget,
1675 1630 1730 1678 et
1762 1624 1989 1678 Domini
2106 1626 2207 1674 ret.

346 1729 576 1769 crucem
609 1712 776 1768 tollat
802 1716 933 1783 (20‘).
2756 1736 2984 1791 CAPUT
3026 1737 3089 1791 Χ.

419 1803 1263 1920 ίῗζὲῗεῃῗηηῖῗηῗξῃῗξῗ
1318 1808 1993 1920 ff"§f{‘f',“j?”;ﬂa§§a
2024 1841 2070 1906 Β
2100 1853 2269 1907 David
2301 1855 2423 1907 licet
2457 1853 2663 1920 leg/ibas
2721 1852 2975 1906 humanis
3031 1852 3288 1919 liberum,
3338 1869 3394 1907 .se
3420 1855 3585 1907 tamen
3619 1852 3699 1906 Deo

348 1890 656 1963 supplicia.
720 1890 1029 1945 Timebant
1084 1891 1265 1945 Adam
1324 1896 1378 1945 et
1420 1892 1569 1957 Eva;
1604 1897 1660 1946 et
1718 1892 1886 1945 cuml

2164 1888 2268 1907 ιιριιι
2301 1888 2423 1907 me.
2457 1888 2661 1920 ιιυιυιω
3031 1888 3288 1919 um,
3338 1888 3391 1907 σο
3420 1888 3585 1907 mm...
3619 1888 3699 1906 μου

2175 1926 2465 1994 su'vjcrisse
2495 1926 2586 1976 vui
2621 1924 2728 1977 sali
2780 1927 3060 1992 peccavit;
3115 1928 3165 1977 ct
3230 1927 3364 1995 quot
3402 1923 3563 1979 modis
3600 1923 3702 1977 ulti-

347 1978 492 2031 mini
545 1992 744 2032 vocem
806 1978 863 2030 in
922 1978 1193 2048 paradiso
1252 1979 1610 2032 ambulantis
1663 1979 1885 2033 audieri

2174 1978 2325 2049 main
2358 1997 2453 2055 hoc
2500 1978 2941 2060 inmlligm‘dum.
2992 1978 3253 2065 Magnum'
3285 1978 3459 2050 scelus
3485 1978 3704 2066 praesente

346 2064 660 2136 cupiebant
714 2082 776 2120 se
831 2066 1208 2127 abscondere,
1270 2084 1417 2136 quos
1470 2083 1639 2121 nemo
1680 2068 1992 2137 quaerebat.
2176 2070 2278 2121 Uro
2306 2066 2683 2148 peccare..Qui
2707 2074 3042 2148 pcqcatorem
3069 2064 3125 2147 se
3179 2074 3356 2148 neget,

2178 2156 2236 2191 eo
2264 2135 2513 2192 accusari
2546 2139 2722 2206 [psmn
2775 2137 2968 2199 Deum,
2999 2139 3157 2208 cujus
3183 2139 3452 2208 patientia
3479 2140 3526 2191 et
3564 2135 3705 2208 mode-

2179 2218 2321 2262 ralm
2367 2208 2792 2262 commendatur.
2850 2208 2926 2262 Ad
2974 2207 3093 2264 haec
3136 2208 3309 2263 Deum
3354 2207 3420 2262 ab
3464 2208 3552 2263 illo
3577 2207 3706 2263 etiam

2168 2281 2489 2351 jusfiﬁrari,
2522 2282 2617 2352 qui
2643 2280 3025 2350 parm'tentiam
3057 2283 3184 2349 agat
3215 2281 3435 2335 erroris.

344 2154 482 2209 Cain
542 2170 775 2226 quoque
828 2155 1128 2208 metuebat
1184 2172 1254 2209 ne
1311 2155 1504 2209 omnis
1562 2172 1695 2209 cum
1750 2158 1994 2225 quicun-

346 2258 459 2314 que
516 2242 821 2307 inveniret,
881 2243 1168 2298 occideret
1205 2260 1217 2297 :
1260 2244 1341 2296 ita
1392 2244 1451 2297 in
1506 2260 1568 2297 se
1614 2245 1738 2315 ipse
1780 2245 1999 2298 terebat

347 2331 721 2397 sententiam,
765 2331 918 2401 quod
977 2332 1193 2402 dignus
1232 2336 1387 2385 esset
1425 2333 1515 2386 cui
1564 2332 1761 2387 nullus
1802 2334 1998 2404 ignos-

349 2424 523 2474 ceret.
566 2419 729 2475 Unde
770 2419 914 2473 bene
955 2418 1069 2473 ait:
1118 2442 1145 2468 ‹‹
1185 2421 1254 2473 Et
1291 2420 1569 2475 delictum
1624 2438 1819 2475 meum
1862 2438 1998 2475 con-
2176 2422 2266 2476 5|.
2300 2422 2593 2491 Sequitur,
2622 2444 2647 2471 ‹‹
2708 2420 2835 2475 Tibi
2890 2419 2999 2475 soli
3049 2421 3279 2492 peccavi
3333 2421 3498 2491 (Psal.
3528 2420 3660 2491 L,6}.
3686 2440 3706 2465 υ

348 2511 442 2563 tra
481 2524 574 2563 me
613 2511 703 2562 est
742 2523 993 2579 semper,
1027 2530 1053 2556 »
1094 2508 1200 2562 hoc
1240 2514 1348 2571 est,
1391 2511 1515 2563 sine
1555 2509 1854 2564 intervallo
1895 2508 1999 2563 ali-
2111 2511 2229 2564 Rex
2261 2510 2459 2580 utique
2481 2515 2622 2574 erat,
2657 2508 2835 2565 nullis
2866 2508 2989 2580 ipse
3020 2509 3249 2581 legibus
3272 2511 3583 2576 tenebatur,
3604 2505 3711 2580 quis

350 2613 465 2669 quo
532 2596 852 2652 recordatio
910 2603 968 2651 et
1025 2599 1247 2668 species
1301 2598 1427 2667 ipsa
1486 2599 1600 2653 mei
1656 2615 1748 2653 me
1787 2599 2001 2653 erroris
2109 2598 2273 2652 liberi
2336 2604 2475 2653 sunt
2532 2614 2760 2668 regesa
2813 2597 3066 2655 vinculis
3120 2596 3509 2665 delictorum;
3562 2610 3709 2667 neque

340 2685 716 2758 impugnant.
785 2687 1099 2741 Considera
1155 2689 1447 2758 quomodo
1511 2706 1617 2742 nos
1655 2689 1997 2751 confundat,
2110 2688 2265 2741 enim
2300 2686 2436 2740 ullis
2493 2688 2562 2741 ad
2623 2704 2851 2758 pcnnam
2909 2690 3193 2759 vocantur
3222 2686 3473 2759 legibus,
3502 2685 3602 2742 tuti
3626 2684 3709 2740 sub

350 2791 483 2829 cum
522 2773 743 2846 aliquid
785 2763 1161 2845 deliquimus,
1205 2764 1497 2847 quomodo
1564 2777 1821 2830 incurset
1860 2793 1999 2830 ocu-
2111 2775 2339 2845 imperii
2376 2782 2673 2845 μοιωειειίθ.
2737 2776 2968 2831 Homini
3027 2758 3163 2848 ergo
3208 2758 3330 2831 non
3361 2778 3615 2847 peccavit,
3639 2771 3708 2843 cui

347 2861 457 2929 los,
520 2864 811 2933 quomodo
866 2880 925 2916 1n
992 2864 1338 2917 memoriam
1414 2880 1645 2934 semper
1720 2870 1999 2919 recurrat.
2111 2881 2227 2919 non
2257 2864 2564 2917 tenebatur
2593 2864 2899 2919 obnoxius.
2934 2864 3041 2919 Sed
3078 2864 3350 2935 quamvis
3378 2868 3537 2918 tutus
3560 2862 3706 2933 impe-

342 2952 525 3015 Quem
564 2950 863 3005 commissi
891 2951 1045 3008 εει
1085 2952 1282 3022 pudet,
1325 2952 1507 3006 nescit
1545 2959 1743 3024 postea
1781 2953 2001 3025 aliquid
2112 2954 2218 3013 rio,
2250 2953 2553 3006 devotione
2572 2955 2765 3007 tamen
2790 2969 2855 3007 ac
2876 2953 2989 3008 fide
3017 2956 3142 3007 erat
3189 2952 3310 3008 Deo
3362 2952 3645 3008 subditus:
3669 2952 3709 3003 et

336 3038 453 3094 tale
493 3038 876 3107 committere,
900 3041 1073 3095 .unde
1113 3039 1385 3095 similiter
1426 3042 1755 3096 erubescat.
2110 3042 2221 3112 legi
2255 3045 2382 3108 ejus
2413 3041 2741 3111 subjectum
2773 3057 2834 3095 se
2883 3057 3011 3096 esse
3042 3056 3427 3113 cognoscens,
3460 3042 3708 3112 peccatum

424 3128 510 3182 49.
563 3127 840 3182 Prmcedit
877 3134 1072 3183 autem
1141 3128 1441 3199 iniquitas,
1484 3138 1785 3200 peccatum
1809 3133 2001 3203 sequi-
2112 3147 2288 3186 suum
2348 3145 2557 3201 negare
2609 3146 2724 3184 non
2778 3134 3040 3200 poterat;
3096 3130 3196 3185 sed
3248 3130 3421 3202 quasi
3462 3145 3583 3184 reus
3609 3141 3710 3183 cum

350 3222 464 3272 tur.
498 3216 680 3273 Radix
710 3221 797 3271 est
828 3216 1128 3288 iniquitas,
1164 3220 1273 3285 (27)
1308 3219 1530 3272 fructus
1563 3226 1755 3273 autem
1788 3221 2002 3277 radicis
2032 3208 2073 3274 Ε
2113 3218 2501 3274 amaritudine
2533 3218 2843 3284 fatebatur,
2876 3219 2976 3289 qui
3002 3218 3177 3274 sciret
3206 3218 3527 3289 majoribus
3553 3218 3708 3271 vincu-

350 3311 438 3361 est
469 3304 661 3378 culpa.
697 3305 856 3360 Unde
890 3306 1113 3361 videtur
1142 3306 1421 3378 iniquitas
1454 3308 1522 3361 ad
1548 3308 1759 3363 mentis
1781 3308 1997 3380 impro-
2107 3307 2179 3362 lis
2226 3325 2287 3363 se
2334 3307 2535 3371 teneri,
2582 3307 2721 3377 quia
2773 3308 2997 3376 majora
3023 3307 3282 3372 deberet,
3318 3306 3585 3379 quoniam
3612 3302 3709 3375 plus

348 3394 593 3450 bitatem
634 3394 855 3463 referri,
900 3401 1203 3466 peccatum
1263 3397 1334 3449 ad
1393 3396 1821 3467 prolapsionem
1871 3415 1996 3452 cor-
2105 3396 2178 3449 ab
2210 3412 2274 3450 eo
2300 3394 2567 3465 exigitur,
2591 3395 2683 3448 cui
2712 3394 2842 3466 plus
2875 3394 3262 3455 commissum
3292 3399 3401 3450 est.
3437 3395 3707 3449 Possumus

348 3483 525 3553 poris.
589 3482 829 3537 Gravior
886 3484 1167 3555 iniquitas
1220 3490 1501 3555 tanquam
1560 3485 1803 3540 materia
1866 3503 1995 3557 pec-
2105 3484 2278 3538 etiam
2311 3489 2365 3538 et
2424 3483 2503 3537 ita
2559 3482 2841 3554 accipere.
2910 3483 3049 3547 Quis
3109 3500 3203 3539 me
3261 3484 3556 3554 dijudicat,
3606 3494 3707 3535 cum

347 3575 651 3638 catorum;
686 3572 866 3627 levius
925 3578 1246 3643 peccatum.
1281 3573 1541 3644 Denique
1584 3574 1863 3645 iniquitas
1899 3593 1997 3647 per
2104 3588 2306 3627 omnes
2349 3572 2457 3627 sub
2490 3578 2722 3642 peccato
2754 3572 2917 3627 sint?
2948 3571 3209 3644 Denique
3241 3573 3522 3628 Dominus
3550 3571 3611 3625 de
3635 3568 3708 3621 illa

254 3706 257 3709 .
345 3658 642 3714 lavacrum
692 3659 1027 3726 remittitur,
1082 3667 1385 3732 peceatum
1434 3662 1649 3731 tegitur
1704 3664 1873 3717 bonis
1904 3666 1995 3718 t'a-
2103 3660 2401 3715 adultera:
2434 3684 2458 3709 ‹‹
2514 3659 2622 3722 Qui
2671 3661 2796 3716 sine
2843 3665 3098 3731 peccato,
3154 3660 3370 3732 inquit,
3422 3666 3528 3725 est,
3590 3656 3711 3730 prior

347 3748 477 3809 etis,
531 3752 588 3802 et
616 3751 897 3819 tanquam
930 3748 1059 3803 aliis
1104 3752 1214 3817 (28)
1260 3749 1533 3820 operibus
1588 3751 1990 3806 obumbratur.
2101 3749 2320 3821 lapidet
2368 3750 2521 3805 693
2578 3766 2706 3803 eam
2760 3752 2936 3818 (Joan.
2987 3767 3087 3814 vn,
3136 3750 3218 3819 7).
3255 3774 3275 3798 ι»
3329 3752 3397 3805 Et
3432 3764 3589 3805 nemo
3614 3760 3711 3802 eam

344 3835 507 3891 Unde
528 3836 674 3891 bene
696 3835 1997 3909 suprahicipseait:«Beatiquorumremis-
2100 3837 2397 3909 lapidavit.
2460 3838 2576 3892 Hoc
2636 3839 2815 3909 igitur
2872 3839 2952 3892 ait
3005 3837 3334 3909 PrOpheta:
3368 3860 3396 3887 «
3457 3836 3577 3892 Tibi
3624 3831 3709 3889 soli

345 3942 421 3980 sa:
471 3929 611 3980 sunt
639 3924 1000 3996 iniquitates,
1034 3931 1089 3979 et
1117 3943 1365 3996 quorum
1400 3932 1549 3980 tecta
1590 3932 1728 3981 sunt
1761 3934 1995 3999 peccata
2102 3926 2349 3997 peccavi,
2385 3950 2413 3974 ››
2446 3928 2545 3997 qui
2594 3926 2756 3983 solus
2805 3927 2930 3982 sine
2977 3931 3214 3998 peccato
3261 3943 3350 3983 es.
3412 3926 3515 3990 Ουὶ
3555 3929 3709 3980 ἃιιιθω

342 4015 511 4082 (Psal.
550 4030 701 4081 xxxx,
738 4014 810 4084 1).
838 4037 865 4063 ››
897 4013 1164 4069 Charitas
1194 4014 1346 4069 enim
1380 4016 1686 4070 abscondit
1715 4034 1988 4086 errorem,
2100 4024 2332 4087 peccato
2363 4016 2649 4070 obnoxius
2679 4020 2786 4082 est,
2812 4015 2981 4087 quasi
3004 4021 3371 4087 peccatorem
3405 4032 3517 4071 non
3558 4012 3711 4085 potest

340 4107 397 4157 et
422 4102 609 4174 operit
656 4102 1095 4158 multitudinem
1121 4108 1509 4173 peccatorum.
1546 4104 1728 4159 Multa
1759 4122 1990 4177 quoque
2091 4104 2378 4174 judicare.
2416 4103 2833 4159 lnexcusabilis
2880 4108 2969 4159 est
2998 4103 3155 4158 enim
3210 4104 3411 4161 omnis
3441 4103 3601 4157 homo
3630 4095 3710 4170 qui

340 4192 596 4247 cbaritas
641 4193 887 4247 remittit
934 4193 1107 4247 etiam
1162 4192 1290 4264 ipsa
1341 4199 1592 4262 peccata,
1647 4196 1800 4249 sicut
1847 4195 1989 4248 scri-
2100 4194 2158 4247 in
2191 4192 2302 4247 alio
2333 4210 2399 4247 ea
2448 4210 2575 4264 qua:
2607 4193 2890 4264 agitipse,
2925 4192 3319 4260 condemnat;
3355 4194 3412 4248 in
3453 4206 3560 4264 quo
3585 4185 3708 4244 enim

338 4284 504 4353 ptum
534 4286 625 4336 est
656 4280 725 4336 de
783 4281 1045 4347 muliere,
1096 4298 1221 4352 quae
1280 4299 1455 4354 super
1497 4282 1804 4337 Dominum
1842 4285 1991 4338 fudit
2099 4284 2279 4337 alium
2320 4282 2567 4355 judicat,
2624 4282 3007 4353 semetipsum
3063 4281 3387 4351 adjudicat.
3420 4305 3447 4330 ι(
3481 4278 3616 4346 Tibi,
3643 4276 3710 4329 in-

338 4373 743 4441 unguentum:
782 4392 809 4420 «
844 4370 1112 4426 Remissa
1141 4375 1282 4425 sunt
1336 4375 1572 4441 peccata
1613 4373 1741 4441 eius
1781 4371 1985 4437 multa,
2098 4373 2245 4443 quit,
2270 4371 2521 4441 peccavi,
2553 4374 2609 4425 et
2640 4369 2860 4425 malum
2883 4386 3077 4426 coram
3110 4373 3166 4425 te
3192 4370 3343 4437 feci;
3378 4375 3441 4424 ut
3463 4365 3706 4440 justiﬁes-

340 4460 618 4528 quoniam
653 4458 852 4513 dilexit
883 4458 1133 4512 multum
1168 4460 1317 4529 (Luc.
1356 4477 1457 4525 vn,
1489 4460 1599 4530 47).
1640 4483 1665 4507 ››
2098 4460 2178 4514 ris
2211 4459 2269 4513 in
2328 4458 2698 4513 sermonibus
2754 4457 2893 4523 tuis,
2948 4462 3005 4512 et
3058 4457 3259 4513 vincas
3292 4475 3431 4513 cum
3462 4451 3709 4527 judicuis

408 4548 497 4600 50.
529 4551 675 4600 Sunt
723 4547 899 4600 etiam
942 4547 1041 4618 qui
1091 4546 1378 4618 accipiant
1429 4549 1681 4617 priorem
1733 4550 1985 4605 versicu-
2017 4577 2064 4641 D
2096 4548 2268 4617 (Psal.
2304 4566 2357 4614 L,
2390 4548 2463 4616 6).
2504 4569 2529 4595 ››
2562 4546 2691 4601 Tibi
2725 4547 2976 4618 peccavi,
3010 4546 3110 4618 qui
3143 4562 3235 4601 me
3266 4547 3342 4603 ad
3366 4544 3588 4601 virtutis
3612 4546 3707 4641 stu:

336 4634 460 4689 lum
493 4635 564 4688 de
596 4633 822 4689 lavacro
849 4652 995 4705 esse,
1022 4638 1346 4689 secundum
1379 4637 1449 4689 de
1479 4638 1833 4706 pmnitentia.
1864 4640 1987 4703 Qua
2017 4625 2061 4641 u
2095 4637 2191 4691 dia
2214 4636 2558 4707 provocasti,
2612 4634 2710 4705 qui
2744 4651 2836 4689 me
2867 4633 3112 4689 erudisti
3145 4635 3204 4689 in
3255 4636 3387 4708 lege
3408 4641 3526 4688 tua.
3551 4654 3575 4682 (ί
3604 4625 3707 4683 Tibi

334 4723 512 4778 etiam
542 4723 730 4794 gratia
760 4724 962 4776 Petrus
994 4724 1091 4792 qui
1126 4729 1259 4778 ante
1310 4725 1495 4777 fuerat
1516 4724 1864 4795 baptizatus,
1897 4727 1984 4781 in-
2094 4724 2198 4780 soli
2217 4724 2508 4796 peccavi,»
2531 4740 2702 4794 quem
2724 4722 2917 4777 solum
2938 4722 3281 4778 abscondita
3304 4721 3706 4795 cogitationum,

333 4817 682 4884 terrogatur,
717 4816 1025 4882 postquam
1058 4811 1218 4865 visus
1249 4816 1337 4865 est
1364 4812 1675 4866 Dominum
1699 4830 1979 4884 negasse:
2091 4819 2147 4868 et
2175 4812 2386 4867 mentis
2420 4811 2645 4867 occulta
2674 4829 2788 4866 non
2823 4810 3055 4867 fallunt.
3495 4857 3498 4861 .

332 4924 361 4951 «
396 4902 598 4957 Simon
623 4900 892 4965 Joannis,
944 4900 1140 4972 diligis
1188 4917 1279 4955 me
1305 4900 1332 4954 ?
1364 4900 1517 4955 Dixit
1559 4902 1606 4955 ei
1636 4920 1648 4956 :
1680 4901 1891 4974 Utique
1918 4910 1980 4959 tu
2160 4904 2247 4956 52.
2284 4925 2311 4951 «
2347 4902 2414 4956 Et
2473 4900 2694 4956 malum
2754 4917 2949 4955 coram
3004 4904 3061 4956 te
3118 4900 3246 4969 feci,
3284 4924 3315 4949 ››
3349 4915 3524 4971 quem
3552 4895 3704 4952 solum

330 4991 468 5057 scis,
502 4991 767 5059 Domine,
821 4990 960 5061 quia
1007 4989 1185 5062 diligo
1228 4995 1281 5044 te
1331 4992 1508 5061 (Joan.
1566 5008 1659 5056 xx,
1708 4994 1814 5062 15).
1852 5016 1878 5042 ››
1915 4995 1979 5049 Et
2091 4990 2473 5046 sanctificatio
2525 4990 2712 5045 decet.
2755 4988 3020 5054 Hominis
3050 4989 3463 5045 testimonium
3492 4983 3707 5044 dedim-

326 5080 540 5136 iterum
569 5080 998 5151 interrogatur:
1024 5104 1051 5129 ‹‹
1087 5079 1285 5134 Simon
1319 5080 1581 5144 Joannis,
1615 5080 1812 5152 diligis
1844 5099 1934 5138 me
1954 5083 1981 5136 ί]
2090 5097 2244 5148 mus,
2272 5084 2328 5134 et
2350 5080 2408 5134 in
2432 5083 2743 5151 conspectu
2768 5083 2868 5134 tuo
2894 5094 2962 5133 ea
2990 5095 3115 5150 quis
3143 5082 3284 5133 sunt
3315 5078 3555 5151 indigna
3580 5086 3704 5129 com-

328 5169 487 5241 (lbid.
524 5170 660 5241 16)?
694 5193 721 5219 ››
753 5170 822 5224 Et
853 5170 1065 5224 iterum
1099 5171 1434 5241 respondit:
1471 5195 1493 5217 ‹‹
1531 5170 1614 5223 Tu
1666 5170 1781 5225 scis
1838 5174 1978 5243 quia
2084 5170 2397 5224 mittimus.
2454 5167 2676 5239 Injuria
2736 5172 2824 5223 est
2882 5167 3103 5223 homini
3163 5170 3431 5239 spectare
3500 5159 3704 5236 ﬂagitia-

327 5273 458 5314 amo
497 5261 554 5313 te
608 5258 812 5330 (Ibid).
850 5281 876 5307 ››
910 5258 976 5313 Et
1034 5259 1202 5313 tertio
1252 5259 1679 5328 interrOgatui-z
1713 5284 1738 5308 ‹‹
1775 5260 1975 5317 Simon
2085 5260 2269 5314 Deum
2302 5258 2587 5314 arbitrum
2636 5257 2903 5313 omnium
2951 5273 3079 5313 esse
3112 5256 3357 5323 scimus,
3420 5259 3479 5312 et
3517 5270 3579 5310 eo
3604 5251 3703 5322 ipso

399 5398 638 5484 g26)nSIic
668 5399 1056 5484 edit.‘oinncs‘
1096 5417 1161 5484 ac
1211 5399 1471 5484 plerique
1504 5418 1646 5484 mss:
1678 5404 1750 5455 At
1778 5403 1969 5484 Corn,
2295 5401 2612 5484 Editavetr,
2650 5401 2804 5455 bonis
2833 5401 2993 5484 factis
3024 5407 3287 5484 tanquam
3316 5398 3523 5484 malis:

327 5466 646 5543 Alb.,‘Ebr.
708 5474 765 5524 et
822 5469 986 5524 Vino.
1044 5466 1296 5525 habent:
1334 5466 1451 5525 nisi
1508 5477 1563 5525 ut
1594 5474 1890 5529 obnoxium
1919 5466 1973 5532 δὲ
2081 5466 2256 5541 edit,
2323 5475 2372 5527 et
2453 5472 2646 5543 ὺοηίδ⁸
2709 5473 2964 5543 operibus
3057 5466 3321 5541 tauquam
3610 5473 3699 5543 n93

325 5537 671 5619 conscientia
725 5542 984 5607 fateatur.
1068 5543 1261 5611 Magna
1332 5544 1602 5614 supplicia
1687 5547 1969 5619 timebant,
2080 5532 2254 5619 male.
2287 5546 2561 5600 Attamen
2594 5532 2856 5616 plerique
2888 5559 3091 5599 omnes
3131 5532 3272 5597 mss.
3310 5539 3611 5598 nobiscum
3633 5532 3698 5590 fs-

327 5612 512 5759 euZ‘h)
544 5675 682 5735 Mss.
717 5677 958 5749 aliquot,
1008 5684 1222 5739 Peccati
1249 5683 1417 5742 vadix
1446 5685 1728 5761 iniquitas.
2082 5620 2265 5674 munt"
