3894 6208
196 362 300 436 918

1267 343 1661 431 Arctoam
1702 364 2149 432 euersam
2190 366 2455 467 pavm.

3446 338 3567 433 sit

194 508 340 572 teste,
369 513 704 575 peccamus:
735 500 794 556 et
818 501 1016 557 tamen
1046 498 1103 557 in
1146 498 1237 556 his
1287 502 1647 573 justiﬁoatur
1678 520 1803 558 ma-
1833 505 1887 570 Α
1918 505 2470 562 commemoratione
2499 508 2838 573 conventus,
2880 518 3015 560 cum
3064 500 3284 560 videret
3329 499 3566 560 inferio-

192 593 270 668 gis
295 590 558 649 Dominus
598 588 754 645 Deus
804 592 1035 657 noster;
1091 589 1231 660 quia
1284 590 1571 657 injustitia
1615 598 1812 647 nostra

190 679 574 753 Deijustitiam
604 677 995 739 commendat.
1030 683 1088 732 et
1118 679 1490 734 mendacium
1538 686 1806 735 nostrum

186 768 515 828 concelebrat
542 767 844 823 veritatem
875 766 997 822 Dei.
1052 766 1139 823 Sit
1192 767 1348 823 enim
1406 768 1561 823 Deus
1613 785 1803 837 verax,

187 858 352 916 omnis
380 864 565 912 autem
595 854 771 910 homo
805 854 1077 909 mendax.

245 947 323 1003 53.
346 969 371 996 «
404 945 473 1001 Ut
492 943 835 1015 justiﬁceris
885 943 945 998 in
1004 944 1375 1000 sermonibus
1431 945 1570 1001 tuis.
1614 968 1640 993 ››
1672 946 1803 1000 Scr-

187 1050 364 1093 mones
383 1032 480 1089 Dei
507 1031 661 1105 pleni
688 1032 949 1088 veritatis
979 1036 1119 1088 sunt
1148 1037 1321 1103 atque
1345 1033 1609 1104 justitias,
1642 1033 1803 1089 ideo-

187 1135 282 1197 que
304 1139 430 1179 vera
457 1126 592 1177 sunt
612 1137 971 1193 quaecunque
1002 1119 1230 1176 locutus
1272 1125 1360 1174 est
1406 1121 1691 1177 Dominus
1731 1122 1801 1177 de

184 1212 462 1286 fragilitate
485 1211 763 1276 humana,
797 1210 936 1281 quia
966 1209 1309 1265 inclinatum
1350 1215 1439 1264 est
1471 1227 1569 1264 cor
1598 1227 1797 1265 eorum

183 1301 242 1357 ad
269 1299 592 1371 nequitiam,
623 1299 943 1371 propendet
973 1298 1043 1353 ad
1070 1298 1332 1352 fraudem
1357 1316 1370 1363 ;
1404 1304 1460 1352 et
1491 1300 1628 1370 quia
1658 1300 1800 1353 deii-

183 1389 306 1445 nivit
326 1407 388 1444 eo
409 1389 559 1461 quod
593 1404 706 1443 non
738 1387 816 1441 sit
844 1387 1018 1442 homo
1050 1386 1149 1458 qui
1182 1403 1294 1440 non
1330 1392 1556 1457 peccet:
1588 1411 1615 1436 (ι
1656 1388 1797 1442 0m—

179 1487 267 1534 nes
293 1477 437 1545 enim
463 1476 917 1541 declinaverunt,
948 1479 1006 1531 et
1035 1474 1273 1530 inutiles
1298 1475 1438 1530 facti
1464 1481 1601 1531 sunt
1621 1478 1794 1543 (Psal.

178 1582 285 1632 xm,
316 1566 384 1635 3).
416 1587 444 1615 n
478 1566 613 1620 Ideo
637 1564 817 1618 vincit
848 1563 1331 1634 dumjudicatur,
1365 1564 1642 1635 quoniam
1672 1582 1799 1635 pro-

174 1654 404 1726 lapsione
434 1654 836 1709 universorum
871 1652 1134 1724 probavit
1162 1652 1525 1723 q’uzecunque
1575 1653 1646 1707 de
1693 1670 1796 1707 no-

173 1749 278 1798 stra
304 1742 577 1813 judicavit
609 1740 855 1796 fallacia.
888 1740 1037 1811 Ergo
1068 1739 1117 1795 si
1150 1740 1469 1795 dixerimus
1502 1740 1639 1812 quia
1683 1741 1794 1795 ini-

175 1831 429 1904 quitatem
454 1829 1123 1901 fecimus,justificamus
1140 1830 1318 1884 Deum
1342 1830 1401 1884 in
1424 1829 1793 1885 sermonibus

175 1918 391 1988 suis;si
419 1924 620 1976 autem
679 1918 998 1974 dlxerimus
1056 1918 1196 1989 quia
1259 1935 1375 1972 non
1429 1919 1796 1989 peccavimus

173 2008 484 2065 mendacem
534 2007 785 2063 facimus
842 2006 1065 2061 Deum:
1128 2006 1229 2061 sed
1290 1993 1655 2077 impossibile
1709 2009 1798 2061 est

170 2096 380 2152 mentiri
410 2113 544 2151 eum
578 2114 590 2163 ;
625 2112 731 2151 nos
755 2095 937 2166 igitur
976 2110 1179 2150 omnes
1226 2094 1335 2149 sub
1389 2098 1624 2164 peccato
1669 2110 1796 2149 esse

171 2184 520 2241 manifestum
550 2190 660 2240 est.

228 2271 309 2326 54.
339 2273 635 2337 Quantum
667 2270 845 2343 igitur
870 2270 1113 2335 crimen,
1138 2273 1201 2324 ut
1230 2268 1404 2324 homo
1440 2274 1794 2341 pcccatorem

169 2376 222 2416 se
240 2360 440 2432 neget?
460 2358 751 2424 Quoniam
776 2362 1063 2429 quantum
1085 2357 1145 2412 in
1168 2357 1293 2429 ipso
1316 2363 1405 2413 est
1443 2359 1662 2413 summi
1694 2359 1794 2413 Dei

165 2448 370 2504 videtur
400 2464 645 2520 arguere
674 2463 740 2503 ac
770 2446 1021 2501 refutare
1077 2445 1448 2501 mendacium
1507 2448 1641 2517 (29),
1695 2447 1795 2518 qui

165 2540 271 2592 tam
299 2537 636 2593 moderatus
666 2540 722 2591 et
750 2535 977 2607 patiens
1007 2542 1116 2602 est,
1148 2541 1214 2589 ut
1243 2535 1433 2590 vincat
1464 2551 1598 2590 cum
1635 2535 1795 2605 judi-

166 2630 331 2681 catur.
353 2625 522 2681 Venit
540 2624 702 2680 enim
735 2625 806 2678 ad
831 2624 1123 2694 judicium
1156 2624 1310 2678 Deus
1341 2628 1397 2678 et
1425 2624 1602 2679 dicit:
1631 2645 1657 2673 ‹‹
1693 2624 1795 2679 Ρο-

166 2713 288 2785 pule
315 2731 499 2780 meus,
534 2713 682 2786 quid
714 2712 819 2768 feci
860 2711 989 2779 tibi,
1034 2717 1136 2767 aut
1178 2711 1316 2783 quid
1349 2711 1684 2767 eontristavi
1723 2719 1794 2777 te,

168 2805 255 2856 aut
279 2802 414 2874 quid
446 2801 734 2858 molestus
764 2800 846 2855 fui
880 2800 983 2855 tibi
1009 2804 1031 2856 Ρ
1059 2799 1205 2864 Quia
1229 2800 1399 2855 eduxi
1434 2806 1490 2855 te
1528 2801 1598 2854 de
1646 2805 1799 2855 terra

167 2890 395 2963 (Egypti,
429 2897 488 2947 et
519 2891 596 2946 de
632 2890 804 2945 domo
835 2888 1131 2944 servitutis
1161 2888 1398 2943 liberavi
1445 2893 1517 2956 te,
1553 2894 1609 2944 et
1665 2888 1797 2943 misi

164 2983 286 3034 ante
342 2979 550 3036 faciem
611 2982 775 3034 tuam
833 2978 1090 3050 Moysen,
1147 2980 1359 3044 Aaron,
1418 2983 1475 3033 et
1533 2978 1795 3042 Mariam,

162 3064 318 3123 Plebs
348 3084 495 3133 mea,
531 3067 593 3122 in
627 3074 817 3122 mente
848 3066 1058 3121 habeto
1091 3066 1228 3137 quid
1266 3066 1603 3138 cogitaverit
1648 3067 1718 3121 de
1750 3075 1800 3120 le

163 3154 358 3211 Balacb
388 3157 579 3227 (Elicit.
613 3173 692 3220 vr,
714 3154 889 3225 3-15).
925 3178 953 3203 υ
981 3153 1221 3226 Singula
1253 3154 1312 3208 in
1344 3159 1653 3225 conspectu
1699 3160 1799 3209 tuo

1919 611 2041 649 rem
2074 610 2135 648 se
2166 611 2313 661 esse,
2349 612 2481 650 cum
2505 595 2820 664 judicaret,
2855 594 2973 649 ait:
3009 616 3036 643 ‹‹
3077 592 3312 648 Peccavi
3368 591 3567 649 Domi-

1918 700 1991 738 no
2022 683 2202 754 (Ibid,
2238 684 2347 754 13).
2382 704 2409 733 ››
2443 685 2524 738 Ita
2549 682 2891 754 justilicavit
2919 683 3255 749 Dominum,
3289 682 3389 753 qui
3432 698 3565 754 pec-

1917 776 2112 825 catum
2144 788 2318 826 suum
2351 788 2563 842 negare
2593 790 2772 827 ausus
2802 789 2916 826 non
2947 775 3055 827 est.

1985 861 2073 914 55.
2108 860 2430 915 Possumus
2456 866 2513 914 et
2530 860 2611 914 ita
2632 860 2889 931 accipere
2913 860 3228 930 :justificat
3250 860 3563 916 Dominum

1916 948 2015 1018 qui
2052 953 2350 1018 peccatum
2381 964 2553 1003 suum
2585 948 2816 1003 fatetur.
2850 948 3107 1018 Denique
3147 948 3205 1002 in
3254 948 3563 1020 Evangelio

1914 1037 2063 1107 (Luc.
2118 1053 2217 1105 v11,
2265 1037 2356 1105 29)
2408 1036 2589 1091 habes
2648 1034 2784 1106 quia
2848 1035 3147 1090 Publicani
3205 1036 3585 1107 justiﬁcave-'

1914 1131 2049 1179 runt
2082 1126 2285 1187 Deum,
2320 1124 2593 1195 baptizati
2644 1123 2937 1195 baptismo
2984 1124 3248 1180 Joannis.
3300 1125 3563 1196 Baptista

1912 1218 2107 1268 autem
2138 1212 2393 1267 Joannes
2441 1213 2801 1283 baptismum
2861 1212 2993 1268 fecit
3047 1213 3418 1283 poenitentiae.
3452 1212 3561 1278 Qui

1911 1308 2103 1356 autem
2140 1300 2256 1371 agit
2288 1301 2692 1372 paenitentiam
2725 1300 2933 1355 delicta
2989 1318 3104 1356 non
3158 1301 3380 1355 abnuit.
3415 1301 3562 1373 Ergo

1910 1390 2047 1460 quia
2080 1390 2255 1444 David
2313 1395 2515 1443 contra
2573 1407 2633 1444 se
2690 1390 2944 1445 habebat
2997 1406 3227 1460 semper
3282 1389 3557 1445 delictum

1909 1495 2105 1545 suum,
2128 1480 2330 1549 utique
2357 1495 2469 1533 non
2496 1479 2745 1549 negabat
2766 1478 2919 1548 quod
2946 1483 3003 1532 et
3022 1478 3421 1545 erubescebat,
3445 1494 3557 1533 non

1909 1567 2159 1638 negabat
2189 1567 2343 1637 quod
2377 1569 2432 1621 et
2463 1565 2834 1636 agnoscebat.
2866 1564 2989 1620 Non
3035 1566 3305 1636 negando
3336 1571 3556 1633 autem,

1909 1657 2111 1727 utique
2142 1654 2441 1710 commissi
2474 1653 2870 1726 prnuitentiam
2898 1655 3136 1725 gerebat
3169 1644 3417 1721 erroris;
3474 1659 3558 1710 at—

1908 1762 2021 1815 que
2042 1745 2124 1798 ita
2146 1744 2473 1798 conﬁtendo
2494 1742 2793 1807 delictum,
2811 1742 3177 1813 justilicabat
3220 1743 3556 1809 Dominum,

1906 1838 1962 1888 et
1994 1834 2115 1904 ipse
2139 1832 2577 1901 justiﬁcabatur
2606 1850 2640 1886 a
2670 1832 2936 1885 Domino.
2975 1831 3344 1887 Justilieatur
3398 1833 3556 1887 enim

1906 1922 2207 1987 Dominus,
2230 1922 2371 1975 dum
2394 1922 2521 1990 ejus
2544 1920 3154 1991 praedicaturjustitia,
3176 1924 3232 1975 et
3263 1919 3334 1974 ab
3366 1935 3432 1975 eo
3460 1937 3556 1976 ve-

1908 2013 2005 2067 nia
2037 2011 2384 2083 postulatur.
2411 2010 2596 2065 Simul
2627 2014 2684 2064 et
2714 2008 3139 2080 ipsejustiﬁcat
3158 2009 3552 2076 confitentem,

1905 2098 2336 2171 etjustincatur
2367 2098 2424 2151 in
2460 2097 2830 2153 sermonibus
2859 2096 3004 2163 suis,
3061 2097 3213 2152 sicut
3267 2097 3555 2168 scriptum

1905 2192 2025 2243 est:
2081 2207 2101 2235 α
2150 2188 2252 2241 Die
2289 2186 2627 2257 iniquitates
2676 2191 2833 2252 tuas,
2886 2190 2951 2239 ut
3009 2185 3359 2255 justiticeris
3410 2185 3550 2255 (18a.

1903 2290 2063 2342 XLIII,
2248 2298 2273 2322 ›)

2541 2387 2770 2442 CAPUT
2824 2387 2914 2442 ΧΙ.

1909 2479 2196 2549 Propheta?
2225 2478 2400 2532 verbis
2431 2477 2629 2541 doceri,
2663 2478 2760 2549 qui
2788 2478 2846 2530 in
2879 2462 3170 2547 iniquitate
3218 2493 3326 2532 non
3375 2478 3556 2533 conci-

1975 2554 2181 2621 piatur,
2215 2564 2326 2603 esse
2357 2550 2650 2601 neminem.
2684 2548 2877 2621 Utrum
2921 2553 3214 2618 parentum
3261 2566 3331 2602 an
3379 2549 3555 2619 prolis

1976 2620 2126 2676 casa
2174 2622 2461 2691 iniquitas,
2532 2637 2566 2673 a
2621 2635 2729 2689 qua
2779 2620 2925 2674 solus
2979 2621 3230 2675 Christus
3289 2621 3556 2674 immunis

1974 2695 2144 2764 fuisse
2171 2691 2489 2746 oslcnditur.

1977 2810 2066 2863 56.
2102 2809 2417 2879 Sequitur:
2448 2830 2474 2856 ‹‹
2510 2807 2648 2860 Ecce
2678 2805 2833 2860 enim
2878 2806 2936 2860 in
2978 2805 3385 2877 iniquitatibus
3416 2822 3558 2863 con-

1908 2902 2110 2968 ceptus
2144 2914 2296 2961 sum,
2332 2900 2387 2950 et
2417 2896 2474 2948 in
2505 2894 2734 2950 delictis
2781 2894 3004 2966 peperit
3056 2910 3148 2949 me
3196 2898 3384 2950 mater
3427 2910 3560 2952 mea
3624 2928 3637 2943 ι

1910 2986 2077 3057 (Psal.
2115 3004 2161 3049 L,
2196 2986 2272 3055 7).
2298 3007 2324 3033 ››
2360 2983 2499 3046 Quis
2533 2989 2692 3038 tanto
2724 2986 2929 3038 atl'ectu
2957 2983 3078 3055 agit
3106 2983 3508 3055 pcenitentiam
3530 2985 3558 3039 ?

1909 3075 2082 3129 Humi
2108 3081 2328 3128 stratus
2344 3071 2530 3141 jacuit
2561 3074 2729 3126 fusus
2760 3071 2816 3124 in
2850 3071 3160 3143 lacrymas,
3194 3072 3391 3127 cibum
3438 3089 3553 3128 non

1911 3162 2183 3234 gustavit,
2209 3162 2432 3215 lavacro
2455 3176 2515 3213 se
2546 3159 2854 3213 abdicavit.
2888 3159 3034 3222 Quid
3058 3160 3185 3228 jam
3217 3160 3441 3232 reliqua
3468 3160 3556 3213 di-

160 3240 299 3300 locat
325 3244 609 3300 beneﬁcia
639 3260 766 3307 sua,
798 3246 859 3296 ut
892 3251 1167 3313 tanquam
1198 3242 1269 3296 de
1299 3242 1393 3296 bis
1417 3243 1650 3312 judices
1675 3260 1802 3313 quas
1835 3233 1877 3299 C
1915 3269 2064 3316 eam,
2096 3249 2247 3321 quod
2274 3246 2622 3303 abstinuerit
2643 3250 2847 3301 ornatu
2886 3252 2942 3301 et
2971 3252 3207 3318 comptu
3238 3248 3395 3319 regio
3443 3248 3554 3319 (30)

160 3348 370 3388 servare
399 3333 713 3397 debueras,
747 3347 861 3402 quo
894 3332 1084 3403 magis
1116 3347 1251 3385 reus
1284 3332 1409 3394 lias,
1455 3332 1553 3401 qui
1595 3331 1806 3387 divinis

161 3436 263 3476 non
292 3421 554 3494 potueris
588 3424 741 3475 stare
795 3418 1110 3474 beneﬁciis.
1149 3442 1175 3467 ‹‹
1210 3419 1358 3482 Quid
1417 3418 1546 3486 feci,
1591 3419 1805 3490 inquit,

160 3509 291 3565 tibi?
322 3535 343 3564 ι
377 3510 691 3583 Tanquam
720 3525 885 3564 reum
919 3525 981 3564 se
1011 3507 1333 3575 constituit,
1363 3511 1419 3561 et
1448 3512 1502 3562 te
1523 3507 1808 3579 judiccm.

163 3618 187 3645 «
212 3598 317 3654 Aut
347 3600 486 3672 quid
542 3596 887 3655 contristavi
945 3600 1047 3652 te?
1082 3619 1109 3645 ››
1168 3596 1386 3651 Olfensi
1440 3595 1638 3651 vultus
1694 3613 1812 3651 non

161 3687 371 3752 abnuit,
404 3689 657 3754 crimen,
692 3686 831 3742 situ
868 3687 978 3741 Deo
1019 3701 1082 3740 es
1127 3685 1509 3740 contristatus
1557 3690 1809 3740 auctore.

163 3798 186 3823 ‹‹
217 3779 323 3833 Aut
354 3778 496 3850 quid
528 3776 819 3832 molestus
844 3775 950 3831 tibi
984 3776 1065 3829 fui
1086 3774 1114 3829 ?
1144 3797 1170 3825 »
1207 3774 1699 3846 Interpellationis
1732 3775 1816 3828 in-

155 3864 360 3936 juriam
393 3868 734 3931 confitetur,
770 3864 819 3920 si
852 3863 1152 3920 molestior
1180 3863 1468 3918 aestimata
1500 3868 1619 3918 est:
1655 3863 1815 3917 addi-

162 3954 241 4010 dit
265 3954 553 4011 beneﬂcia
587 3969 835 4026 quorum
869 3952 1057 4025 gratia
1087 3969 1202 4007 non
1237 3951 1492 4021 erubuit,
1527 3951 1625 4022 qui
1658 3950 1818 4006 exsi-

171 4036 680 4117 s'tebatingratus.‘
722 4043 785 4098 In
846 4042 955 4097 hac
1004 4057 1238 4112 quoque
1286 4057 1464 4096 causa
1520 4041 1824 4095 considera

170 4134 454 4204 quomodo
488 4131 783 4189 Dominus
805 4131 961 4186 694
993 4146 1054 4185 se
1085 4130 1197 4201 ipsi
1230 4128 1407 4183 David
1431 4129 1822 4198 judicandum

172 4221 430 4291 praebuit,
466 4228 535 4277 ut
559 4220 863 4287 vinceret;
897 4218 1039 4273 dicit
1086 4219 1241 4272 enim
1302 4218 1531 4271 Natlian
1562 4233 1573 4271 :
1635 4241 1661 4265 «
1698 4218 1826 4272 Haec

172 4307 307 4366 dicit
335 4310 629 4366 Dominus
660 4308 814 4364 Deus
846 4306 1020 4362 Israel
1050 4324 1061 4361 :
1096 4307 1214 4378 Ego
1246 4307 1382 4361 unxi
1427 4312 1477 4360 te
1522 4306 1579 4360 in
1633 4322 1827 4377 regem

176 4412 340 4470 super
369 4398 581 4463 Israel,
614 4402 672 4452 et
699 4413 803 4468 ego
836 4395 1073 4451 liberavi
1106 4401 1159 4449 te
1216 4395 1285 4449 de
1340 4411 1516 4448 manu
1577 4395 1735 4460 Saul,
1777 4400 1831 4449 et

175 4486 301 4541 dedi
329 4487 435 4543 tibi
473 4485 679 4542 omnia
709 4502 835 4557 qua:
883 4490 1049 4540 erant
1078 4483 1298 4539 domini
1353 4488 1456 4550 tui,
1510 4489 1565 4538 et
1626 4501 1830 4539 uxores

1916 3340 2099 3407 (Conf.
2126 3340 2183 3393 S.
2208 3340 2353 3407 Aug.
2381 3336 2507 3401 1ib.,
2534 3352 2587 3388 ιν
2611 3336 2761 3389 Com.
2794 3335 2928 3389 (luas
2957 3338 3113 3404 epist.
3163 3337 3382 3407 Pelag.,
3433 3352 3561 3409 cap.

1925 3429 2047 3499 tl)?
2077 3427 2356 3495 Adjunxit
2384 3425 2811 3479 confessionem
2842 3422 3169 3493 iniquitatis
3222 3442 3361 3493 suae,
3393 3428 3451 3479 et
3507 3423 3565 3478 in

1922 3519 2199 3587 perpetua
2232 3513 2444 3568 saecula
2494 3517 2610 3566 toto
2670 3512 2992 3566 canendum
3051 3512 3189 3568 orbe
3220 3513 3567 3569 transmisit.

1924 3628 1951 3655 ‹‹
1984 3605 2144 3668 Ecce,
2177 3601 2389 3671 inquit,
2423 3600 2481 3654 in
2516 3599 2925 3670 iniquitatibus
2956 3605 3272 3673 conceptus
3312 3617 3466 3667 sum,
3517 3606 3575 3657 et

1925 3693 1980 3746 in
2009 3690 2235 3746 delictis
2267 3688 2490 3759 peperit
2531 3704 2623 3741 me
2681 3692 2867 3742 mater
2923 3704 3071 3743 mea.
3130 3691 3332 3745 Averte
3371 3690 3575 3746 faciem

1924 3787 2086 3835 tuam
2119 3797 2152 3834 a
2178 3778 2431 3850 peccatis
2464 3777 2646 3831 meis:
2682 3781 2737 3832 et
2766 3794 2972 3832 omnes
3024 3777 3365 3849 iniquitates
3419 3795 3580 3834 meas

1929 3869 2054 3924 dele
2084 3871 2218 3938 (3|).
2252 3868 2333 3921 Ne
2363 3864 2634 3938 projicias
2666 3883 2757 3919 me
2790 3883 2822 3919 a
2853 3866 2995 3920 facie
3025 3871 3146 3931 tua,
3196 3871 3253 3922 et
3299 3866 3583 3939 Spiritum

1931 3962 2197 4013 sanctum
2217 3961 2471 4009 tuumne
2490 3954 2718 4008 auferas
2736 3972 2767 4008 a
2786 3971 2898 4009 me.
2924 3954 3127 4009 Libera
3148 3971 3241 4010 me
3253 3955 3323 4009 de
3345 3954 3583 4027 sangui-

1932 4042 2484 4107 nibus.l)eus,Deus
2508 4041 2716 4095 salutis
2738 4058 2877 4096 mea:
2902 4041 3059 4110 (Ibid.
3082 4043 3135 4107 7,
3171 4043 3258 4107 11,
3290 4043 3376 4108 13,
3419 4044 3527 4114 16).
3555 4064 3583 4090 ››

1933 4139 2258 4202 Antequam
2284 4146 2615 4194 nascamur,
2647 4128 3012 4182 maculamur
3031 4128 3331 4201 contagio:
3362 4135 3421 4183 et
3451 4133 3586 4185 ante

1936 4237 2178 4277 usuram
2212 4218 2379 4281 locis,
2412 4216 2654 4286 originis
2689 4216 2875 4285 ipsius
2917 4215 3241 4286 excipimus
3286 4215 3584 4285 injuriam,

1939 4312 1997 4365 in
2052 4308 2356 4378 iniquitate
2414 4304 2819 4373 concepimur;
2880 4321 2993 4358 non
3051 4305 3335 4375 expressit
3390 4309 3587 4360 utrum

1942 4404 2273 4471 parentum,
2306 4412 2377 4449 an
2412 4399 2629 4448 nostra.
2664 4392 2729 4447 Et
2762 4392 2818 4446 in
2851 4391 3076 4447 delictis
3106 4398 3345 4464 generat
3381 4411 3591 4449 unum-

1943 4502 2233 4559 quemque
2265 4486 2447 4537 maler
2477 4496 2619 4535 sua:
2654 4497 2758 4534 nec
2791 4480 2883 4535 hic
2920 4479 3231 4535 declaravit
3278 4488 3475 4537 utrum
3528 4480 3589 4536 in

176 4572 329 4632 illius
360 4577 421 4630 in
456 4576 658 4632 sinum
692 4579 861 4630 tuum
894 4573 1050 4641 dedi,
1086 4577 1142 4627 et
1171 4570 1303 4627 dedi
1338 4571 1438 4625 tibi
1471 4572 1709 4627 domum
1747 4573 1831 4644 ip-
1866 4593 1911 4657 Ι)
1944 4576 2171 4632 delictis
2212 4573 2333 4628 suis
2368 4574 2551 4624 mater
2580 4570 2805 4639 pariat;
2842 4586 2915 4624 an
2943 4571 3068 4639 jam
3114 4570 3233 4625 sint
3287 4576 3344 4625 et
3396 4570 3595 4641 aliqua

176 4661 295 4718 sius
323 4663 549 4730 Israel;
585 4667 643 4719 et
690 4662 738 4717 si
792 4678 979 4735 pauca
1034 4664 1196 4725 sunt,
1251 4659 1523 4729 adjiciam
1583 4660 1707 4715 tibi.
1766 4661 1835 4716 Et

179 4765 352 4822 quare
380 4769 488 4824 pro
522 4750 709 4807 nihilo
740 4749 956 4805 duxisti
990 4748 1329 4815 Dominum,
1363 4752 1425 4802 ut
1473 4750 1691 4804 faceres
1735 4766 1830 4805 ne-

179 4841 365 4910 quiter
393 4842 457 4896 in
481 4843 798 4913 conspectu
823 4840 950 4911 ejus
974 4839 1051 4910 (II
1080 4838 1200 4908 Reg.
1234 4854 1337 4905 x11,
1367 4837 1401 4889 7
1437 4836 1532 4905 9)?
1560 4859 1587 4888 »
1615 4838 1831 4893 Ilorum

246 4964 354 5049 (2Q)
386 4965 563 5049 Bern.
596 4964 757 5032 edit.,
790 4980 1066 5019 summum
1107 4964 1274 5018 Deum
1326 4960 1570 5016 videmur
1608 4979 1837 5034 arguere

176 5036 472 5092 mendacii.

221 5107 357 5180 _(30)
390 5108 614 5180 Omnes
665 5105 803 5162 edit.
865 5122 930 5161 ac
980 5121 1133 5180 mss.
1182 5103 1352 5177 longe
1408 5102 1663 5180 plurimi,
1697 5106 1837 5180 quod

178 5177 516 5234 abdinuerit
546 5178 615 5231 ab
674 5185 866 5233 ornatu
899 5186 948 5233 et
994 5178 1255 5232 comitatu
1340 5177 1522 5245 regio;
1572 5179 1835 5232 omnium

179 5248 678 5323 probatissimi...
740 5257 792 5306 et
853 5252 1069 5323 comptu
1126 5249 1292 5319 regio.
1341 5246 1663 5318 Utrumque
1723 5266 1833 5303 non

181 5320 348 5376 male.
970 5320 981 5323 ⁷

249 5392 362 5464 (31)
392 5392 542 5447 Tres
573 5395 884 5464 sequentes
917 5408 948 5446 ι.
989 5389 1201 5463 psalmi
1255 5388 1572 5443 versiculos
1621 5391 1837 5447 omise-

181 5462 308 5518 rant
340 5464 490 5519 Rom
505 5504 517 5514 .
551 5462 821 5518 editores.

248 5535 365 5607 (42)
395 5534 465 5607 In
498 5537 685 5589 totum
736 5535 893 5588 hunc
947 5532 1157 5607 locum_
1203 5548 1345 5607 mss.
1401 5547 1467 5585 ac
1500 5536 1637 5607 Avct.
1684 5533 1837 5607 _cdit.

178 5602 600 5674 consentiunt;
632 5620 766 5662 eum
791 5622 923 5661 vero
955 5605 1092 5659 edit.
1128 5604 1294 5658 Rom.
1327 5603 1562 5658 invertit
1591 5602 1649 5656 in
1684 5602 1843 5659 hunc

182 5678 472 5734 modum:
510 5698 540 5725 ‹‹
573 5676 1016 5750 Intelligendum
1051 5675 1144 5741 sit,
1178 5674 1456 5746 quoniam
1488 5678 1545 5729 et
1575 5680 1842 5746 parentes

1944 4665 2153 4721 delicta
2185 4660 2499 4716 nascentis.
2530 4658 2637 4713 Sed
2672 4657 2801 4711 vide
2829 4675 2899 4713 ne
2930 4662 3245 4730 utrumque
3275 4658 3598 4732 intelligen-

1944 4755 2085 4808 dum
2116 4752 2192 4806 sit
2224 4752 2355 4821 (3:).
2389 4748 2501 4802 Nec
2535 4751 2858 4820 conceptus
2899 4747 3230 4819 iniquitatis
3262 4764 3463 4804 exsors
3485 4752 3594 4815 est,

1947 4843 2224 4914 quoniam
2255 4845 2309 4894 et
2340 4848 2611 4909 parentes
2644 4854 2758 4891 non
2791 4841 2992 4893 carent
3022 4837 3214 4909 lapsu.
3264 4838 3332 4891 Et
3389 4835 3439 4892 si
3496 4852 3599 4891 nec

1945 4982 2058 5021 non
2092 4966 2289 5019 carent
2316 4960 2506 5031 lapsu,
2540 4976 2645 5031 nec
2676 4964 2990 5031 conceptus
3022 4956 3353 5030 iniquitatis
3400 4974 3600 5014 exsors

1946 5042 2050 5092 est.
2086 5036 2229 5089 Nam
2259 5032 2306 5087 si
2339 5030 2444 5086 nec
2475 5030 2650 5102 unius
2683 5031 2792 5083 dici
2837 5030 3031 5102 infans
3062 5030 3189 5085 sine
3220 5033 3457 5102 peccato
3487 5033 3596 5102 est,

1949 5106 2133 5162 multo
2160 5104 2348 5176 magis
2380 5118 2484 5176 nec
2516 5100 2596 5154 illi
2632 5100 2880 5176 materni
2932 5099 3248 5176 conceptus
3292 5101 3417 5156 dies
3468 5099 3597 5156 sine

1948 5181 2180 5251 peccato
2211 5171 2386 5251 sunt._
2419 5171 2951 5251 Bonumﬂquidem_
2979 5171 3342 5251 conjugium,
3394 5176 3601 5251 sancta

1948 5240 2173 5321 copula,
2208 5246 2344 5317 quia
2374 5240 3121 5321 hqngorahilc’connubium,
3149 5240 3205 5299 et
3219 5243 3426 5321 thorus
3482 5243 3596 5321 imf

1948 5313 2273 5376 maculonis
2309 5334 2320 5381 ;
2351 5315 2450 5367 sed
2486 5319 2675 5367 tamen
2709 5313 2807 5384 qui
2838 5313 3055 5369 habent
3086 5331 3312 5384 uxores,
3353 5314 3436 5370 ita
3479 5315 3599 5370 sint

1951 5410 2014 5448 ac
2048 5392 2249 5445 sinon
2308 5386 2627 5449 habentes;
2687 5391 2743 5438 ct
2791 5401 2961 5438 nemo
3019 5385 3265 5442 alterum
3328 5387 3597 5441 fraudare

1950 5465 2136 5528 driml,
2175 5459 2279 5537 nisi
2317 5461 2459 5511 forte
2490 5456 2560 5510 ad
2596 5460 2847 5537 tempus,
2878 5462 2941 5510 ut
2968 5463 3207 5537 vacent
3242 5458 3509 5537 orationi,
3542 5462 3599 5513 et

1949 5537 2162 5590 iterum
2195 5532 2251 5584 in
2283 5530 2825 5601 unumconvenire,
2861 5544 2932 5601 ne
2963 5533 3144 5584 tentet
3174 5530 3424 5586 Satanas
3462 5546 3597 5601 pro-

1951 5614 2078 5680 pter
2108 5599 2607 5680 incontinentiam.
2642 5599 3019 5680 tioncipimur
3046 5617 3182 5680 ergo
3234 5601 3292 5655 in
3346 5599 3599 5680 peccatis

1951 5671 2281 5751 parentum,
2315 5678 2371 5729 et
2399 5673 2458 5727 in
2489 5671 2718 5727 delictis
2765 5687 2969 5727 eorum
3027 5671 3489 5730 nascimurISed
3542 5675 3602 5725 et
