3894 6208
310 322 428 392 915

1772 331 1839 395 s.
1881 327 2260 421 ausaosn

3558 338 3660 426 918
3674 344 3698 375 κ’

312 464 465 522 695
497 462 678 522 unius
706 463 820 522 diei
868 463 1061 521 infans
1120 465 1247 522 sine
1302 471 1536 538 peccato
1595 473 1704 533 est,
1769 467 1953 524 multo
1987 468 2039 533 Α
2068 485 2220 533 xxiv,
2253 470 2325 538 8).
2360 466 2713 525 Vulneratus
2753 467 2932 543 igitur
2987 469 3287 528 charitatis
3339 472 3574 544 vulnere,
3618 482 3667 535 et

311 554 502 625 magis
524 570 629 610 nec
652 553 734 609 illi
759 554 1001 610 materni
1042 560 1358 626 conceptus
1388 556 1513 611 dies
1564 557 1689 611 sine
1722 562 1954 627 peccato

312 648 470 699 sunt.
506 643 877 715 Concipimur
908 660 1042 715 ergo
1075 645 1130 698 in
1164 650 1398 714 peccato
1448 651 1774 716 parentum,
1808 651 1866 701 ct
1900 647 1956 699 in

309 731 540 788 delictis
570 748 771 788 eorum
800 734 1117 787 nascimur.
1149 733 1256 787 Sed
1289 738 1344 788 et
1375 733 1497 804 ipse
1528 723 1730 805 partus
1770 722 1959 789 habet

312 820 581 893 contagia
611 838 737 886 sua,
765 837 870 877 nec
900 838 1085 876 unum
1140 824 1549 877 tantummodo
1604 823 1773 878 habet
1832 823 1959 894 ipsa

311 914 524 966 natura
551 909 909 982 contagium.
943 910 1166 965 Bonum
1202 911 1440 982 quidem
1473 911 1656 981 (Conf.
1705 911 1762 967 S.
1806 913 1957 983 Aug.

310 997 413 1053 lib.
450 1016 509 1064 11,
540 998 722 1054 Contr.
754 1000 865 1055 Jul.
897 1000 1011 1053 Pet.
1055 1016 1182 1070 cap.
1214 1002 1293 1069 7),
1342 1000 1706 1071 conjugium,
1756 1006 1960 1056 sancta

312 1087 550 1160 copula;
583 1088 683 1143 sed
714 1094 910 1143 tamen
943 1088 1042 1159 qui
1073 1087 1292 1143 habent
1322 1105 1532 1144 uxores
1582 1090 1664 1144 ita
1715 1089 1835 1145 sint
1893 1107 1957 1144 ac

313 1174 365 1232 si
396 1192 511 1232 non
542 1176 844 1232 habentes.
897 1180 1024 1248 Ipse
1077 1177 1284 1233 thorus
1332 1178 1841 1250 incoinquinatus:
1903 1183 1961 1233 et

314 1282 486 1321 nemo
506 1264 755 1321 alterum
789 1266 1057 1320 fraudare
1087 1266 1257 1321 debet
1285 1282 1371 1331 eo,
1393 1266 1507 1321 nisi
1541 1267 1685 1321 forte
1715 1268 1787 1323 ad
1814 1271 1958 1322 tem-

313 1371 447 1426 pus,
481 1359 546 1409 ut
571 1359 774 1410 vacent
799 1354 1062 1410 orationi.
1098 1355 1316 1409 Tamen
1367 1356 1688 1410 secundum
1721 1358 1962 1432 Aposto-

314 1444 438 1499 lum
470 1461 585 1499 non
614 1448 778 1497 vacat
808 1442 1053 1498 orationi
1084 1443 1217 1514 quis
1248 1460 1313 1498 eo
1346 1448 1624 1516 tempore,
1644 1432 1960 1519 quousum

315 1549 600 1609 corporeae
640 1531 797 1586 illius
850 1531 1249 1610 conventionis
1280 1537 1551 1609 (exercet,
1583 1538 1639 1587 et
1698 1532 1961 1588 mulieris

2069 557 2411 629 indaganda:
2442 562 2646 629 captus
2676 559 2935 634 veritatis
2965 559 3300 633 cupiditate,
3325 562 3380 618 in
3409 565 3668 636 superiora

2069 663 2184 700 sua:
2229 649 2440 701 montis
2478 649 2731 701 extendit
2762 648 3063 723 intuitum,
3085 653 3141 704 et
3170 649 3231 705 in
3261 650 3449 706 futura
3478 655 3666 724 prospi-

2066 734 2247 799 ciens,
2274 735 2582 813 thesauros
2613 736 2908 808 sapientia:
2930 743 2986 792 et
3016 738 3271 794 scientias
3300 739 3439 794 vidit
3466 741 3518 795 in
3537 741 3669 798 Chri-

2067 827 2178 887 sto,
2212 825 2471 895 przevidit
2498 826 2864 895 baptismatis
2895 833 3350 901 sacramentum,
3381 834 3435 884 et
3463 831 3670 886 miratus

2066 913 2315 985 gratiam
2345 913 2685 968 exclamavit
2715 914 2909 985 subito
2942 915 3139 971 dicens
3164 932 3177 971 :
3203 938 3231 965 ‹‹
3264 916 3400 972 Ecce
3430 918 3569 973 enim
3594 936 3669 974 ve-

2067 1002 2298 1056 ritatem
2331 1001 2620 1057 dilexisti:
2664 1003 2886 1058 incerta
2934 1008 2991 1059 et
3041 1004 3270 1060 occulta
3298 1006 3446 1061 696
3477 1008 3671 1079 sapies.

2068 1090 2160 1146 tiae
2208 1096 2319 1145 tuae
2376 1092 2763 1147 manifestasti
2797 1092 2940 1147 mihi
2972 1094 3146 1163 (Psal.
3179 1112 3230 1163 1.,
3259 1095 3334 1164 8).
3368 1118 3394 1144 ››
3453 1095 3564 1153 Non
3598 1096 3673 1151 in-
3822 1128 3823 1177 ι

2068 1184 2226 1234 certa
2256 1180 2551 1251 mysteria,
2586 1180 2726 1251 quia
2755 1185 2912 1236 certa
2952 1187 3127 1255 sunt;
3188 1199 3295 1238 nec
3350 1182 3556 1239 incerta
3603 1201 3674 1240 se-

2069 1273 2225 1323 creta
2253 1273 2309 1324 et
2337 1285 2552 1324 arcana
2580 1269 2901 1344 sapientiae,
2928 1270 3036 1343 sed
3072 1287 3195 1344 non
3226 1271 3543 1327 manifesta.
3582 1272 3676 1329 Hoc

2069 1358 2223 1395 anim
2260 1357 2545 1395 aianinnnl
2605 1357 2739 1395 nnin
2773 1357 2948 1395 nnllin
2983 1350 3171 1395 util-nu;
3203 1365 3397 1395 οοοιηιι
3436 1360 3677 1395 monili-HL

2069 1358 2225 1412 enim
2260 1357 2572 1433 significat,
2605 1357 2744 1428 quia
2773 1357 2950 1413 nullis
2981 1350 3173 1431 adhuc
3203 1365 3401 1435 essent
3436 1360 3677 1416 manifes-

2070 1449 2208 1501 tata.
2257 1446 2417 1512 Quod
2448 1444 2605 1500 enim
2650 1444 2853 1501 oculus
2894 1463 3008 1502 non
3037 1446 3201 1515 vidit,
3233 1464 3341 1503 nec
3367 1449 3678 1525 auris-audi-

2070 1456 2208 1501 tata.
2257 1456 2417 1512 Quod
2448 1462 2605 1500 enim
2650 1456 2853 1501 oculus
2894 1463 3008 1502 non
3037 1456 3201 1515 v1dit,
3233 1464 3341 1503 nec
3367 1456 3678 1523 auris-audi-

2069 1535 2170 1599 vit,
2204 1551 2309 1588 nec
2339 1534 2396 1588 in
2430 1551 2528 1589 cor
2560 1534 2817 1589 hominis
2874 1535 3154 1602 ascendit,
3215 1536 3324 1592 hoc
3381 1521 3681 1615 praeparavit

315 1606 689 1677 menstruataa
721 1606 1135 1691 coinquinatus
1166 1606 1255 1675 est
1280 1606 1554 1692 pannus,
1611 1638 1715 1677 nec
1772 1626 1965 1693 potest
2072 1628 2221 1678 Deus
2245 1623 2625 1695 diligentibus
2654 1640 2808 1678 eum.
2832 1623 3052 1679 Videns
3085 1625 3262 1697 igitur
3293 1642 3363 1681 ea
3381 1606 3543 1681 dicit:
3565 1606 3681 1681 Ecce

314 1710 433 1766 illis
462 1711 670 1767 diebus
696 1710 1063 1781 purgationis
1093 1726 1209 1765 sum
1242 1712 1445 1764 offerre
1489 1710 1862 1765 sacrificium.
1897 1711 1964 1764 Et

317 1800 581 1857 mulieris
621 1816 747 1871 quae
801 1798 1095 1871 generavit
1152 1798 1276 1854 dies
1329 1802 1531 1870 partus
1591 1803 1647 1854 et
1703 1798 1966 1869 plerique
1995 1836 2042 1900 B
2073 1801 2132 1855 in
2162 1801 2400 1856 veritate
2431 1801 2528 1854 lux
2560 1805 2760 1872 aperta
2789 1799 3155 1872 resplendet:
3185 1818 3320 1858 ecce
3360 1819 3507 1858 nunc
3556 1804 3683 1857 veri-

316 1890 417 1947 alii
446 1908 481 1946 a
511 1888 793 1946 sacriﬁcio
840 1887 1023 1943 feriati
1081 1891 1240 1958 sunt,
1296 1889 1477 1942 donec
1502 1958 1505 1961 ,
1532 1888 1815 1967 legitimo,
1849 1888 1961 1942 ritu

317 1979 434 2036 feta
462 1980 798 2035 mundetur.
1269 2034 1274 2051 ,

386 2070 475 2125 57.
509 2068 642 2125 Ideo
671 2068 729 2122 in
762 2084 877 2138 quo
906 2065 1389 2121 voluitDominus
1429 2066 1591 2121 nulla
1624 2067 1961 2137 hujusmodi

316 2157 559 2231 originis
583 2172 712 2212 esse
742 2155 1029 2227 contagia,
1063 2154 1204 2209 dicit
1228 2153 1311 2208 illi
1346 2154 1665 2210 Dominus:
1697 2178 1725 2204 «
1766 2155 1963 2210 Prius-

318 2263 497 2319 quam
528 2250 585 2301 te
617 2247 925 2301 formarem
953 2243 1013 2297 in
1043 2247 1209 2298 utero
1242 2242 1447 2298 matris
1498 2247 1628 2311 tuae,
1692 2246 1820 2300 novi
1868 2249 1961 2312 te;

317 2340 375 2391 et
404 2334 748 2408 priusquam
775 2331 961 2387 exires
994 2332 1065 2386 de
1121 2329 1311 2397 vulva,
1369 2331 1726 2387 sanctificuvi
1784 2336 1861 2393 te.
1911 2338 1967 2388 et

317 2422 664 2496 prophetam
722 2421 779 2475 in
838 2419 1110 2491 gentibus
1162 2419 1332 2491 posui
1390 2424 1445 2474 te
1502 2421 1717 2490 (larem.
1755 2440 1791 2488 1,
1824 2424 1902 2493 5).
1936 2445 1963 2472 ››

318 2511 460 2576 Quis
483 2515 699 2575 tantus,
724 2509 815 2564 cui
843 2515 959 2563 tam
992 2525 1204 2579 magna
1232 2507 1417 2562 delata
1449 2509 1623 2563 sunt?
1666 2510 1964 2582 Numquid

316 2599 601 2657 Jeremias
623 2599 651 2654 ?
680 2599 790 2655 Sed
824 2596 918 2653 ille
940 2614 1054 2653 non
1080 2596 1278 2668 utique
1301 2598 1356 2650 in
1389 2597 1665 2669 gentibus
1686 2592 1967 2670 propheta

317 2689 671 2762 propositus,
696 2688 797 2742 sed
830 2688 888 2741 in
920 2686 1123 2742 Judzea
1153 2689 1291 2739 tunc
1321 2686 1621 2756 temporis,
1666 2704 1821 2742 nunc
1864 2704 1965 2742 au-

316 2783 436 2834 tem
462 2778 640 2833 etiam
671 2776 731 2831 in
764 2774 1120 2841 nationibus,
1155 2791 1279 2845 qua:
1330 2774 1385 2828 in
1425 2774 1627 2830 Jesum
1671 2775 1964 2832 Christum

317 2866 635 2922 Dominum
667 2864 1059 2920 crediderunt.
1092 2862 1235 2917 Vide
1264 2866 1459 2917 tamen
1493 2866 1601 2935 (33)
1635 2881 1705 2920 ne
1738 2864 1819 2919 illi
1880 2865 1966 2920 di-

319 2959 505 3021 catur,
538 2953 638 3026 qui
670 2957 982 3024 antequam
1015 2954 1355 3006 nasceretur
1396 2968 1463 3006 ex
1511 2952 1770 3025 Virgine,
1811 2954 1969 3024 jam-

2065 1713 2191 1782 jam
2225 1729 2337 1767 non
2372 1712 2430 1766 in
2462 1713 2694 1776 umbra,
2724 1728 2828 1767 nec
2860 1713 2917 1766 in
2950 1712 3154 1785 ﬁgura,
3188 1729 3294 1769 nec
3328 1715 3385 1768 in
3429 1718 3571 1787 typo,
3598 1714 3681 1769 sed

2074 1894 2254 1944 tatem
2286 1888 2524 1960 aspicio,
2553 1888 2921 1960 splendorem
2955 1889 3210 1946 veritatis
3243 1906 3525 1963 agnosco;
3559 1907 3684 1945 nunc

2073 1984 2128 2033 te
2162 1978 2385 2053 majori,
2417 1978 2659 2033 Domine
2722 1982 2871 2051 Deus
2924 1984 3140 2045 noster,
3198 1997 3438 2036 veneror
3489 1981 3683 2035 affectu.

2076 2091 2103 2117 «
2138 2068 2278 2122 Ecce
2308 2067 2464 2121 enim
2490 2066 2790 2121 veritatem
2823 2066 3102 2139 dilexisti,
3135 2091 3162 2118 »
3198 2085 3312 2124 non
3361 2084 3461 2140 per
3511 2085 3686 2143 specu-

2075 2155 2220 2225 lum,
2253 2172 2368 2211 non
2400 2155 2459 2209 in
2491 2154 2817 2227 aenigmate,
2846 2155 2947 2210 sed
2971 2156 3114 2211 facie
3138 2157 3209 2211 ad
3241 2157 3450 2213 faciem
3479 2156 3687 2225 temibi,

2074 2245 2319 2312 Christe,
2354 2243 2809 2312 demonstrasti;
2846 2244 2903 2297 in
2962 2244 3083 2298 tuis
3140 2250 3197 2299 te
3250 2245 3480 2302 invenio
3522 2263 3685 2302 sacra-

2075 2333 2311 2406 mentis.
2336 2332 2463 2404 Hcce
2495 2337 2633 2386 sunt
2670 2336 2784 2386 tuae
2816 2347 2946 2386 vera
2976 2338 3350 2389 sacramenta
3404 2333 3687 2407 sapientia,

2075 2423 2291 2496 quibus
2320 2420 2532 2495 mentis
2562 2418 2787 2475 occulta
2814 2421 3193 2477 mundantur.

2268 2511 2465 2581 Itaque
2487 2509 2613 2580 jam
2652 2507 2819 2563 laetus
2876 2513 3051 2581 atque
3106 2527 3372 2578 securus,
3427 2511 3572 2583 quod
3623 2509 3688 2564 vi-

2075 2600 2429 2671 brassetl(5/1)
2463 2597 2513 2653 ei
2545 2596 2842 2668 sapientia:
2874 2597 3196 2669 plenitudo,
3226 2600 3375 2655 dicit
3419 2602 3488 2656 ad
3532 2599 3691 2655 Domi-

2076 2704 2254 2743 num:
2292 2711 2318 2737 «
2351 2689 2635 2758 Asperges
2666 2685 3061 2759 mebyssopo,
3115 2692 3172 2743 et
3219 2690 3578 2758 mundabor;
3623 2687 3687 2742 la-

2072 2777 2235 2831 vebis
2266 2772 2378 2845 me,
2406 2781 2463 2830 et
2491 2792 2667 2846 super
2714 2774 2903 2830 nivem
2951 2762 3267 2833 dealbabor
3301 2778 3469 2849 (Psal.
3503 2796 3550 2843 1.,
3573 2779 3638 2844 9).
3666 2799 3687 2825 »ι

2076 2866 2226 2920 Bene
2259 2870 2316 2919 et
2338 2863 2559 2919 Veteris
2590 2864 2945 2919 Testamenti
2989 2870 3359 2933 sacramenta
3419 2883 3527 2939 non
3580 2881 3685 2921 eva-

2076 2959 2229 3021 cuat,
2274 2959 2332 3008 et
2385 2951 2725 3023 Evangelica
2782 2952 2947 3008 docet
3002 2954 3280 3025 mysteria
3332 2954 3687 3026 praeferenda;

3820 2208 3823 2239 l

3822 2560 3823 2579 ι

3822 2588 3823 2611 l

3822 2670 3823 2705 l

319 3043 546 3099 dudum
575 3044 716 3106 erat,
743 3045 799 3096 et
828 3044 952 3096 erat
973 3056 1222 3111 semper,
1249 3044 1305 3095 et
1334 3040 1684 3111 operabatur
1712 3042 1884 3098 etiam
1909 3043 1968 3098 in
2076 3043 2328 3116 hyssopo
2360 3041 2631 3096 mundari
2661 3041 2983 3097 secundum
3015 3040 3199 3114 legem
3245 3044 3505 3115 postulat
3526 3041 3690 3115 (8.11mi.

319 3137 483 3188 utero
542 3130 734 3187 Marias
789 3129 1176 3196 constitutus;
1210 3133 1268 3183 et
1319 3129 1401 3183 ita
1430 3135 1668 3187 sanctus
1711 3135 1854 3199 erat,
1907 3136 1970 3187 ut
2009 3198 2039 3205 Δ
2078 3150 2179 3200 xu,
2209 3133 2299 3202 2'2)
2326 3148 2338 3199 ;
2370 3129 2549 3185 lavari
2581 3129 2904 3185 secundum
2940 3129 3321 3203 Evangelium
3349 3131 3689 3205 conCUpiscit,

316 3220 707 3278 sanctificaret
735 3217 1051 3292 prophetas
1082 3234 1247 3272 suos:
1280 3218 1337 3271 in
1375 3235 1488 3290 quo
1548 3219 1669 3274 solo
1726 3224 1782 3274 et
1832 3198 1967 3275 con-
1998 3198 2041 3265 (ἶ
2079 3227 2135 3276 et
2164 3198 2343 3291 supra
2373 3218 2562 3273 nivem
2596 3236 2658 3273 se
2685 3217 3000 3282 existimat,
3033 3198 3268 3275 silotus
3320 3221 3510 3289 fuerit,
3529 3198 3691 3275 ’ἀθει-

317 3315 521 3382 eeptus
550 3307 852 3381 virginalis
881 3312 937 3362 et
968 3312 1171 3378 partus
1204 3306 1329 3362 sine
1363 3306 1481 3362 ullo
1538 3308 1647 3362 fuit
1704 3310 1968 3366 mortalis

315 3398 558 3470 originis
586 3397 1052 3469 inquinamento.
1088 3394 1341 3467 Dignum
1373 3396 1590 3451 etenim
1622 3397 1730 3453 fuit
1781 3400 1963 3469 (Cunf.

313 3488 372 3543 S.
404 3489 550 3559 Aug.
577 3485 680 3541 lib.
716 3502 769 3539 1v
802 3484 983 3540 Contr.
1043 3484 1181 3538 duas
1230 3486 1386 3555 epist.
1447 3486 1636 3553 Pelag.
1691 3502 1818 3558 cap.
1853 3486 1963 3555 ll),

313 3580 370 3631 et
400 3574 499 3646 qui
531 3590 645 3629 non
675 3577 796 3628 erat
826 3573 1133 3627 habiturus
1188 3588 1428 3643 corpore
1482 3578 1783 3644 peccatum
1838 3592 1981 3645 pro:

310 3662 618 3735 lapsionis,
668 3660 897 3715 nullum
954 3661 1195 3714 sentiret
1250 3662 1641 3731 generationis
1699 3663 1965 3719 naturale

312 3750 670 3823 contagium.
704 3748 908 3803 Merito
940 3766 1076 3820 ergo
1108 3749 1284 3803 David
1319 3749 1588 3804 ﬂebiliter
1628 3752 1684 3805 in
1743 3769 1803 3807 se
1860 3753 1961 3807 de—

311 3839 556 3915 ploravit
603 3840 729 3911 ipsa
788 3838 1230 3909 inquinamenta
1289 3844 1529 3906 naturae,
1588 3840 1739 3911 quod
1799 3842 1963 3913 prius

309 3930 589 4002 inciperet
622 3928 678 3982 in
710 3927 948 3982 homine
977 3925 1206 3982 macula
1236 3944 1410 3998 quam
1442 3929 1578 3984 vita.

939 4041 1170 4100 CAPUT
1208 4042 1329 4097 XII.

311 4134 598 4205 Conﬁtenti
650 4142 927 4205 peccatum
989 4132 1249 4205 caelestia
1286 4137 1627 4205 sacramenta
1699 4135 1962 4191 divinitus

378 4203 634 4277 pateﬁeri
652 4203 672 4259 ζ·
702 4221 825 4260 cum
848 4204 966 4259 haec
999 4205 1206 4277 incerta
1228 4204 1290 4257 in
1317 4204 1529 4277 psalmo
1559 4203 1834 4272 dicuntur,
1878 4208 1960 4261 si-

413 4275 636 4347 niﬁcari
682 4291 793 4331 non
829 4290 960 4348 (esse
1014 4276 1327 4345 mani/asta,
1386 4275 1477 4328 sed
1528 4278 1809 4348 prmcipue
1866 4277 1963 4334 hoc

413 4293 635 4347 uincam
682 4293 793 4331 non
847 4293 960 4329 esse
1014 4293 1327 4345 mam/esui,
1386 4293 1477 4328 sea
1528 4293 1567 4345 ρ

379 4293 494 4404 ἵοεο
527 4347 860 4418 baptismatis
891 4346 1169 4400 lavacrum
1191 4348 1567 4416 pra/igurari.

378 4465 469 4519 58.
502 4462 653 4518 Dum
704 4461 825 4516 haec
884 4460 1044 4530 dicit,
1099 4465 1156 4515 et
1213 4464 1583 4532 peccatorum
1615 4462 1958 4535 specialium

2077 3310 2358 3366 bandum.
2384 3307 2748 3379 Perhyssopi
2775 3306 3123 3377 fasciculum
3144 3306 3689 3383 aspergebatur-(agni

2076 3399 2371 3470 sanguine
2393 3398 2582 3467 (Leuit.
2614 3413 2729 3461 xw,
2762 3396 2838 3465 9),
2874 3397 2977 3466 qui
3008 3448 3009 3453 η
3035 3397 3315 3462 mundari
3371 3396 3586 3465 volebat
3623 3400 3691 3465 ty-

2075 3487 2203 3558 pico
2234 3484 2595 3557 baptismate.
2629 3483 2877 3538 Lavatur
2895 3488 3090 3555 autem
3123 3484 3222 3555 qui
3252 3480 3692 3552 diluitur'aaterni

2074 3574 2252 3629 fontis
2275 3571 2524 3644 irriguo;
2550 3576 2607 3626 et
2637 3588 2817 3642 supra
2853 3571 3042 3627 nivem
3077 3572 3413 3635 dealbatur,
3434 3573 3526 3629 cui
3552 3570 3694 3641 culpa

2073 3662 2407 3716 dimittitur.
2443 3660 2699 3731 Denique
2728 3660 2799 3714 de
2830 3660 2958 3731 ipsa
2987 3660 3186 3715 anima
3222 3661 3481 3717 dicitur:
3512 3685 3538 3709 ‹‹
3579 3661 3693 3726 Qua

2072 3751 2331 3821 estbaec,
2364 3767 2491 3821 quae
2550 3749 2812 3805 ascendit
2869 3748 3137 3821 dealbata
3196 3749 3383 3820 (Cant.
3416 3748 3690 3819 vui-5)?»

2071 3843 2397 3910 Antequam
2456 3837 2867 3908 baptizaretur,
2928 3838 3055 3910 ipsa
3120 3841 3210 3893 est
3268 3856 3403 3911 quae
3463 3837 3691 3894 dicebat:

2074 3950 2101 3977 ‹‹
2133 3929 2310 4000 Nigra
2338 3944 2471 3982 sum
2503 3931 2558 3981 et
2586 3926 2812 3994 decora,
2840 3925 2969 3980 ﬁlia:
2994 3926 3325 3982 Jerusalem
3350 3928 3525 3998 (Cant.
3549 3945 3581 3993 1,
3602 3926 3692 3991 4).»

2072 4019 2207 4073 Erat
2235 4017 2391 4072 enim
2433 4016 2616 4086 nigra,
2670 4015 2996 4079 tenebrosa,
3055 4021 3433 4086 peccatorum
3490 4016 3694 4071 horrore

2070 4106 2380 4171 del’or'nis;
2406 4105 2504 4159 sed
2542 4108 2745 4175 postea
2775 4120 2951 4174 quam
2984 4103 3187 4158 abluta
3217 4120 3326 4175 per
3364 4104 3693 4177 baptismum

2071 4193 2479 4248 remissionem
2511 4191 2723 4246 meruit
2754 4189 3123 4259 delictorum,
3155 4191 3431 4250 dealbata
3467 4190 3697 4249 ascendit

2070 4283 2139 4337 ad
2175 4281 2491 4347 Christum.
2527 4280 2665 4351 Inde
2695 4284 2753 4335 et
2792 4296 2893 4352 per
2931 4280 3143 4336 Isaiam
3177 4282 3465 4337 Dominus
3494 4281 3694 4337 locutus

2068 4376 2158 4426 est
2186 4371 2417 4426 dicens:
2453 4394 2479 4418 ‹‹
2506 4368 2564 4424 Si
2597 4368 2813 4424 fuerint
2841 4374 3075 4440 peccata
3110 4374 3311 4426 vestra
3364 4371 3517 4427 sicut
3560 4368 3692 4442 phae-

2068 4459 2307 4524 nicium,
2344 4464 2406 4513 ut
2436 4459 2623 4512 nivem
2658 4456 2938 4512 dealbabo
2966 4458 3136 4526 (Psal.
3175 4476 3213 4524 1,
3261 4460 3377 4529 18),
3440 4484 3465 4508 ››
3524 4459 3575 4513 id
3603 4462 3691 4522 est,

312 4557 487 4623 atque
516 4549 920 4605 communium
951 4548 1256 4605 colluviem
1290 4550 1617 4617 confitetur,
1659 4552 1854 4609 subito
1911 4554 1962 4609 ei
1994 4565 2039 4629 Ι)
2071 4548 2120 4605 si
2151 4551 2411 4615 cruenta,
2437 4547 2485 4602 si
2516 4551 2684 4612 tetra,
2711 4544 3030 4600 mundabo.
3055 4545 3183 4600 Haec
3233 4552 3326 4601 est
3385 4547 3483 4602 nix
3510 4542 3691 4601 intelli-

310 4637 591 4711 splendor
618 4635 897 4701 veritatis,
928 4642 984 4689 et
1013 4636 1232 4691 candor
1258 4637 1456 4707 gratis:
1483 4637 1763 4708 spiritalis
1794 4639 1959 4693 all‘ul-

310 4727 405 4785 sit.
438 4726 865 4797 Supergressus
907 4723 1062 4780 enim
1118 4725 1406 4789 umbram,
1440 4725 1648 4797 spiritu
1707 4727 1953 4800 prophe-

306 4817 419 4872 tico
449 4815 579 4888 ipsa
603 4812 747 4867 vidit
774 4815 1179 4884 myster'orum
1214 4817 1578 4866 sacramenta
1607 4814 1952 4881 caelestium,

304 4921 556 4979 quorum
582 4908 788 4977 typum
816 4901 1045 4973 Moyses
1072 4900 1464 4972 praeﬁguravit
1493 4900 1551 4955 in
1582 4901 1704 4975 lege
1749 4904 1952 4974 (Exod.

195 5073 199 5077 ’
298 5086 429 5158 ipse
456 5087 661 5158 partus
691 5082 867 5158 habet
889 5080 1159 5152 contagia
1187 5095 1447 5158 sua,_nec
1480 5095 1660 5158 unum
1692 5084 1950 5158 tantum-

303 5150 475 5212 modo
508 5156 679 5211 habet
709 5155 836 5222 ipsa
866 5150 1090 5207 natura?
1105 5151 1461 5224 contagium.
1483 5150 1663 5224 Unde
1716 5151 1774 5224 in
1826 5152 1952 5224 lege

300 5229 427 5298 dies
460 5233 681 5298 partus,
710 5232 765 5280 et
786 5224 1044 5297 plerique
1067 5222 1161 5298 alii
1196 5239 1228 5277 a
1249 5221 1531 5277 sacrificio
1568 5221 1946 5298 feriati_sunt:

301 5293 512 5353 mulier
537 5298 695 5353 enim
729 5293 853 5367 qua:
880 5293 1195 5365 generavit,
1232 5310 1369 5367 non,
1399 5297 1587 5363 potest
1637 5293 1691 5346 in
1726 5293 1950 5367 diebus

301 5367 665 5438 purgationis
691 5364 808 5421 suae
862 5364 1067 5420 offerre
1124 5364 1503 5438 sacriﬁcium,
1566 5364 1947 5438 nec_ingrcdi

300 5435 722 5503 sanctuarium,
783 5438 965 5492 donec
1027 5436 1283 5506 legitimo
1344 5435 1457 5488 ritu
1533 5435 1849 5489 mandetur
1916 5456 1989 5492 a.

299 5507 601 5645 ἷοῖἐξόἷηδ
630 5592 772 5629 mss.
805 5592 869 5630 ac
895 5578 1029 5631 edit.
1068 5591 1290 5635 omnes,
1326 5582 1563 5644 excepta
1619 5576 1812 5641 Rom.,
1847 5578 1946 5633 ubi

303 5645 558 5716 legitur:
602 5665 630 5697 ι
684 5644 981 5714 Numquid
1007 5646 1339 5701 Jeremias?
1396 5646 1521 5699 Non
1581 5648 1801 5719 utique.
1849 5649 1948 5704 llle

2066 4636 2281 4709 gibilis,
2315 4636 2387 4691 de
2418 4652 2533 4706 qua
2562 4634 2642 4690 ait
2671 4634 2827 4705 quod
2870 4634 3101 4690 Domini
3148 4635 3289 4691 Jesu
3354 4637 3415 4692 in
3472 4637 3692 4703 Evange-

2065 4726 2141 4780 lio
2192 4724 2396 4795 (Matth.
2457 4741 2598 4790 xvu,
2655 4728 2711 4791 2)
2771 4720 3108 4778 rel'ulserint
3163 4723 3516 4780 vestimenta
3563 4722 3688 4777 sicut

2064 4814 2201 4879 nix;
2232 4831 2297 4868 eo
2323 4813 2478 4883 quod
2512 4816 2814 4884 peccatum
2847 4828 2958 4866 non
2993 4811 3347 4884 cognoverit.
3390 4815 3529 4868 Caro
3557 4808 3689 4867 enim

2064 4920 2181 4975 qua
2209 4918 2270 4957 se
2301 4900 2512 4967 induit,
2541 4900 2612 4955 ab
2643 4901 2801 4955 omni
2834 4900 3020 4955 fuerat
3051 4900 3271 4955 munda
3321 4900 3533 4957 delicto
3576 4898 3685 4969 (35}.

2061 5081 2219 5139 enim
2252 5097 2366 5135 non
2398 5079 2457 5133 in
2489 5078 2763 5149 gentibus
2801 5078 3081 5149 propheta
3124 5078 3484 5150 propositus,
3518 5077 3612 5150 sed
3640 5073 3688 5127 in

2058 5154 2263 5209 Judiea
2291 5148 2543 5216 tantum,
2576 5150 2711 5204 licet
2749 5166 2903 5204 nunc
2955 5148 3140 5204 etiam
3182 5148 3243 5204 in
3302 5148 3686 5205 nationibus...

2058 5226 2203 5278 Vide
2236 5224 2431 5294 igitur,
2466 5227 2571 5275 etc.
2603 5244 2621 5266 υ
2756 5290 2769 5294 _
2907 5221 2910 5224 ’

2133 5290 2808 5373 ibrafsetksupple
2839 5291 3042 5373 radios,
3075 5291 3131 5346 id
3175 5294 3280 5355 est,
3316 5290 3619 5373 illuxisset.

2278 5365 2362 5419 lta
2391 5364 2529 5419 edit.
2563 5359 2695 5437 Gill_I
2717 5359 2805 5416 'ac
2861 5362 3195 5431 Rom,.cum
3252 5378 3405 5437 mss.
3467 5359 3683 5437 aliquot.

2058 5432 2368 5492 Edithm.
2420 5441 2594 5504 atque
2652 5434 2799 5498 Era.,
2860 5449 2969 5487 non
3022 5434 3330 5502 cognoverit
3382 5432 3683 5504 carorejus.‘

2059 5508 2275 5581 quando
2301 5522 2361 5581 se
2386 5506 2565 5559 induit
2592 5506 2847 5559 eveniens
2874 5505 2933 5559 in
2990 5504 3134 5559 hunc
3161 5505 3458 5581 mundum,
3487 5503 3551 5558 ab
3584 5516 3682 5581 om-

2056 5573 2140 5646 ni,
2172 5584 2279 5634 etc.
2331 5579 2589 5642 Quatuor
2640 5592 2806 5639 mss.,
2870 5591 2980 5630 non
3035 5578 3345 5646 cognocerit
3399 5593 3523 5646 caro
3562 5573 3683 5646 pejutt,

2057 5641 2165 5723 qua
2192 5667 2246 5706 se
2275 5641 2524 5704 induit...
2548 5647 2616 5701 ab
2636 5647 2786 5704 omni
2814 5648 3002 5717 fuerit,
3037 5641 3144 5702 etc.
3166 5645 3291 5700 Non
3343 5645 3498 5703 male
3526 5644 3570 5699 si
3584 5641 3682 5697 7ad~
