3894 6208
140 359 253 425 91³1

1246 353 1632 422 APOLOGIA
1677 352 2120 423 PROPHET/E
2158 354 2421 423 υΑνιι).

3407 346 3535 425 916

145 492 283 562 Quid
311 488 538 549 miraris
567 487 618 547 si
646 487 793 547 vidit
818 487 1191 564 baptismatis
1222 495 1607 558 sacramenta,
1639 508 1774 548 cum
1804 492 1859 560 Α
1889 497 2173 551 assumat.
2205 495 2310 552 Sed
2345 493 2484 567 quia
2540 493 2739 553 omnia
2792 496 3016 569 spectat
3070 495 3127 551 et
3185 487 3331 560 nihil
3388 505 3525 549 eum

142 598 312 656 supra
339 580 564 650 dixerit,
596 579 699 635 ubi
741 579 1053 652 descripsit
1106 581 1440 652 passionem
1497 581 1727 637 Domini
1762 600 1774 637 :

145 695 169 722 ‹‹
199 669 481 727 Dominus
509 669 699 742 pascit
729 685 844 737 me,
879 674 936 725 et
965 669 1109 724 nihil
1144 670 1288 724 mihi
1322 670 1537 737 deerit;
1570 671 1777 726 inloco

142 758 299 815 viridi
332 759 444 829 (36)
475 757 552 811 ibi
575 772 666 812 me
686 756 1003 826 collocavit,
1024 775 1200 829 super
1219 776 1431 830 aquam
1451 758 1778 815 refectionis

145 847 399 905 educavit
427 862 520 902 me
549 846 721 918 (Psat.
752 864 893 914 XXII,
918 848 968 915 1,
1000 848 1077 918 2).
1111 870 1139 896 »
1198 849 1267 903 Et
1323 847 1459 904 alibi
1494 865 1507 903 :
1571 869 1599 897 ‹‹
1654 848 1777 903 Vox

145 934 361 993 Domini
420 951 596 1007 super
659 951 866 1007 aquas,
925 935 1079 992 Deus
1137 936 1464 1007 majestatis
1524 937 1779 992 intonuit

146 1025 300 1101 (Psal.
332 1038 533 1091 xxvm,
562 1023 640 1093 3).
675 1044 704 1072 »
734 1023 805 1078 Et
834 1023 905 1079 de
936 1024 1065 1095 ipso
1096 1028 1454 1079 sscramento
1512 1025 1623 1096 (37)
1655 1024 1775 1096 ple-

145 1113 267 1168 nius
295 1111 439 1167 dixit
472 1128 484 1167 :
522 1132 550 1159 ‹‹
581 1111 807 1167 Parasti
836 1111 895 1166 in
947 1116 1258 1184 conspectu
1292 1129 1434 1168 meo.
1486 1129 1774 1183 mensam,

146 1200 515 1274 impinguasti
546 1200 607 1255 in
639 1199 762 1256 oleo
794 1205 970 1273 caput
989 1217 1206 1267 meum,
1233 1206 1289 1257 et
1309 1202 1583 1273 poculum
1607 1206 1774 1257 tuum

144 1290 447 1356 inebrians,
482 1305 661 1361 quam
692 1288 1038 1361 praeclarum
1068 1295 1159 1345 est
1188 1290 1359 1360 (Psat.
1391 1308 1531 1358 xxu,
1561 1290 1617 1360 5)
1651 1291 1663 1345 l

650 1378 797 1434 897
842 1377 1075 1434 CAPUT
1114 1378 1258 1434 XIII.

144 1467 320 1533 David,
349 1467 465 1522 solo
494 1465 713 1537 futurae
741 1468 1080 1522 remissionis
1110 1469 1307 1522 auditu
1336 1475 1608 1523 recreatus
1661 1471 1778 1537 [ore

204 1546 264 1611 ut
287 1554 405 1611 ossa
436 1537 1040 1611 humiliataﬁexuitent,
1063 1539 1315 1609 praedicit
1342 1556 1362 1600 ;
1392 1548 1441 1594 et
1496 1557 1614 1611 qua:
1666 1541 1777 1593 sint

205 1610 299 1664 illa
326 1612 352 1661 γ
383 1608 697 1678 Rogandum
727 1610 897 1681 Deum
924 1613 985 1664 ut
1011 1608 1206 1680 faciem
1240 1614 1447 1665 avertat
1474 1608 1517 1665 (ι’
1550 1612 1781 1681 peccatis

202 1681 418 1747 uestris,
451 1681 615 1734 illam
642 1696 767 1735 vero
797 1680 865 1734 od
886 1697 982 1736 nos
1011 1685 1305 1737 convertat.
1339 1682 1473 1736 Item
1493 1680 1633 1735 sicut
1658 1697 1779 1751 pec-

202 1755 397 1818 catum,
430 1752 509 1805 ita
540 1754 593 1805 et
620 1752 971 1821 iniquitatem
998 1766 1124 1822 qua
1153 1754 1272 1822 ejus
1309 1754 1463 1820 origo
1520 1761 1614 1817 est,
1673 1754 1775 1807 tri-

202 1823 327 1893 plici
355 1824 576 1877 ratione
605 1822 746 1890 tolli,
779 1839 898 1894 qum
927 1824 1193 1894 aperitur.

200 1911 283 1965 60.
316 1910 523 1966 Merito
557 1926 694 1983 ergo
717 1910 850 1966 istic
881 1927 1115 1984 quoque
1141 1911 1408 1968 exultans
1438 1912 1518 1967 ait
1550 1928 1561 1966 :
1600 1935 1625 1961 ‹‹
1660 1914 1775 1967 Au-

143 1998 275 2053 ditui
306 2016 434 2055 meo
465 1998 640 2055 dabis
669 1999 952 2071 gaudium
981 2005 1038 2056 et
1071 1999 1326 2055 laetitiam
1356 2017 1368 2053 :
1411 2004 1467 2055 et
1524 1999 1775 2056 exsulta-

141 2087 272 2142 bunt
298 2104 433 2143 ossa
460 2087 776 2143 humiliata
806 2088 975 2159 (Psal.
1008 2106 1057 2156 L,
1092 2090 1203 2160 10).
1241 2111 1268 2137 ››
1328 2089 1613 2155 Probasti,
1672 2090 1778 2145 Do-

144 2176 285 2232 mine
310 2176 470 2244 Jesu,
499 2175 641 2247 quia
683 2192 986 2248 nunquam
1044 2177 1219 2233 verba
1274 2181 1376 2233 tua
1432 2182 1780 2250 praetereunt

142 2266 347 2335 (Matth.
379 2281 535 2331 xxw,
568 2264 679 2335 33).
710 2265 974 2321 Probasti
1000 2264 1147 2321 illud
1189 2265 1588 2340 evangelicum
1622 2268 1776 2339 quod

143 2353 321 2409 dixisti
354 2370 367 2407 :
407 2377 427 2403 ι
468 2352 643 2408 Multi
675 2352 966 2426 propheta:
998 2360 1054 2409 et
1076 2354 1223 2425 justi
1252 2354 1559 2411 voluerunt
1587 2354 1777 2410 videre

141 2457 256 2513 quae
283 2442 509 2509 videtis,
543 2446 601 2497 et
630 2442 830 2497 audire
859 2443 1576 2515 qumauditis(Matth.xm,
1612 2445 1718 2515 17).
1745 2466 1772 2493 ››

141 2530 271 2587 Ecce
298 2530 474 2586 David
512 2528 639 2586 solo
670 2529 901 2585 laetatur
930 2532 1156 2598 auditu,
1191 2532 1330 2603 quia
1370 2524 1567 2587 futura
1622 2537 1777 2588 esset

140 2623 489 2689 peccatorum
525 2618 816 2686 remissio,
850 2624 906 2675 et
962 2620 1270 2692 prophetat
1327 2621 1465 2692 quia
1518 2621 1771 2677 exsulta-

140 2708 273 2763 bunt
300 2724 432 2764 ossa
461 2705 799 2763 humiliata.
832 2706 996 2762 Sicut
1045 2709 1245 2764 omnia
1292 2709 1442 2779 justi
1491 2725 1627 2764 ossa
1685 2710 1771 2764 di-

139 2801 256 2852 cent
287 2813 298 2850 :
332 2820 357 2845 ‹‹
390 2795 663 2863 Domine,
698 2796 831 2867 quis
863 2795 1077 2851 similis
1108 2797 1213 2851 tibi
1265 2799 1433 2869 (Psat.
1499 2815 1768 2865 LxxxVIII,

137 2885 206 2954 9),
233 2905 260 2935 ιι
288 2884 370 2939 sic
403 2905 430 2933 ‹‹
460 2882 843 2939 exsultabunt
873 2901 1008 2941 ossa
1036 2884 1365 2951 humiliata,
1393 2908 1419 2934 »
1451 2885 1769 2940 humilian-

138 2972 205 3027 tis
231 2972 447 3028 scilicet
476 2972 741 3028 animam
772 2989 941 3028 suam
975 2974 1137 3044 justi.
1171 2973 1454 3029 Dicuntur
1469 2990 1605 3046 ergo
1636 2991 1770 3029 ossa

140 3060 361 3117 virtutes
397 3080 409 3130 ;
444 3062 731 3116 dicuntur
768 3078 903 3117 ossa
931 3061 1087 3118 velut
1117 3062 1355 3134 quidam
1403 3062 1583 3118 animi
1643 3080 1765 3118 mo-

138 3152 225 3205 tus
249 3148 330 3205 vel
362 3150 599 3213 animae,
631 3149 728 3221 qui
763 3155 956 3205 motus
985 3149 1374 3206 humiliantur
1403 3151 1676 3223 peccatis,
1708 3156 1764 3206 et

138 3237 411 3293 exsultant
439 3237 644 3312 gratiae
676 3238 790 3309 (38)
818 3238 1067 3295 coelestia
1098 3256 1337 3295 munere
1369 3258 1381 3294 :
1411 3240 1688 3296 dicuntur
1716 3244 1772 3295 et
1799 3230 1842 3296 C

140 3342 261 3383 ossa
285 3325 481 3399 populi
512 3325 908 3382 Ecclesiarum
942 3346 955 3395 ;
988 3329 1144 3383 unde
1174 3328 1356 3383 habes
1384 3328 1603 3384 dictum
1635 3334 1692 3383 et
1712 3329 1769 3383 in

141 3413 346 3485 psalmo
380 3431 393 3471 :
428 3436 456 3465 «
485 3414 615 3469 Non
648 3418 736 3471 est
765 3415 1173 3471 absconditum
1214 3434 1277 3471 os
1336 3433 1556 3485 meum,
1615 3418 1768 3489 quod

142 3501 307 3559 fecisti
336 3503 395 3559 in
426 3503 783 3559 abscondito
810 3505 984 3573 (Psal.
1018 3521 1282 3572 nxxxvm,
1318 3506 1426 3574 15).
1464 3527 1491 3553 ››
1537 3505 1613 3560 Os
1671 3523 1770 3561 su-

139 3608 227 3647 um
255 3593 576 3650 Ecclesiam
608 3592 773 3661 dixit,
819 3597 878 3648 et
933 3592 1120 3665 plebis
1177 3594 1395 3649 devota:
1452 3599 1771 3650 conventus

140 3697 337 3753 sacros,
369 3681 652 3755 quoniam
685 3698 893 3738 sumus
938 3683 1202 3739 membra
1246 3684 1503 3754 corporis
1561 3684 1773 3740 Christi

136 3768 197 3824 de
221 3786 386 3827 carne
412 3770 628 3843 ipsius,
662 3775 718 3825 et
746 3771 819 3825 de
848 3770 1085 3828 ossibus
1118 3773 1266 3842 ejus.
1304 3772 1422 3826 Hoc
1455 3771 1639 3843 igitur
1685 3772 1772 3826 di-

134 3857 221 3925 cit,
248 3858 383 3931 quia
414 3858 682 3915 Ecclesia
712 3860 941 3915 Domini
973 3860 1172 3916 omnia
1203 3876 1377 3932 opera
1426 3860 1622 3915 divina
1678 3877 1774 3915 co-

139 3952 379 4018 gnoscet,
411 3954 469 4004 et
501 3947 679 4003 ﬁdem
711 3949 1157 4005 resurrectionis
1188 3949 1451 4021 accipiet.

199 4036 283 4090 61.
313 4037 593 4109 Sequitur
621 4055 632 4091 :
668 4058 695 4085 «
728 4039 932 4093 Averte
976 4037 1182 4092 faciem
1214 4042 1378 4093 tuam
1436 4055 1469 4092 a
1522 4037 1775 4108 peccatis

138 4124 292 4191 meis,
319 4130 376 4181 et
405 4125 974 4197 omnesiniquitates
990 4142 1151 4181 meas
1181 4125 1307 4181 dele
1337 4126 1504 4194 (Psat.
1536 4143 1587 4193 ι,
1618 4127 1723 4195 11).
1748 4148 1773 4173 ››

145 4208 347 4269 Usitata
375 4220 466 4269 est
495 4214 847 4286 deprecatio,
881 4219 946 4269 ut
975 4230 1074 4270 eos
1117 4230 1266 4285 quos
1321 4214 1603 4283 laesimus,
1636 4214 1778 4269 obli-

143 4296 269 4354 visci
296 4300 637 4358 offensionis
668 4300 912 4373 propriae
944 4301 1331 4373 postulemus.
1376 4299 1670 4356 Moraliter
1688 4318 1775 4356 er-

146 4400 208 4456 go
226 4387 403 4446 Deum
435 4395 606 4462 rogat
635 4390 920 4461 Propheta
959 4395 1023 4444 ut
1053 4396 1274 4445 avertat
1305 4389 1513 4445 faciem
1545 4407 1714 4445 suam
1745 4408 1779 4446 a

148 4476 378 4544 peccatis
408 4480 561 4550 ejus,
595 4483 651 4533 et
680 4481 962 4550 tanquam
994 4478 1205 4535 oblivia
1236 4483 1608 4550 peccatorum
1650 4481 1777 4549 ejus

150 4605 307 4662 datur
335 4609 671 4679 conjunctio
718 4614 792 4676 et,

150 4692 332 4754 manu.
364 4681 578 4737 Melius
609 4681 1117 4754 tamenVinc......
1148 4684 1278 4752 quia
1326 4682 1541 4754 quando
1596 4700 1650 4738 se
1708 4686 1789 4737 in-

151 4747 274 4816 duit,
289 4755 407 4823 etc,
438 4755 623 4822 fuerat
651 4753 857 4808 munda
885 4753 1080 4808 delicto
1110 4770 1129 4813 ;
1158 4747 1196 4806 a
1225 4747 1347 4823 quo
1374 4771 1487 4808 non
1536 4754 1786 4809 multum

155 4821 355 4896 recedit
380 4821 512 4879 Alb.
540 4823 688 4879 alter
724 4823 933 4879 ludens
967 4823 1060 4879 his
1088 4821 1283 4896 verbis
1313 4841 1325 4878 :
1372 4842 1491 4879 cum
1546 4830 1788 4896 proferto

154 4894 437 4967 quandam
466 4896 718 4967 induit...
752 4895 1222 4967 [ueritrmundata
1251 4895 1466 4951 delicto.

218 4963 321 5030 (36)
350 4964 566 5022 Omnes
596 4965 733 5021 edit.
752 4963 821 5022 et
850 4966 1091 5048 quidam
1125 4982 1291 5048 mss.”
1324 4969 1385 5021 in
1434 4968 1544 5024 loco
1570 4983 1790 5038 pascua:

159 5045 293 5108 mss.
321 5051 533 5108 magno
564 5053 830 5108 numero,
862 5036 923 5093 in
952 5039 1066 5092 loco
1090 5036 1275 5092 viridi.

222 5104 326 5173 (37)
357 5104 783 5181 Eucharistiam
816 5108 1124 5181 significat,
1159 5124 1337 5181 quam
1369 5108 1542 5163 etiam
1572 5109 1665 5162 alli
1689 5109 1788 5163 Pa-

157 5175 298 5229 trum
332 5177 769 5251 simpliciter__et
797 5175 916 5251 per
955 5175 1421 5251 antonomasiam
1483 5196 1788 5234 sacramen-

162 5248 504 5324 consuerunt
529 5248 985 5324 appellaréoNec
1016 5249 1207 5324 solum
1246 5251 1354 5305 hoc
1386 5250 1509 5304 loco
1569 5251 1647 5324 ita
1688 5251 1785 5324 ilo-

161 5320 350 5437 ﬂuitur
375 5320 742 5385 Ambrosius,
776 5322 876 5377 sed
906 5338 1038 5377 cum
1066 5320 1204 5377 alibi
1238 5337 1409 5392 saepe,
1444 5327 1568 5376 tum
1603 5322 1659 5374 in
1686 5323 1785 5376 lib.

194 5400 223 5437 e
252 5388 552 5437 [initiandit
577 5408 702 5437 can-
731 5393 765 5437 8
794 5398 851 5437 et
878 5393 928 5437 Ω.
966 5392 1062 5437 nhi
1097 5392 1268 5437 etiam
1305 5392 1459 5437 hnnn
1488 5393 1679 5437 ingnm
1706 5393 1785 5437 In-

194 5400 223 5439 e
251 5388 554 5464 [uitiandis.
577 5408 703 5463 cap.
731 5393 765 5445 8
794 5398 851 5447 et
878 5393 931 5459 9,
966 5392 1066 5448 ubi
1097 5392 1270 5447 etiam
1305 5388 1459 5447 hunc
1486 5393 1680 5464 ipsum
1705 5393 1786 5446 lo-

162 5470 285 5536 gum
314 5462 532 5536 profert
551 5464 631 5536 ad
654 5462 798 5536 eum
828 5465 1115 5536 modum:
1153 5486 1181 5513 ‹‹
1220 5464 1389 5518 Venit
1418 5462 1596 5535 igitur
1653 5466 1784 5533 (sci-

163 5523 287 5609 licet
319 5523 496 5600 'plebs
550 5534 888 5609 baptizata)
922 5541 979 5590 et
1004 5535 1209 5609 videns
1242 5523 1675 5609 sacrosanctum
1711 5536 1788 5591 al-

161 5600 276 5654 tare
321 5600 730 5675 compositum,
771 5600 1103 5662 exclamans
1160 5606 1283 5662 ait:
1346 5627 1374 5656 »
1430 5607 1651 5661 Parasti
1708 5609 1788 5661 in-

162 5675 429 5741 comperta
458 5691 572 5732 meo
596 5693 860 5745 mensam,
896 5701 924 5727 ‹‹
957 5677 1116 5734 Hanc
1172 5676 1508 5749 loquentem
1566 5678 1789 5734 inducit

1889 584 2159 655 praeterit,
2184 584 2445 640 oblivisci
2477 604 2591 642 non
2624 590 2816 659 potest
2843 585 2998 643 sicut
3027 601 3154 653 nos,
3188 599 3338 656 quos
3362 578 3528 638 brevi

1888 672 2191 729 intervallo
2221 675 2501 745 temporis
2533 692 2734 731 eorum
2776 693 2901 747 quae
2936 673 3383 748 cognoverimus
3416 687 3532 726 me-

1886 761 2073 816 moria
2103 763 2476 836 subterfugit.
2508 766 2639 821 Ideo
2678 766 2826 821 bene
2857 764 2939 820 ait
2968 768 3035 819 ut
3090 763 3300 818 faciem
3352 775 3530 840 suam

1886 854 2125 916 avertat,
2158 868 2274 906 non
2305 853 2378 907 ab
2409 853 2556 924 ipso,
2591 870 2662 909 ne
2693 853 2924 909 deficiat
2953 851 3274 907 destitutus
3309 864 3323 904 :
3368 848 3470 904 sed
3497 863 3532 902 a

1886 939 2159 1007 peccatis,
2188 943 2253 993 ut
2281 941 2433 996 vires
2464 959 2579 996 non
2601 942 2830 1012 possint
2880 941 3096 996 habere
3154 941 3391 1011 peccata
3447 936 3530 1008 ip-

1886 1026 2032 1080 sius.
2067 1029 2221 1091 Quos
2252 1029 2407 1083 enim
2441 1030 2651 1101 aspicit
2682 1030 2983 1095 Dominus,
3004 1027 3323 1096 illuminat,
3354 1028 3412 1080 et
3466 1024 3526 1078 in

1885 1112 2050 1169 vultu
2084 1117 2313 1171 Domini
2344 1118 2529 1189 pietas
2560 1122 2734 1189 atque
2773 1117 3139 1190 indulgentia
3193 1120 3300 1171 est.
3360 1114 3523 1169 Ideo-

1887 1218 1999 1272 que
2030 1204 2124 1259 hic
2156 1206 2280 1277 ipse
2309 1207 2390 1261 ait
2422 1225 2434 1261 :
2468 1230 2496 1256 «
2529 1208 2610 1263 De
2642 1206 2806 1262 vultu
2836 1211 2938 1261 tuo
2973 1204 3269 1277 judicium
3326 1218 3523 1257 meum

1884 1294 2123 1363 prodeat
2144 1294 2314 1364 (Psal.
2348 1313 2463 1365 XVI,
2492 1298 2548 1367 2)
2582 1315 2597 1364 ;
2634 1320 2659 1345 ››
2692 1297 2764 1352 de
2789 1295 2953 1352 vultu
2983 1294 3137 1351 enim
3168 1290 3401 1348 Domini
3430 1306 3523 1345 ve-

1885 1379 2002 1444 nia,
2023 1397 2138 1435 non
2163 1398 2332 1453 poena
2360 1383 2639 1455 procedit.
2676 1384 2991 1456 Rogandus
3022 1386 3112 1438 est
3136 1397 3273 1453 ergo
3304 1383 3367 1434 ut
3419 1394 3525 1433 nos

1885 1469 2148 1541 aspiciat,
2182 1475 2402 1527 avertat
2457 1478 2654 1527 autem
2705 1473 2910 1528 faciem
2959 1488 3128 1527 suam
3184 1488 3218 1525 a
3272 1466 3526 1540 peccatis

1888 1558 2207 1621 nostris,ut
2237 1560 2426 1616 deleat
2453 1578 2538 1617 ea.
2574 1562 2710 1625 Quae
2738 1561 2896 1617 enim
2927 1577 3043 1616 non
3076 1557 3302 1630 aspicit,
3352 1554 3525 1625 delet,

1887 1651 1943 1702 et
1973 1664 2101 1717 qua:
2132 1647 2422 1715 deleverit,
2457 1666 2523 1705 ea
2555 1649 2837 1706 memoria
2853 1648 3223 1721 sepeliantur,
3257 1645 3411 1700 sicut
3438 1643 3526 1715 ip-

1889 1752 1950 1790 se
1980 1736 2265 1793 Dominus
2296 1738 2378 1792 ait
2410 1754 2423 1791 :
2456 1761 2483 1788 ‹‹
2517 1740 2634 1810 Ego
2668 1756 2825 1806 sum,
2856 1754 2961 1809 ego
3019 1753 3151 1793 sum
3213 1734 3313 1806 qui
3362 1730 3526 1787 deleo

1803 1861 1851 1925 B
1885 1823 2225 1895 iniquitates
2247 1830 2401 1892 tuas,
2433 1831 2490 1882 et
2519 1844 2745 1882 memor
2773 1844 2889 1881 non
2922 1842 3017 1881 ero
3052 1842 3064 1880 :
3098 1829 3161 1879 tu
3195 1826 3389 1878 autem
3413 1836 3529 1875 me-

1891 1929 2019 1968 mor
2047 1918 2169 1969 esto
2200 1919 2257 1970 et
2278 1915 2619 1986 judicemur
2648 1918 2773 1986 (Isa.
2807 1932 2964 1983 xLIII,
2998 1915 3087 1981 25,
3119 1912 3233 1981 26).
3259 1934 3288 1961 ››

1958 2048 2046 2101 62.
2092 2048 2396 2103 Peccatum
2459 2053 2655 2103 autem
2715 2054 2817 2104 aut
2874 2049 3128 2103 donatur
3182 2046 3278 2117 (De
3328 2043 3528 2114 paenit.

1887 2135 2024 2191 dist.
2057 2137 2111 2201 3,
2162 2153 2286 2207 cap.
2338 2138 2438 2191 Ille
2487 2154 2610 2204 rem,
2668 2139 2696 2206 §
2751 2141 3040 2192 Peccatum
3097 2138 3193 2190 aut
3247 2131 3525 2202 donatur),

1886 2228 1989 2278 aut
2027 2223 2268 2291 deletur,
2303 2229 2403 2280 aut
2460 2226 2726 2297 tegitur:
2789 2226 3038 2280 donatur
3095 2239 3198 2295 per
3251 2219 3524 2293 gratiam,

1885 2311 2111 2367 deletur
2142 2329 2245 2384 per
2276 2314 2623 2385 sanguinem
2649 2315 2861 2383 crucis,
2892 2312 3109 2385 tegitur
3138 2326 3242 2383 per
3271 2306 3531 2364 charita-

1885 2404 2023 2456 tem.
2056 2401 2335 2456 Similiter
2364 2407 2420 2457 et
2448 2402 2752 2475 iniquitas,
2786 2419 2916 2475 quae
2945 2400 3270 2456 aestimatur
3297 2394 3535 2452 habitu-

1885 2489 1958 2543 do
1990 2490 2205 2544 mcntis
2237 2490 2489 2559 injustas.
2528 2492 2686 2545 Licet
2712 2492 2969 2546 Joannes
3000 2489 3058 2544 in
3089 2484 3337 2570 epistola
3393 2498 3528 2538 eum

1885 2577 1985 2647 qui
2019 2578 2216 2633 fecerit
2246 2584 2570 2650 peccatum,
2604 2581 2756 2636 698
2805 2584 2861 2634 ct
2891 2578 3263 2650 iniquitatem
3320 2571 3530 2628 fecisse

1884 2665 2113 2733 dixerit,
2147 2667 2297 2721 sicut
2326 2668 2611 2722 habemus
2644 2667 2926 2738 scriptum
2964 2685 2976 2721 :
3011 2690 3036 2715 ‹‹
3075 2663 3278 2720 Omnis
3309 2659 3408 2733 qui
3440 2660 3529 2714 far-

1881 2751 1959 2804 cit
1990 2757 2314 2823 peccatum,
2345 2758 2402 2808 et
2434 2754 2806 2825 iniquitatem
2842 2754 2981 2809 facit
3011 2756 3059 2826 (Ι
3081 2755 3237 2809 Ιοαη.
3273 2766 3362 2816 Ili,
3392 2751 3469 2814 ἆ),
3497 2778 3524 2805 ››

1880 2843 2202 2908 peccatum,
2237 2846 2325 2895 est
2351 2841 2655 2913 iniquitas,
2688 2842 2827 2913 quia
2872 2840 2929 2895 in
2965 2845 3198 2912 peccato
3256 2840 3383 2913 ipso
3414 2839 3525 2895 ini-

1881 2928 2076 2998 quitus
2106 2933 2195 2984 est
2230 2947 2243 2996 ;
2284 2934 2503 2994 tamen,
2566 2936 2631 2985 ut
2684 2930 2853 2985 nobis
2909 2930 3161 2992 videtur,
3213 2933 3520 3000 peccatum

1876 3030 2023 3086 opus
2053 3021 2141 3072 est
2171 3018 2519 3089 iniquitatis,
2547 3018 2826 3090 iniquitas
2853 3023 3046 3073 autem
3081 3018 3368 3089 operatrix
3398 3016 3516 3073 cul-

1877 3120 1961 3173 pa:
1992 3108 2165 3175 atque
2199 3106 2412 3161 delicti.
2447 3107 2585 3162 Plus
2616 3112 2704 3162 est
2734 3124 2870 3179 ergo
2901 3108 3012 3177 (39)
3042 3111 3104 3161 ut
3132 3106 3261 3177 ipsa
3297 3107 3514 3179 iniqui-

1878 3194 1969 3246 tas
2001 3193 2284 3259 deleatur,
2317 3196 2616 3250 excidatur
2643 3196 2809 3250 radix
2839 3200 2897 3251 et
2938 3194 3323 3250 seminarium
3385 3211 3517 3266 pec-

1882 3285 2142 3337 catorum
2178 3302 2189 3348 ;
2225 3283 2379 3339 mala
2408 3282 2645 3339 tollatur
2699 3284 2883 3348 radix,
2918 3300 2989 3337 ne
3045 3281 3232 3338 malos
3290 3282 3519 3339 fructus

1882 3369 2052 3425 faciat
2086 3389 2097 3438 ;
2132 3372 2433 3427 aboleatur
2461 3372 2672 3428 erroris
2703 3372 2895 3428 omnis
2926 3371 3188 3437 affectus,
3249 3371 3523 3427 universa

1880 3457 2256 3531 iniquitatum
2284 3476 2498 3531 genera
2528 3459 2826 3516 tollantur.

1952 3594 2040 3649 65.
2079 3594 2277 3664 Itaque
2309 3593 2802 3664 quemadmodum
2862 3593 3087 3649 intrans
3146 3594 3206 3649 in
3261 3592 3522 3649 animam

1882 3679 2181 3750 sapientia:
2209 3678 2519 3752 disciplina
2549 3680 3001 3752 imprudentiam
3033 3680 3207 3752 tollit,
3238 3686 3297 3737 et
3336 3681 3524 3737 scien-

1883 3768 2369 3840 tiaignorantiam
2396 3786 2408 3823 :
2434 3769 2519 3824 sic
2551 3770 2804 3841 perfecta
2828 3770 3010 3825 virtus
3043 3770 3438 3842 iniquitatem,
3470 3776 3528 3826 et

1884 3857 2151 3913 remissio
2171 3863 2542 3929 peccatorum
2570 3858 2724 3913 delet
2755 3875 2926 3914 omne
2973 3864 3299 3931 peccatum.
3362 3860 3526 3916 Unde

1887 3944 2159 4016 praeclare
2188 3946 2501 4017 Apostolus
2534 3946 2649 4003 ait:
2685 3970 2711 3997 ‹‹
2746 3947 2892 4010 Quia
2921 3946 3159 4002 donavit
3190 3946 3361 4003 nobis
3390 3964 3522 4019 pec-

1887 4037 2016 4087 cata
2048 4034 2328 4087 Dominus
2356 4034 2551 4103 Jcsns,
2585 4034 2784 4089 dolens
2807 4033 3264 4106 chirographum
3288 4034 3523 4104 decreti,

1887 4122 2041 4193 quod
2074 4127 2197 4174 erat
2225 4122 2581 4175 contrarium
2625 4121 2814 4191 nobis,
2847 4126 2904 4176 et
2962 4122 3179 4192 ipsum,
3212 4121 3424 4193 inquit,
3457 4123 3530 4179 de

1890 4210 2079 4264 medio
2118 4209 2269 4276 tulit,
2303 4210 2548 4280 affigens
2581 4208 2721 4263 illud
2753 4209 2909 4263 cruci
2942 4210 3166 4281 (Lotoss.
3199 4228 3259 4278 II,
3296 4211 3381 4278 13,
3423 4211 3524 4280 ti).

1888 4297 2106 4353 Delevit
2126 4297 2411 4368 sanguine
2436 4314 2542 4351 suo
2565 4302 2958 4352 atramentum
2980 4299 3126 4362 Eva,
3145 4297 3357 4354 delevit
3381 4298 3530 4354 obli-

1889 4386 2182 4458 gationem
2215 4385 2568 4441 haereditatis
2600 4386 2881 4441 obnoxiae.
2913 4386 3081 4442 Fides
3112 4386 3291 4459 igitur
3330 4403 3530 4459 pecca-

1892 4480 2015 4529 tum
2050 4475 2281 4529 minuit.
2316 4475 2384 4529 Et
2414 4474 2538 4529 ideo
2599 4474 2882 4531 Dominus
2940 4475 3241 4531 dimittens
3299 4481 3536 4548 peccata

894 4626 1031 4664 nam
1090 4610 1264 4664 habet
1304 4610 1471 4666 Corb.
1533 4612 1788 4667 secunda
1817 4596 1864 4660 D
1896 4608 2072 4664 David
2106 4609 2306 4663 dicens
2343 4627 2353 4663 :
2388 4630 2413 4656 n
2449 4609 2712 4663 Dominus
2768 4612 2942 4679 pascit
2994 4626 3148 4664 me...
3203 4612 3422 4667 Parasti
3478 4612 3539 4666 in

1897 4689 2176 4750 conspectu
2208 4697 2322 4735 meo
2354 4696 2593 4734 mensam
2621 4682 2880 4736 adversus
2910 4697 3014 4747 eos,
3049 4687 3159 4739 etc.

1970 4754 2080 4822 (38)
2112 4752 2258 4806 Edit.
2295 4753 2458 4806 Rom.
2493 4751 2649 4806 hunc
2681 4751 2872 4807 locum
2904 4753 3139 4809 exhibet
3173 4754 3228 4809 in
3261 4753 3411 4809 hanc
3434 4754 3541 4809 for-

1900 4839 2054 4877 mam
2092 4840 2102 4876 :
2140 4825 2501 4877 Humiliantes
2531 4825 2676 4878 enim
2708 4827 2954 4879 animum
2983 4841 3139 4879 suam
3159 4826 3303 4896 justi
3341 4824 3541 4896 diam-

1898 4903 2036 4947 tur:
2070 4909 2193 4964 ergo
2222 4911 2339 4949 ossa
2390 4896 2614 4949 virtutes
2671 4895 2969 4950 dicuntur:
3025 4895 3169 4966 ipsa
3196 4896 3345 4951 enim
3400 4895 3543 4966 velut

1899 4966 2119 5035 quidam
2147 4968 2326 5019 animi
2354 4973 2529 5036 motus
2559 4966 2932 5021 humiliantur
2956 4965 3217 5036 peccatis,
3272 4969 3326 5019 et
3381 4965 3539 5019 exut-

1898 5040 2017 5089 tant
2045 5038 2265 5103 gratim,
2296 5040 2404 5088 etc.
2441 5035 2581 5089 Alia:
2612 5052 2743 5091 vero
2776 5053 2909 5091 cum
2958 5035 3108 5089 mss.
3168 5051 3542 5106 summopere

1901 5106 2293 5188 consentiunt,
2327 5108 2903 5188 praeterquamnquod
2926 5106 3072 5188 .alibi
3121 5105 3324 5188 legas_,_
3361 5105 3543 5188 humi-

1900 5178 2165 5231 tiuntes...
2199 5192 2314 5229 ossa
2351 5179 2572 5229 virtutes
2605 5198 2623 5241 ,-
2655 5177 2794 5230 alibi
2843 5181 3060 5239 autem,
3121 5177 3545 5233 humiliantis...

1896 5249 2287 5319 ossarvz'rtutis.
2312 5247 2518 5319 Neque
2544 5247 2712 5301 nobis
2742 5248 2932 5319 visum
2969 5252 3058 5301 est
3104 5247 3177 5302 ab
3205 5246 3352 5319 ipsis
3386 5256 3541 5303 rece-

1898 5318 2176 5381 dendum,
2212 5317 2320 5370 nisi
2357 5317 2415 5370 in
2450 5318 2887 5389 punctuatione,
2949 5335 3150 5389 quam,
3215 5317 3282 5374 ut
3337 5334 3551 5375 sensus

1898 5390 2105 5444 clarior
2135 5392 2314 5454 ﬁeret,
2350 5387 2611 5443 nonnihil
2644 5387 3106 5445 immutavimus.

1970 5463 2079 5528 (39)
2113 5464 2329 5513 Omnes
2359 5460 2497 5535 edit.
2533 5466 2589 5514 et
2620 5478 2771 5535 mss.
2806 5462 3049 5535 aliquot,
3081 5478 3241 5518 omne
3267 5465 3555 5535 peceatum

1899 5544 1973 5587 est
2004 5534 2268 5600 iniquitas
2303 5549 2315 5595 ;
2350 5532 2448 5585 alii
2482 5548 2623 5587 mss.
2659 5534 2866 5603 majori
2909 5532 3151 5590 numero
3182 5539 3240 5590 et
3267 5532 3551 5605 antiqui-

1896 5607 2345 5684 tate,‘peecat_um
2374 5619 2506 5684 opus
2562 5612 2638 5660 est
2701 5606 3083 5684 iniquitatis...
3112 5606 3246 5663 Plus
3274 5614 3353 5663 est
3403 5621 3554 5675 ergo,

1920 5676 2203 5747 Gratiam,
2233 5676 2396 5731 Prius
2420 5679 2499 5731 est
2526 5692 2673 5747 ergo,
2707 5680 2816 5733 etc.
