  <div class='ocr_page' id='page_1' title='image "/cluster/home/n/w/nwhite01/storage/ocr_20150623/14/uva.x000826552/474.png"; bbox 0 0 3894 6208; ppageno 0'>
   <div class='ocr_carea' id='block_1_1' title="bbox 363 316 521 397">
    <p class='ocr_par' dir='ltr' id='par_1_1' title="bbox 363 316 521 397">
     <span class='ocr_line' id='line_1_1' title="bbox 363 316 521 397; baseline 0 0"><span class='ocrx_word' id='word_1_1' title='bbox 363 316 521 397; x_wconf 72' lang='lat'><em>‘919</em></span> 
     </span>
    </p>
   </div>
   <div class='ocr_carea' id='block_1_2' title="bbox 1859 338 2340 407">
    <p class='ocr_par' dir='ltr' id='par_1_2' title="bbox 1859 338 2340 407">
     <span class='ocr_line' id='line_1_2' title="bbox 1859 338 2340 407; baseline 0.006 -3"><span class='ocrx_word' id='word_1_2' title='bbox 1859 340 1923 405; x_wconf 91' lang='lat' dir='ltr'><em>S.</em></span> <span class='ocrx_word' id='word_1_3' title='bbox 1971 338 2340 407; x_wconf 79' lang='lat' dir='ltr'><em>AMBROSII</em></span> 
     </span>
    </p>
   </div>
   <div class='ocr_carea' id='block_1_3' title="bbox 3596 336 3711 425">
    <p class='ocr_par' dir='ltr' id='par_1_3' title="bbox 3596 336 3711 425">
     <span class='ocr_line' id='line_1_3' title="bbox 3596 336 3711 425; baseline 0 -82"><span class='ocrx_word' id='word_1_4' title='bbox 3596 336 3711 425; x_wconf 53' lang='grc' dir='ltr'><strong>,Μ</strong></span> 
     </span>
    </p>
   </div>
   <div class='ocr_carea' id='block_1_4' title="bbox 399 469 3715 560">
    <p class='ocr_par' dir='ltr' id='par_1_4' title="bbox 399 469 3715 560">
     <span class='ocr_line' id='line_1_4' title="bbox 399 469 3715 560; baseline 0.007 -34"><span class='ocrx_word' id='word_1_5' title='bbox 399 469 674 527; x_wconf 86' lang='lat' dir='ltr'><em>dicebat:</em></span> <span class='ocrx_word' id='word_1_6' title='bbox 710 494 737 521; x_wconf 90' lang='grc'><em>‹‹</em></span> <span class='ocrx_word' id='word_1_7' title='bbox 780 470 909 529; x_wconf 86' lang='lat' dir='ltr'><em>Fiat</em></span> <span class='ocrx_word' id='word_1_8' title='bbox 938 470 1041 529; x_wconf 87' lang='lat' dir='ltr'><em>tibi</em></span> <span class='ocrx_word' id='word_1_9' title='bbox 1100 473 1422 530; x_wconf 87' lang='lat' dir='ltr'><em>secundum</em></span> <span class='ocrx_word' id='word_1_10' title='bbox 1483 473 1652 530; x_wconf 83' lang='lat' dir='ltr'><em>fidem</em></span> <span class='ocrx_word' id='word_1_11' title='bbox 1703 480 1864 531; x_wconf 88' lang='lat' dir='ltr'><em>tuam</em></span> <span class='ocrx_word' id='word_1_12' title='bbox 1926 476 2036 548; x_wconf 65' lang='lat'><em>(50)</em></span> <span class='ocrx_word' id='word_1_13' title='bbox 2069 477 2122 543; x_wconf 79' lang='grc' dir='ltr'>Α</span> <span class='ocrx_word' id='word_1_14' title='bbox 2151 476 2403 535; x_wconf 80' lang='lat' dir='ltr'><em>divitum’</em></span> <span class='ocrx_word' id='word_1_15' title='bbox 2428 479 2745 538; x_wconf 81' lang='lat' dir='ltr'><em>amandare</em></span> <span class='ocrx_word' id='word_1_16' title='bbox 2771 482 3208 539; x_wconf 85' lang='lat' dir='ltr'><em>consueverunt</em></span> <span class='ocrx_word' id='word_1_17' title='bbox 3240 483 3512 558; x_wconf 89' lang='lat' dir='ltr'><em>mancipia</em></span> <span class='ocrx_word' id='word_1_18' title='bbox 3536 503 3639 560; x_wconf 82' lang='lat' dir='ltr'><em>sua,</em></span> <span class='ocrx_word' id='word_1_19' title='bbox 3676 496 3715 547; x_wconf 88' lang='lat' dir='ltr'><em>et</em></span> 
     </span>
    </p>
   </div>
   <div class='ocr_carea' id='block_1_5' title="bbox 396 560 969 633">
    <p class='ocr_par' dir='ltr' id='par_1_5' title="bbox 396 560 969 633">
     <span class='ocr_line' id='line_1_5' title="bbox 396 560 969 633; baseline 0 -16"><span class='ocrx_word' id='word_1_20' title='bbox 396 560 608 633; x_wconf 66' lang='lat' dir='ltr'><em>(Matth.</em></span> <span class='ocrx_word' id='word_1_21' title='bbox 639 578 762 630; x_wconf 83' lang='lat' dir='ltr'><em>VIII,</em></span> <span class='ocrx_word' id='word_1_22' title='bbox 795 564 905 633; x_wconf 83' lang='grc'><em>13).</em></span> <span class='ocrx_word' id='word_1_23' title='bbox 943 586 969 611; x_wconf 86' lang='grc'><strong>››</strong></span> 
     </span>
    </p>
   </div>
   <div class='ocr_carea' id='block_1_6' title="bbox 1017 697 1419 753">
    <p class='ocr_par' dir='ltr' id='par_1_6' title="bbox 1017 697 1419 753">
     <span class='ocr_line' id='line_1_6' title="bbox 1017 697 1419 753; baseline 0 -1"><span class='ocrx_word' id='word_1_24' title='bbox 1017 697 1242 753; x_wconf 88' lang='lat' dir='ltr'><em>CAPUT</em></span> <span class='ocrx_word' id='word_1_25' title='bbox 1280 698 1419 752; x_wconf 83' lang='lat' dir='ltr'><em>XIV.</em></span> 
     </span>
    </p>
   </div>
   <div class='ocr_carea' id='block_1_7' title="bbox 398 805 2042 878">
    <p class='ocr_par' dir='ltr' id='par_1_7' title="bbox 398 805 2042 878">
     <span class='ocr_line' id='line_1_7' title="bbox 398 805 2042 878; baseline 0 -14"><span class='ocrx_word' id='word_1_26' title='bbox 398 806 505 864; x_wconf 75' lang='grc' dir='ltr'><em>σον</em></span> <span class='ocrx_word' id='word_1_27' title='bbox 534 805 798 865; x_wconf 85' lang='lat' dir='ltr'><em>mundum</em></span> <span class='ocrx_word' id='word_1_28' title='bbox 828 805 955 860; x_wconf 86' lang='lat' dir='ltr'><em>solis</em></span> <span class='ocrx_word' id='word_1_29' title='bbox 990 807 1163 861; x_wconf 81' lang='lat' dir='ltr'><em>inesse</em></span> <span class='ocrx_word' id='word_1_30' title='bbox 1192 808 1461 861; x_wconf 79' lang='lat' dir='ltr'><em>renovatis</em></span> <span class='ocrx_word' id='word_1_31' title='bbox 1496 823 1507 872; x_wconf 92' lang='lat'><strong>;</strong></span> <span class='ocrx_word' id='word_1_32' title='bbox 1540 813 1697 877; x_wconf 81' lang='lat' dir='ltr'><em>atque</em></span> <span class='ocrx_word' id='word_1_33' title='bbox 1729 807 1867 862; x_wconf 83' lang='lat' dir='ltr'><em>inibi</em></span> <span class='ocrx_word' id='word_1_34' title='bbox 1897 822 2042 878; x_wconf 67' lang='lat' dir='ltr'><em>quae-</em></span> 
     </span>
    </p>
   </div>
   <div class='ocr_carea' id='block_1_8' title="bbox 470 878 2042 949">
    <p class='ocr_par' dir='ltr' id='par_1_8' title="bbox 470 878 2042 949">
     <span class='ocr_line' id='line_1_8' title="bbox 470 878 2042 949; baseline 0.002 -18"><span class='ocrx_word' id='word_1_35' title='bbox 470 894 601 932; x_wconf 85' lang='lat' dir='ltr'><em>nam</em></span> <span class='ocrx_word' id='word_1_36' title='bbox 622 879 733 945; x_wconf 84' lang='lat' dir='ltr'><em>sint</em></span> <span class='ocrx_word' id='word_1_37' title='bbox 760 878 987 949; x_wconf 84' lang='lat' dir='ltr'><em>viscera,</em></span> <span class='ocrx_word' id='word_1_38' title='bbox 1018 878 1204 949; x_wconf 75' lang='lat' dir='ltr'><em>quisve</em></span> <span class='ocrx_word' id='word_1_39' title='bbox 1231 879 1477 947; x_wconf 76' lang='lat' dir='ltr'><em>spiritus,</em></span> <span class='ocrx_word' id='word_1_40' title='bbox 1530 894 1761 947; x_wconf 83' lang='lat' dir='ltr'><em>quorum</em></span> <span class='ocrx_word' id='word_1_41' title='bbox 1790 880 1888 933; x_wconf 86' lang='lat' dir='ltr'><em>hoc</em></span> <span class='ocrx_word' id='word_1_42' title='bbox 1938 880 2042 934; x_wconf 86' lang='lat' dir='ltr'><em>loci</em></span> 
     </span>
    </p>
   </div>
   <div class='ocr_carea' id='block_1_9' title="bbox 469 947 2040 1018">
    <p class='ocr_par' dir='ltr' id='par_1_9' title="bbox 469 947 2040 1018">
     <span class='ocr_line' id='line_1_9' title="bbox 469 947 2040 1018; baseline 0 -15"><span class='ocrx_word' id='word_1_43' title='bbox 469 952 690 1003; x_wconf 75' lang='lat' dir='ltr'><em>sanctus</em></span> <span class='ocrx_word' id='word_1_44' title='bbox 720 947 991 1018; x_wconf 75' lang='lat' dir='ltr'><em>Propheta</em></span> <span class='ocrx_word' id='word_1_45' title='bbox 1021 947 1290 1001; x_wconf 64' lang='lat' dir='ltr'><em>imminit.</em></span> <span class='ocrx_word' id='word_1_46' title='bbox 1342 954 1604 1002; x_wconf 79' lang='lat' dir='ltr'><em>Aversum</em></span> <span class='ocrx_word' id='word_1_47' title='bbox 1661 950 1880 1004; x_wconf 86' lang='lat' dir='ltr'><em>Domini</em></span> <span class='ocrx_word' id='word_1_48' title='bbox 1908 950 2040 1004; x_wconf 74' lang='lat' dir='ltr'><em>vut-</em></span> 
     </span>
    </p>
   </div>
   <div class='ocr_carea' id='block_1_10' title="bbox 472 1020 2043 1101">
    <p class='ocr_par' dir='ltr' id='par_1_10' title="bbox 472 1020 2043 1101">
     <span class='ocr_line' id='line_1_10' title="bbox 472 1020 2043 1101; baseline -0.001 -26"><span class='ocrx_word' id='word_1_49' title='bbox 472 1028 606 1101; x_wconf 73' lang='lat' dir='ltr'><em>tuni,</em></span> <span class='ocrx_word' id='word_1_50' title='bbox 638 1022 822 1101; x_wconf 71' lang='lat' dir='ltr'><em>gravis</em></span> <span class='ocrx_word' id='word_1_51' title='bbox 845 1020 1103 1101; x_wconf 74' lang='lat' dir='ltr'><em>supplicii</em></span> <span class='ocrx_word' id='word_1_52' title='bbox 1134 1020 1246 1101; x_wconf 79' lang='lat' dir='ltr'><em>loco</em></span> <span class='ocrx_word' id='word_1_53' title='bbox 1274 1035 1434 1101; x_wconf 73' lang='lat' dir='ltr'><em>esse;</em></span> <span class='ocrx_word' id='word_1_54' title='bbox 1464 1025 1517 1074; x_wconf 85' lang='lat' dir='ltr'><em>et</em></span> <span class='ocrx_word' id='word_1_55' title='bbox 1545 1021 1862 1101; x_wconf 45' lang='lat' dir='ltr'><em>incommodo</em></span> <span class='ocrx_word' id='word_1_56' title='bbox 1901 1020 2043 1101; x_wconf 69' lang='lat' dir='ltr'><em>idem</em></span> 
     </span>
    </p>
   </div>
   <div class='ocr_carea' id='block_1_11' title="bbox 470 1091 2046 1162">
    <p class='ocr_par' dir='ltr' id='par_1_11' title="bbox 470 1091 2046 1162">
     <span class='ocr_line' id='line_1_11' title="bbox 470 1091 2046 1162; baseline -0.001 -16"><span class='ocrx_word' id='word_1_57' title='bbox 470 1108 506 1146; x_wconf 84' lang='grc' dir='ltr'><em>α</em></span> <span class='ocrx_word' id='word_1_58' title='bbox 531 1093 676 1162; x_wconf 75' lang='lat' dir='ltr'><em>facie</em></span> <span class='ocrx_word' id='word_1_59' title='bbox 704 1107 805 1145; x_wconf 80' lang='lat' dir='ltr'><em>sua</em></span> <span class='ocrx_word' id='word_1_60' title='bbox 836 1091 1111 1159; x_wconf 85' lang='lat' dir='ltr'><em>projiciat.</em></span> <span class='ocrx_word' id='word_1_61' title='bbox 1141 1092 1507 1146; x_wconf 71' lang='lat' dir='ltr'><em>Atrocissimae</em></span> <span class='ocrx_word' id='word_1_62' title='bbox 1536 1091 1665 1145; x_wconf 86' lang='lat' dir='ltr'><em>huic</em></span> <span class='ocrx_word' id='word_1_63' title='bbox 1692 1107 1869 1161; x_wconf 66' lang='lat' dir='ltr'><em>paena:</em></span> <span class='ocrx_word' id='word_1_64' title='bbox 1927 1095 2046 1162; x_wconf 88' lang='lat' dir='ltr'><em>qui-</em></span> 
     </span>
    </p>
   </div>
   <div class='ocr_carea' id='block_1_12' title="bbox 472 1162 2046 1232">
    <p class='ocr_par' dir='ltr' id='par_1_12' title="bbox 472 1162 2046 1232">
     <span class='ocr_line' id='line_1_12' title="bbox 472 1162 2046 1232; baseline -0.001 -14"><span class='ocrx_word' id='word_1_65' title='bbox 472 1180 605 1218; x_wconf 85' lang='lat' dir='ltr'><em>nam</em></span> <span class='ocrx_word' id='word_1_66' title='bbox 630 1162 876 1218; x_wconf 69' lang='lat' dir='ltr'><em>obnoxii.</em></span> <span class='ocrx_word' id='word_1_67' title='bbox 910 1167 1038 1216; x_wconf 88' lang='lat' dir='ltr'><em>Post</em></span> <span class='ocrx_word' id='word_1_68' title='bbox 1066 1177 1183 1231; x_wconf 68' lang='lat' dir='ltr'><em>qua:</em></span> <span class='ocrx_word' id='word_1_69' title='bbox 1226 1162 1480 1216; x_wconf 77' lang='lat' dir='ltr'><em>nonnihil</em></span> <span class='ocrx_word' id='word_1_70' title='bbox 1534 1165 1925 1232; x_wconf 82' lang='lat' dir='ltr'><em>perstringitur</em></span> <span class='ocrx_word' id='word_1_71' title='bbox 1980 1163 2046 1217; x_wconf 81' lang='lat' dir='ltr'><em>de</em></span> 
     </span>
    </p>
   </div>
   <div class='ocr_carea' id='block_1_13' title="bbox 476 1234 1791 1289">
    <p class='ocr_par' dir='ltr' id='par_1_13' title="bbox 476 1234 1791 1289">
     <span class='ocr_line' id='line_1_13' title="bbox 476 1234 1791 1289; baseline 0 -2"><span class='ocrx_word' id='word_1_72' title='bbox 476 1235 724 1289; x_wconf 76' lang='lat' dir='ltr'><em>libertate</em></span> <span class='ocrx_word' id='word_1_73' title='bbox 752 1250 815 1287; x_wconf 83' lang='lat' dir='ltr'><em>ac</em></span> <span class='ocrx_word' id='word_1_74' title='bbox 844 1235 1057 1287; x_wconf 82' lang='lat' dir='ltr'><em>unitate</em></span> <span class='ocrx_word' id='word_1_75' title='bbox 1086 1234 1376 1287; x_wconf 81' lang='lat' dir='ltr'><em>voluntatis</em></span> <span class='ocrx_word' id='word_1_76' title='bbox 1408 1234 1465 1286; x_wconf 87' lang='lat' dir='ltr'><em>in</em></span> <span class='ocrx_word' id='word_1_77' title='bbox 1511 1234 1713 1288; x_wconf 85' lang='lat' dir='ltr'><em>Trinita</em></span> <span class='ocrx_word' id='word_1_78' title='bbox 1724 1238 1791 1289; x_wconf 85' lang='lat' dir='ltr'><em>te.</em></span> 
     </span>
    </p>
   </div>
   <div class='ocr_carea' id='block_1_14' title="bbox 471 1365 2042 1438">
    <p class='ocr_par' dir='ltr' id='par_1_14' title="bbox 471 1365 2042 1438">
     <span class='ocr_line' id='line_1_14' title="bbox 471 1365 2042 1438; baseline 0 -17"><span class='ocrx_word' id='word_1_79' title='bbox 471 1369 561 1421; x_wconf 83' lang='grc'>64.</span> <span class='ocrx_word' id='word_1_80' title='bbox 597 1367 874 1438; x_wconf 81' lang='lat' dir='ltr'><em>Sequitur</em></span> <span class='ocrx_word' id='word_1_81' title='bbox 902 1382 914 1419; x_wconf 91' lang='lat'><strong>:</strong></span> <span class='ocrx_word' id='word_1_82' title='bbox 944 1388 970 1415; x_wconf 82' lang='lat'><strong>«</strong></span> <span class='ocrx_word' id='word_1_83' title='bbox 1000 1366 1110 1420; x_wconf 91' lang='lat' dir='ltr'><em>Cor</em></span> <span class='ocrx_word' id='word_1_84' title='bbox 1143 1366 1427 1420; x_wconf 87' lang='lat' dir='ltr'><em>mundum</em></span> <span class='ocrx_word' id='word_1_85' title='bbox 1463 1381 1595 1419; x_wconf 89' lang='lat' dir='ltr'><em>crea</em></span> <span class='ocrx_word' id='word_1_86' title='bbox 1626 1365 1684 1420; x_wconf 92' lang='lat' dir='ltr'><em>in</em></span> <span class='ocrx_word' id='word_1_87' title='bbox 1723 1382 1834 1433; x_wconf 89' lang='lat' dir='ltr'><em>me,</em></span> <span class='ocrx_word' id='word_1_88' title='bbox 1871 1372 2042 1431; x_wconf 86' lang='lat' dir='ltr'>Deus,</span> 
     </span>
    </p>
   </div>
   <div class='ocr_carea' id='block_1_15' title="bbox 402 1454 2047 1527">
    <p class='ocr_par' dir='ltr' id='par_1_15' title="bbox 402 1454 2047 1527">
     <span class='ocr_line' id='line_1_15' title="bbox 402 1454 2047 1527; baseline -0.001 -15"><span class='ocrx_word' id='word_1_89' title='bbox 402 1461 461 1512; x_wconf 88' lang='lat' dir='ltr'><em>et</em></span> <span class='ocrx_word' id='word_1_90' title='bbox 491 1456 765 1527; x_wconf 80' lang='lat' dir='ltr'><em>spiritum</em></span> <span class='ocrx_word' id='word_1_91' title='bbox 798 1459 1018 1510; x_wconf 89' lang='lat' dir='ltr'><em>rectum</em></span> <span class='ocrx_word' id='word_1_92' title='bbox 1048 1454 1261 1509; x_wconf 89' lang='lat' dir='ltr'><em>innova</em></span> <span class='ocrx_word' id='word_1_93' title='bbox 1293 1454 1349 1507; x_wconf 91' lang='lat' dir='ltr'><em>in</em></span> <span class='ocrx_word' id='word_1_94' title='bbox 1374 1454 1697 1511; x_wconf 82' lang='lat' dir='ltr'><em>visceribus</em></span> <span class='ocrx_word' id='word_1_95' title='bbox 1725 1455 1871 1509; x_wconf 94' lang='lat' dir='ltr'><em>meis</em></span> <span class='ocrx_word' id='word_1_96' title='bbox 1894 1457 2047 1527; x_wconf 83' lang='lat' dir='ltr'><em>(Psal</em></span> 
     </span>
    </p>
   </div>
   <div class='ocr_carea' id='block_1_16' title="bbox 366 1542 2045 1616">
    <p class='ocr_par' dir='ltr' id='par_1_16' title="bbox 366 1542 2045 1616">
     <span class='ocr_line' id='line_1_16' title="bbox 366 1542 2045 1616; baseline -0.001 -16"><span class='ocrx_word' id='word_1_97' title='bbox 366 1568 369 1573; x_wconf 62' lang='grc' dir='ltr'>ν</span> <span class='ocrx_word' id='word_1_98' title='bbox 403 1563 453 1615; x_wconf 76' lang='grc' dir='ltr'><strong>ι,</strong></span> <span class='ocrx_word' id='word_1_99' title='bbox 494 1545 598 1616; x_wconf 88' lang='lat'><em>12).</em></span> <span class='ocrx_word' id='word_1_100' title='bbox 624 1545 906 1616; x_wconf 87' lang='lat' dir='ltr'><em>Superius</em></span> <span class='ocrx_word' id='word_1_101' title='bbox 929 1542 1199 1598; x_wconf 88' lang='lat' dir='ltr'><em>mundari</em></span> <span class='ocrx_word' id='word_1_102' title='bbox 1223 1543 1293 1598; x_wconf 92' lang='lat' dir='ltr'><em>ab</em></span> <span class='ocrx_word' id='word_1_103' title='bbox 1325 1542 1566 1599; x_wconf 81' lang='lat' dir='ltr'><em>occultis</em></span> <span class='ocrx_word' id='word_1_104' title='bbox 1603 1561 1665 1599; x_wconf 89' lang='lat' dir='ltr'><em>se</em></span> <span class='ocrx_word' id='word_1_105' title='bbox 1695 1544 1840 1615; x_wconf 83' lang='lat' dir='ltr'><em>petit</em></span> <span class='ocrx_word' id='word_1_106' title='bbox 1871 1546 2045 1614; x_wconf 83' lang='lat' dir='ltr'><em>(l’sal,</em></span> 
     </span>
    </p>
   </div>
   <div class='ocr_carea' id='block_1_17' title="bbox 364 1631 2044 1704">
    <p class='ocr_par' dir='ltr' id='par_1_17' title="bbox 364 1631 2044 1704">
     <span class='ocr_line' id='line_1_17' title="bbox 364 1631 2044 1704; baseline -0.001 -16"><span class='ocrx_word' id='word_1_107' title='bbox 364 1640 563 1699; x_wconf 78' lang='lat' dir='ltr'><em>‘xvm,</em></span> <span class='ocrx_word' id='word_1_108' title='bbox 600 1634 686 1704; x_wconf 91' lang='lat'><em>13)</em></span> <span class='ocrx_word' id='word_1_109' title='bbox 722 1651 735 1699; x_wconf 88' lang='lat'><strong>;</strong></span> <span class='ocrx_word' id='word_1_110' title='bbox 768 1632 860 1687; x_wconf 85' lang='lat' dir='ltr'><em>hic</em></span> <span class='ocrx_word' id='word_1_111' title='bbox 886 1631 1145 1704; x_wconf 83' lang='lat' dir='ltr'><em>postulat</em></span> <span class='ocrx_word' id='word_1_112' title='bbox 1174 1648 1273 1686; x_wconf 90' lang='lat' dir='ltr'><em>cor</em></span> <span class='ocrx_word' id='word_1_113' title='bbox 1325 1633 1614 1687; x_wconf 88' lang='lat' dir='ltr'><em>mundum</em></span> <span class='ocrx_word' id='word_1_114' title='bbox 1670 1634 1849 1688; x_wconf 89' lang='lat' dir='ltr'><em>creari</em></span> <span class='ocrx_word' id='word_1_115' title='bbox 1911 1633 2044 1699; x_wconf 88' lang='lat' dir='ltr'><em>sibi,</em></span> 
     </span>
    </p>
   </div>
   <div class='ocr_carea' id='block_1_18' title="bbox 405 1721 2047 1794">
    <p class='ocr_par' dir='ltr' id='par_1_18' title="bbox 405 1721 2047 1794">
     <span class='ocr_line' id='line_1_18' title="bbox 405 1721 2047 1794; baseline -0.001 -17"><span class='ocrx_word' id='word_1_116' title='bbox 405 1723 561 1794; x_wconf 91' lang='lat' dir='ltr'><em>quod</em></span> <span class='ocrx_word' id='word_1_117' title='bbox 594 1722 645 1777; x_wconf 89' lang='lat' dir='ltr'><em>ei</em></span> <span class='ocrx_word' id='word_1_118' title='bbox 678 1721 942 1794; x_wconf 83' lang='lat' dir='ltr'><em>provenit</em></span> <span class='ocrx_word' id='word_1_119' title='bbox 971 1721 1072 1792; x_wconf 87' lang='lat' dir='ltr'><em>qui</em></span> <span class='ocrx_word' id='word_1_120' title='bbox 1104 1725 1417 1776; x_wconf 86' lang='lat' dir='ltr'><em>renovatur</em></span> <span class='ocrx_word' id='word_1_121' title='bbox 1464 1721 1673 1793; x_wconf 86' lang='lat' dir='ltr'><em>spiritu</em></span> <span class='ocrx_word' id='word_1_122' title='bbox 1708 1738 1720 1775; x_wconf 85' lang='lat'><strong>:</strong></span> <span class='ocrx_word' id='word_1_123' title='bbox 1784 1722 1840 1776; x_wconf 93' lang='lat' dir='ltr'><em>in</em></span> <span class='ocrx_word' id='word_1_124' title='bbox 1903 1738 2047 1777; x_wconf 85' lang='lat' dir='ltr'><em>novo</em></span> 
     </span>
    </p>
   </div>
   <div class='ocr_carea' id='block_1_19' title="bbox 2155 569 3717 649">
    <p class='ocr_par' dir='ltr' id='par_1_19' title="bbox 2155 569 3717 649">
     <span class='ocr_line' id='line_1_19' title="bbox 2155 569 3717 649; baseline 0.01 -29"><span class='ocrx_word' id='word_1_125' title='bbox 2155 582 2258 638; x_wconf 91' lang='lat' dir='ltr'><em>per</em></span> <span class='ocrx_word' id='word_1_126' title='bbox 2288 569 2569 640; x_wconf 86' lang='lat' dir='ltr'><em>agellulos</em></span> <span class='ocrx_word' id='word_1_127' title='bbox 2604 570 2859 643; x_wconf 82' lang='lat' dir='ltr'><em>relegare</em></span> <span class='ocrx_word' id='word_1_128' title='bbox 2914 572 3049 642; x_wconf 84' lang='grc'>(43),</span> <span class='ocrx_word' id='word_1_129' title='bbox 3080 576 3137 628; x_wconf 89' lang='lat' dir='ltr'><em>et</em></span> <span class='ocrx_word' id='word_1_130' title='bbox 3171 571 3292 628; x_wconf 63' lang='lat' dir='ltr'><em>hac</em></span> <span class='ocrx_word' id='word_1_131' title='bbox 3348 590 3501 645; x_wconf 73' lang='lat' dir='ltr'><em>poena</em></span> <span class='ocrx_word' id='word_1_132' title='bbox 3547 579 3717 649; x_wconf 82' lang='lat' dir='ltr'><em>gravior</em></span> 
     </span>
    </p>
   </div>
   <div class='ocr_carea' id='block_1_20' title="bbox 2151 656 3719 733">
    <p class='ocr_par' dir='ltr' id='par_1_20' title="bbox 2151 656 3719 733">
     <span class='ocr_line' id='line_1_20' title="bbox 2151 656 3719 733; baseline 0.008 -22"><span class='ocrx_word' id='word_1_133' title='bbox 2151 656 2493 713; x_wconf 71' lang='lat' dir='ltr'><em>aestimatur.</em></span> <span class='ocrx_word' id='word_1_134' title='bbox 2528 659 2786 731; x_wconf 89' lang='lat' dir='ltr'><em>Denique</em></span> <span class='ocrx_word' id='word_1_135' title='bbox 2814 660 3005 716; x_wconf 89' lang='lat' dir='ltr'><em>solent</em></span> <span class='ocrx_word' id='word_1_136' title='bbox 3036 661 3227 733; x_wconf 87' lang='lat' dir='ltr'><em>magis</em></span> <span class='ocrx_word' id='word_1_137' title='bbox 3260 678 3321 716; x_wconf 87' lang='lat' dir='ltr'><em>se</em></span> <span class='ocrx_word' id='word_1_138' title='bbox 3348 662 3529 719; x_wconf 84' lang='lat' dir='ltr'><em>oil&#39;erre</em></span> <span class='ocrx_word' id='word_1_139' title='bbox 3573 669 3719 726; x_wconf 72' lang='lat' dir='ltr'><em>verba.</em></span> 
     </span>
    </p>
   </div>
   <div class='ocr_carea' id='block_1_21' title="bbox 2151 745 3719 824">
    <p class='ocr_par' dir='ltr' id='par_1_21' title="bbox 2151 745 3719 824">
     <span class='ocr_line' id='line_1_21' title="bbox 2151 745 3719 824; baseline 0.009 -27"><span class='ocrx_word' id='word_1_140' title='bbox 2151 745 2335 800; x_wconf 89' lang='lat' dir='ltr'><em>ribus.</em></span> <span class='ocrx_word' id='word_1_141' title='bbox 2369 747 2427 801; x_wconf 86' lang='lat' dir='ltr'><em>Si</em></span> <span class='ocrx_word' id='word_1_142' title='bbox 2461 749 2612 820; x_wconf 86' lang='lat' dir='ltr'><em>apud</em></span> <span class='ocrx_word' id='word_1_143' title='bbox 2646 748 2915 804; x_wconf 82' lang='lat' dir='ltr'><em>homines</em></span> <span class='ocrx_word' id='word_1_144' title='bbox 2941 749 3051 804; x_wconf 91' lang='lat' dir='ltr'><em>hoc</em></span> <span class='ocrx_word' id='word_1_145' title='bbox 3078 765 3260 822; x_wconf 85' lang='lat' dir='ltr'><em>grave</em></span> <span class='ocrx_word' id='word_1_146' title='bbox 3299 751 3529 820; x_wconf 78' lang='lat' dir='ltr'><em>ducitur,</em></span> <span class='ocrx_word' id='word_1_147' title='bbox 3555 764 3719 824; x_wconf 81' lang='lat' dir='ltr'><em>quanto</em></span> 
     </span>
    </p>
   </div>
   <div class='ocr_carea' id='block_1_22' title="bbox 2151 836 3721 907">
    <p class='ocr_par' dir='ltr' id='par_1_22' title="bbox 2151 836 3721 907">
     <span class='ocr_line' id='line_1_22' title="bbox 2151 836 3721 907; baseline 0.008 -19"><span class='ocrx_word' id='word_1_148' title='bbox 2151 836 2340 906; x_wconf 84' lang='lat' dir='ltr'><em>magis</em></span> <span class='ocrx_word' id='word_1_149' title='bbox 2370 837 2523 907; x_wconf 88' lang='lat' dir='ltr'><em>apud</em></span> <span class='ocrx_word' id='word_1_150' title='bbox 2554 837 2868 893; x_wconf 88' lang='lat' dir='ltr'><em>Dominum</em></span> <span class='ocrx_word' id='word_1_151' title='bbox 2901 839 3088 894; x_wconf 87' lang='lat' dir='ltr'><em>Deum</em></span> <span class='ocrx_word' id='word_1_152' title='bbox 3121 843 3408 894; x_wconf 87' lang='lat' dir='ltr'><em>nostrum.</em></span> <span class='ocrx_word' id='word_1_153' title='bbox 3461 840 3607 904; x_wconf 83' lang='lat' dir='ltr'><em>Quasi</em></span> <span class='ocrx_word' id='word_1_154' title='bbox 3637 861 3721 899; x_wconf 87' lang='lat' dir='ltr'><em>non</em></span> 
     </span>
    </p>
   </div>
   <div class='ocr_carea' id='block_1_23' title="bbox 2151 922 3723 1003">
    <p class='ocr_par' dir='ltr' id='par_1_23' title="bbox 2151 922 3723 1003">
     <span class='ocr_line' id='line_1_23' title="bbox 2151 922 3723 1003; baseline 0.007 -27"><span class='ocrx_word' id='word_1_155' title='bbox 2151 922 2286 978; x_wconf 89' lang='lat' dir='ltr'><em>hinc</em></span> <span class='ocrx_word' id='word_1_156' title='bbox 2319 924 2485 979; x_wconf 91' lang='lat' dir='ltr'><em>dolor</em></span> <span class='ocrx_word' id='word_1_157' title='bbox 2540 925 2911 998; x_wconf 85' lang='lat' dir='ltr'><em>parricidalis</em></span> <span class='ocrx_word' id='word_1_158' title='bbox 2970 928 3397 1000; x_wconf 87' lang='lat' dir='ltr'><em>(reprimendus</em></span> <span class='ocrx_word' id='word_1_159' title='bbox 3453 930 3666 1003; x_wconf 85' lang='lat' dir='ltr'><em>quidem,</em></span> <span class='ocrx_word' id='word_1_160' title='bbox 3689 934 3723 987; x_wconf 85' lang='lat' dir='ltr'><em>si</em></span> 
     </span>
    </p>
   </div>
   <div class='ocr_carea' id='block_1_24' title="bbox 2153 1014 3722 1089">
    <p class='ocr_par' dir='ltr' id='par_1_24' title="bbox 2153 1014 3722 1089">
     <span class='ocr_line' id='line_1_24' title="bbox 2153 1014 3722 1089; baseline 0.005 -24"><span class='ocrx_word' id='word_1_161' title='bbox 2153 1029 2268 1082; x_wconf 89' lang='lat' dir='ltr'><em>qua</em></span> <span class='ocrx_word' id='word_1_162' title='bbox 2346 1030 2479 1067; x_wconf 89' lang='lat' dir='ltr'><em>eum</em></span> <span class='ocrx_word' id='word_1_163' title='bbox 2540 1014 2726 1085; x_wconf 86' lang='lat' dir='ltr'><em>pietas</em></span> <span class='ocrx_word' id='word_1_164' title='bbox 2778 1020 3103 1086; x_wconf 86' lang='lat' dir='ltr'><em>temperare</em></span> <span class='ocrx_word' id='word_1_165' title='bbox 3163 1015 3457 1087; x_wconf 87' lang='lat' dir='ltr'><em>potuisset)</em></span> <span class='ocrx_word' id='word_1_166' title='bbox 3506 1021 3722 1089; x_wconf 80' lang='lat' dir='ltr'><em>eruperit,</em></span> 
     </span>
    </p>
   </div>
   <div class='ocr_carea' id='block_1_25' title="bbox 2153 1101 3720 1171">
    <p class='ocr_par' dir='ltr' id='par_1_25' title="bbox 2153 1101 3720 1171">
     <span class='ocr_line' id='line_1_25' title="bbox 2153 1101 3720 1171; baseline 0.004 -17"><span class='ocrx_word' id='word_1_167' title='bbox 2153 1101 2308 1171; x_wconf 90' lang='lat' dir='ltr'><em>quod</em></span> <span class='ocrx_word' id='word_1_168' title='bbox 2342 1101 2545 1156; x_wconf 82' lang='lat' dir='ltr'><em>faciem</em></span> <span class='ocrx_word' id='word_1_169' title='bbox 2578 1118 2747 1157; x_wconf 88' lang='lat' dir='ltr'><em>suam</em></span> <span class='ocrx_word' id='word_1_170' title='bbox 2780 1103 2936 1159; x_wconf 88' lang='lat' dir='ltr'><em>Deus</em></span> <span class='ocrx_word' id='word_1_171' title='bbox 2968 1120 3001 1157; x_wconf 89' lang='lat' dir='ltr'><em>a</em></span> <span class='ocrx_word' id='word_1_172' title='bbox 3032 1104 3173 1158; x_wconf 84' lang='lat' dir='ltr'><em>Cain</em></span> <span class='ocrx_word' id='word_1_173' title='bbox 3208 1104 3533 1160; x_wconf 83' lang='lat' dir='ltr'><em>muneribus</em></span> <span class='ocrx_word' id='word_1_174' title='bbox 3552 1107 3720 1170; x_wconf 71' lang='lat' dir='ltr'><em>avertit;</em></span> 
     </span>
    </p>
   </div>
   <div class='ocr_carea' id='block_1_26' title="bbox 2150 1190 3720 1264">
    <p class='ocr_par' dir='ltr' id='par_1_26' title="bbox 2150 1190 3720 1264">
     <span class='ocr_line' id='line_1_26' title="bbox 2150 1190 3720 1264; baseline 0.004 -21"><span class='ocrx_word' id='word_1_175' title='bbox 2150 1190 2402 1260; x_wconf 77' lang='lat' dir='ltr'><em>respexit</em></span> <span class='ocrx_word' id='word_1_176' title='bbox 2433 1196 2627 1246; x_wconf 85' lang='lat' dir='ltr'><em>autem</em></span> <span class='ocrx_word' id='word_1_177' title='bbox 2662 1208 2838 1263; x_wconf 88' lang='lat' dir='ltr'><em>super</em></span> <span class='ocrx_word' id='word_1_178' title='bbox 2870 1209 3115 1247; x_wconf 84' lang='lat' dir='ltr'><em>munera</em></span> <span class='ocrx_word' id='word_1_179' title='bbox 3143 1193 3305 1248; x_wconf 82' lang='lat' dir='ltr'><em>Abel.</em></span> <span class='ocrx_word' id='word_1_180' title='bbox 3365 1193 3543 1264; x_wconf 82' lang='lat' dir='ltr'><em>Itaque</em></span> <span class='ocrx_word' id='word_1_181' title='bbox 3590 1194 3720 1250; x_wconf 85' lang='lat' dir='ltr'><em>tacito</em></span> 
     </span>
    </p>
   </div>
   <div class='ocr_carea' id='block_1_27' title="bbox 2151 1277 3725 1353">
    <p class='ocr_par' dir='ltr' id='par_1_27' title="bbox 2151 1277 3725 1353">
     <span class='ocr_line' id='line_1_27' title="bbox 2151 1277 3725 1353; baseline 0.003 -21"><span class='ocrx_word' id='word_1_182' title='bbox 2151 1277 2338 1348; x_wconf 83' lang='lat' dir='ltr'><em>vultu,</em></span> <span class='ocrx_word' id='word_1_183' title='bbox 2374 1278 2621 1334; x_wconf 88' lang='lat' dir='ltr'><em>alterum</em></span> <span class='ocrx_word' id='word_1_184' title='bbox 2657 1279 3028 1336; x_wconf 88' lang='lat' dir='ltr'><em>innocentem</em></span> <span class='ocrx_word' id='word_1_185' title='bbox 3078 1281 3488 1353; x_wconf 80' lang='lat' dir='ltr'><em>pronuntiavit,</em></span> <span class='ocrx_word' id='word_1_186' title='bbox 3538 1281 3725 1337; x_wconf 86' lang='lat' dir='ltr'><em>alterum</em></span> 
     </span>
    </p>
   </div>
   <div class='ocr_carea' id='block_1_28' title="bbox 2156 1368 3724 1440">
    <p class='ocr_par' dir='ltr' id='par_1_28' title="bbox 2156 1368 3724 1440">
     <span class='ocr_line' id='line_1_28' title="bbox 2156 1368 3724 1440; baseline 0.003 -20"><span class='ocrx_word' id='word_1_187' title='bbox 2156 1370 2536 1437; x_wconf 87' lang='lat' dir='ltr'><em>peccatorem.</em></span> <span class='ocrx_word' id='word_1_188' title='bbox 2574 1369 2718 1439; x_wconf 85' lang='lat' dir='ltr'><em>Ergo</em></span> <span class='ocrx_word' id='word_1_189' title='bbox 2767 1369 2933 1440; x_wconf 89' lang='lat' dir='ltr'><em>quasi</em></span> <span class='ocrx_word' id='word_1_190' title='bbox 2968 1368 3212 1424; x_wconf 89' lang='lat' dir='ltr'><em>ultimus</em></span> <span class='ocrx_word' id='word_1_191' title='bbox 3269 1386 3462 1425; x_wconf 89' lang='lat' dir='ltr'><em>servus</em></span> <span class='ocrx_word' id='word_1_192' title='bbox 3512 1369 3724 1425; x_wconf 86' lang='lat' dir='ltr'><em>bumiliat</em></span> 
     </span>
    </p>
   </div>
   <div class='ocr_carea' id='block_1_29' title="bbox 2157 1457 3724 1530">
    <p class='ocr_par' dir='ltr' id='par_1_29' title="bbox 2157 1457 3724 1530">
     <span class='ocr_line' id='line_1_29' title="bbox 2157 1457 3724 1530; baseline 0.002 -20"><span class='ocrx_word' id='word_1_193' title='bbox 2157 1472 2218 1510; x_wconf 89' lang='lat' dir='ltr'><em>se</em></span> <span class='ocrx_word' id='word_1_194' title='bbox 2253 1473 2265 1523; x_wconf 92' lang='lat'><strong>;</strong></span> <span class='ocrx_word' id='word_1_195' title='bbox 2299 1460 2357 1509; x_wconf 88' lang='lat' dir='ltr'><em>et</em></span> <span class='ocrx_word' id='word_1_196' title='bbox 2387 1457 2555 1526; x_wconf 87' lang='lat' dir='ltr'><em>quasi</em></span> <span class='ocrx_word' id='word_1_197' title='bbox 2590 1458 2647 1510; x_wconf 88' lang='lat' dir='ltr'><em>in</em></span> <span class='ocrx_word' id='word_1_198' title='bbox 2680 1461 2915 1528; x_wconf 87' lang='lat' dir='ltr'><em>peccato</em></span> <span class='ocrx_word' id='word_1_199' title='bbox 2975 1457 3394 1530; x_wconf 84' lang='lat' dir='ltr'><em>deprehensus,</em></span> <span class='ocrx_word' id='word_1_200' title='bbox 3422 1462 3499 1512; x_wconf 67' lang='lat' dir='ltr'><em>vet</em></span> <span class='ocrx_word' id='word_1_201' title='bbox 3550 1459 3724 1513; x_wconf 69' lang='lat' dir='ltr'><em>offensa</em></span> 
     </span>
    </p>
   </div>
   <div class='ocr_carea' id='block_1_30' title="bbox 2159 1544 3726 1618">
    <p class='ocr_par' dir='ltr' id='par_1_30' title="bbox 2159 1544 3726 1618">
     <span class='ocr_line' id='line_1_30' title="bbox 2159 1544 3726 1618; baseline 0.003 -21"><span class='ocrx_word' id='word_1_202' title='bbox 2159 1560 2311 1612; x_wconf 89' lang='lat' dir='ltr'><em>reus,</em></span> <span class='ocrx_word' id='word_1_203' title='bbox 2347 1544 2610 1600; x_wconf 81' lang='lat' dir='ltr'><em>obsecrat</em></span> <span class='ocrx_word' id='word_1_204' title='bbox 2637 1549 2700 1600; x_wconf 90' lang='lat' dir='ltr'><em>ut</em></span> <span class='ocrx_word' id='word_1_205' title='bbox 2734 1545 3057 1618; x_wconf 77' lang='lat' dir='ltr'><em>ﬂagellatur</em></span> <span class='ocrx_word' id='word_1_206' title='bbox 3086 1546 3305 1618; x_wconf 85' lang='lat' dir='ltr'><em>potius,</em></span> <span class='ocrx_word' id='word_1_207' title='bbox 3337 1563 3501 1617; x_wconf 87' lang='lat' dir='ltr'><em>quam</em></span> <span class='ocrx_word' id='word_1_208' title='bbox 3522 1547 3726 1618; x_wconf 65' lang='lat' dir='ltr'><em>projicia</em></span> 
     </span>
    </p>
   </div>
   <div class='ocr_carea' id='block_1_31' title="bbox 2161 1633 2774 1689">
    <p class='ocr_par' dir='ltr' id='par_1_31' title="bbox 2161 1633 2774 1689">
     <span class='ocr_line' id='line_1_31' title="bbox 2161 1633 2774 1689; baseline 0.003 -2"><span class='ocrx_word' id='word_1_209' title='bbox 2161 1638 2253 1687; x_wconf 86' lang='lat' dir='ltr'><em>tur</em></span> <span class='ocrx_word' id='word_1_210' title='bbox 2284 1650 2316 1689; x_wconf 90' lang='lat' dir='ltr'><em>a</em></span> <span class='ocrx_word' id='word_1_211' title='bbox 2348 1634 2492 1689; x_wconf 87' lang='lat' dir='ltr'><em>taeie</em></span> <span class='ocrx_word' id='word_1_212' title='bbox 2522 1633 2774 1689; x_wconf 84' lang='lat' dir='ltr'><em>Domini.</em></span> 
     </span>
    </p>
   </div>
   <div class='ocr_carea' id='block_1_32' title="bbox 2228 1720 3801 1812">
    <p class='ocr_par' dir='ltr' id='par_1_32' title="bbox 2228 1720 3801 1812">
     <span class='ocr_line' id='line_1_32' title="bbox 2228 1720 3801 1812; baseline 0 -18"><span class='ocrx_word' id='word_1_213' title='bbox 2228 1741 2317 1795; x_wconf 75' lang='lat'><em>68.</em></span> <span class='ocrx_word' id='word_1_214' title='bbox 2351 1741 2651 1804; x_wconf 88' lang='lat' dir='ltr'><em>Quomodo</em></span> <span class='ocrx_word' id='word_1_215' title='bbox 2683 1739 2952 1812; x_wconf 85' lang='lat' dir='ltr'><em>projiciat</em></span> <span class='ocrx_word' id='word_1_216' title='bbox 3000 1741 3155 1797; x_wconf 88' lang='lat' dir='ltr'><em>Deus</em></span> <span class='ocrx_word' id='word_1_217' title='bbox 3187 1756 3221 1796; x_wconf 90' lang='lat' dir='ltr'><em>a</em></span> <span class='ocrx_word' id='word_1_218' title='bbox 3279 1739 3423 1796; x_wconf 86' lang='lat' dir='ltr'><em>facie</em></span> <span class='ocrx_word' id='word_1_219' title='bbox 3474 1756 3584 1806; x_wconf 86' lang='lat' dir='ltr'><em>sua,</em></span> <span class='ocrx_word' id='word_1_220' title='bbox 3632 1740 3728 1795; x_wconf 88' lang='lat' dir='ltr'><em>audi</em></span> <span class='ocrx_word' id='word_1_221' title='bbox 3800 1720 3801 1723; x_wconf 8' lang='grc' dir='ltr'><strong>η</strong></span> 
     </span>
    </p>
   </div>
   <div class='ocr_carea' id='block_1_33' title="bbox 360 1809 3725 1909">
    <p class='ocr_par' dir='ltr' id='par_1_33' title="bbox 360 1809 3725 1909">
     <span class='ocr_line' id='line_1_33' title="bbox 360 1809 3725 1909; baseline -0 -25"><span class='ocrx_word' id='word_1_222' title='bbox 360 1816 369 1826; x_wconf 68' lang='grc'><em>’</em></span> <span class='ocrx_word' id='word_1_223' title='bbox 404 1810 561 1909; x_wconf 54' lang='grc' dir='ltr'><em>ῩΡίω</em></span> <span class='ocrx_word' id='word_1_224' title='bbox 593 1809 961 1909; x_wconf 49' lang='grc' dir='ltr'><em>ῙἸΟΠΞῘΠΘἙΟῘ</em></span> <span class='ocrx_word' id='word_1_225' title='bbox 983 1809 1270 1909; x_wconf 51' lang='grc' dir='ltr'><em>ξηξηλάυξξι</em></span> <span class='ocrx_word' id='word_1_226' title='bbox 1299 1816 1405 1908; x_wconf 47' lang='grc' dir='ltr'><em>θέην</em></span> <span class='ocrx_word' id='word_1_227' title='bbox 1437 1810 1495 1864; x_wconf 70' lang='lat' dir='ltr'><em>in</em></span> <span class='ocrx_word' id='word_1_228' title='bbox 1528 1814 1923 1909; x_wconf 46' lang='grc' dir='ltr'><em>(ἰυογθίθῐξυξη</em></span> <span class='ocrx_word' id='word_1_229' title='bbox 1955 1810 2051 1865; x_wconf 73' lang='lat' dir='ltr'><em>de&#39;</em></span> <span class='ocrx_word' id='word_1_230' title='bbox 2077 1845 2124 1909; x_wconf 82' lang='grc' dir='ltr'><strong>Β</strong></span> <span class='ocrx_word' id='word_1_231' title='bbox 2159 1829 2447 1883; x_wconf 87' lang='lat' dir='ltr'><em>dicentem</em></span> <span class='ocrx_word' id='word_1_232' title='bbox 2486 1847 2498 1883; x_wconf 89' lang='lat'>:</span> <span class='ocrx_word' id='word_1_233' title='bbox 2539 1853 2558 1876; x_wconf 70' lang='grc' dir='ltr'><strong>υ</strong></span> <span class='ocrx_word' id='word_1_234' title='bbox 2597 1829 2807 1884; x_wconf 88' lang='lat' dir='ltr'><em>Tollite</em></span> <span class='ocrx_word' id='word_1_235' title='bbox 2850 1846 2985 1884; x_wconf 89' lang='lat' dir='ltr'><em>eum</em></span> <span class='ocrx_word' id='word_1_236' title='bbox 3017 1829 3076 1883; x_wconf 92' lang='lat' dir='ltr'><em>in</em></span> <span class='ocrx_word' id='word_1_237' title='bbox 3139 1829 3407 1884; x_wconf 87' lang='lat' dir='ltr'><em>tenebras</em></span> <span class='ocrx_word' id='word_1_238' title='bbox 3459 1829 3725 1894; x_wconf 80' lang='lat' dir='ltr'><em>exteriores,</em></span> 
     </span>
    </p>
   </div>
   <div class='ocr_carea' id='block_1_34' title="bbox 405 1897 2046 1969">
    <p class='ocr_par' dir='ltr' id='par_1_34' title="bbox 405 1897 2046 1969">
     <span class='ocr_line' id='line_1_34' title="bbox 405 1897 2046 1969; baseline -0.001 -14"><span class='ocrx_word' id='word_1_239' title='bbox 405 1898 676 1955; x_wconf 87' lang='lat' dir='ltr'><em>lictorum</em></span> <span class='ocrx_word' id='word_1_240' title='bbox 708 1898 877 1953; x_wconf 87' lang='lat' dir='ltr'><em>fuerit</em></span> <span class='ocrx_word' id='word_1_241' title='bbox 909 1898 1100 1953; x_wconf 88' lang='lat' dir='ltr'><em>deleta</em></span> <span class='ocrx_word' id='word_1_242' title='bbox 1137 1897 1435 1959; x_wconf 86' lang='lat' dir='ltr'><em>colluvies,</em></span> <span class='ocrx_word' id='word_1_243' title='bbox 1491 1915 1595 1953; x_wconf 90' lang='lat' dir='ltr'><em>nec</em></span> <span class='ocrx_word' id='word_1_244' title='bbox 1650 1898 1929 1969; x_wconf 88' lang='lat' dir='ltr'><em>inscripta</em></span> <span class='ocrx_word' id='word_1_245' title='bbox 1959 1916 2046 1953; x_wconf 87' lang='lat' dir='ltr'><em>re-</em></span> 
     </span>
    </p>
   </div>
   <div class='ocr_carea' id='block_1_35' title="bbox 364 1985 2046 2060">
    <p class='ocr_par' dir='ltr' id='par_1_35' title="bbox 364 1985 2046 2060">
     <span class='ocr_line' id='line_1_35' title="bbox 364 1985 2046 2060; baseline -0.001 -17"><span class='ocrx_word' id='word_1_246' title='bbox 364 2052 375 2060; x_wconf 37' lang='lat'><strong>.</strong></span> <span class='ocrx_word' id='word_1_247' title='bbox 407 1987 689 2045; x_wconf 85' lang='lat' dir='ltr'><em>manserit</em></span> <span class='ocrx_word' id='word_1_248' title='bbox 719 1987 917 2058; x_wconf 89' lang='lat' dir='ltr'><em>aliqua</em></span> <span class='ocrx_word' id='word_1_249' title='bbox 948 1985 1274 2058; x_wconf 85' lang='lat' dir='ltr'><em>iniquitatis</em></span> <span class='ocrx_word' id='word_1_250' title='bbox 1304 1987 1545 2058; x_wconf 77' lang='lat' dir='ltr'><em>efﬁgies.</em></span> <span class='ocrx_word' id='word_1_251' title='bbox 1583 1987 1813 2042; x_wconf 84' lang='lat' dir='ltr'><em>Grande</em></span> <span class='ocrx_word' id='word_1_252' title='bbox 1851 1991 2046 2042; x_wconf 87' lang='lat' dir='ltr'><em>autem</em></span> 
     </span>
    </p>
   </div>
   <div class='ocr_carea' id='block_1_36' title="bbox 406 2074 2048 2153">
    <p class='ocr_par' dir='ltr' id='par_1_36' title="bbox 406 2074 2048 2153">
     <span class='ocr_line' id='line_1_36' title="bbox 406 2074 2048 2153; baseline -0.002 -20"><span class='ocrx_word' id='word_1_253' title='bbox 406 2093 627 2133; x_wconf 83' lang='lat' dir='ltr'><em>munus</em></span> <span class='ocrx_word' id='word_1_254' title='bbox 656 2080 766 2143; x_wconf 89' lang='lat' dir='ltr'><em>est,</em></span> <span class='ocrx_word' id='word_1_255' title='bbox 794 2074 985 2131; x_wconf 89' lang='lat' dir='ltr'><em>cordis</em></span> <span class='ocrx_word' id='word_1_256' title='bbox 1016 2090 1145 2131; x_wconf 89' lang='lat' dir='ltr'><em>esse</em></span> <span class='ocrx_word' id='word_1_257' title='bbox 1175 2074 1399 2153; x_wconf 80' lang='lat' dir='ltr'><em>mundi.</em></span> <span class='ocrx_word' id='word_1_258' title='bbox 1434 2074 1595 2130; x_wconf 90' lang='lat' dir='ltr'><em>Unde</em></span> <span class='ocrx_word' id='word_1_259' title='bbox 1654 2074 1897 2147; x_wconf 86' lang='lat' dir='ltr'><em>pulchre</em></span> <span class='ocrx_word' id='word_1_260' title='bbox 1950 2076 2048 2130; x_wconf 91' lang='lat' dir='ltr'><em>Sa-</em></span> 
     </span>
    </p>
   </div>
   <div class='ocr_carea' id='block_1_37' title="bbox 404 2162 2049 2234">
    <p class='ocr_par' dir='ltr' id='par_1_37' title="bbox 404 2162 2049 2234">
     <span class='ocr_line' id='line_1_37' title="bbox 404 2162 2049 2234; baseline -0.002 -12"><span class='ocrx_word' id='word_1_261' title='bbox 404 2166 635 2222; x_wconf 87' lang='lat' dir='ltr'><em>lomon:</em></span> <span class='ocrx_word' id='word_1_262' title='bbox 672 2164 865 2229; x_wconf 80' lang='lat' dir='ltr'><em>«Quis</em></span> <span class='ocrx_word' id='word_1_263' title='bbox 895 2163 1244 2234; x_wconf 86' lang='lat' dir='ltr'><em>gloriabitur</em></span> <span class='ocrx_word' id='word_1_264' title='bbox 1272 2166 1501 2218; x_wconf 87' lang='lat' dir='ltr'><em>castum</em></span> <span class='ocrx_word' id='word_1_265' title='bbox 1560 2180 1621 2218; x_wconf 89' lang='lat' dir='ltr'><em>se</em></span> <span class='ocrx_word' id='word_1_266' title='bbox 1679 2162 1891 2219; x_wconf 84' lang='lat' dir='ltr'><em>habere</em></span> <span class='ocrx_word' id='word_1_267' title='bbox 1952 2181 2049 2218; x_wconf 89' lang='lat' dir='ltr'><em>cor</em></span> 
     </span>
    </p>
   </div>
   <div class='ocr_carea' id='block_1_38' title="bbox 406 2251 2046 2327">
    <p class='ocr_par' dir='ltr' id='par_1_38' title="bbox 406 2251 2046 2327">
     <span class='ocr_line' id='line_1_38' title="bbox 406 2251 2046 2327; baseline -0.002 -17"><span class='ocrx_word' id='word_1_268' title='bbox 406 2256 589 2327; x_wconf 83' lang='lat' dir='ltr'><em>(Prov.</em></span> <span class='ocrx_word' id='word_1_269' title='bbox 622 2271 715 2321; x_wconf 80' lang='lat' dir='ltr'><em>xx,</em></span> <span class='ocrx_word' id='word_1_270' title='bbox 747 2254 803 2323; x_wconf 86' lang='lat'><em>9)</em></span> <span class='ocrx_word' id='word_1_271' title='bbox 834 2254 861 2307; x_wconf 85' lang='lat'><strong>?</strong></span> <span class='ocrx_word' id='word_1_272' title='bbox 890 2253 960 2307; x_wconf 88' lang='lat' dir='ltr'><em>Et</em></span> <span class='ocrx_word' id='word_1_273' title='bbox 988 2252 1275 2307; x_wconf 88' lang='lat' dir='ltr'><em>Dominus</em></span> <span class='ocrx_word' id='word_1_274' title='bbox 1300 2251 1361 2306; x_wconf 89' lang='lat' dir='ltr'><em>in</em></span> <span class='ocrx_word' id='word_1_275' title='bbox 1397 2252 1704 2323; x_wconf 85' lang='lat' dir='ltr'><em>Evangelio</em></span> <span class='ocrx_word' id='word_1_276' title='bbox 1740 2270 1752 2308; x_wconf 90' lang='lat'><strong>:</strong></span> <span class='ocrx_word' id='word_1_277' title='bbox 1800 2276 1827 2301; x_wconf 91' lang='grc'><em>‹‹</em></span> <span class='ocrx_word' id='word_1_278' title='bbox 1892 2252 2046 2307; x_wconf 82' lang='lat' dir='ltr'><em>Beati</em></span> 
     </span>
    </p>
   </div>
   <div class='ocr_carea' id='block_1_39' title="bbox 408 2340 2047 2412">
    <p class='ocr_par' dir='ltr' id='par_1_39' title="bbox 408 2340 2047 2412">
     <span class='ocr_line' id='line_1_39' title="bbox 408 2340 2047 2412; baseline -0.004 -12"><span class='ocrx_word' id='word_1_279' title='bbox 408 2344 630 2401; x_wconf 86' lang='lat' dir='ltr'><em>mundo</em></span> <span class='ocrx_word' id='word_1_280' title='bbox 661 2343 853 2407; x_wconf 90' lang='lat' dir='ltr'><em>corde,</em></span> <span class='ocrx_word' id='word_1_281' title='bbox 885 2340 997 2412; x_wconf 86' lang='lat' dir='ltr'><em>ipsi</em></span> <span class='ocrx_word' id='word_1_282' title='bbox 1030 2340 1185 2395; x_wconf 87' lang='lat' dir='ltr'><em>enim</em></span> <span class='ocrx_word' id='word_1_283' title='bbox 1220 2345 1400 2395; x_wconf 88' lang='lat' dir='ltr'><em>Deum</em></span> <span class='ocrx_word' id='word_1_284' title='bbox 1434 2341 1714 2396; x_wconf 87' lang='lat' dir='ltr'><em>videbunt</em></span> <span class='ocrx_word' id='word_1_285' title='bbox 1750 2342 1957 2411; x_wconf 77' lang='lat' dir='ltr'><em>(Matth.</em></span> <span class='ocrx_word' id='word_1_286' title='bbox 1993 2358 2047 2409; x_wconf 91' lang='lat' dir='ltr'><em>v,</em></span> 
     </span>
    </p>
   </div>
   <div class='ocr_carea' id='block_1_40' title="bbox 406 2429 2049 2503">
    <p class='ocr_par' dir='ltr' id='par_1_40' title="bbox 406 2429 2049 2503">
     <span class='ocr_line' id='line_1_40' title="bbox 406 2429 2049 2503; baseline -0.002 -16"><span class='ocrx_word' id='word_1_287' title='bbox 406 2433 488 2503; x_wconf 83' lang='grc'><em>8).</em></span> <span class='ocrx_word' id='word_1_288' title='bbox 523 2454 551 2481; x_wconf 83' lang='grc'><strong>››</strong></span> <span class='ocrx_word' id='word_1_289' title='bbox 580 2429 870 2502; x_wconf 85' lang='lat' dir='ltr'><em>Propheta</em></span> <span class='ocrx_word' id='word_1_290' title='bbox 899 2429 1075 2483; x_wconf 90' lang='lat' dir='ltr'><em>etiam</em></span> <span class='ocrx_word' id='word_1_291' title='bbox 1110 2429 1286 2483; x_wconf 86' lang='lat' dir='ltr'><em>David</em></span> <span class='ocrx_word' id='word_1_292' title='bbox 1344 2446 1444 2484; x_wconf 92' lang='lat' dir='ltr'><em>cor</em></span> <span class='ocrx_word' id='word_1_293' title='bbox 1492 2430 1779 2485; x_wconf 90' lang='lat' dir='ltr'><em>mundum</em></span> <span class='ocrx_word' id='word_1_294' title='bbox 1837 2429 2049 2485; x_wconf 86' lang='lat' dir='ltr'><em>habere</em></span> 
     </span>
    </p>
   </div>
   <div class='ocr_carea' id='block_1_41' title="bbox 406 2516 1734 2592">
    <p class='ocr_par' dir='ltr' id='par_1_41' title="bbox 406 2516 1734 2592">
     <span class='ocr_line' id='line_1_41' title="bbox 406 2516 1734 2592; baseline -0.003 -16"><span class='ocrx_word' id='word_1_295' title='bbox 406 2520 698 2592; x_wconf 83' lang='lat' dir='ltr'><em>cupiebat,</em></span> <span class='ocrx_word' id='word_1_296' title='bbox 729 2535 800 2574; x_wconf 90' lang='lat' dir='ltr'><em>ne</em></span> <span class='ocrx_word' id='word_1_297' title='bbox 831 2536 865 2574; x_wconf 91' lang='lat' dir='ltr'><em>a</em></span> <span class='ocrx_word' id='word_1_298' title='bbox 894 2516 1040 2573; x_wconf 86' lang='lat' dir='ltr'><em>facie</em></span> <span class='ocrx_word' id='word_1_299' title='bbox 1068 2517 1299 2573; x_wconf 90' lang='lat' dir='ltr'><em>Domini</em></span> <span class='ocrx_word' id='word_1_300' title='bbox 1339 2518 1734 2589; x_wconf 88' lang='lat' dir='ltr'><em>projiceretur.</em></span> 
     </span>
    </p>
   </div>
   <div class='ocr_carea' id='block_1_42' title="bbox 475 2606 2048 2680">
    <p class='ocr_par' dir='ltr' id='par_1_42' title="bbox 475 2606 2048 2680">
     <span class='ocr_line' id='line_1_42' title="bbox 475 2606 2048 2680; baseline -0.003 -15"><span class='ocrx_word' id='word_1_301' title='bbox 475 2612 563 2666; x_wconf 86' lang='lat'><em>65.</em></span> <span class='ocrx_word' id='word_1_302' title='bbox 598 2614 661 2663; x_wconf 88' lang='lat' dir='ltr'><em>In</em></span> <span class='ocrx_word' id='word_1_303' title='bbox 693 2625 808 2680; x_wconf 91' lang='lat' dir='ltr'><em>quo</em></span> <span class='ocrx_word' id='word_1_304' title='bbox 830 2611 1025 2662; x_wconf 89' lang='lat' dir='ltr'><em>autem</em></span> <span class='ocrx_word' id='word_1_305' title='bbox 1058 2623 1156 2662; x_wconf 91' lang='lat' dir='ltr'><em>cor</em></span> <span class='ocrx_word' id='word_1_306' title='bbox 1186 2607 1475 2661; x_wconf 89' lang='lat' dir='ltr'><em>mundum</em></span> <span class='ocrx_word' id='word_1_307' title='bbox 1506 2613 1614 2673; x_wconf 89' lang='lat' dir='ltr'><em>est,</em></span> <span class='ocrx_word' id='word_1_308' title='bbox 1651 2606 1961 2663; x_wconf 88' lang='lat' dir='ltr'><em>innovatur</em></span> <span class='ocrx_word' id='word_1_309' title='bbox 1990 2607 2048 2662; x_wconf 92' lang='lat' dir='ltr'><em>in</em></span> 
     </span>
    </p>
   </div>
   <div class='ocr_carea' id='block_1_43' title="bbox 404 2694 2050 2770">
    <p class='ocr_par' dir='ltr' id='par_1_43' title="bbox 404 2694 2050 2770">
     <span class='ocr_line' id='line_1_43' title="bbox 404 2694 2050 2770; baseline -0.002 -15"><span class='ocrx_word' id='word_1_310' title='bbox 404 2699 532 2770; x_wconf 79' lang='lat' dir='ltr'><em>ejus</em></span> <span class='ocrx_word' id='word_1_311' title='bbox 564 2697 941 2753; x_wconf 85' lang='lat' dir='ltr'><em>interioribus</em></span> <span class='ocrx_word' id='word_1_312' title='bbox 974 2695 1238 2767; x_wconf 88' lang='lat' dir='ltr'><em>spiritus.</em></span> <span class='ocrx_word' id='word_1_313' title='bbox 1273 2694 1510 2750; x_wconf 86' lang='lat' dir='ltr'><em>Viscera</em></span> <span class='ocrx_word' id='word_1_314' title='bbox 1540 2696 1695 2750; x_wconf 88' lang='lat' dir='ltr'><em>enim</em></span> <span class='ocrx_word' id='word_1_315' title='bbox 1714 2696 1873 2751; x_wconf 87' lang='lat' dir='ltr'><em>velut</em></span> <span class='ocrx_word' id='word_1_316' title='bbox 1906 2697 2050 2751; x_wconf 86' lang='lat' dir='ltr'><em>inte-</em></span> 
     </span>
    </p>
   </div>
   <div class='ocr_carea' id='block_1_44' title="bbox 407 2784 2051 2856">
    <p class='ocr_par' dir='ltr' id='par_1_44' title="bbox 407 2784 2051 2856">
     <span class='ocr_line' id='line_1_44' title="bbox 407 2784 2051 2856; baseline -0.002 -12"><span class='ocrx_word' id='word_1_317' title='bbox 407 2788 561 2844; x_wconf 87' lang='lat' dir='ltr'><em>riora</em></span> <span class='ocrx_word' id='word_1_318' title='bbox 589 2791 728 2842; x_wconf 90' lang='lat' dir='ltr'><em>sunt</em></span> <span class='ocrx_word' id='word_1_319' title='bbox 756 2784 1013 2856; x_wconf 87' lang='lat' dir='ltr'><em>corporis</em></span> <span class='ocrx_word' id='word_1_320' title='bbox 1048 2784 1169 2839; x_wconf 88' lang='lat' dir='ltr'><em>:ita</em></span> <span class='ocrx_word' id='word_1_321' title='bbox 1194 2784 1308 2853; x_wconf 74' lang='lat' dir='ltr'><em>(i1)</em></span> <span class='ocrx_word' id='word_1_322' title='bbox 1349 2789 1489 2839; x_wconf 88' lang='lat' dir='ltr'><em>sunt</em></span> <span class='ocrx_word' id='word_1_323' title='bbox 1544 2788 1600 2839; x_wconf 91' lang='lat' dir='ltr'><em>et</em></span> <span class='ocrx_word' id='word_1_324' title='bbox 1656 2784 2051 2855; x_wconf 78' lang='lat' dir='ltr'><em>intelligibilia</em></span> 
     </span>
    </p>
   </div>
   <div class='ocr_carea' id='block_1_45' title="bbox 406 2872 2050 2940">
    <p class='ocr_par' dir='ltr' id='par_1_45' title="bbox 406 2872 2050 2940">
     <span class='ocr_line' id='line_1_45' title="bbox 406 2872 2050 2940; baseline -0.001 -10"><span class='ocrx_word' id='word_1_325' title='bbox 406 2876 627 2932; x_wconf 86' lang='lat' dir='ltr'><em>viscera</em></span> <span class='ocrx_word' id='word_1_326' title='bbox 648 2874 877 2936; x_wconf 87' lang='lat' dir='ltr'><em>animae,</em></span> <span class='ocrx_word' id='word_1_327' title='bbox 910 2876 976 2927; x_wconf 90' lang='lat' dir='ltr'><em>ut</em></span> <span class='ocrx_word' id='word_1_328' title='bbox 999 2876 1139 2926; x_wconf 90' lang='lat' dir='ltr'><em>sunt</em></span> <span class='ocrx_word' id='word_1_329' title='bbox 1179 2872 1401 2926; x_wconf 87' lang='lat' dir='ltr'><em>viscera</em></span> <span class='ocrx_word' id='word_1_330' title='bbox 1459 2873 1869 2928; x_wconf 82' lang='lat' dir='ltr'><em>misericordiae</em></span> <span class='ocrx_word' id='word_1_331' title='bbox 1927 2874 2050 2940; x_wconf 86' lang='lat' dir='ltr'><em>(Co-</em></span> 
     </span>
    </p>
   </div>
   <div class='ocr_carea' id='block_1_46' title="bbox 409 2960 2049 3032">
    <p class='ocr_par' dir='ltr' id='par_1_46' title="bbox 409 2960 2049 3032">
     <span class='ocr_line' id='line_1_46' title="bbox 409 2960 2049 3032; baseline -0.003 -11"><span class='ocrx_word' id='word_1_332' title='bbox 409 2966 535 3021; x_wconf 81' lang='lat' dir='ltr'><em>loss.</em></span> <span class='ocrx_word' id='word_1_333' title='bbox 570 2979 651 3031; x_wconf 82' lang='grc' dir='ltr'><em>ιιι,</em></span> <span class='ocrx_word' id='word_1_334' title='bbox 684 2962 792 3032; x_wconf 81' lang='lat' dir='ltr'><em>l2),</em></span> <span class='ocrx_word' id='word_1_335' title='bbox 830 2965 893 3015; x_wconf 89' lang='lat' dir='ltr'><em>ut</em></span> <span class='ocrx_word' id='word_1_336' title='bbox 922 2964 1060 3016; x_wconf 88' lang='lat' dir='ltr'><em>sunt</em></span> <span class='ocrx_word' id='word_1_337' title='bbox 1089 2960 1369 3015; x_wconf 86' lang='lat' dir='ltr'><em>interiora</em></span> <span class='ocrx_word' id='word_1_338' title='bbox 1398 2977 1521 3031; x_wconf 65' lang='lat' dir='ltr'><em>qua:</em></span> <span class='ocrx_word' id='word_1_339' title='bbox 1556 2960 1905 3016; x_wconf 84' lang='lat' dir='ltr'><em>benedicunt</em></span> <span class='ocrx_word' id='word_1_340' title='bbox 1936 2962 2049 3017; x_wconf 92' lang='lat' dir='ltr'><em>Do—</em></span> 
     </span>
    </p>
   </div>
   <div class='ocr_carea' id='block_1_47' title="bbox 409 3048 2051 3120">
    <p class='ocr_par' dir='ltr' id='par_1_47' title="bbox 409 3048 2051 3120">
     <span class='ocr_line' id='line_1_47' title="bbox 409 3048 2051 3120; baseline -0.003 -12"><span class='ocrx_word' id='word_1_341' title='bbox 409 3052 664 3117; x_wconf 89' lang='lat' dir='ltr'><em>minum,</em></span> <span class='ocrx_word' id='word_1_342' title='bbox 694 3051 765 3106; x_wconf 88' lang='lat' dir='ltr'><em>de</em></span> <span class='ocrx_word' id='word_1_343' title='bbox 794 3049 1010 3120; x_wconf 89' lang='lat' dir='ltr'><em>quibus</em></span> <span class='ocrx_word' id='word_1_344' title='bbox 1041 3048 1121 3102; x_wconf 90' lang='lat' dir='ltr'><em>ait</em></span> <span class='ocrx_word' id='word_1_345' title='bbox 1151 3064 1163 3103; x_wconf 93' lang='lat'>:</span> <span class='ocrx_word' id='word_1_346' title='bbox 1198 3071 1225 3096; x_wconf 86' lang='lat'><strong>«</strong></span> <span class='ocrx_word' id='word_1_347' title='bbox 1260 3049 1526 3112; x_wconf 86' lang='lat' dir='ltr'><em>Benedic,</em></span> <span class='ocrx_word' id='word_1_348' title='bbox 1558 3049 1916 3114; x_wconf 88' lang='lat' dir='ltr'><em>animamea,</em></span> <span class='ocrx_word' id='word_1_349' title='bbox 1941 3048 2051 3103; x_wconf 90' lang='lat' dir='ltr'><em>Do-</em></span> 
     </span>
    </p>
   </div>
   <div class='ocr_carea' id='block_1_48' title="bbox 376 3136 2047 3207">
    <p class='ocr_par' dir='ltr' id='par_1_48' title="bbox 376 3136 2047 3207">
     <span class='ocr_line' id='line_1_48' title="bbox 376 3136 2047 3207; baseline -0.004 -8"><span class='ocrx_word' id='word_1_350' title='bbox 376 3196 381 3199; x_wconf 80' lang='lat'><em>.</em></span> <span class='ocrx_word' id='word_1_351' title='bbox 412 3142 661 3207; x_wconf 88' lang='lat' dir='ltr'><em>minum,</em></span> <span class='ocrx_word' id='word_1_352' title='bbox 694 3142 751 3195; x_wconf 88' lang='lat' dir='ltr'><em>et</em></span> <span class='ocrx_word' id='word_1_353' title='bbox 789 3138 987 3193; x_wconf 86' lang='lat' dir='ltr'><em>omnia</em></span> <span class='ocrx_word' id='word_1_354' title='bbox 1017 3136 1293 3192; x_wconf 86' lang='lat' dir='ltr'><em>interiora</em></span> <span class='ocrx_word' id='word_1_355' title='bbox 1356 3153 1486 3192; x_wconf 88' lang='lat' dir='ltr'><em>mea</em></span> <span class='ocrx_word' id='word_1_356' title='bbox 1514 3153 1725 3192; x_wconf 81' lang='lat' dir='ltr'><em>nomen</em></span> <span class='ocrx_word' id='word_1_357' title='bbox 1779 3142 2047 3193; x_wconf 84' lang='lat' dir='ltr'><em>sanctum</em></span> 
     </span>
    </p>
   </div>
   <div class='ocr_carea' id='block_1_49' title="bbox 402 3226 2040 3301">
    <p class='ocr_par' dir='ltr' id='par_1_49' title="bbox 402 3226 2040 3301">
     <span class='ocr_line' id='line_1_49' title="bbox 402 3226 2040 3301; baseline -0.003 -15"><span class='ocrx_word' id='word_1_358' title='bbox 402 3232 531 3301; x_wconf 79' lang='lat' dir='ltr'><em>ejus</em></span> <span class='ocrx_word' id='word_1_359' title='bbox 561 3229 736 3301; x_wconf 84' lang='lat' dir='ltr'><em>(Psal.</em></span> <span class='ocrx_word' id='word_1_360' title='bbox 771 3246 869 3294; x_wconf 83' lang='lat' dir='ltr'><em>eu,</em></span> <span class='ocrx_word' id='word_1_361' title='bbox 904 3227 976 3295; x_wconf 90' lang='lat'><em>1).</em></span> <span class='ocrx_word' id='word_1_362' title='bbox 1014 3249 1041 3275; x_wconf 83' lang='lat'><strong><em>»</em></strong></span> <span class='ocrx_word' id='word_1_363' title='bbox 1087 3226 1320 3281; x_wconf 83' lang='lat' dir='ltr'><em>Viscera</em></span> <span class='ocrx_word' id='word_1_364' title='bbox 1351 3231 1545 3281; x_wconf 87' lang='lat' dir='ltr'><em>autem</em></span> <span class='ocrx_word' id='word_1_365' title='bbox 1605 3227 1813 3281; x_wconf 77' lang='lat' dir='ltr'><em>anima:</em></span> <span class='ocrx_word' id='word_1_366' title='bbox 1874 3227 2040 3281; x_wconf 82' lang='lat' dir='ltr'><em>adin-</em></span> 
     </span>
    </p>
   </div>
   <div class='ocr_carea' id='block_1_50' title="bbox 398 3314 2038 3387">
    <p class='ocr_par' dir='ltr' id='par_1_50' title="bbox 398 3314 2038 3387">
     <span class='ocr_line' id='line_1_50' title="bbox 398 3314 2038 3387; baseline -0.005 -10"><span class='ocrx_word' id='word_1_367' title='bbox 398 3319 701 3377; x_wconf 89' lang='lat' dir='ltr'><em>ventiones</em></span> <span class='ocrx_word' id='word_1_368' title='bbox 733 3332 1015 3373; x_wconf 87' lang='lat' dir='ltr'><em>sensuum</em></span> <span class='ocrx_word' id='word_1_369' title='bbox 1048 3319 1205 3382; x_wconf 90' lang='lat' dir='ltr'><em>sunt,</em></span> <span class='ocrx_word' id='word_1_370' title='bbox 1239 3316 1402 3370; x_wconf 68' lang='lat' dir='ltr'><em>bonas</em></span> <span class='ocrx_word' id='word_1_371' title='bbox 1420 3315 1793 3387; x_wconf 84' lang='lat' dir='ltr'><em>cogitationis</em></span> <span class='ocrx_word' id='word_1_372' title='bbox 1823 3314 2038 3381; x_wconf 86' lang='lat' dir='ltr'><em>studia,</em></span> 
     </span>
    </p>
   </div>
   <div class='ocr_carea' id='block_1_51' title="bbox 395 3403 2041 3479">
    <p class='ocr_par' dir='ltr' id='par_1_51' title="bbox 395 3403 2041 3479">
     <span class='ocr_line' id='line_1_51' title="bbox 395 3403 2041 3479; baseline -0.003 -15"><span class='ocrx_word' id='word_1_373' title='bbox 395 3409 677 3465; x_wconf 86' lang='lat' dir='ltr'><em>virtutum</em></span> <span class='ocrx_word' id='word_1_374' title='bbox 713 3404 1157 3479; x_wconf 83' lang='lat' dir='ltr'><em>perseverantia,</em></span> <span class='ocrx_word' id='word_1_375' title='bbox 1186 3410 1479 3475; x_wconf 89' lang='lat' dir='ltr'><em>postremo</em></span> <span class='ocrx_word' id='word_1_376' title='bbox 1528 3403 1639 3458; x_wconf 69' lang='lat' dir='ltr'><em>illis</em></span> <span class='ocrx_word' id='word_1_377' title='bbox 1670 3422 1796 3475; x_wconf 68' lang='lat' dir='ltr'><em>quae</em></span> <span class='ocrx_word' id='word_1_378' title='bbox 1852 3405 2041 3459; x_wconf 64' lang='lat' dir='ltr'><em>Graece</em></span> 
     </span>
    </p>
   </div>
   <div class='ocr_carea' id='block_1_52' title="bbox 397 3496 961 3558">
    <p class='ocr_par' dir='ltr' id='par_1_52' title="bbox 397 3496 961 3558">
     <span class='ocr_line' id='line_1_52' title="bbox 397 3496 961 3558; baseline 0.009 -14"><span class='ocrx_word' id='word_1_379' title='bbox 397 3496 632 3558; x_wconf 72' lang='grc' dir='ltr'><em>εὐνομίαι.</em></span> <span class='ocrx_word' id='word_1_380' title='bbox 664 3496 961 3550; x_wconf 89' lang='lat' dir='ltr'><em>dicuntur.</em></span> 
     </span>
    </p>
   </div>
   <div class='ocr_carea' id='block_1_53' title="bbox 466 3582 2035 3654">
    <p class='ocr_par' dir='ltr' id='par_1_53' title="bbox 466 3582 2035 3654">
     <span class='ocr_line' id='line_1_53' title="bbox 466 3582 2035 3654; baseline -0.001 -16"><span class='ocrx_word' id='word_1_381' title='bbox 466 3585 557 3639; x_wconf 84' lang='lat'><em>66.</em></span> <span class='ocrx_word' id='word_1_382' title='bbox 601 3586 812 3640; x_wconf 76' lang='lat' dir='ltr'><em>Rectus</em></span> <span class='ocrx_word' id='word_1_383' title='bbox 839 3587 1034 3639; x_wconf 89' lang='lat' dir='ltr'><em>autem</em></span> <span class='ocrx_word' id='word_1_384' title='bbox 1067 3582 1308 3653; x_wconf 86' lang='lat' dir='ltr'><em>spiritus</em></span> <span class='ocrx_word' id='word_1_385' title='bbox 1361 3582 1459 3652; x_wconf 90' lang='lat' dir='ltr'><em>qui</em></span> <span class='ocrx_word' id='word_1_386' title='bbox 1492 3582 1639 3637; x_wconf 89' lang='lat' dir='ltr'><em>bene</em></span> <span class='ocrx_word' id='word_1_387' title='bbox 1686 3582 1906 3653; x_wconf 80' lang='lat' dir='ltr'><em>dirigit,</em></span> <span class='ocrx_word' id='word_1_388' title='bbox 1938 3582 2035 3654; x_wconf 92' lang='lat' dir='ltr'><em>qui</em></span> 
     </span>
    </p>
   </div>
   <div class='ocr_carea' id='block_1_54' title="bbox 396 3669 2035 3739">
    <p class='ocr_par' dir='ltr' id='par_1_54' title="bbox 396 3669 2035 3739">
     <span class='ocr_line' id='line_1_54' title="bbox 396 3669 2035 3739; baseline 0 -13"><span class='ocrx_word' id='word_1_389' title='bbox 396 3671 633 3727; x_wconf 90' lang='lat' dir='ltr'><em>deducit</em></span> <span class='ocrx_word' id='word_1_390' title='bbox 654 3671 714 3725; x_wconf 92' lang='lat' dir='ltr'><em>in</em></span> <span class='ocrx_word' id='word_1_391' title='bbox 742 3670 897 3725; x_wconf 86' lang='lat' dir='ltr'><em>viam</em></span> <span class='ocrx_word' id='word_1_392' title='bbox 930 3675 1173 3734; x_wconf 88' lang='lat' dir='ltr'><em>rectam,</em></span> <span class='ocrx_word' id='word_1_393' title='bbox 1204 3670 1298 3723; x_wconf 89' lang='lat' dir='ltr'><em>hic</em></span> <span class='ocrx_word' id='word_1_394' title='bbox 1327 3675 1416 3724; x_wconf 90' lang='lat' dir='ltr'><em>est</em></span> <span class='ocrx_word' id='word_1_395' title='bbox 1446 3669 1692 3739; x_wconf 88' lang='lat' dir='ltr'><em>spiritus</em></span> <span class='ocrx_word' id='word_1_396' title='bbox 1722 3671 1985 3726; x_wconf 83' lang='lat' dir='ltr'><em>veritatis</em></span> <span class='ocrx_word' id='word_1_397' title='bbox 2021 3696 2035 3737; x_wconf 85' lang='lat'><strong>;</strong></span> 
     </span>
    </p>
   </div>
   <div class='ocr_carea' id='block_1_55' title="bbox 390 3757 2036 3815">
    <p class='ocr_par' dir='ltr' id='par_1_55' title="bbox 390 3757 2036 3815">
     <span class='ocr_line' id='line_1_55' title="bbox 390 3757 2036 3815; baseline -0.001 0"><span class='ocrx_word' id='word_1_398' title='bbox 390 3759 478 3815; x_wconf 88' lang='lat' dir='ltr'><em>vel</em></span> <span class='ocrx_word' id='word_1_399' title='bbox 511 3762 662 3815; x_wconf 89' lang='lat' dir='ltr'><em>certe</em></span> <span class='ocrx_word' id='word_1_400' title='bbox 692 3761 847 3814; x_wconf 88' lang='lat' dir='ltr'><em>recta</em></span> <span class='ocrx_word' id='word_1_401' title='bbox 875 3757 1132 3811; x_wconf 87' lang='lat' dir='ltr'><em>hominis</em></span> <span class='ocrx_word' id='word_1_402' title='bbox 1176 3757 1532 3811; x_wconf 87' lang='lat' dir='ltr'><em>conscientia</em></span> <span class='ocrx_word' id='word_1_403' title='bbox 1588 3759 1766 3811; x_wconf 86' lang='lat' dir='ltr'><em>nullis</em></span> <span class='ocrx_word' id='word_1_404' title='bbox 1827 3759 2036 3814; x_wconf 86' lang='lat' dir='ltr'><em>inﬂexa</em></span> 
     </span>
    </p>
   </div>
   <div class='ocr_carea' id='block_1_56' title="bbox 391 3845 2033 3920">
    <p class='ocr_par' dir='ltr' id='par_1_56' title="bbox 391 3845 2033 3920">
     <span class='ocr_line' id='line_1_56' title="bbox 391 3845 2033 3920; baseline -0.001 -16"><span class='ocrx_word' id='word_1_405' title='bbox 391 3848 664 3920; x_wconf 84' lang='lat' dir='ltr'><em>peccatis,</em></span> <span class='ocrx_word' id='word_1_406' title='bbox 696 3847 782 3901; x_wconf 87' lang='lat' dir='ltr'><em>vel</em></span> <span class='ocrx_word' id='word_1_407' title='bbox 816 3846 1060 3918; x_wconf 84' lang='lat' dir='ltr'><em>spiritus</em></span> <span class='ocrx_word' id='word_1_408' title='bbox 1091 3845 1191 3916; x_wconf 89' lang='lat' dir='ltr'><em>qui</em></span> <span class='ocrx_word' id='word_1_409' title='bbox 1223 3846 1281 3899; x_wconf 90' lang='lat' dir='ltr'><em>in</em></span> <span class='ocrx_word' id='word_1_410' title='bbox 1313 3845 1549 3901; x_wconf 86' lang='lat' dir='ltr'><em>homine</em></span> <span class='ocrx_word' id='word_1_411' title='bbox 1581 3852 1686 3900; x_wconf 82' lang='lat' dir='ltr'><em>est.</em></span> <span class='ocrx_word' id='word_1_412' title='bbox 1720 3847 1842 3902; x_wconf 75' lang='lat' dir='ltr'><em>Non</em></span> <span class='ocrx_word' id='word_1_413' title='bbox 1886 3865 2033 3918; x_wconf 68' lang='lat' dir='ltr'><em>prm-</em></span> 
     </span>
    </p>
   </div>
   <div class='ocr_carea' id='block_1_57' title="bbox 387 3934 2037 4008">
    <p class='ocr_par' dir='ltr' id='par_1_57' title="bbox 387 3934 2037 4008">
     <span class='ocr_line' id='line_1_57' title="bbox 387 3934 2037 4008; baseline -0.002 -16"><span class='ocrx_word' id='word_1_414' title='bbox 387 3936 750 3993; x_wconf 83' lang='lat' dir='ltr'><em>tcrmisimus</em></span> <span class='ocrx_word' id='word_1_415' title='bbox 774 3935 915 4008; x_wconf 92' lang='lat' dir='ltr'><em>quid</em></span> <span class='ocrx_word' id='word_1_416' title='bbox 935 3934 1303 3989; x_wconf 85' lang='lat' dir='ltr'><em>aliisentiant</em></span> <span class='ocrx_word' id='word_1_417' title='bbox 1338 3951 1351 3999; x_wconf 94' lang='lat'><strong>;</strong></span> <span class='ocrx_word' id='word_1_418' title='bbox 1384 3939 1581 3987; x_wconf 82' lang='lat' dir='ltr'><em>tamen</em></span> <span class='ocrx_word' id='word_1_419' title='bbox 1620 3935 1789 3987; x_wconf 82' lang='lat' dir='ltr'><em>nobis</em></span> <span class='ocrx_word' id='word_1_420' title='bbox 1809 3936 2037 3991; x_wconf 86' lang='lat' dir='ltr'><em>videtur</em></span> 
     </span>
    </p>
   </div>
   <div class='ocr_carea' id='block_1_58' title="bbox 388 4020 2033 4097">
    <p class='ocr_par' dir='ltr' id='par_1_58' title="bbox 388 4020 2033 4097">
     <span class='ocr_line' id='line_1_58' title="bbox 388 4020 2033 4097; baseline -0.002 -14"><span class='ocrx_word' id='word_1_421' title='bbox 388 4027 541 4083; x_wconf 74' lang='lat'><strong>699</strong></span> <span class='ocrx_word' id='word_1_422' title='bbox 572 4023 851 4097; x_wconf 86' lang='lat' dir='ltr'><em>quoniam</em></span> <span class='ocrx_word' id='word_1_423' title='bbox 885 4024 954 4077; x_wconf 87' lang='lat' dir='ltr'><em>de</em></span> <span class='ocrx_word' id='word_1_424' title='bbox 990 4020 1279 4094; x_wconf 88' lang='lat' dir='ltr'><em>mysteriis</em></span> <span class='ocrx_word' id='word_1_425' title='bbox 1309 4020 1448 4077; x_wconf 86' lang='lat' dir='ltr'><em>dicit</em></span> <span class='ocrx_word' id='word_1_426' title='bbox 1500 4021 1687 4089; x_wconf 79' lang='lat' dir='ltr'><em>lectio,</em></span> <span class='ocrx_word' id='word_1_427' title='bbox 1714 4028 1770 4077; x_wconf 88' lang='lat' dir='ltr'><em>et</em></span> <span class='ocrx_word' id='word_1_428' title='bbox 1826 4023 2033 4079; x_wconf 52' lang='lat' dir='ltr'><em>futura!</em></span> 
     </span>
    </p>
   </div>
   <div class='ocr_carea' id='block_1_59' title="bbox 387 4110 2032 4187">
    <p class='ocr_par' dir='ltr' id='par_1_59' title="bbox 387 4110 2032 4187">
     <span class='ocr_line' id='line_1_59' title="bbox 387 4110 2032 4187; baseline -0.001 -19"><span class='ocrx_word' id='word_1_429' title='bbox 387 4115 577 4187; x_wconf 81' lang='lat' dir='ltr'><em>gratia</em></span> <span class='ocrx_word' id='word_1_430' title='bbox 627 4112 1022 4169; x_wconf 83' lang='lat' dir='ltr'><em>renovationis</em></span> <span class='ocrx_word' id='word_1_431' title='bbox 1080 4111 1192 4181; x_wconf 79' lang='grc'>(42)</span> <span class='ocrx_word' id='word_1_432' title='bbox 1242 4110 1605 4181; x_wconf 84' lang='lat' dir='ltr'><em>exprimitur,</em></span> <span class='ocrx_word' id='word_1_433' title='bbox 1660 4111 2032 4185; x_wconf 81' lang='lat' dir='ltr'><em>Spiritusquc</em></span> 
     </span>
    </p>
   </div>
   <div class='ocr_carea' id='block_1_60' title="bbox 385 4199 1199 4273">
    <p class='ocr_par' dir='ltr' id='par_1_60' title="bbox 385 4199 1199 4273">
     <span class='ocr_line' id='line_1_60' title="bbox 385 4199 1199 4273; baseline -0.009 -13"><span class='ocrx_word' id='word_1_434' title='bbox 385 4203 572 4260; x_wconf 86' lang='lat' dir='ltr'><em>sancti</em></span> <span class='ocrx_word' id='word_1_435' title='bbox 604 4202 819 4258; x_wconf 78' lang='lat' dir='ltr'><em>intusio</em></span> <span class='ocrx_word' id='word_1_436' title='bbox 850 4199 1199 4273; x_wconf 87' lang='lat' dir='ltr'><em>postulatur.</em></span> 
     </span>
    </p>
   </div>
   <div class='ocr_carea' id='block_1_61' title="bbox 455 4287 2029 4361">
    <p class='ocr_par' dir='ltr' id='par_1_61' title="bbox 455 4287 2029 4361">
     <span class='ocr_line' id='line_1_61' title="bbox 455 4287 2029 4361; baseline -0.002 -15"><span class='ocrx_word' id='word_1_437' title='bbox 455 4294 545 4346; x_wconf 88' lang='lat'><em>67.</em></span> <span class='ocrx_word' id='word_1_438' title='bbox 576 4290 790 4346; x_wconf 88' lang='lat' dir='ltr'><em>Deinde</em></span> <span class='ocrx_word' id='word_1_439' title='bbox 820 4290 1088 4361; x_wconf 90' lang='lat' dir='ltr'><em>sequitur</em></span> <span class='ocrx_word' id='word_1_440' title='bbox 1122 4305 1134 4342; x_wconf 88' lang='grc'>;</span> <span class='ocrx_word' id='word_1_441' title='bbox 1168 4311 1195 4336; x_wconf 89' lang='grc'><em>‹‹</em></span> <span class='ocrx_word' id='word_1_442' title='bbox 1230 4287 1309 4341; x_wconf 88' lang='lat' dir='ltr'><em>Ne</em></span> <span class='ocrx_word' id='word_1_443' title='bbox 1342 4287 1612 4357; x_wconf 86' lang='lat' dir='ltr'><em>projicias</em></span> <span class='ocrx_word' id='word_1_444' title='bbox 1645 4304 1736 4343; x_wconf 89' lang='lat' dir='ltr'><em>me</em></span> <span class='ocrx_word' id='word_1_445' title='bbox 1794 4306 1827 4342; x_wconf 91' lang='lat' dir='ltr'><em>a</em></span> <span class='ocrx_word' id='word_1_446' title='bbox 1884 4290 2029 4345; x_wconf 86' lang='lat' dir='ltr'><em>facie</em></span> 
     </span>
    </p>
   </div>
   <div class='ocr_carea' id='block_1_62' title="bbox 381 4379 2026 4451">
    <p class='ocr_par' dir='ltr' id='par_1_62' title="bbox 381 4379 2026 4451">
     <span class='ocr_line' id='line_1_62' title="bbox 381 4379 2026 4451; baseline -0.001 -16"><span class='ocrx_word' id='word_1_447' title='bbox 381 4384 488 4435; x_wconf 87' lang='lat' dir='ltr'><em>tua</em></span> <span class='ocrx_word' id='word_1_448' title='bbox 519 4404 534 4447; x_wconf 89' lang='lat'><strong>;</strong></span> <span class='ocrx_word' id='word_1_449' title='bbox 563 4384 618 4435; x_wconf 86' lang='lat' dir='ltr'><em>et</em></span> <span class='ocrx_word' id='word_1_450' title='bbox 646 4379 931 4451; x_wconf 88' lang='lat' dir='ltr'><em>Spiritum</em></span> <span class='ocrx_word' id='word_1_451' title='bbox 965 4382 1243 4433; x_wconf 88' lang='lat' dir='ltr'><em>sanctum</em></span> <span class='ocrx_word' id='word_1_452' title='bbox 1276 4382 1445 4429; x_wconf 85' lang='lat' dir='ltr'><em>tuum</em></span> <span class='ocrx_word' id='word_1_453' title='bbox 1480 4392 1551 4431; x_wconf 89' lang='lat' dir='ltr'><em>ne</em></span> <span class='ocrx_word' id='word_1_454' title='bbox 1582 4379 1812 4432; x_wconf 81' lang='lat' dir='ltr'><em>auferas</em></span> <span class='ocrx_word' id='word_1_455' title='bbox 1844 4395 1876 4432; x_wconf 88' lang='lat' dir='ltr'><em>n</em></span> <span class='ocrx_word' id='word_1_456' title='bbox 1935 4395 2026 4433; x_wconf 92' lang='lat' dir='ltr'><em>me</em></span> 
     </span>
    </p>
   </div>
   <div class='ocr_carea' id='block_1_63' title="bbox 385 4464 2025 4539">
    <p class='ocr_par' dir='ltr' id='par_1_63' title="bbox 385 4464 2025 4539">
     <span class='ocr_line' id='line_1_63' title="bbox 385 4464 2025 4539; baseline 0 -18"><span class='ocrx_word' id='word_1_457' title='bbox 385 4469 555 4539; x_wconf 86' lang='lat' dir='ltr'><em>(Psal.</em></span> <span class='ocrx_word' id='word_1_458' title='bbox 590 4486 640 4532; x_wconf 89' lang='lat' dir='ltr'><em>L,</em></span> <span class='ocrx_word' id='word_1_459' title='bbox 664 4469 763 4537; x_wconf 88' lang='lat' dir='ltr'><em>l3).</em></span> <span class='ocrx_word' id='word_1_460' title='bbox 796 4491 824 4516; x_wconf 85' lang='grc'><strong>››</strong></span> <span class='ocrx_word' id='word_1_461' title='bbox 855 4467 915 4522; x_wconf 88' lang='lat' dir='ltr'><em>Si</em></span> <span class='ocrx_word' id='word_1_462' title='bbox 948 4467 1080 4537; x_wconf 89' lang='lat' dir='ltr'><em>quis</em></span> <span class='ocrx_word' id='word_1_463' title='bbox 1112 4482 1219 4519; x_wconf 85' lang='lat' dir='ltr'><em>nos</em></span> <span class='ocrx_word' id='word_1_464' title='bbox 1279 4464 1581 4519; x_wconf 82' lang='lat' dir='ltr'><em>oilenderit</em></span> <span class='ocrx_word' id='word_1_465' title='bbox 1637 4465 2025 4535; x_wconf 86' lang='lat' dir='ltr'><em>servulorum,</em></span> 
     </span>
    </p>
   </div>
   <div class='ocr_carea' id='block_1_64' title="bbox 2158 1917 3724 1987">
    <p class='ocr_par' dir='ltr' id='par_1_64' title="bbox 2158 1917 3724 1987">
     <span class='ocr_line' id='line_1_64' title="bbox 2158 1917 3724 1987; baseline 0 -16"><span class='ocrx_word' id='word_1_466' title='bbox 2158 1917 2237 1971; x_wconf 91' lang='lat' dir='ltr'><em>ibi</em></span> <span class='ocrx_word' id='word_1_467' title='bbox 2269 1918 2377 1972; x_wconf 89' lang='lat' dir='ltr'><em>erit</em></span> <span class='ocrx_word' id='word_1_468' title='bbox 2407 1919 2579 1972; x_wconf 84' lang='lat' dir='ltr'><em>ﬂetus</em></span> <span class='ocrx_word' id='word_1_469' title='bbox 2610 1922 2667 1973; x_wconf 87' lang='lat' dir='ltr'><em>et</em></span> <span class='ocrx_word' id='word_1_470' title='bbox 2697 1918 2913 1973; x_wconf 82' lang='lat' dir='ltr'><em>stridor</em></span> <span class='ocrx_word' id='word_1_471' title='bbox 2942 1918 3208 1972; x_wconf 88' lang='lat' dir='ltr'><em>dentium</em></span> <span class='ocrx_word' id='word_1_472' title='bbox 3240 1918 3445 1985; x_wconf 77' lang='lat' dir='ltr'><em>(Matth.</em></span> <span class='ocrx_word' id='word_1_473' title='bbox 3474 1917 3724 1987; x_wconf 75' lang='lat' dir='ltr'><em>xxu,13).»</em></span> 
     </span>
    </p>
   </div>
   <div class='ocr_carea' id='block_1_65' title="bbox 2157 2005 3728 2077">
    <p class='ocr_par' dir='ltr' id='par_1_65' title="bbox 2157 2005 3728 2077">
     <span class='ocr_line' id='line_1_65' title="bbox 2157 2005 3728 2077; baseline -0.001 -17"><span class='ocrx_word' id='word_1_474' title='bbox 2157 2006 2262 2069; x_wconf 90' lang='lat' dir='ltr'><em>Qui</em></span> <span class='ocrx_word' id='word_1_475' title='bbox 2294 2024 2410 2061; x_wconf 92' lang='lat' dir='ltr'><em>non</em></span> <span class='ocrx_word' id='word_1_476' title='bbox 2440 2007 2807 2073; x_wconf 86' lang='lat' dir='ltr'><em>emendatur,</em></span> <span class='ocrx_word' id='word_1_477' title='bbox 2841 2024 2874 2061; x_wconf 85' lang='lat' dir='ltr'><em>a</em></span> <span class='ocrx_word' id='word_1_478' title='bbox 2905 2006 3048 2062; x_wconf 84' lang='lat' dir='ltr'><em>facie</em></span> <span class='ocrx_word' id='word_1_479' title='bbox 3081 2008 3208 2077; x_wconf 83' lang='lat' dir='ltr'><em>ejus</em></span> <span class='ocrx_word' id='word_1_480' title='bbox 3240 2005 3300 2061; x_wconf 89' lang='lat' dir='ltr'><em>in</em></span> <span class='ocrx_word' id='word_1_481' title='bbox 3327 2005 3559 2061; x_wconf 83' lang='lat' dir='ltr'><em>tenebris</em></span> <span class='ocrx_word' id='word_1_482' title='bbox 3607 2021 3728 2059; x_wconf 83' lang='lat' dir='ltr'><em>cons-</em></span> 
     </span>
    </p>
   </div>
   <div class='ocr_carea' id='block_1_66' title="bbox 2157 2092 3729 2165">
    <p class='ocr_par' dir='ltr' id='par_1_66' title="bbox 2157 2092 3729 2165">
     <span class='ocr_line' id='line_1_66' title="bbox 2157 2092 3729 2165; baseline -0.002 -18"><span class='ocrx_word' id='word_1_483' title='bbox 2157 2093 2391 2148; x_wconf 87' lang='lat' dir='ltr'><em>tituitur</em></span> <span class='ocrx_word' id='word_1_484' title='bbox 2422 2096 2555 2163; x_wconf 73' lang='grc'>(44).</span> <span class='ocrx_word' id='word_1_485' title='bbox 2596 2094 2728 2149; x_wconf 83' lang='lat' dir='ltr'><em>ideo</em></span> <span class='ocrx_word' id='word_1_486' title='bbox 2751 2095 2955 2165; x_wconf 90' lang='lat' dir='ltr'><em>justus</em></span> <span class='ocrx_word' id='word_1_487' title='bbox 2987 2111 3056 2148; x_wconf 91' lang='lat' dir='ltr'><em>ne</em></span> <span class='ocrx_word' id='word_1_488' title='bbox 3084 2094 3359 2149; x_wconf 85' lang='lat' dir='ltr'><em>tenebras</em></span> <span class='ocrx_word' id='word_1_489' title='bbox 3381 2092 3622 2165; x_wconf 87' lang='lat' dir='ltr'><em>patiatur,</em></span> <span class='ocrx_word' id='word_1_490' title='bbox 3648 2092 3729 2146; x_wconf 87' lang='lat' dir='ltr'><em>ait:</em></span> 
     </span>
    </p>
   </div>
   <div class='ocr_carea' id='block_1_67' title="bbox 2164 2168 3775 2256">
    <p class='ocr_par' dir='ltr' id='par_1_67' title="bbox 2164 2168 3775 2256">
     <span class='ocr_line' id='line_1_67' title="bbox 2164 2168 3775 2256; baseline -0.001 -20"><span class='ocrx_word' id='word_1_491' title='bbox 2164 2206 2191 2233; x_wconf 83' lang='lat'>«</span> <span class='ocrx_word' id='word_1_492' title='bbox 2225 2182 2466 2238; x_wconf 85' lang='lat' dir='ltr'><em>Vultum</em></span> <span class='ocrx_word' id='word_1_493' title='bbox 2498 2189 2690 2251; x_wconf 88' lang='lat' dir='ltr'><em>tuum,</em></span> <span class='ocrx_word' id='word_1_494' title='bbox 2726 2183 2988 2250; x_wconf 88' lang='lat' dir='ltr'><em>Domine,</em></span> <span class='ocrx_word' id='word_1_495' title='bbox 3022 2182 3321 2256; x_wconf 87' lang='lat' dir='ltr'><em>requiram</em></span> <span class='ocrx_word' id='word_1_496' title='bbox 3354 2204 3381 2232; x_wconf 70' lang='grc' dir='ltr'><strong><em>υ</em></strong></span> <span class='ocrx_word' id='word_1_497' title='bbox 3427 2182 3574 2252; x_wconf 85' lang='lat' dir='ltr'><em>(Psal.</em></span> <span class='ocrx_word' id='word_1_498' title='bbox 3624 2197 3731 2245; x_wconf 72' lang='lat' dir='ltr'><em>nu,</em></span> <span class='ocrx_word' id='word_1_499' title='bbox 3772 2168 3775 2173; x_wconf 58' lang='grc'><em>’</em></span> 
     </span>
    </p>
   </div>
   <div class='ocr_carea' id='block_1_68' title="bbox 2158 2269 3733 2340">
    <p class='ocr_par' dir='ltr' id='par_1_68' title="bbox 2158 2269 3733 2340">
     <span class='ocr_line' id='line_1_68' title="bbox 2158 2269 3733 2340; baseline -0.003 -15"><span class='ocrx_word' id='word_1_500' title='bbox 2158 2273 2232 2340; x_wconf 88' lang='grc'><em>8).</em></span> <span class='ocrx_word' id='word_1_501' title='bbox 2269 2271 2376 2327; x_wconf 92' lang='lat' dir='ltr'><em>Ubi</em></span> <span class='ocrx_word' id='word_1_502' title='bbox 2408 2273 2565 2328; x_wconf 91' lang='lat' dir='ltr'><em>enim</em></span> <span class='ocrx_word' id='word_1_503' title='bbox 2596 2272 2829 2328; x_wconf 90' lang='lat' dir='ltr'><em>Domini</em></span> <span class='ocrx_word' id='word_1_504' title='bbox 2858 2271 3079 2336; x_wconf 90' lang='lat' dir='ltr'><em>vultus,</em></span> <span class='ocrx_word' id='word_1_505' title='bbox 3125 2271 3205 2326; x_wconf 90' lang='lat' dir='ltr'><em>ibi</em></span> <span class='ocrx_word' id='word_1_506' title='bbox 3235 2270 3433 2328; x_wconf 89' lang='lat' dir='ltr'><em>lumen</em></span> <span class='ocrx_word' id='word_1_507' title='bbox 3485 2274 3579 2337; x_wconf 85' lang='lat' dir='ltr'><em>est,</em></span> <span class='ocrx_word' id='word_1_508' title='bbox 3625 2269 3733 2323; x_wconf 83' lang='lat' dir='ltr'><em>sicut</em></span> 
     </span>
    </p>
   </div>
   <div class='ocr_carea' id='block_1_69' title="bbox 2160 2359 3732 2432">
    <p class='ocr_par' dir='ltr' id='par_1_69' title="bbox 2160 2359 3732 2432">
     <span class='ocr_line' id='line_1_69' title="bbox 2160 2359 3732 2432; baseline -0.003 -17"><span class='ocrx_word' id='word_1_509' title='bbox 2160 2359 2445 2432; x_wconf 89' lang='lat' dir='ltr'><em>scriptum</em></span> <span class='ocrx_word' id='word_1_510' title='bbox 2479 2365 2567 2417; x_wconf 86' lang='lat' dir='ltr'><em>est</em></span> <span class='ocrx_word' id='word_1_511' title='bbox 2600 2378 2612 2415; x_wconf 90' lang='lat'>:</span> <span class='ocrx_word' id='word_1_512' title='bbox 2647 2384 2671 2411; x_wconf 87' lang='grc'><em>‹‹</em></span> <span class='ocrx_word' id='word_1_513' title='bbox 2710 2361 2936 2416; x_wconf 86' lang='lat' dir='ltr'><em>Faciem</em></span> <span class='ocrx_word' id='word_1_514' title='bbox 2966 2364 3127 2415; x_wconf 85' lang='lat' dir='ltr'><em>tuam</em></span> <span class='ocrx_word' id='word_1_515' title='bbox 3161 2359 3433 2415; x_wconf 86' lang='lat' dir='ltr'><em>illumina</em></span> <span class='ocrx_word' id='word_1_516' title='bbox 3459 2374 3613 2430; x_wconf 86' lang='lat' dir='ltr'><em>super</em></span> <span class='ocrx_word' id='word_1_517' title='bbox 3650 2373 3732 2412; x_wconf 83' lang='lat' dir='ltr'><em>ser-</em></span> 
     </span>
    </p>
   </div>
   <div class='ocr_carea' id='block_1_70' title="bbox 2159 2442 3801 2521">
    <p class='ocr_par' dir='ltr' id='par_1_70' title="bbox 2159 2442 3801 2521">
     <span class='ocr_line' id='line_1_70' title="bbox 2159 2442 3801 2521; baseline 0.001 -19"><span class='ocrx_word' id='word_1_518' title='bbox 2159 2464 2291 2502; x_wconf 87' lang='lat' dir='ltr'><em>vum</em></span> <span class='ocrx_word' id='word_1_519' title='bbox 2322 2454 2491 2503; x_wconf 89' lang='lat' dir='ltr'><em>tuum</em></span> <span class='ocrx_word' id='word_1_520' title='bbox 2522 2450 2694 2519; x_wconf 84' lang='lat' dir='ltr'><em>(Psal.</em></span> <span class='ocrx_word' id='word_1_521' title='bbox 2727 2467 2917 2515; x_wconf 82' lang='lat' dir='ltr'><em>exvm,</em></span> <span class='ocrx_word' id='word_1_522' title='bbox 2953 2450 3096 2520; x_wconf 75' lang='lat'><em>135).</em></span> <span class='ocrx_word' id='word_1_523' title='bbox 3130 2471 3159 2498; x_wconf 85' lang='grc'><strong>››</strong></span> <span class='ocrx_word' id='word_1_524' title='bbox 3209 2447 3465 2518; x_wconf 87' lang='lat' dir='ltr'><em>Denique</em></span> <span class='ocrx_word' id='word_1_525' title='bbox 3519 2447 3601 2501; x_wconf 90' lang='lat' dir='ltr'><em>ubi</em></span> <span class='ocrx_word' id='word_1_526' title='bbox 3650 2444 3729 2521; x_wconf 83' lang='lat' dir='ltr'><em>pri-</em></span> <span class='ocrx_word' id='word_1_527' title='bbox 3800 2442 3801 2519; x_wconf 68' lang='lat' dir='ltr'><em>l</em></span> 
     </span>
    </p>
   </div>
   <div class='ocr_carea' id='block_1_71' title="bbox 2175 2535 3571 2607">
    <p class='ocr_par' dir='ltr' id='par_1_71' title="bbox 2175 2535 3571 2607">
     <span class='ocr_line' id='line_1_71' title="bbox 2175 2535 3571 2607; baseline -0.002 -16"><span class='ocrx_word' id='word_1_528' title='bbox 2175 2554 2334 2592; x_wconf 90' lang='lat' dir='ltr'><em>mum</em></span> <span class='ocrx_word' id='word_1_529' title='bbox 2368 2538 2620 2593; x_wconf 89' lang='lat' dir='ltr'><em>intuitus</em></span> <span class='ocrx_word' id='word_1_530' title='bbox 2652 2538 2885 2592; x_wconf 89' lang='lat' dir='ltr'><em>Petrum</em></span> <span class='ocrx_word' id='word_1_531' title='bbox 2919 2537 3081 2607; x_wconf 86' lang='lat' dir='ltr'><em>vidit,</em></span> <span class='ocrx_word' id='word_1_532' title='bbox 3113 2541 3172 2592; x_wconf 88' lang='lat' dir='ltr'><em>et</em></span> <span class='ocrx_word' id='word_1_533' title='bbox 3209 2535 3571 2590; x_wconf 87' lang='lat' dir='ltr'><em>illuminavit.</em></span> 
     </span>
    </p>
   </div>
   <div class='ocr_carea' id='block_1_72' title="bbox 2228 2647 3729 2725">
    <p class='ocr_par' dir='ltr' id='par_1_72' title="bbox 2228 2647 3729 2725">
     <span class='ocr_line' id='line_1_72' title="bbox 2228 2647 3729 2725; baseline -0.004 -18"><span class='ocrx_word' id='word_1_534' title='bbox 2228 2655 2317 2707; x_wconf 79' lang='lat'><em>60.</em></span> <span class='ocrx_word' id='word_1_535' title='bbox 2354 2652 2583 2709; x_wconf 88' lang='lat' dir='ltr'><em>Grande</em></span> <span class='ocrx_word' id='word_1_536' title='bbox 2640 2653 2820 2725; x_wconf 81' lang='lat' dir='ltr'><em>igitur</em></span> <span class='ocrx_word' id='word_1_537' title='bbox 2868 2652 3248 2724; x_wconf 85' lang='lat' dir='ltr'><em>supplicium,</em></span> <span class='ocrx_word' id='word_1_538' title='bbox 3310 2651 3506 2724; x_wconf 84' lang='lat' dir='ltr'><em>projici</em></span> <span class='ocrx_word' id='word_1_539' title='bbox 3554 2667 3584 2704; x_wconf 88' lang='lat' dir='ltr'><em>a</em></span> <span class='ocrx_word' id='word_1_540' title='bbox 3628 2647 3729 2703; x_wconf 81' lang='lat' dir='ltr'><em>facie</em></span> 
     </span>
    </p>
   </div>
   <div class='ocr_carea' id='block_1_73' title="bbox 2160 2738 3731 2812">
    <p class='ocr_par' dir='ltr' id='par_1_73' title="bbox 2160 2738 3731 2812">
     <span class='ocr_line' id='line_1_73' title="bbox 2160 2738 3731 2812; baseline -0.004 -15"><span class='ocrx_word' id='word_1_541' title='bbox 2160 2741 2280 2797; x_wconf 89' lang='lat' dir='ltr'><em>Dei.</em></span> <span class='ocrx_word' id='word_1_542' title='bbox 2299 2741 2594 2812; x_wconf 82' lang='lat' dir='ltr'><em>Projcctus</em></span> <span class='ocrx_word' id='word_1_543' title='bbox 2616 2746 2703 2797; x_wconf 88' lang='lat' dir='ltr'><em>est</em></span> <span class='ocrx_word' id='word_1_544' title='bbox 2725 2742 2910 2796; x_wconf 79' lang='lat' dir='ltr'><em>Adam</em></span> <span class='ocrx_word' id='word_1_545' title='bbox 2934 2757 3069 2796; x_wconf 88' lang='lat' dir='ltr'><em>eum</em></span> <span class='ocrx_word' id='word_1_546' title='bbox 3091 2740 3163 2795; x_wconf 86' lang='lat' dir='ltr'><em>de</em></span> <span class='ocrx_word' id='word_1_547' title='bbox 3185 2739 3458 2811; x_wconf 87' lang='lat' dir='ltr'><em>paradiso</em></span> <span class='ocrx_word' id='word_1_548' title='bbox 3477 2738 3647 2803; x_wconf 86' lang='lat' dir='ltr'><em>exiret,</em></span> <span class='ocrx_word' id='word_1_549' title='bbox 3661 2751 3731 2790; x_wconf 78' lang='lat' dir='ltr'><em>nec</em></span> 
     </span>
    </p>
   </div>
   <div class='ocr_carea' id='block_1_74' title="bbox 2159 2826 3729 2901">
    <p class='ocr_par' dir='ltr' id='par_1_74' title="bbox 2159 2826 3729 2901">
     <span class='ocr_line' id='line_1_74' title="bbox 2159 2826 3729 2901; baseline -0.004 -18"><span class='ocrx_word' id='word_1_550' title='bbox 2159 2830 2452 2885; x_wconf 88' lang='lat' dir='ltr'><em>immerito</em></span> <span class='ocrx_word' id='word_1_551' title='bbox 2484 2832 2595 2901; x_wconf 76' lang='lat'><em>(15)</em></span> <span class='ocrx_word' id='word_1_552' title='bbox 2630 2848 2643 2896; x_wconf 90' lang='lat'><strong>;</strong></span> <span class='ocrx_word' id='word_1_553' title='bbox 2676 2829 2801 2901; x_wconf 83' lang='lat' dir='ltr'><em>ipse</em></span> <span class='ocrx_word' id='word_1_554' title='bbox 2830 2830 2988 2884; x_wconf 89' lang='lat' dir='ltr'><em>enim</em></span> <span class='ocrx_word' id='word_1_555' title='bbox 3028 2836 3161 2883; x_wconf 87' lang='lat' dir='ltr'><em>ante</em></span> <span class='ocrx_word' id='word_1_556' title='bbox 3205 2845 3270 2883; x_wconf 89' lang='lat' dir='ltr'><em>se</em></span> <span class='ocrx_word' id='word_1_557' title='bbox 3329 2826 3671 2883; x_wconf 84' lang='lat' dir='ltr'><em>absconderat</em></span> <span class='ocrx_word' id='word_1_558' title='bbox 3708 2839 3729 2875; x_wconf 84' lang='lat' dir='ltr'><em>a</em></span> 
     </span>
    </p>
   </div>
   <div class='ocr_carea' id='block_1_75' title="bbox 2161 2909 3730 2983">
    <p class='ocr_par' dir='ltr' id='par_1_75' title="bbox 2161 2909 3730 2983">
     <span class='ocr_line' id='line_1_75' title="bbox 2161 2909 3730 2983; baseline -0.006 -10"><span class='ocrx_word' id='word_1_559' title='bbox 2161 2918 2302 2973; x_wconf 79' lang='lat' dir='ltr'><em>facie</em></span> <span class='ocrx_word' id='word_1_560' title='bbox 2338 2918 2453 2974; x_wconf 91' lang='lat' dir='ltr'><em>Dei.</em></span> <span class='ocrx_word' id='word_1_561' title='bbox 2488 2918 2669 2973; x_wconf 77' lang='lat' dir='ltr'><em>Exivit</em></span> <span class='ocrx_word' id='word_1_562' title='bbox 2699 2922 2756 2973; x_wconf 90' lang='lat' dir='ltr'><em>et</em></span> <span class='ocrx_word' id='word_1_563' title='bbox 2799 2918 2936 2973; x_wconf 89' lang='lat' dir='ltr'><em>Cain</em></span> <span class='ocrx_word' id='word_1_564' title='bbox 2998 2934 3031 2972; x_wconf 90' lang='lat' dir='ltr'>a</span> <span class='ocrx_word' id='word_1_565' title='bbox 3084 2915 3229 2971; x_wconf 88' lang='lat' dir='ltr'><em>facie</em></span> <span class='ocrx_word' id='word_1_566' title='bbox 3280 2915 3403 2983; x_wconf 88' lang='lat' dir='ltr'><em>Dei,</em></span> <span class='ocrx_word' id='word_1_567' title='bbox 3439 2931 3543 2970; x_wconf 88' lang='lat' dir='ltr'><em>non</em></span> <span class='ocrx_word' id='word_1_568' title='bbox 3592 2909 3730 2968; x_wconf 88' lang='lat' dir='ltr'><em>solum</em></span> 
     </span>
    </p>
   </div>
   <div class='ocr_carea' id='block_1_76' title="bbox 2161 3004 3727 3079">
    <p class='ocr_par' dir='ltr' id='par_1_76' title="bbox 2161 3004 3727 3079">
     <span class='ocr_line' id='line_1_76' title="bbox 2161 3004 3727 3079; baseline -0.006 -18"><span class='ocrx_word' id='word_1_569' title='bbox 2161 3012 2293 3079; x_wconf 88' lang='lat' dir='ltr'><em>post</em></span> <span class='ocrx_word' id='word_1_570' title='bbox 2321 3006 2666 3078; x_wconf 80' lang='lat' dir='ltr'><em>parricidale</em></span> <span class='ocrx_word' id='word_1_571' title='bbox 2698 3005 3105 3071; x_wconf 89' lang='lat' dir='ltr'><em>commissum,</em></span> <span class='ocrx_word' id='word_1_572' title='bbox 3136 3004 3237 3060; x_wconf 87' lang='lat' dir='ltr'><em>sed</em></span> <span class='ocrx_word' id='word_1_573' title='bbox 3272 3004 3449 3059; x_wconf 86' lang='lat' dir='ltr'><em>etiam</em></span> <span class='ocrx_word' id='word_1_574' title='bbox 3487 3004 3727 3074; x_wconf 75' lang='lat' dir='ltr'><em>postqum</em></span> 
     </span>
    </p>
   </div>
   <div class='ocr_carea' id='block_1_77' title="bbox 2159 3088 3729 3175">
    <p class='ocr_par' dir='ltr' id='par_1_77' title="bbox 2159 3088 3729 3175">
     <span class='ocr_line' id='line_1_77' title="bbox 2159 3088 3729 3175; baseline -0.006 -24"><span class='ocrx_word' id='word_1_575' title='bbox 2159 3096 2343 3151; x_wconf 90' lang='lat' dir='ltr'><em>Deum</em></span> <span class='ocrx_word' id='word_1_576' title='bbox 2376 3097 2598 3169; x_wconf 85' lang='lat' dir='ltr'><em>putavit</em></span> <span class='ocrx_word' id='word_1_577' title='bbox 2627 3111 2753 3150; x_wconf 80' lang='lat' dir='ltr'><em>esse</em></span> <span class='ocrx_word' id='word_1_578' title='bbox 2786 3093 3126 3160; x_wconf 80' lang='lat' dir='ltr'><em>fallendum,</em></span> <span class='ocrx_word' id='word_1_579' title='bbox 3161 3098 3228 3147; x_wconf 90' lang='lat' dir='ltr'><em>ut</em></span> <span class='ocrx_word' id='word_1_580' title='bbox 3266 3093 3485 3175; x_wconf 81' lang='lat' dir='ltr'><em>crimen</em></span> <span class='ocrx_word' id='word_1_581' title='bbox 3537 3088 3729 3160; x_wconf 67' lang='lat' dir='ltr'><em>negaret</em></span> 
     </span>
    </p>
   </div>
   <div class='ocr_carea' id='block_1_78' title="bbox 2080 3181 3730 3273">
    <p class='ocr_par' dir='ltr' id='par_1_78' title="bbox 2080 3181 3730 3273">
     <span class='ocr_line' id='line_1_78' title="bbox 2080 3181 3730 3273; baseline -0.007 -33"><span class='ocrx_word' id='word_1_582' title='bbox 2080 3207 2123 3273; x_wconf 70' lang='grc' dir='ltr'><strong>ρ</strong></span> <span class='ocrx_word' id='word_1_583' title='bbox 2165 3184 2434 3239; x_wconf 84' lang='lat' dir='ltr'><em>Peccator</em></span> <span class='ocrx_word' id='word_1_584' title='bbox 2463 3184 2639 3257; x_wconf 85' lang='lat' dir='ltr'><em>igitur</em></span> <span class='ocrx_word' id='word_1_585' title='bbox 2666 3183 2988 3239; x_wconf 84' lang='lat' dir='ltr'><em>excluditur</em></span> <span class='ocrx_word' id='word_1_586' title='bbox 3021 3200 3053 3238; x_wconf 88' lang='lat' dir='ltr'><em>a</em></span> <span class='ocrx_word' id='word_1_587' title='bbox 3084 3181 3227 3273; x_wconf 81' lang='lat' dir='ltr'><em>facie</em></span> <span class='ocrx_word' id='word_1_588' title='bbox 3258 3181 3411 3273; x_wconf 71' lang='lat' dir='ltr'><em>Dei_:</em></span> <span class='ocrx_word' id='word_1_589' title='bbox 3453 3181 3626 3273; x_wconf 82' lang='lat' dir='ltr'><em>justus</em></span> <span class='ocrx_word' id='word_1_590' title='bbox 3647 3191 3730 3273; x_wconf 31' lang='grc' dir='ltr'><em>,θυι</em></span> 
     </span>
    </p>
   </div>
   <div class='ocr_carea' id='block_1_79' title="bbox 2156 3265 3730 3345">
    <p class='ocr_par' dir='ltr' id='par_1_79' title="bbox 2156 3265 3730 3345">
     <span class='ocr_line' id='line_1_79' title="bbox 2156 3265 3730 3345; baseline -0.006 -18"><span class='ocrx_word' id='word_1_591' title='bbox 2156 3278 2272 3327; x_wconf 89' lang='lat' dir='ltr'><em>tem</em></span> <span class='ocrx_word' id='word_1_592' title='bbox 2302 3273 2440 3329; x_wconf 87' lang='lat' dir='ltr'><em>dicit</em></span> <span class='ocrx_word' id='word_1_593' title='bbox 2473 3290 2487 3328; x_wconf 91' lang='lat'><strong>:</strong></span> <span class='ocrx_word' id='word_1_594' title='bbox 2523 3298 2549 3322; x_wconf 82' lang='lat'><strong><em>«</em></strong></span> <span class='ocrx_word' id='word_1_595' title='bbox 2582 3275 2722 3329; x_wconf 86' lang='lat' dir='ltr'><em>Ecce</em></span> <span class='ocrx_word' id='word_1_596' title='bbox 2753 3289 2859 3345; x_wconf 79' lang='lat' dir='ltr'><em>ego</em></span> <span class='ocrx_word' id='word_1_597' title='bbox 2889 3272 3014 3343; x_wconf 87' lang='lat' dir='ltr'><em>(lsa.</em></span> <span class='ocrx_word' id='word_1_598' title='bbox 3046 3289 3124 3337; x_wconf 75' lang='lat' dir='ltr'><em>vr,</em></span> <span class='ocrx_word' id='word_1_599' title='bbox 3185 3271 3238 3342; x_wconf 89' lang='lat'><em>8)</em></span> <span class='ocrx_word' id='word_1_600' title='bbox 3277 3291 3305 3319; x_wconf 92' lang='grc'><strong>››</strong></span> <span class='ocrx_word' id='word_1_601' title='bbox 3365 3268 3603 3339; x_wconf 87' lang='lat' dir='ltr'><em>Denique</em></span> <span class='ocrx_word' id='word_1_602' title='bbox 3646 3265 3730 3337; x_wconf 80' lang='lat' dir='ltr'><em>ipse</em></span> 
     </span>
    </p>
   </div>
   <div class='ocr_carea' id='block_1_80' title="bbox 2152 3355 3727 3432">
    <p class='ocr_par' dir='ltr' id='par_1_80' title="bbox 2152 3355 3727 3432">
     <span class='ocr_line' id='line_1_80' title="bbox 2152 3355 3727 3432; baseline -0.004 -15"><span class='ocrx_word' id='word_1_603' title='bbox 2152 3362 2329 3417; x_wconf 81' lang='lat' dir='ltr'><em>David</em></span> <span class='ocrx_word' id='word_1_604' title='bbox 2362 3380 2494 3418; x_wconf 90' lang='lat' dir='ltr'><em>cum</em></span> <span class='ocrx_word' id='word_1_605' title='bbox 2528 3361 2747 3417; x_wconf 87' lang='lat' dir='ltr'><em>videret</em></span> <span class='ocrx_word' id='word_1_606' title='bbox 2779 3360 3012 3416; x_wconf 90' lang='lat' dir='ltr'><em>interire</em></span> <span class='ocrx_word' id='word_1_607' title='bbox 3045 3358 3357 3432; x_wconf 87' lang='lat' dir='ltr'><em>populum,</em></span> <span class='ocrx_word' id='word_1_608' title='bbox 3419 3355 3727 3425; x_wconf 84' lang='lat' dir='ltr'><em>semetipsum</em></span> 
     </span>
    </p>
   </div>
   <div class='ocr_carea' id='block_1_81' title="bbox 2151 3446 3727 3522">
    <p class='ocr_par' dir='ltr' id='par_1_81' title="bbox 2151 3446 3727 3522">
     <span class='ocr_line' id='line_1_81' title="bbox 2151 3446 3727 3522; baseline -0.004 -17"><span class='ocrx_word' id='word_1_609' title='bbox 2151 3450 2362 3505; x_wconf 89' lang='lat' dir='ltr'><em>obtulit</em></span> <span class='ocrx_word' id='word_1_610' title='bbox 2392 3451 2589 3507; x_wconf 89' lang='lat' dir='ltr'><em>dicens</em></span> <span class='ocrx_word' id='word_1_611' title='bbox 2624 3468 2637 3506; x_wconf 88' lang='lat'><strong>:</strong></span> <span class='ocrx_word' id='word_1_612' title='bbox 2674 3478 2697 3499; x_wconf 78' lang='grc' dir='ltr'>υ</span> <span class='ocrx_word' id='word_1_613' title='bbox 2734 3451 2848 3522; x_wconf 85' lang='lat' dir='ltr'><em>Ego</em></span> <span class='ocrx_word' id='word_1_614' title='bbox 2893 3466 3045 3516; x_wconf 89' lang='lat' dir='ltr'><em>sum,</em></span> <span class='ocrx_word' id='word_1_615' title='bbox 3107 3465 3212 3521; x_wconf 79' lang='lat' dir='ltr'><em>ego</em></span> <span class='ocrx_word' id='word_1_616' title='bbox 3273 3446 3524 3521; x_wconf 87' lang='lat' dir='ltr'><em>peccavi,</em></span> <span class='ocrx_word' id='word_1_617' title='bbox 3573 3449 3619 3499; x_wconf 87' lang='lat' dir='ltr'><em>et</em></span> <span class='ocrx_word' id='word_1_618' title='bbox 3655 3454 3727 3511; x_wconf 72' lang='lat' dir='ltr'><em>ego</em></span> 
     </span>
    </p>
   </div>
   <div class='ocr_carea' id='block_1_82' title="bbox 2150 3530 3730 3610">
    <p class='ocr_par' dir='ltr' id='par_1_82' title="bbox 2150 3530 3730 3610">
     <span class='ocr_line' id='line_1_82' title="bbox 2150 3530 3730 3610; baseline -0.008 -17"><span class='ocrx_word' id='word_1_619' title='bbox 2150 3543 2348 3610; x_wconf 85' lang='lat' dir='ltr'><em>pastor</em></span> <span class='ocrx_word' id='word_1_620' title='bbox 2373 3539 2523 3595; x_wconf 90' lang='lat' dir='ltr'><em>male</em></span> <span class='ocrx_word' id='word_1_621' title='bbox 2550 3539 2655 3594; x_wconf 85' lang='lat' dir='ltr'><em>feci</em></span> <span class='ocrx_word' id='word_1_622' title='bbox 2685 3541 2789 3607; x_wconf 86' lang='lat' dir='ltr'><strong><em>(III</em></strong></span> <span class='ocrx_word' id='word_1_623' title='bbox 2816 3541 2943 3607; x_wconf 82' lang='lat' dir='ltr'><em>Reg.</em></span> <span class='ocrx_word' id='word_1_624' title='bbox 2975 3554 3123 3600; x_wconf 69' lang='lat' dir='ltr'><em>xxrv,</em></span> <span class='ocrx_word' id='word_1_625' title='bbox 3187 3536 3280 3607; x_wconf 77' lang='lat'><em>17)</em></span> <span class='ocrx_word' id='word_1_626' title='bbox 3321 3553 3334 3590; x_wconf 88' lang='lat'><strong>:</strong></span> <span class='ocrx_word' id='word_1_627' title='bbox 3394 3558 3419 3583; x_wconf 82' lang='grc'><strong>››</strong></span> <span class='ocrx_word' id='word_1_628' title='bbox 3473 3537 3525 3590; x_wconf 86' lang='lat' dir='ltr'><em>et</em></span> <span class='ocrx_word' id='word_1_629' title='bbox 3562 3532 3632 3586; x_wconf 87' lang='lat' dir='ltr'><em>sic</em></span> <span class='ocrx_word' id='word_1_630' title='bbox 3674 3530 3730 3582; x_wconf 82' lang='lat' dir='ltr'><em>ira</em></span> 
     </span>
    </p>
   </div>
   <div class='ocr_carea' id='block_1_83' title="bbox 2149 3625 3376 3700">
    <p class='ocr_par' dir='ltr' id='par_1_83' title="bbox 2149 3625 3376 3700">
     <span class='ocr_line' id='line_1_83' title="bbox 2149 3625 3376 3700; baseline -0.002 -19"><span class='ocrx_word' id='word_1_631' title='bbox 2149 3626 2379 3682; x_wconf 90' lang='lat' dir='ltr'><em>Domini</em></span> <span class='ocrx_word' id='word_1_632' title='bbox 2409 3628 2678 3700; x_wconf 82' lang='lat' dir='ltr'><em>mitigata</em></span> <span class='ocrx_word' id='word_1_633' title='bbox 2706 3632 2814 3696; x_wconf 90' lang='lat' dir='ltr'><em>est,</em></span> <span class='ocrx_word' id='word_1_634' title='bbox 2848 3631 2906 3682; x_wconf 88' lang='lat' dir='ltr'><em>et</em></span> <span class='ocrx_word' id='word_1_635' title='bbox 2933 3626 3103 3682; x_wconf 86' lang='lat' dir='ltr'><em>venia</em></span> <span class='ocrx_word' id='word_1_636' title='bbox 3132 3625 3376 3680; x_wconf 88' lang='lat' dir='ltr'><em>donata.</em></span> 
     </span>
    </p>
   </div>
   <div class='ocr_carea' id='block_1_84' title="bbox 2216 3732 3729 3813">
    <p class='ocr_par' dir='ltr' id='par_1_84' title="bbox 2216 3732 3729 3813">
     <span class='ocr_line' id='line_1_84' title="bbox 2216 3732 3729 3813; baseline -0.009 -16"><span class='ocrx_word' id='word_1_637' title='bbox 2216 3744 2305 3797; x_wconf 87' lang='lat'><em>70.</em></span> <span class='ocrx_word' id='word_1_638' title='bbox 2339 3742 2525 3798; x_wconf 88' lang='lat' dir='ltr'><em>Simul</em></span> <span class='ocrx_word' id='word_1_639' title='bbox 2550 3742 2809 3798; x_wconf 88' lang='lat' dir='ltr'><em>ostendit</em></span> <span class='ocrx_word' id='word_1_640' title='bbox 2836 3741 2981 3813; x_wconf 86' lang='lat' dir='ltr'><em>quia</em></span> <span class='ocrx_word' id='word_1_641' title='bbox 3003 3739 3191 3797; x_wconf 90' lang='lat' dir='ltr'><em>sancti</em></span> <span class='ocrx_word' id='word_1_642' title='bbox 3222 3732 3729 3812; x_wconf 86' lang='lat' dir='ltr'><em>permanent,crimi-</em></span> 
     </span>
    </p>
   </div>
   <div class='ocr_carea' id='block_1_85' title="bbox 2146 3823 3729 3903">
    <p class='ocr_par' dir='ltr' id='par_1_85' title="bbox 2146 3823 3729 3903">
     <span class='ocr_line' id='line_1_85' title="bbox 2146 3823 3729 3903; baseline -0.004 -18"><span class='ocrx_word' id='word_1_643' title='bbox 2146 3830 2274 3886; x_wconf 88' lang='lat' dir='ltr'><em>nosi</em></span> <span class='ocrx_word' id='word_1_644' title='bbox 2310 3831 2719 3903; x_wconf 81' lang='lat' dir='ltr'><em>projiciuntur.</em></span> <span class='ocrx_word' id='word_1_645' title='bbox 2756 3832 3005 3903; x_wconf 88' lang='lat' dir='ltr'><em>Ideoque</em></span> <span class='ocrx_word' id='word_1_646' title='bbox 3036 3829 3329 3885; x_wconf 89' lang='lat' dir='ltr'><em>servanda</em></span> <span class='ocrx_word' id='word_1_647' title='bbox 3355 3830 3444 3883; x_wconf 87' lang='lat' dir='ltr'><em>est</em></span> <span class='ocrx_word' id='word_1_648' title='bbox 3467 3823 3617 3882; x_wconf 80' lang='lat' dir='ltr'><em>nobis</em></span> <span class='ocrx_word' id='word_1_649' title='bbox 3637 3834 3729 3894; x_wconf 72' lang='lat' dir='ltr'><em>gm-</em></span> 
     </span>
    </p>
   </div>
   <div class='ocr_carea' id='block_1_86' title="bbox 2144 3914 3729 3993">
    <p class='ocr_par' dir='ltr' id='par_1_86' title="bbox 2144 3914 3729 3993">
     <span class='ocr_line' id='line_1_86' title="bbox 2144 3914 3729 3993; baseline -0.008 -19"><span class='ocrx_word' id='word_1_650' title='bbox 2144 3920 2225 3975; x_wconf 88' lang='lat' dir='ltr'><em>tia</em></span> <span class='ocrx_word' id='word_1_651' title='bbox 2249 3919 2549 3991; x_wconf 86' lang='lat' dir='ltr'><em>spiritalis,</em></span> <span class='ocrx_word' id='word_1_652' title='bbox 2585 3937 2656 3976; x_wconf 91' lang='lat' dir='ltr'><em>ne</em></span> <span class='ocrx_word' id='word_1_653' title='bbox 2678 3924 2913 3993; x_wconf 85' lang='lat' dir='ltr'><em>prepter</em></span> <span class='ocrx_word' id='word_1_654' title='bbox 2940 3923 3173 3991; x_wconf 85' lang='lat' dir='ltr'><em>peccata</em></span> <span class='ocrx_word' id='word_1_655' title='bbox 3203 3922 3407 3973; x_wconf 88' lang='lat' dir='ltr'><em>nostra</em></span> <span class='ocrx_word' id='word_1_656' title='bbox 3435 3914 3687 3970; x_wconf 72' lang='lat' dir='ltr'><em>auferatur</em></span> <span class='ocrx_word' id='word_1_657' title='bbox 3708 3924 3729 3961; x_wconf 85' lang='grc' dir='ltr'>ι</span> 
     </span>
    </p>
   </div>
   <div class='ocr_carea' id='block_1_87' title="bbox 2143 4002 3728 4081">
    <p class='ocr_par' dir='ltr' id='par_1_87' title="bbox 2143 4002 3728 4081">
     <span class='ocr_line' id='line_1_87' title="bbox 2143 4002 3728 4081; baseline -0.003 -20"><span class='ocrx_word' id='word_1_658' title='bbox 2143 4008 2332 4062; x_wconf 90' lang='lat' dir='ltr'><em>nobis.</em></span> <span class='ocrx_word' id='word_1_659' title='bbox 2367 4009 2491 4063; x_wconf 87' lang='lat' dir='ltr'><em>Non</em></span> <span class='ocrx_word' id='word_1_660' title='bbox 2522 4009 2675 4064; x_wconf 89' lang='lat' dir='ltr'><em>enim</em></span> <span class='ocrx_word' id='word_1_661' title='bbox 2708 4010 3014 4081; x_wconf 84' lang='lat' dir='ltr'><em>projicitur</em></span> <span class='ocrx_word' id='word_1_662' title='bbox 3045 4008 3098 4061; x_wconf 90' lang='lat' dir='ltr'><em>in</em></span> <span class='ocrx_word' id='word_1_663' title='bbox 3133 4024 3250 4077; x_wconf 91' lang='lat' dir='ltr'><em>quo</em></span> <span class='ocrx_word' id='word_1_664' title='bbox 3284 4002 3728 4078; x_wconf 73' lang='lat' dir='ltr'><em>Spiritussanolus</em></span> 
     </span>
    </p>
   </div>
   <div class='ocr_carea' id='block_1_88' title="bbox 2140 4092 3727 4152">
    <p class='ocr_par' dir='ltr' id='par_1_88' title="bbox 2140 4092 3727 4152">
     <span class='ocr_line' id='line_1_88' title="bbox 2140 4092 3727 4152; baseline -0.008 0"><span class='ocrx_word' id='word_1_665' title='bbox 2140 4100 2266 4152; x_wconf 85' lang='lat' dir='ltr'><em>est:</em></span> <span class='ocrx_word' id='word_1_666' title='bbox 2302 4097 2401 4151; x_wconf 78' lang='lat' dir='ltr'><em>scd</em></span> <span class='ocrx_word' id='word_1_667' title='bbox 2447 4097 2728 4152; x_wconf 72' lang='lat' dir='ltr'><em>inoffenso</em></span> <span class='ocrx_word' id='word_1_668' title='bbox 2787 4096 3049 4152; x_wconf 83' lang='lat' dir='ltr'><em>muneris</em></span> <span class='ocrx_word' id='word_1_669' title='bbox 3081 4096 3174 4150; x_wconf 89' lang='lat' dir='ltr'><em>sui</em></span> <span class='ocrx_word' id='word_1_670' title='bbox 3234 4096 3433 4150; x_wconf 80' lang='lat' dir='ltr'><em>fructu</em></span> <span class='ocrx_word' id='word_1_671' title='bbox 3482 4092 3649 4147; x_wconf 80' lang='lat' dir='ltr'><em>studet</em></span> <span class='ocrx_word' id='word_1_672' title='bbox 3686 4101 3727 4140; x_wconf 81' lang='lat' dir='ltr'><em>se</em></span> 
     </span>
    </p>
   </div>
   <div class='ocr_carea' id='block_1_89' title="bbox 2140 4176 3725 4257">
    <p class='ocr_par' dir='ltr' id='par_1_89' title="bbox 2140 4176 3725 4257">
     <span class='ocr_line' id='line_1_89' title="bbox 2140 4176 3725 4257; baseline -0.007 -17"><span class='ocrx_word' id='word_1_673' title='bbox 2140 4186 2386 4242; x_wconf 86' lang='lat' dir='ltr'><em>Domino</em></span> <span class='ocrx_word' id='word_1_674' title='bbox 2421 4202 2649 4257; x_wconf 88' lang='lat' dir='ltr'><em>semper</em></span> <span class='ocrx_word' id='word_1_675' title='bbox 2677 4187 2905 4253; x_wconf 75' lang='lat' dir='ltr'><em>offerre,</em></span> <span class='ocrx_word' id='word_1_676' title='bbox 2934 4186 3089 4242; x_wconf 76' lang='lat' dir='ltr'><em>sicut</em></span> <span class='ocrx_word' id='word_1_677' title='bbox 3118 4183 3215 4239; x_wconf 89' lang='lat' dir='ltr'><em>ille</em></span> <span class='ocrx_word' id='word_1_678' title='bbox 3268 4184 3373 4256; x_wconf 88' lang='lat' dir='ltr'><em>qui</em></span> <span class='ocrx_word' id='word_1_679' title='bbox 3405 4179 3603 4238; x_wconf 85' lang='lat' dir='ltr'><em>dicenti</em></span> <span class='ocrx_word' id='word_1_680' title='bbox 3649 4176 3725 4232; x_wconf 88' lang='lat' dir='ltr'><em>Do-</em></span> 
     </span>
    </p>
   </div>
   <div class='ocr_carea' id='block_1_90' title="bbox 2140 4272 3726 4344">
    <p class='ocr_par' dir='ltr' id='par_1_90' title="bbox 2140 4272 3726 4344">
     <span class='ocr_line' id='line_1_90' title="bbox 2140 4272 3726 4344; baseline -0.001 -16"><span class='ocrx_word' id='word_1_681' title='bbox 2140 4274 2321 4342; x_wconf 84' lang='lat' dir='ltr'><em>mino,</em></span> <span class='ocrx_word' id='word_1_682' title='bbox 2357 4298 2383 4323; x_wconf 89' lang='grc'><em>‹‹</em></span> <span class='ocrx_word' id='word_1_683' title='bbox 2417 4275 2715 4344; x_wconf 82' lang='lat' dir='ltr'><em>Numquid</em></span> <span class='ocrx_word' id='word_1_684' title='bbox 2747 4280 2804 4329; x_wconf 89' lang='lat' dir='ltr'><em>et</em></span> <span class='ocrx_word' id='word_1_685' title='bbox 2832 4291 2935 4329; x_wconf 87' lang='lat' dir='ltr'><em>vos</em></span> <span class='ocrx_word' id='word_1_686' title='bbox 2987 4273 3161 4327; x_wconf 80' lang='lat' dir='ltr'><em>vultis</em></span> <span class='ocrx_word' id='word_1_687' title='bbox 3221 4272 3541 4335; x_wconf 84' lang='lat' dir='ltr'><em>discedere,</em></span> <span class='ocrx_word' id='word_1_688' title='bbox 3573 4292 3596 4315; x_wconf 77' lang='grc' dir='ltr'><strong>υ</strong></span> <span class='ocrx_word' id='word_1_689' title='bbox 3642 4280 3726 4319; x_wconf 72' lang='lat' dir='ltr'><em>r98-</em></span> 
     </span>
    </p>
   </div>
   <div class='ocr_carea' id='block_1_91' title="bbox 2137 4353 3724 4434">
    <p class='ocr_par' dir='ltr' id='par_1_91' title="bbox 2137 4353 3724 4434">
     <span class='ocr_line' id='line_1_91' title="bbox 2137 4353 3724 4434; baseline -0.008 -17"><span class='ocrx_word' id='word_1_690' title='bbox 2137 4362 2343 4432; x_wconf 87' lang='lat' dir='ltr'><em>pondit</em></span> <span class='ocrx_word' id='word_1_691' title='bbox 2372 4378 2383 4417; x_wconf 89' lang='lat'>:</span> <span class='ocrx_word' id='word_1_692' title='bbox 2420 4386 2444 4411; x_wconf 86' lang='grc'><em>‹‹</em></span> <span class='ocrx_word' id='word_1_693' title='bbox 2482 4362 2744 4429; x_wconf 88' lang='lat' dir='ltr'><em>Domine,</em></span> <span class='ocrx_word' id='word_1_694' title='bbox 2778 4362 2849 4418; x_wconf 86' lang='lat' dir='ltr'><em>ad</em></span> <span class='ocrx_word' id='word_1_695' title='bbox 2881 4378 3056 4434; x_wconf 88' lang='lat' dir='ltr'><em>quem</em></span> <span class='ocrx_word' id='word_1_696' title='bbox 3090 4360 3313 4423; x_wconf 86' lang='lat' dir='ltr'><em>ibimus</em></span> <span class='ocrx_word' id='word_1_697' title='bbox 3344 4360 3374 4415; x_wconf 66' lang='lat'><em>‘2</em></span> <span class='ocrx_word' id='word_1_698' title='bbox 3425 4358 3598 4414; x_wconf 83' lang='lat' dir='ltr'><em>Verba</em></span> <span class='ocrx_word' id='word_1_699' title='bbox 3633 4353 3724 4405; x_wconf 76' lang='lat' dir='ltr'><em>vite</em></span> 
     </span>
    </p>
   </div>
   <div class='ocr_carea' id='block_1_92' title="bbox 2136 4444 3724 4520">
    <p class='ocr_par' dir='ltr' id='par_1_92' title="bbox 2136 4444 3724 4520">
     <span class='ocr_line' id='line_1_92' title="bbox 2136 4444 3724 4520; baseline 0.001 -15"><span class='ocrx_word' id='word_1_700' title='bbox 2136 4454 2361 4505; x_wconf 67' lang='lat' dir='ltr'><em>aeternae</em></span> <span class='ocrx_word' id='word_1_701' title='bbox 2391 4451 2591 4517; x_wconf 89' lang='lat' dir='ltr'><em>habes,</em></span> <span class='ocrx_word' id='word_1_702' title='bbox 2620 4457 2676 4505; x_wconf 88' lang='lat' dir='ltr'><em>et</em></span> <span class='ocrx_word' id='word_1_703' title='bbox 2706 4467 2813 4506; x_wconf 89' lang='lat' dir='ltr'><em>nos</em></span> <span class='ocrx_word' id='word_1_704' title='bbox 2844 4450 3140 4506; x_wconf 87' lang='lat' dir='ltr'><em>credimus</em></span> <span class='ocrx_word' id='word_1_705' title='bbox 3172 4451 3353 4520; x_wconf 79' lang='lat' dir='ltr'><em>(Joan.</em></span> <span class='ocrx_word' id='word_1_706' title='bbox 3391 4467 3465 4517; x_wconf 73' lang='lat' dir='ltr'><em>vn,</em></span> <span class='ocrx_word' id='word_1_707' title='bbox 3493 4448 3573 4513; x_wconf 81' lang='lat'><em>69,</em></span> <span class='ocrx_word' id='word_1_708' title='bbox 3602 4444 3687 4507; x_wconf 71' lang='lat' dir='ltr'><em>70i-</em></span> <span class='ocrx_word' id='word_1_709' title='bbox 3709 4462 3724 4483; x_wconf 77' lang='lat'><strong>&quot;</strong></span> 
     </span>
    </p>
   </div>
   <div class='ocr_carea' id='block_1_93' title="bbox 383 4530 3722 4652">
    <p class='ocr_par' dir='ltr' id='par_1_93' title="bbox 383 4530 3722 4652">
     <span class='ocr_line' id='line_1_93' title="bbox 383 4530 3722 4652; baseline -0.003 -41"><span class='ocrx_word' id='word_1_710' title='bbox 383 4530 642 4611; x_wconf 70' lang='lat' dir='ltr'><em>avertere</em></span> <span class='ocrx_word' id='word_1_711' title='bbox 672 4530 745 4610; x_wconf 86' lang='lat' dir='ltr'><em>ab</em></span> <span class='ocrx_word' id='word_1_712' title='bbox 772 4572 838 4610; x_wconf 90' lang='lat' dir='ltr'><em>eo</em></span> <span class='ocrx_word' id='word_1_713' title='bbox 880 4530 1104 4609; x_wconf 40' lang='lat' dir='ltr'><em>vui-tum</em></span> <span class='ocrx_word' id='word_1_714' title='bbox 1166 4553 1443 4609; x_wconf 88' lang='lat' dir='ltr'><em>solemus.</em></span> <span class='ocrx_word' id='word_1_715' title='bbox 1506 4552 1772 4624; x_wconf 85' lang='lat' dir='ltr'><em>Plerique</em></span> <span class='ocrx_word' id='word_1_716' title='bbox 1827 4530 2022 4611; x_wconf 81' lang='lat' dir='ltr'><em>autem</em></span> <span class='ocrx_word' id='word_1_717' title='bbox 2054 4572 2101 4636; x_wconf 78' lang='lat' dir='ltr'>D</span> <span class='ocrx_word' id='word_1_718' title='bbox 2144 4632 2167 4652; x_wconf 55' lang='lat'>.</span> <span class='ocrx_word' id='word_1_719' title='bbox 2203 4559 2291 4611; x_wconf 89' lang='lat'><em>71.</em></span> <span class='ocrx_word' id='word_1_720' title='bbox 2327 4555 2512 4613; x_wconf 90' lang='lat' dir='ltr'><em>Simul</em></span> <span class='ocrx_word' id='word_1_721' title='bbox 2540 4555 2684 4611; x_wconf 91' lang='lat' dir='ltr'><em>illud</em></span> <span class='ocrx_word' id='word_1_722' title='bbox 2715 4556 3235 4621; x_wconf 87' lang='lat' dir='ltr'><em>considerandum,</em></span> <span class='ocrx_word' id='word_1_723' title='bbox 3269 4555 3413 4627; x_wconf 87' lang='lat' dir='ltr'><em>quia</em></span> <span class='ocrx_word' id='word_1_724' title='bbox 3442 4569 3551 4609; x_wconf 90' lang='lat' dir='ltr'><em>non</em></span> <span class='ocrx_word' id='word_1_725' title='bbox 3577 4530 3722 4604; x_wconf 75' lang='lat' dir='ltr'><em>auter-</em></span> 
     </span>
    </p>
   </div>
   <div class='ocr_carea' id='block_1_94' title="bbox 451 4731 2021 4807">
    <p class='ocr_par' dir='ltr' id='par_1_94' title="bbox 451 4731 2021 4807">
     <span class='ocr_line' id='line_1_94' title="bbox 451 4731 2021 4807; baseline 0.003 -19"><span class='ocrx_word' id='word_1_726' title='bbox 451 4734 560 4805; x_wconf 64' lang='grc' dir='ltr'>(αοῖΟ)</span> <span class='ocrx_word' id='word_1_727' title='bbox 591 4733 739 4789; x_wconf 88' lang='lat' dir='ltr'><em>Edit.</em></span> <span class='ocrx_word' id='word_1_728' title='bbox 776 4733 964 4801; x_wconf 51' lang='grc' dir='ltr'><em>Ποῖα,</em></span> <span class='ocrx_word' id='word_1_729' title='bbox 998 4732 1230 4801; x_wconf 80' lang='lat' dir='ltr'><em>Con/ide,</em></span> <span class='ocrx_word' id='word_1_730' title='bbox 1264 4731 1372 4800; x_wconf 87' lang='lat' dir='ltr'><em>ﬁlii</em></span> <span class='ocrx_word' id='word_1_731' title='bbox 1397 4733 1752 4787; x_wconf 80' lang='lat' dir='ltr'><em>remittuntur</em></span> <span class='ocrx_word' id='word_1_732' title='bbox 1770 4735 1874 4789; x_wconf 87' lang='lat' dir='ltr'><em>tibi</em></span> <span class='ocrx_word' id='word_1_733' title='bbox 1897 4751 2021 4807; x_wconf 83' lang='lat' dir='ltr'><em>pec-</em></span> 
     </span>
    </p>
   </div>
   <div class='ocr_carea' id='block_1_95' title="bbox 376 4807 645 4861">
    <p class='ocr_par' dir='ltr' id='par_1_95' title="bbox 376 4807 645 4861">
     <span class='ocr_line' id='line_1_95' title="bbox 376 4807 645 4861; baseline -0.004 0"><span class='ocrx_word' id='word_1_734' title='bbox 376 4813 499 4861; x_wconf 86' lang='lat' dir='ltr'><em>cata</em></span> <span class='ocrx_word' id='word_1_735' title='bbox 528 4807 645 4860; x_wconf 85' lang='lat' dir='ltr'><em>tua.</em></span> 
     </span>
    </p>
   </div>
   <div class='ocr_carea' id='block_1_96' title="bbox 448 4872 2022 4950">
    <p class='ocr_par' dir='ltr' id='par_1_96' title="bbox 448 4872 2022 4950">
     <span class='ocr_line' id='line_1_96' title="bbox 448 4872 2022 4950; baseline 0 -19"><span class='ocrx_word' id='word_1_736' title='bbox 448 4876 560 4950; x_wconf 79' lang='grc'>(41)</span> <span class='ocrx_word' id='word_1_737' title='bbox 581 4881 678 4950; x_wconf 63' lang='lat' dir='ltr'><em>ita</em></span> <span class='ocrx_word' id='word_1_738' title='bbox 709 4880 822 4932; x_wconf 90' lang='lat' dir='ltr'><em>vet.</em></span> <span class='ocrx_word' id='word_1_739' title='bbox 858 4875 995 4931; x_wconf 73' lang='lat' dir='ltr'><em>edit.</em></span> <span class='ocrx_word' id='word_1_740' title='bbox 1021 4878 1079 4950; x_wconf 78' lang='lat' dir='ltr'><em>ct</em></span> <span class='ocrx_word' id='word_1_741' title='bbox 1105 4872 1511 4950; x_wconf 75' lang='lat' dir='ltr'><em>antiquissimi</em></span> <span class='ocrx_word' id='word_1_742' title='bbox 1538 4890 1703 4950; x_wconf 65' lang='lat' dir='ltr'><em>mss,</em></span> <span class='ocrx_word' id='word_1_743' title='bbox 1730 4875 1896 4950; x_wconf 83' lang='lat' dir='ltr'><em>Rom.</em></span> <span class='ocrx_word' id='word_1_744' title='bbox 1921 4893 2022 4931; x_wconf 89' lang='lat' dir='ltr'><em>au-</em></span> 
     </span>
    </p>
   </div>
   <div class='ocr_carea' id='block_1_97' title="bbox 374 4943 2019 5005">
    <p class='ocr_par' dir='ltr' id='par_1_97' title="bbox 374 4943 2019 5005">
     <span class='ocr_line' id='line_1_97' title="bbox 374 4943 2019 5005; baseline -0.002 0"><span class='ocrx_word' id='word_1_745' title='bbox 374 4943 494 5005; x_wconf 85' lang='lat' dir='ltr'><em>tem</em></span> <span class='ocrx_word' id='word_1_746' title='bbox 527 4943 666 5004; x_wconf 83' lang='lat' dir='ltr'><em>edit.</em></span> <span class='ocrx_word' id='word_1_747' title='bbox 701 4966 831 5004; x_wconf 83' lang='lat' dir='ltr'><em>cum</em></span> <span class='ocrx_word' id='word_1_748' title='bbox 868 4943 1288 5003; x_wconf 80' lang='lat' dir='ltr'><em>recentioribus</em></span> <span class='ocrx_word' id='word_1_749' title='bbox 1322 4960 1463 4998; x_wconf 88' lang='lat' dir='ltr'><em>mss.</em></span> <span class='ocrx_word' id='word_1_750' title='bbox 1497 4943 1671 4999; x_wconf 86' lang='lat' dir='ltr'><em>habet</em></span> <span class='ocrx_word' id='word_1_751' title='bbox 1704 4962 1716 4998; x_wconf 87' lang='lat'><strong>:</strong></span> <span class='ocrx_word' id='word_1_752' title='bbox 1754 4949 2019 5003; x_wconf 82' lang='lat' dir='ltr'><em>interiora</em></span> 
     </span>
    </p>
   </div>
   <div class='ocr_carea' id='block_1_98' title="bbox 372 5018 2015 5081">
    <p class='ocr_par' dir='ltr' id='par_1_98' title="bbox 372 5018 2015 5081">
     <span class='ocr_line' id='line_1_98' title="bbox 372 5018 2015 5081; baseline -0.001 -7"><span class='ocrx_word' id='word_1_753' title='bbox 372 5024 501 5075; x_wconf 79' lang='lat' dir='ltr'><em>sunt</em></span> <span class='ocrx_word' id='word_1_754' title='bbox 530 5023 732 5076; x_wconf 66' lang='lat' dir='ltr'><em>anima:</em></span> <span class='ocrx_word' id='word_1_755' title='bbox 759 5038 781 5081; x_wconf 81' lang='lat'><strong><em>;</em></strong></span> <span class='ocrx_word' id='word_1_756' title='bbox 811 5021 950 5074; x_wconf 78' lang='lat' dir='ltr'><em>sicut</em></span> <span class='ocrx_word' id='word_1_757' title='bbox 978 5020 1126 5074; x_wconf 83' lang='lat' dir='ltr'><em>enim</em></span> <span class='ocrx_word' id='word_1_758' title='bbox 1156 5018 1359 5071; x_wconf 80' lang='lat' dir='ltr'><em>viscera</em></span> <span class='ocrx_word' id='word_1_759' title='bbox 1388 5023 1516 5069; x_wconf 88' lang='lat' dir='ltr'><em>sunt</em></span> <span class='ocrx_word' id='word_1_760' title='bbox 1573 5018 1838 5072; x_wconf 80' lang='lat' dir='ltr'><em>interiora</em></span> <span class='ocrx_word' id='word_1_761' title='bbox 1894 5036 2015 5074; x_wconf 86' lang='lat' dir='ltr'><em>cor-</em></span> 
     </span>
    </p>
   </div>
   <div class='ocr_carea' id='block_1_99' title="bbox 366 5086 2012 5163">
    <p class='ocr_par' dir='ltr' id='par_1_99' title="bbox 366 5086 2012 5163">
     <span class='ocr_line' id='line_1_99' title="bbox 366 5086 2012 5163; baseline 0 -17"><span class='ocrx_word' id='word_1_762' title='bbox 366 5094 541 5163; x_wconf 84' lang='lat' dir='ltr'><em>poris,</em></span> <span class='ocrx_word' id='word_1_763' title='bbox 572 5093 669 5158; x_wconf 85' lang='lat' dir='ltr'><em>ita,</em></span> <span class='ocrx_word' id='word_1_764' title='bbox 703 5100 809 5147; x_wconf 84' lang='lat' dir='ltr'><em>etc.</em></span> <span class='ocrx_word' id='word_1_765' title='bbox 843 5091 951 5145; x_wconf 87' lang='lat' dir='ltr'><em>Sed</em></span> <span class='ocrx_word' id='word_1_766' title='bbox 981 5106 1113 5144; x_wconf 88' lang='lat' dir='ltr'><em>cum</em></span> <span class='ocrx_word' id='word_1_767' title='bbox 1148 5089 1367 5163; x_wconf 75' lang='lat' dir='ltr'><em>priores</em></span> <span class='ocrx_word' id='word_1_768' title='bbox 1404 5086 1747 5163; x_wconf 73' lang='lat' dir='ltr'><em>legitimum</em></span> <span class='ocrx_word' id='word_1_769' title='bbox 1776 5106 2012 5163; x_wconf 78' lang='lat' dir='ltr'><em>sensum</em></span> 
     </span>
    </p>
   </div>
   <div class='ocr_carea' id='block_1_100' title="bbox 370 5159 2014 5231">
    <p class='ocr_par' dir='ltr' id='par_1_100' title="bbox 370 5159 2014 5231">
     <span class='ocr_line' id='line_1_100' title="bbox 370 5159 2014 5231; baseline -0.001 -14"><span class='ocrx_word' id='word_1_770' title='bbox 370 5159 647 5231; x_wconf 70' lang='lat' dir='ltr'><em>efficiant,</em></span> <span class='ocrx_word' id='word_1_771' title='bbox 686 5162 1073 5231; x_wconf 86' lang='lat' dir='ltr'><em>posteriorum</em></span> <span class='ocrx_word' id='word_1_772' title='bbox 1105 5159 1418 5231; x_wconf 80' lang='lat' dir='ltr'><em>scriptores</em></span> <span class='ocrx_word' id='word_1_773' title='bbox 1451 5159 1673 5213; x_wconf 78' lang='lat' dir='ltr'><em>calamo</em></span> <span class='ocrx_word' id='word_1_774' title='bbox 1734 5159 2014 5217; x_wconf 85' lang='lat' dir='ltr'><em>indulsis-</em></span> 
     </span>
    </p>
   </div>
   <div class='ocr_carea' id='block_1_101' title="bbox 372 5230 855 5289">
    <p class='ocr_par' dir='ltr' id='par_1_101' title="bbox 372 5230 855 5289">
     <span class='ocr_line' id='line_1_101' title="bbox 372 5230 855 5289; baseline -0.004 -1"><span class='ocrx_word' id='word_1_775' title='bbox 372 5230 435 5289; x_wconf 81' lang='lat' dir='ltr'><em>se</em></span> <span class='ocrx_word' id='word_1_776' title='bbox 466 5230 738 5289; x_wconf 87' lang='lat' dir='ltr'><em>credibile</em></span> <span class='ocrx_word' id='word_1_777' title='bbox 768 5238 855 5289; x_wconf 72' lang='lat' dir='ltr'><em>est</em></span> 
     </span>
    </p>
   </div>
   <div class='ocr_carea' id='block_1_102' title="bbox 442 5303 2009 5385">
    <p class='ocr_par' dir='ltr' id='par_1_102' title="bbox 442 5303 2009 5385">
     <span class='ocr_line' id='line_1_102' title="bbox 442 5303 2009 5385; baseline -0.002 -27"><span class='ocrx_word' id='word_1_778' title='bbox 442 5306 555 5385; x_wconf 64' lang='lat'><em>(4?)</em></span> <span class='ocrx_word' id='word_1_779' title='bbox 588 5306 725 5385; x_wconf 76' lang='lat' dir='ltr'><em>Mss.</em></span> <span class='ocrx_word' id='word_1_780' title='bbox 761 5305 1246 5385; x_wconf 34' lang='lat' dir='ltr'><em>aliquot,‘/‘nt:&#39;1‘ra3</em></span> <span class='ocrx_word' id='word_1_781' title='bbox 1282 5303 1474 5370; x_wconf 72' lang='lat' dir='ltr'><em>gratia:</em></span> <span class='ocrx_word' id='word_1_782' title='bbox 1532 5305 1832 5381; x_wconf 77' lang='lat' dir='ltr'><em>rennratio.</em></span> <span class='ocrx_word' id='word_1_783' title='bbox 1865 5304 2009 5385; x_wconf 49' lang='lat' dir='ltr'><em>Rpr-</em></span> 
     </span>
    </p>
   </div>
   <div class='ocr_carea' id='block_1_103' title="bbox 372 5374 2010 5447">
    <p class='ocr_par' dir='ltr' id='par_1_103' title="bbox 372 5374 2010 5447">
     <span class='ocr_line' id='line_1_103' title="bbox 372 5374 2010 5447; baseline 0.001 -20"><span class='ocrx_word' id='word_1_784' title='bbox 372 5391 475 5429; x_wconf 87' lang='lat' dir='ltr'><em>sus</em></span> <span class='ocrx_word' id='word_1_785' title='bbox 506 5375 614 5431; x_wconf 88' lang='lat' dir='ltr'><em>hoc</em></span> <span class='ocrx_word' id='word_1_786' title='bbox 648 5376 773 5447; x_wconf 87' lang='lat' dir='ltr'><em>ipso</em></span> <span class='ocrx_word' id='word_1_787' title='bbox 803 5376 925 5429; x_wconf 87' lang='lat' dir='ltr'><em>loco</em></span> <span class='ocrx_word' id='word_1_788' title='bbox 957 5374 1097 5447; x_wconf 72' lang='lat' dir='ltr'><em>odit.</em></span> <span class='ocrx_word' id='word_1_789' title='bbox 1130 5374 1420 5447; x_wconf 74' lang='lat' dir='ltr'><em>Era.__cum</em></span> <span class='ocrx_word' id='word_1_790' title='bbox 1455 5374 1852 5447; x_wconf 80' lang='lat' dir='ltr'><em>paucis_mss.,</em></span> <span class='ocrx_word' id='word_1_791' title='bbox 1890 5375 2010 5445; x_wconf 80' lang='lat' dir='ltr'><em>Spi-</em></span> 
     </span>
    </p>
   </div>
   <div class='ocr_carea' id='block_1_104' title="bbox 372 5442 2009 5517">
    <p class='ocr_par' dir='ltr' id='par_1_104' title="bbox 372 5442 2009 5517">
     <span class='ocr_line' id='line_1_104' title="bbox 372 5442 2009 5517; baseline 0.002 -21"><span class='ocrx_word' id='word_1_792' title='bbox 372 5442 894 5517; x_wconf 42' lang='lat' dir='ltr'><em>tthsuncli‘in/asio</em></span> <span class='ocrx_word' id='word_1_793' title='bbox 922 5446 1211 5517; x_wconf 70' lang='lat' dir='ltr'><em>postulari.</em></span> <span class='ocrx_word' id='word_1_794' title='bbox 1250 5442 1351 5496; x_wconf 77' lang='lat' dir='ltr'><em>Ubi</em></span> <span class='ocrx_word' id='word_1_795' title='bbox 1382 5447 1435 5494; x_wconf 82' lang='lat' dir='ltr'><em>et</em></span> <span class='ocrx_word' id='word_1_796' title='bbox 1460 5442 1706 5517; x_wconf 65' lang='lat' dir='ltr'><em>pannuli</em></span> <span class='ocrx_word' id='word_1_797' title='bbox 1742 5442 2009 5516; x_wconf 71' lang='lat' dir='ltr'><em>repetunt</em></span> 
     </span>
    </p>
   </div>
   <div class='ocr_carea' id='block_1_105' title="bbox 368 5514 2008 5579">
    <p class='ocr_par' dir='ltr' id='par_1_105' title="bbox 368 5514 2008 5579">
     <span class='ocr_line' id='line_1_105' title="bbox 368 5514 2008 5579; baseline 0.004 -15"><span class='ocrx_word' id='word_1_798' title='bbox 368 5514 613 5568; x_wconf 87' lang='lat' dir='ltr'><em>verbum</em></span> <span class='ocrx_word' id='word_1_799' title='bbox 642 5514 876 5571; x_wconf 81' lang='lat' dir='ltr'><em>videtur.</em></span> <span class='ocrx_word' id='word_1_800' title='bbox 923 5514 1086 5569; x_wconf 48' lang='lat' dir='ltr'><em>&#39;l‘ldit.</em></span> <span class='ocrx_word' id='word_1_801' title='bbox 1118 5530 1250 5569; x_wconf 88' lang='lat' dir='ltr'><em>vero</em></span> <span class='ocrx_word' id='word_1_802' title='bbox 1308 5517 1460 5576; x_wconf 82' lang='lat' dir='ltr'><em>Am.,</em></span> <span class='ocrx_word' id='word_1_803' title='bbox 1502 5514 1655 5579; x_wconf 56' lang='grc' dir='ltr'><em>δίη,</em></span> <span class='ocrx_word' id='word_1_804' title='bbox 1718 5514 1880 5570; x_wconf 78' lang='lat' dir='ltr'><em>Rom.</em></span> <span class='ocrx_word' id='word_1_805' title='bbox 1944 5535 2008 5572; x_wconf 88' lang='lat' dir='ltr'><em>ac</em></span> 
     </span>
    </p>
   </div>
   <div class='ocr_carea' id='block_1_106' title="bbox 374 5584 2004 5649">
    <p class='ocr_par' dir='ltr' id='par_1_106' title="bbox 374 5584 2004 5649">
     <span class='ocr_line' id='line_1_106' title="bbox 374 5584 2004 5649; baseline 0.004 -14"><span class='ocrx_word' id='word_1_806' title='bbox 374 5584 561 5649; x_wconf 83' lang='lat' dir='ltr'><em>major</em></span> <span class='ocrx_word' id='word_1_807' title='bbox 591 5599 731 5638; x_wconf 89' lang='lat' dir='ltr'><em>mss.</em></span> <span class='ocrx_word' id='word_1_808' title='bbox 766 5602 1045 5641; x_wconf 90' lang='lat' dir='ltr'><em>numerus</em></span> <span class='ocrx_word' id='word_1_809' title='bbox 1076 5602 1210 5639; x_wconf 89' lang='lat' dir='ltr'><em>cum</em></span> <span class='ocrx_word' id='word_1_810' title='bbox 1243 5592 1442 5638; x_wconf 87' lang='lat' dir='ltr'><em>nostra</em></span> <span class='ocrx_word' id='word_1_811' title='bbox 1474 5584 1716 5641; x_wconf 87' lang='lat' dir='ltr'><em>lectione</em></span> <span class='ocrx_word' id='word_1_812' title='bbox 1766 5589 2004 5643; x_wconf 82' lang='lat' dir='ltr'><em>faciunt.</em></span> 
     </span>
    </p>
   </div>
   <div class='ocr_carea' id='block_1_107' title="bbox 372 5650 2007 5732">
    <p class='ocr_par' dir='ltr' id='par_1_107' title="bbox 372 5650 2007 5732">
     <span class='ocr_line' id='line_1_107' title="bbox 372 5650 2007 5732; baseline 0.007 -29"><span class='ocrx_word' id='word_1_813' title='bbox 372 5650 705 5732; x_wconf 53' lang='lat' dir='ltr'><em>Nptandum</em></span> <span class='ocrx_word' id='word_1_814' title='bbox 732 5672 904 5724; x_wconf 86' lang='lat' dir='ltr'><em>porro</em></span> <span class='ocrx_word' id='word_1_815' title='bbox 936 5671 1133 5710; x_wconf 86' lang='lat' dir='ltr'><em>vocem</em></span> <span class='ocrx_word' id='word_1_816' title='bbox 1158 5657 1435 5726; x_wconf 87' lang='lat' dir='ltr'><em>quoniam,</em></span> <span class='ocrx_word' id='word_1_817' title='bbox 1470 5656 1528 5709; x_wconf 89' lang='lat' dir='ltr'><em>in</em></span> <span class='ocrx_word' id='word_1_818' title='bbox 1586 5656 1694 5711; x_wconf 86' lang='lat' dir='ltr'><em>hac</em></span> <span class='ocrx_word' id='word_1_819' title='bbox 1750 5659 2007 5715; x_wconf 89' lang='lat' dir='ltr'><em>oratione</em></span> 
     </span>
    </p>
   </div>
   <div class='ocr_carea' id='block_1_108' title="bbox 2132 4725 3720 4805">
    <p class='ocr_par' dir='ltr' id='par_1_108' title="bbox 2132 4725 3720 4805">
     <span class='ocr_line' id='line_1_108' title="bbox 2132 4725 3720 4805; baseline -0.006 -18"><span class='ocrx_word' id='word_1_820' title='bbox 2132 4738 2198 4788; x_wconf 87' lang='lat' dir='ltr'><em>ut</em></span> <span class='ocrx_word' id='word_1_821' title='bbox 2228 4730 2365 4805; x_wconf 80' lang='lat' dir='ltr'><em>alibi</em></span> <span class='ocrx_word' id='word_1_822' title='bbox 2399 4749 2548 4805; x_wconf 81' lang='lat' dir='ltr'><em>saepe</em></span> <span class='ocrx_word' id='word_1_823' title='bbox 2578 4732 2733 4805; x_wconf 91' lang='lat' dir='ltr'><em>apud</em></span> <span class='ocrx_word' id='word_1_824' title='bbox 2765 4733 2920 4787; x_wconf 89' lang='lat' dir='ltr'><em>hunc</em></span> <span class='ocrx_word' id='word_1_825' title='bbox 2953 4728 3373 4805; x_wconf 76' lang='lat' dir='ltr'><em>Patremsumi</em></span> <span class='ocrx_word' id='word_1_826' title='bbox 3404 4743 3506 4805; x_wconf 85' lang='lat' dir='ltr'><em>pro</em></span> <span class='ocrx_word' id='word_1_827' title='bbox 3542 4725 3720 4805; x_wconf 45' lang='lat' dir='ltr'><em>Graeca-</em></span> 
     </span>
    </p>
   </div>
   <div class='ocr_carea' id='block_1_109' title="bbox 2130 4792 3719 4878">
    <p class='ocr_par' dir='ltr' id='par_1_109' title="bbox 2130 4792 3719 4878">
     <span class='ocr_line' id='line_1_109' title="bbox 2130 4792 3719 4878; baseline -0.004 -20"><span class='ocrx_word' id='word_1_828' title='bbox 2130 4802 2367 4873; x_wconf 69' lang='grc' dir='ltr'><em>ιιυιηδτι,</em></span> <span class='ocrx_word' id='word_1_829' title='bbox 2397 4792 2671 4878; x_wconf 68' lang='lat' dir='ltr'><em>idemqtie</em></span> <span class='ocrx_word' id='word_1_830' title='bbox 2702 4804 3031 4878; x_wconf 79' lang='lat' dir='ltr'><em>significare</em></span> <span class='ocrx_word' id='word_1_831' title='bbox 3059 4819 3124 4857; x_wconf 90' lang='lat' dir='ltr'><em>ac</em></span> <span class='ocrx_word' id='word_1_832' title='bbox 3156 4801 3205 4857; x_wconf 91' lang='lat' dir='ltr'><em>si</em></span> <span class='ocrx_word' id='word_1_833' title='bbox 3227 4792 3612 4878; x_wconf 60' lang='lat' dir='ltr'><em>scribéretur;</em></span> 
     </span>
    </p>
   </div>
   <div class='ocr_carea' id='block_1_110' title="bbox 2128 4875 3717 4944">
    <p class='ocr_par' dir='ltr' id='par_1_110' title="bbox 2128 4875 3717 4944">
     <span class='ocr_line' id='line_1_110' title="bbox 2128 4875 3717 4944; baseline -0.004 -15"><span class='ocrx_word' id='word_1_834' title='bbox 2128 4877 2290 4929; x_wconf 75' lang='lat' dir='ltr'><em>detur</em></span> <span class='ocrx_word' id='word_1_835' title='bbox 2318 4877 2472 4931; x_wconf 80' lang='lat' dir='ltr'><em>lectio</em></span> <span class='ocrx_word' id='word_1_836' title='bbox 2502 4875 2566 4929; x_wconf 85' lang='lat' dir='ltr'><em>de</em></span> <span class='ocrx_word' id='word_1_837' title='bbox 2598 4875 2878 4944; x_wconf 78' lang='lat' dir='ltr'><em>mysteriis</em></span> <span class='ocrx_word' id='word_1_838' title='bbox 2931 4876 3175 4931; x_wconf 83' lang='lat' dir='ltr'><em>dicere...</em></span> <span class='ocrx_word' id='word_1_839' title='bbox 3219 4875 3411 4944; x_wconf 82' lang='lat' dir='ltr'><em>gratia</em></span> <span class='ocrx_word' id='word_1_840' title='bbox 3465 4875 3717 4937; x_wconf 61' lang='lat' dir='ltr'><em>expriman-</em></span> 
     </span>
    </p>
   </div>
   <div class='ocr_carea' id='block_1_111' title="bbox 2128 4947 2653 5017">
    <p class='ocr_par' dir='ltr' id='par_1_111' title="bbox 2128 4947 2653 5017">
     <span class='ocr_line' id='line_1_111' title="bbox 2128 4947 2653 5017; baseline -0.004 -15"><span class='ocrx_word' id='word_1_841' title='bbox 2128 4949 2333 5017; x_wconf 72' lang='lat' dir='ltr'><em>in/‘usio</em></span> <span class='ocrx_word' id='word_1_842' title='bbox 2363 4947 2653 5017; x_wconf 72' lang='lat' dir='ltr'><em>postulari.</em></span> 
     </span>
    </p>
   </div>
   <div class='ocr_carea' id='block_1_112' title="bbox 2198 5003 3720 5089">
    <p class='ocr_par' dir='ltr' id='par_1_112' title="bbox 2198 5003 3720 5089">
     <span class='ocr_line' id='line_1_112' title="bbox 2198 5003 3720 5089; baseline -0.01 -15"><span class='ocrx_word' id='word_1_843' title='bbox 2198 5020 2307 5089; x_wconf 59' lang='lat'><em>(’43)</em></span> <span class='ocrx_word' id='word_1_844' title='bbox 2338 5003 2476 5071; x_wconf 73' lang='lat' dir='ltr'><em>Mss.</em></span> <span class='ocrx_word' id='word_1_845' title='bbox 2512 5016 2753 5088; x_wconf 78' lang='lat' dir='ltr'><em>aliquot,</em></span> <span class='ocrx_word' id='word_1_846' title='bbox 2784 5017 3073 5072; x_wconf 81' lang='lat' dir='ltr'><em>emendare</em></span> <span class='ocrx_word' id='word_1_847' title='bbox 3101 5019 3565 5071; x_wconf 71' lang='lat' dir='ltr'><em>aonsuevemnt...</em></span> <span class='ocrx_word' id='word_1_848' title='bbox 3610 5003 3720 5076; x_wconf 79' lang='lat' dir='ltr'><em>agel-</em></span> 
     </span>
    </p>
   </div>
   <div class='ocr_carea' id='block_1_113' title="bbox 2127 5089 2498 5157">
    <p class='ocr_par' dir='ltr' id='par_1_113' title="bbox 2127 5089 2498 5157">
     <span class='ocr_line' id='line_1_113' title="bbox 2127 5089 2498 5157; baseline -0.008 -11"><span class='ocrx_word' id='word_1_849' title='bbox 2127 5092 2204 5146; x_wconf 84' lang='lat' dir='ltr'><em>los</em></span> <span class='ocrx_word' id='word_1_850' title='bbox 2236 5089 2498 5157; x_wconf 72' lang='lat' dir='ltr'><em>religare.</em></span> 
     </span>
    </p>
   </div>
   <div class='ocr_carea' id='block_1_114' title="bbox 2195 5145 3801 5231">
    <p class='ocr_par' dir='ltr' id='par_1_114' title="bbox 2195 5145 3801 5231">
     <span class='ocr_line' id='line_1_114' title="bbox 2195 5145 3801 5231; baseline 0.001 -16"><span class='ocrx_word' id='word_1_851' title='bbox 2195 5161 2245 5231; x_wconf 68' lang='grc'>(4</span> <span class='ocrx_word' id='word_1_852' title='bbox 2262 5161 2307 5231; x_wconf 75' lang='grc'>4)</span> <span class='ocrx_word' id='word_1_853' title='bbox 2342 5145 2479 5214; x_wconf 64' lang='lat' dir='ltr'><em>Mss.</em></span> <span class='ocrx_word' id='word_1_854' title='bbox 2510 5162 2759 5229; x_wconf 80' lang='lat' dir='ltr'><em>quatuor</em></span> <span class='ocrx_word' id='word_1_855' title='bbox 2788 5158 3045 5214; x_wconf 88' lang='lat' dir='ltr'><em>melioris</em></span> <span class='ocrx_word' id='word_1_856' title='bbox 3077 5162 3241 5213; x_wconf 59' lang='lat' dir='ltr'><em>nota}.</em></span> <span class='ocrx_word' id='word_1_857' title='bbox 3274 5157 3428 5231; x_wconf 79' lang='lat' dir='ltr'><em>Quia</em></span> <span class='ocrx_word' id='word_1_858' title='bbox 3458 5155 3549 5227; x_wconf 76' lang='lat' dir='ltr'><em>qui</em></span> <span class='ocrx_word' id='word_1_859' title='bbox 3590 5145 3717 5222; x_wconf 63' lang='lat' dir='ltr'><em>pmil‘</em></span> <span class='ocrx_word' id='word_1_860' title='bbox 3800 5146 3801 5171; x_wconf 20' lang='grc' dir='ltr'>Υ</span> 
     </span>
    </p>
   </div>
   <div class='ocr_carea' id='block_1_115' title="bbox 2121 5230 3399 5303">
    <p class='ocr_par' dir='ltr' id='par_1_115' title="bbox 2121 5230 3399 5303">
     <span class='ocr_line' id='line_1_115' title="bbox 2121 5230 3399 5303; baseline -0.006 -16"><span class='ocrx_word' id='word_1_861' title='bbox 2121 5230 2266 5287; x_wconf 76' lang='lat' dir='ltr'><em>citur</em></span> <span class='ocrx_word' id='word_1_862' title='bbox 2292 5230 2327 5286; x_wconf 81' lang='grc' dir='ltr'><em>α</em></span> <span class='ocrx_word' id='word_1_863' title='bbox 2354 5232 2497 5303; x_wconf 79' lang='lat' dir='ltr'><em>facie</em></span> <span class='ocrx_word' id='word_1_864' title='bbox 2525 5232 2731 5303; x_wconf 10' lang='lat' dir='ltr'><em>cjusiin</em></span> <span class='ocrx_word' id='word_1_865' title='bbox 2760 5231 2992 5286; x_wconf 83' lang='lat' dir='ltr'><em>tenebris</em></span> <span class='ocrx_word' id='word_1_866' title='bbox 3021 5230 3399 5303; x_wconf 76' lang='lat' dir='ltr'><em>constituitur.</em></span> 
     </span>
    </p>
   </div>
   <div class='ocr_carea' id='block_1_116' title="bbox 2195 5283 3716 5378">
    <p class='ocr_par' dir='ltr' id='par_1_116' title="bbox 2195 5283 3716 5378">
     <span class='ocr_line' id='line_1_116' title="bbox 2195 5283 3716 5378; baseline -0.005 -22"><span class='ocrx_word' id='word_1_867' title='bbox 2195 5283 2566 5378; x_wconf 56' lang='grc' dir='ltr'><em>(45)(Ϊυηρίεέ</em></span> <span class='ocrx_word' id='word_1_868' title='bbox 2598 5302 2837 5378; x_wconf 54' lang='grc' dir='ltr'><em>θάψω)</em></span> <span class='ocrx_word' id='word_1_869' title='bbox 2865 5318 3011 5378; x_wconf 75' lang='lat' dir='ltr'><em>mss.</em></span> <span class='ocrx_word' id='word_1_870' title='bbox 3058 5318 3172 5355; x_wconf 89' lang='lat' dir='ltr'><em>non</em></span> <span class='ocrx_word' id='word_1_871' title='bbox 3213 5298 3443 5378; x_wconf 64' lang='lat' dir='ltr'><em>pauci,</em></span> <span class='ocrx_word' id='word_1_872' title='bbox 3482 5283 3716 5378; x_wconf 37' lang='lat' dir='ltr'><em>Adaei}:</em></span> 
     </span>
    </p>
   </div>
   <div class='ocr_carea' id='block_1_117' title="bbox 2117 5359 3715 5445">
    <p class='ocr_par' dir='ltr' id='par_1_117' title="bbox 2117 5359 3715 5445">
     <span class='ocr_line' id='line_1_117' title="bbox 2117 5359 3715 5445; baseline -0.008 -18"><span class='ocrx_word' id='word_1_873' title='bbox 2117 5359 2376 5445; x_wconf 58' lang='lat' dir='ltr'><em>paradiso</em></span> <span class='ocrx_word' id='word_1_874' title='bbox 2397 5390 2494 5426; x_wconf 79' lang='lat' dir='ltr'><em>nec</em></span> <span class='ocrx_word' id='word_1_875' title='bbox 2520 5375 2814 5427; x_wconf 83' lang='lat' dir='ltr'><em>immerito.</em></span> <span class='ocrx_word' id='word_1_876' title='bbox 2832 5360 2954 5426; x_wconf 34' lang='lat' dir='ltr'><em>&#39;Alii</em></span> <span class='ocrx_word' id='word_1_877' title='bbox 2987 5378 3114 5427; x_wconf 91' lang='lat' dir='ltr'><em>octo</em></span> <span class='ocrx_word' id='word_1_878' title='bbox 3141 5359 3549 5445; x_wconf 64' lang='lat' dir='ltr'><em>vetustissimi,</em></span> <span class='ocrx_word' id='word_1_879' title='bbox 3577 5359 3715 5445; x_wconf 61' lang='lat' dir='ltr'><em>Adafﬂ</em></span> 
     </span>
    </p>
   </div>
   <div class='ocr_carea' id='block_1_118' title="bbox 2119 5437 3714 5514">
    <p class='ocr_par' dir='ltr' id='par_1_118' title="bbox 2119 5437 3714 5514">
     <span class='ocr_line' id='line_1_118' title="bbox 2119 5437 3714 5514; baseline -0.011 -15"><span class='ocrx_word' id='word_1_880' title='bbox 2119 5437 2242 5499; x_wconf 59' lang='lat' dir='ltr'><em>eum</em></span> <span class='ocrx_word' id='word_1_881' title='bbox 2290 5446 2357 5498; x_wconf 86' lang='lat' dir='ltr'><em>de</em></span> <span class='ocrx_word' id='word_1_882' title='bbox 2427 5445 2677 5514; x_wconf 78' lang='lat' dir='ltr'><em>paradiso</em></span> <span class='ocrx_word' id='word_1_883' title='bbox 2733 5446 2926 5507; x_wconf 63' lang='lat' dir='ltr'><em>exiret,</em></span> <span class='ocrx_word' id='word_1_884' title='bbox 2988 5459 3083 5498; x_wconf 86' lang='lat' dir='ltr'><em>nec</em></span> <span class='ocrx_word' id='word_1_885' title='bbox 3139 5444 3445 5514; x_wconf 66' lang='lat' dir='ltr'><em>immerito.</em></span> <span class='ocrx_word' id='word_1_886' title='bbox 3500 5437 3714 5514; x_wconf 75' lang='lat' dir='ltr'><em>Commo-</em></span> 
     </span>
    </p>
   </div>
   <div class='ocr_carea' id='block_1_119' title="bbox 2119 5511 3712 5587">
    <p class='ocr_par' dir='ltr' id='par_1_119' title="bbox 2119 5511 3712 5587">
     <span class='ocr_line' id='line_1_119' title="bbox 2119 5511 3712 5587; baseline -0.007 -16"><span class='ocrx_word' id='word_1_887' title='bbox 2119 5518 2229 5571; x_wconf 90' lang='lat' dir='ltr'><em>dus</em></span> <span class='ocrx_word' id='word_1_888' title='bbox 2262 5511 2495 5581; x_wconf 84' lang='lat' dir='ltr'><em>sensus,</em></span> <span class='ocrx_word' id='word_1_889' title='bbox 2526 5531 2658 5570; x_wconf 90' lang='lat' dir='ltr'><em>cum</em></span> <span class='ocrx_word' id='word_1_890' title='bbox 2692 5516 2747 5562; x_wconf 84' lang='grc' dir='ltr'><em>τὸ</em></span> <span class='ocrx_word' id='word_1_891' title='bbox 2778 5515 3040 5585; x_wconf 82' lang='lat' dir='ltr'><em>projectus</em></span> <span class='ocrx_word' id='word_1_892' title='bbox 3089 5519 3186 5587; x_wconf 79' lang='lat' dir='ltr'><em>est,</em></span> <span class='ocrx_word' id='word_1_893' title='bbox 3218 5526 3341 5587; x_wconf 84' lang='lat' dir='ltr'><em>non</em></span> <span class='ocrx_word' id='word_1_894' title='bbox 3376 5511 3465 5587; x_wconf 77' lang='lat' dir='ltr'><em>ad_</em></span> <span class='ocrx_word' id='word_1_895' title='bbox 3505 5512 3712 5587; x_wconf 48' lang='lat' dir='ltr'><em>vocem?</em></span> 
     </span>
    </p>
   </div>
   <div class='ocr_carea' id='block_1_120' title="bbox 2112 5581 3714 5659">
    <p class='ocr_par' dir='ltr' id='par_1_120' title="bbox 2112 5581 3714 5659">
     <span class='ocr_line' id='line_1_120' title="bbox 2112 5581 3714 5659; baseline -0.007 -18"><span class='ocrx_word' id='word_1_896' title='bbox 2112 5588 2391 5659; x_wconf 84' lang='lat' dir='ltr'><em>paradiso,</em></span> <span class='ocrx_word' id='word_1_897' title='bbox 2423 5587 2523 5643; x_wconf 89' lang='lat' dir='ltr'><em>sed</em></span> <span class='ocrx_word' id='word_1_898' title='bbox 2558 5587 2628 5642; x_wconf 89' lang='lat' dir='ltr'><em>ad</em></span> <span class='ocrx_word' id='word_1_899' title='bbox 2662 5581 2847 5652; x_wconf 86' lang='lat' dir='ltr'><em>voces,</em></span> <span class='ocrx_word' id='word_1_900' title='bbox 2869 5581 2911 5640; x_wconf 74' lang='grc' dir='ltr'><em>ἀ</em></span> <span class='ocrx_word' id='word_1_901' title='bbox 2941 5587 3081 5655; x_wconf 82' lang='lat' dir='ltr'><em>facie</em></span> <span class='ocrx_word' id='word_1_902' title='bbox 3103 5584 3349 5649; x_wconf 85' lang='lat' dir='ltr'><em>Domini,</em></span> <span class='ocrx_word' id='word_1_903' title='bbox 3374 5581 3565 5637; x_wconf 86' lang='lat' dir='ltr'><em>referri</em></span> <span class='ocrx_word' id='word_1_904' title='bbox 3592 5586 3714 5645; x_wconf 70' lang='lat' dir='ltr'><em>opor</em></span> 
     </span>
    </p>
   </div>
   <div class='ocr_carea' id='block_1_121' title="bbox 2118 5663 2255 5715">
    <p class='ocr_par' dir='ltr' id='par_1_121' title="bbox 2118 5663 2255 5715">
     <span class='ocr_line' id='line_1_121' title="bbox 2118 5663 2255 5715; baseline 0 -2"><span class='ocrx_word' id='word_1_905' title='bbox 2118 5663 2255 5715; x_wconf 88' lang='lat' dir='ltr'><em>teat.</em></span> 
     </span>
    </p>
   </div>
  </div>
