3894 6208
168 373 316 442 ’921

1316 352 1709 438 APOLOGIA
1736 360 2193 433 recraer
2235 364 2500 432 omn.

3483 350 3606 425 θη

200 513 305 567 tur
329 507 592 584 Spiritus
629 507 744 567 nisi
772 506 1001 567 Domini
1031 506 1323 565 voluntate
1353 507 1501 578 (36);
1536 506 1687 562 sicut
1738 521 1851 560 non
1884 504 1936 567 A
1966 508 2131 581 impii
2164 508 2235 564 ad
2264 510 2320 564 te
2349 508 2756 563 convertentur
2784 506 2954 580 (Psal.
2990 523 3041 571 L,
3072 504 3181 579 45).
3218 528 3246 556 ››
3279 502 3380 562 Ille
3410 502 3609 579 prisci-

202 599 381 654 datur
399 598 515 654 nisi
538 599 770 655 Domini
790 596 1087 655 voluntate
1117 614 1131 653 :
1158 596 1257 670 qui
1282 597 1484 668 utique
1506 612 1636 650 cum
1663 596 1856 663 datur,

199 703 323 743 non
356 689 532 759 quasi
566 693 803 743 coactus
835 692 1128 760 operatur,
1161 686 1261 742 sed
1294 702 1397 758 pro
1428 701 1536 740 sua
1562 683 1858 740 voluntate

200 776 510 844 dividitur,
566 768 1051 847 sicut'scriptum
1102 780 1209 841 est,
1260 775 1486 829 dicente
1542 772 1854 844 Apostolo:

209 885 230 914 ι
275 864 411 921 Haec
460 869 656 920 autem
705 864 905 920 omnia
954 866 1227 936 operatur
1273 879 1426 917 unus
1474 865 1650 933 atque
1703 861 1858 916 idem

200 953 486 1024 Spiritus,
524 952 791 1008 dividens
831 951 1081 1024 singulis
1110 955 1284 1023 prout
1319 951 1443 1005 vult
1497 953 1540 1021 (I
1586 950 1706 1005 Cor.
1754 966 1856 1017 xu,

202 1042 321 1111 11).
360 1063 388 1090 ››
420 1045 562 1096 Cum
594 1040 773 1113 igitur
801 1057 916 1095 non
951 1040 1251 1095 auferatur
1278 1039 1389 1094 nisi
1416 1038 1642 1094 Domini
1663 1037 1861 1094 volun-

196 1135 347 1195 tate,
380 1134 626 1201 apparet
655 1129 792 1200 quia
820 1146 938 1183 una
968 1126 1276 1183 Trinitatis
1307 1126 1577 1183 voluntas
1609 1131 1714 1183 est.

762 1234 796 1289 7
812 1234 921 1290 οθ
951 1232 1179 1290 CAPUT
1203 1234 1318 1289 XV.

201 1323 557 1379 Rationalem
578 1332 835 1377 naturam
881 1323 1095 1378 [Latitiae
1136 1322 1400 1376 salutaris
1418 1322 1591 1376 solum
1611 1336 1865 1390 capacem

281 1411 427 1456 esse;
460 1409 686 1465 eamque
709 1394 1011 1465 principali
1037 1395 1233 1464 spiritu
1281 1393 1632 1461 conﬁrmari;
1662 1394 1713 1446 et
1742 1393 1865 1462 quis

280 1468 383 1521 ille
409 1467 657 1536 spiritus.

277 1574 373 1626 72.
434 1593 463 1620 ‹‹
522 1571 716 1626 Redde
770 1569 912 1624 mihi
970 1569 1227 1625 laetitiam
1289 1568 1566 1624 salutaris
1624 1568 1749 1635 tui;
1811 1573 1867 1623 et

208 1659 431 1733 spiritu
462 1657 768 1731 principali
799 1658 1081 1713 confirma
1111 1673 1204 1712 me
1235 1658 1403 1729 (Psal.
1450 1675 1498 1727 L,
1548 1659 1658 1727 14).
1708 1677 1733 1706 n
1763 1656 1865 1711 Cui

206 1747 485 1814 debetur,
545 1751 602 1802 et
652 1746 950 1813 redditur;
1003 1746 1269 1802 redditur
1320 1745 1587 1801 rationali
1647 1750 1866 1800 naturae

209 1837 423 1892 laetitia
465 1834 742 1891 salutaris
773 1836 906 1907 (47).
967 1834 1191 1889 Laetitia
1237 1839 1428 1889 autem
1479 1838 1536 1887 et
1583 1832 1867 1906 gaudium

210 1926 452 1981 fructus
473 1927 561 1980 est
579 1923 1322 1996 Spiritus.Firmamentum
1345 1938 1578 1995 quoque
1602 1926 1869 1978 nostrum

213 2014 469 2086 spiritus
498 2012 840 2084 principalis
870 2016 973 2066 est.
1029 2011 1289 2083 Denique
1319 2012 1369 2065 is
1412 2012 1511 2082 qui
1563 2010 1867 2083 principali

215 2102 608 2159 conﬁrmatur
664 2100 893 2174 spiritu,
956 2118 1071 2156 non
1120 2106 1207 2156 est
1254 2101 1537 2156 obnoxius
1584 2100 1872 2166 servituti,

216 2192 415 2247 nescit
439 2191 652 2246 servire
686 2194 937 2261 peccato,
972 2189 1157 2245 nescit
1186 2189 1433 2253 ﬂuitare,
1468 2190 1655 2245 nescit
1683 2204 1875 2244 errare

216 2295 332 2335 nec
362 2280 556 2335 studio
585 2282 752 2333 nutat
781 2278 1040 2333 incertus
1069 2295 1082 2345 ;
1118 2276 1219 2333 sed
1265 2278 1533 2333 firmatus
1581 2279 1639 2332 in
1687 2282 1872 2350 petra,

219 2367 417 2425 solido
447 2366 742 2423 stabilitur
768 2365 1031 2437 vestigio.

293 2456 388 2511 73.
423 2456 607 2520 Quem
639 2458 915 2527 putamus
959 2454 1073 2509 dici
1123 2454 1392 2527 spiritum
1445 2454 1877 2527 principalem?

218 2542 501 2616 Plerique
544 2544 819 2615 spiritum
869 2547 1088 2599 rectum
1140 2544 1211 2599 ad
1258 2543 1571 2599 Dominum
1620 2544 1880 2600 referunt

222 2633 462 2697 Jesum,
492 2631 631 2703 quia
678 2636 981 2702 peccatum
1034 2631 1240 2686 mundi
1290 2631 1555 2700 abstulit,
1603 2635 1660 2686 et
1705 2649 1879 2688 omne

220 2719 539 2778 hominum
570 2734 757 2791 genus
787 2718 879 2774 sui
910 2718 1214 2791 sanguinis
1238 2719 1519 2775 effusione
1549 2720 1875 2786 renovavit;

226 2817 291 2866 et
320 2811 453 2864 ideo
479 2809 701 2863 dictum
728 2812 854 2863 est:
890 2828 918 2857 «
953 2807 1237 2878 Spiritum
1285 2813 1509 2864 rectum
1568 2809 1781 2865 innova
1821 2808 1881 2864 in

228 2897 561 2953 visceribus
591 2896 738 2951 meis
769 2917 797 2943 ››
825 2896 980 2968 (Ibid.
1018 2896 1106 2967 t2)
1142 2913 1153 2949 :
1187 2895 1471 2968 Spiritum
1502 2900 1694 2952 autem
1747 2914 1884 2951 san-

233 2987 424 3050 ctum,
457 2985 530 3039 de
561 3000 676 3056 quo
708 2982 846 3038 dicit
877 3000 888 3037 :
921 2999 955 3050 η
985 2983 1264 3055 Spiritum
1292 2987 1461 3039 tuum
1495 3001 1567 3039 ne
1595 2985 1825 3041 auferas
1851 3002 1885 3041 a

234 3090 336 3129 me
379 3073 536 3143 (Ibid.
589 3073 697 3143 19),
762 3093 789 3119 ››
848 3071 1132 3142 Spiritum
1187 3071 1525 3144 intelligunt
1574 3072 1881 3128 veritatis:

233 3165 514 3218 sanctum
561 3159 842 3233 Spiritum
899 3175 1032 3215 vero
1083 3159 1488 3232 principalem,
1549 3160 1734 3216 Deum
1785 3165 1887 3216 Pa-

1965 616 2119 673 puus
2149 602 2236 655 est
2263 598 2638 672 gubernator,
2663 598 2764 670 qui
2790 596 3097 671 scopuloso
3119 597 3177 652 in
3198 595 3392 652 littore
3413 593 3610 651 navim

1965 689 2288 761 gubernat:
2320 687 2414 742 ille
2442 688 2642 744 doctor
2671 688 2879 755 bonus,
2913 688 3015 759 qui
3053 686 3291 743 duriora
3335 684 3495 742 acuit
3521 684 3609 739 in-

1967 777 2133 850 genia
2163 778 2232 831 ad
2257 775 2606 832 eruditionis
2643 777 3005 849 profectum:
3042 775 3138 832 ille
3168 773 3415 831 bellator
3444 789 3615 846 egre-

1966 867 2122 937 gius,
2181 866 2300 920 dux
2350 864 2657 931 mirabilis,
2708 866 2806 936 qui
2854 865 3179 920 timidiores
3230 863 3494 919 accendit
3550 862 3611 917 in

1968 954 2255 1026 praelium,
2296 953 2726 1024 exploratisque
2775 954 3033 1009 locorum
3082 951 3354 1024 ingeniis,
3404 950 3610 1018 fulcit;

1968 1047 2033 1097 ut
2061 1041 2294 1097 inﬁrma
2340 1041 2551 1097 virium
2600 1042 2972 1097 commodata
3017 1034 3285 1096 stationis
3334 1042 3611 1112 opportu-

1894 1121 1899 1127 ’
1972 1131 2150 1185 nitate
2209 1133 2594 1201 compenset:
2655 1129 2750 1183 ille
2804 1128 3076 1183 similiter
3128 1144 3379 1198 magnus
3435 1126 3612 1182 etiam

1973 1220 2105 1274 fidei
2136 1218 2354 1275 zelator
2383 1218 2513 1290 (48),
2549 1218 2647 1289 qui
2677 1218 2909 1288 iniquos
2938 1218 3125 1272 docet.
3159 1216 3323 1272 Unde
3374 1214 3616 1287 pulchre

1972 1309 2088 1363 ait:
2129 1330 2150 1356 α
2186 1304 2413 1363 Docebo
2444 1306 2699 1377 iniquos.
2734 1327 2761 1355 ››
2784 1306 2909 1361 Non
2927 1304 3073 1360 dixit
3103 1324 3115 1360 :
3142 1305 3612 1373 Docebojustos;

1972 1401 2259 1452 noverunt
2286 1397 2442 1452 enim
2466 1396 2613 1467 justi
2646 1395 2771 1449 vias
2801 1394 3029 1449 Domini
3060 1412 3070 1448 :
3107 1395 3227 1459 sed,
3283 1417 3309 1444 ‹‹
3361 1394 3618 1465 iniquos,

1974 1485 2183 1556 inquit,
2218 1486 2455 1541 docebo.
2489 1506 2517 1535 »
2551 1485 2696 1540 101
2742 1482 2999 1554 Denique
3046 1486 3248 1539 auctor
3296 1481 3619 1555 prudentiae

1975 1579 2031 1630 et
2061 1574 2342 1645 magister
2370 1572 2633 1629 omnium
2666 1572 2844 1627 dicit:
2875 1594 2903 1621 «
2936 1572 3061 1626 Non
3100 1572 3232 1626 veni
3272 1573 3467 1642 justos
3514 1587 3617 1626 vo-

1974 1663 2260 1729 care,-sed
2291 1665 2621 1734 peccatores
2655 1661 2865 1733 (Matth.
2894 1678 2971 1728 ιιι,
3017 1661 3115 1731 l3).
3159 1681 3187 1712 »
3239 1661 3307 1715 Et
3356 1659 3621 1717 medicus

1975 1750 2071 1806 ille
2097 1751 2351 1807 caelestis
2384 1769 2396 1806 :
2431 1775 2458 1800 α
2492 1752 2617 1805 Non
2649 1766 2798 1822 opus
2825 1753 2913 1804 est
2942 1748 3126 1818 sanis,
3170 1748 3387 1821 inquit,
3434 1749 3622 1805 medi-

1977 1857 2101 1905 cus,
2135 1841 2235 1896 sed
2264 1838 2514 1895 infirmis
2546 1839 2708 1910 (Ibid.
2742 1838 2848 1909 42).
2885 1860 2913 1887 ››

2048 1932 2137 1984 76.
2166 1929 2295 1984 Sive
2326 1928 2530 2000 igtitur
2559 1944 2627 1983 ex
2658 1942 2906 1998 persona
2934 1925 3094 1981 illius
3115 1926 3214 1997 qui
3239 1929 3441 1995 gentes
3464 1942 3626 1981 voca-

1979 2018 2083 2085 vit,
2116 2018 2237 2073 sive
2277 2033 2345 2072 ex
2391 2033 2518 2081 sua,
2568 2016 2713 2072 bene
2762 2015 2991 2087 posuit:
3045 2038 3066 2064 α
3121 2015 3345 2070 Docebo
3389 2014 3626 2087 iniquos

1978 2106 2102 2161 vias
2125 2111 2315 2169 tuas,»
2335 2105 2472 2177 quia
2495 2107 2858 2160 commutare
2877 2103 3118 2159 vitiosos
3140 2102 3383 2158 aﬁ‘ectus
3411 2106 3620 2174 potest,

1985 2195 2466 2266 propositumque
2523 2196 2852 2249 convertere
2910 2192 3174 2247 doctrina
3235 2190 3507 2258 caelestis,
3573 2194 3630 2247 et

1956 2283 2241 2354 operatio
2273 2281 2468 2338 divina
2496 2281 2794 2353 sacrilegis
2832 2279 3163 2352 pectoribus
3205 2278 3401 2335 studia
3443 2279 3629 2352 pieta-

1984 2373 2059 2427 tis
2091 2371 2398 2426 infundere
2424 2388 2436 2438 ;
2472 2375 2540 2425 ut
2566 2369 2626 2424 hi
2657 2369 2756 2441 qui
2788 2368 2914 2425 sine
2943 2367 3069 2439 lege
3087 2368 3374 2438 vivebant,
3400 2384 3631 2424 conver-

1985 2464 2185 2515 tantur
2215 2460 2284 2514 ad
2324 2459 2632 2513 Dominum
2662 2455 2997 2528 verum,qui
3026 2460 3161 2512 ante
3191 2456 3628 2512 avertebantur:

1986 2548 2201 2619 regalis
2233 2562 2459 2619 quoque
2493 2543 2756 2617 exemplo
2783 2544 3158 2617 pcenitentiaa,
3192 2544 3253 2600 hi
3284 2543 3384 2616 qui
3414 2544 3628 2617 iniqui-

1987 2641 2137 2692 tates
2186 2639 2243 2690 et
2289 2636 2496 2691 acerba
2541 2638 2808 2690 exercent
2852 2632 3076 2705 ﬂagitia
3123 2632 3529 2704 corrigantur;
3578 2638 3635 2689 et

1990 2726 2103 2782 ﬁde
2132 2729 2306 2796 atque
2330 2741 2500 2797 Opere
2530 2721 2812 2789 conversi,
2852 2722 3128 2778 doctrinae
3178 2721 3502 2778 remedium
3534 2739 3633 2780 sa-

1990 2814 2199 2869 lutaris
2228 2814 2534 2883 accipiant,
2569 2811 2973 2884 ingrediantur
3004 2811 3229 2865 Domini
3252 2810 3398 2880 vias,
3419 2811 3479 2866 in
3503 2813 3633 2884 qui-

1989 2904 2103 2958 bus
2160 2901 2355 2958 nullos
2410 2901 2623 2957 erroris
2683 2899 3004 2967 anfractus,
3072 2898 3236 2954 nulla
3295 2899 3635 2957 diverticula

1994 2990 2303 3063 praecipitis
2336 2989 2723 3062 prolapsionis
2753 2989 3072 3044 offendant.
3103 2987 3266 3043 Sicut
3295 2988 3449 3043 enim
3474 2988 3635 3045 bona:

1991 3079 2120 3133 vita:
2152 3079 2467 3150 specimen.
2499 3083 2557 3133 et
2586 3078 2817 3132 virtutis
2847 3076 3144 3149 exemplar
3171 3077 3229 3131 in
3261 3076 3335 3132 iis
3379 3078 3520 3132 viris
3551 3081 3640 3133 est

1994 3167 2092 3238 qui
2123 3167 2409 3223 inoli‘ensa
2437 3166 2565 3220 vitae
2612 3182 2729 3222 suae
2768 3169 3032 3236 tempora
3078 3165 3507 3236 percurrerint:
3558 3166 3640 3221 ita

234 3256 389 3305 trem
421 3249 799 3315 arbitrantur.
825 3249 1009 3311 Quam
1042 3249 1338 3303 moraliter
1368 3255 1562 3303 autem
1589 3249 1705 3303 ait:
1740 3272 1767 3298 ‹‹
1802 3250 1883 3305 Ne
1914 3234 1958 3299 (ἶ
1996 3234 2117 3327 qui,
2151 3255 2434 3310 anteactis
2465 3254 2866 3309 renuntiantes
2894 3234 3151 3324 ilagitiis,
3182 3252 3269 3305 vel
3318 3251 3638 3307 increduli-

233 3339 514 3413 projieias
546 3352 638 3393 me
680 3354 713 3392 a
755 3336 899 3391 facie
944 3340 1048 3392 tua
1093 3336 1303 3409 (Ibid),
1358 3359 1385 3386 »
1431 3337 1676 3392 fideliter
1716 3338 1886 3394 timet

232 3426 454 3484 auferri
489 3426 601 3483 sibi
632 3442 810 3497 quam
860 3425 1083 3498 accepit
1110 3425 1359 3499 gratiam
1388 3442 1403 3493 ;
1452 3426 1699 3497 ideoque
1746 3425 1883 3481 alibi

231 3516 319 3572 ait
347 3530 361 3570 :
396 3536 425 3564 α
456 3513 619 3570 Oculi
650 3513 762 3568 mei
794 3529 1025 3586 semper
1054 3515 1124 3569 ad
1158 3515 1469 3569 Dominum
1515 3515 1682 3585 (Psat.
1730 3532 1881 3582 rxrv,

231 3605 350 3676 15).
394 3627 422 3654 ››
482 3605 551 3659 Et
605 3604 666 3657 in
722 3602 1181 3674 posterioribus:
1238 3625 1267 3652 α
1327 3603 1468 3658 Ecce
1523 3603 1677 3658 sicut
1732 3604 1884 3660 oculi

230 3706 539 3750 servorum
569 3691 630 3747 in
662 3693 937 3749 manibus
969 3691 1347 3747 dominorum
1368 3707 1635 3758 suorum,
1657 3696 1713 3749 et
1733 3693 1884 3749 sicut

229 3781 391 3839 oculi
423 3780 645 3837 ancillis
678 3781 735 3836 in
776 3779 1053 3837 manibus
1100 3779 1348 3839 dominae
1398 3796 1557 3836 suis:
1608 3780 1688 3836 ita
1732 3782 1884 3837 oculi

231 3870 422 3926 nostri
454 3870 528 3925 ad
550 3869 863 3924 Dominum
885 3869 1071 3924 Deum
1095 3873 1383 3935 nostrum,
1406 3869 1591 3924 donec
1615 3869 1886 3926 miserea-

229 3965 336 4015 tur
367 3958 534 4015 nobis
563 3959 732 4028 (Psal.
766 3975 937 4023 cxxu,
968 3948 1025 4029 2)
1062 3974 1108 4011 ι.
1141 3958 1304 4013 Certe
1354 3956 1448 4011 hic
1497 3961 1587 4011 est
1628 3958 1883 4029 Spiritus

231 4050 444 4104 doctor
470 4051 527 4101 et
556 4046 843 4119 princeps,
893 4046 993 4117 qui
1042 4051 1204 4118 regat
1251 4051 1532 4112 mentem,
1579 4047 1887 4103 confirmet

227 4138 532 4206 aﬂ‘ectum,
569 4152 684 4209 quo
713 4136 851 4192 velit
876 4134 1092 4201 trahat,
1125 4139 1181 4189 et
1212 4134 1270 4188 in
1301 4133 1662 4206 superiorem
1703 4135 1881 4189 vitam

228 4224 472 4296 dirigat.

302 4315 397 4369 74.
425 4318 572 4368 Sunt
602 4319 659 4368 et
688 4312 787 4384 qui
816 4311 1144 4383 acceperint
1175 4310 1447 4381 spiritum
1478 4310 1759 4378 hominis,
1785 4312 1884 4383 qui

225 4405 295 4461 in
330 4403 458 4475 ipso
483 4405 593 4461 est.
636 4402 766 4458 Ideo
798 4402 881 4457 ait
918 4399 1268 4472 Apostolus:
1298 4421 1325 4449 ‹‹
1377 4397 1517 4463 Quis
1565 4399 1722 4455 enim
1773 4400 1884 4457 scit

227 4492 568 4558 hominum,
602 4506 727 4562 qua:
758 4489 1018 4559 hominis
1047 4493 1207 4554 sunt,
1240 4487 1355 4543 nisi
1386 4486 1627 4560 spiritus
1672 4490 1770 4561 qui
1821 4491 1880 4546 in

225 4582 367 4655 ipso
397 4584 487 4639 est
513 4579 556 4652 (Ι
587 4579 707 4635 Cor.
741 4597 807 4649 ιι,
840 4580 947 4650 ti).
998 4600 1026 4627 ››
1079 4578 1197 4665 Qui?
1230 4580 1424 4648 potest
1470 4576 1617 4633 scire
1665 4580 1885 4649 omnia,
1918 4601 1963 4665 Β

222 4685 414 4741 quem
446 4669 704 4725 hominis
733 4667 930 4724 oculta
958 4683 1074 4722 non
1107 4664 1336 4734 fallunt,
1370 4669 1558 4736 potest
1588 4666 1647 4722 in
1688 4666 1885 4723 homi-

226 4773 306 4815 ne
340 4758 556 4814 habere
581 4757 995 4830 principatum.

860 4871 1095 4926 CAPUT
1126 4869 1268 4926 XVI.

222 4963 416 5021 Periti
472 4960 703 5017 doctoris
752 4976 865 5017 esse
922 4962 1138 5032 iniquos
1193 4960 1311 5015 vias
1366 4959 1589 5032 Domini
1644 4958 1882 5014 edocere.

306 5033 583 5103 Quomodo
653 5032 711 5088 id
766 5041 883 5089 tum
930 5031 1152 5097 Christi,
1200 5039 1316 5086 tum
1367 5031 1596 5103 Davidis
1637 5046 1885 5103 personae

300 5101 773 5172 accommodetur;
805 5103 1001 5176 quidve
1034 5104 1263 5159 liberari
1308 5117 1363 5157 se
1408 5101 1473 5157 de
1515 5101 1883 5171 sanguinibus

300 5179 423 5231 oret
450 5177 740 5248 PrOpheta.

298 5293 395 5346 75.
429 5290 744 5361 Sequitur:
805 5314 831 5339 ‹‹
887 5289 1114 5345 Docebo
1159 5288 1392 5360 iniquos
1439 5288 1562 5343 vias
1616 5290 1771 5354 tuas,
1830 5293 1887 5343 et

300 5470 419 5544 (46)
449 5468 941 5544 Desiderabantur
970 5468 1029 5523 in
1059 5468 1226 5544 edit.,
1256 5470 1395 5523 sicut
1432 5482 1542 5524 non
1584 5465 1749 5544 datur
1773 5468 1887 5544 nisi

217 5537 458 5600 Domini
488 5541 940 5611 voluntate;qusa
967 5540 1141 5595 verba
1168 5540 1227 5595 in
1260 5545 1520 5611 nostram
1551 5537 1880 5611 mss.Corb.

199 5629 420 5687 item,
455 5612 676 5687 Theod.
710 5610 967 5687 a‘cDion.
1004 5612 1312 5687 autoritate
1350 5610 1739 5687 restituimus.

298 5685 425 5754 (47)
458 5682 623 5737 Rom.
687 5681 849 5750 edit.,
911 5682 1011 5738 Cui
1066 5682 1312 5750 debetur,
1372 5682 1569 5737 ltetitia
1623 5681 1884 5736 salutaris

1995 3345 2131 3400 tatis
2170 3343 2487 3411 erroribus,
2537 3340 2975 3398 emendaverint
3013 3356 3250 3394 cursum
3298 3340 3638 3410 posterioris

1995 3431 2202 3499 aetatis,
2234 3432 2325 3488 his
2356 3432 2424 3486 ad
2468 3430 2822 3485 imitandum
2872 3427 3153 3499 propositi
3193 3433 3356 3494 sunt,
3400 3427 3499 3499 qui
3550 3425 3637 3481 vel

1994 3536 2167 3592 opere
2197 3519 2283 3576 vel
2313 3519 2661 3592 cogitatione
2688 3516 2985 3573 labuntur.

2062 3612 2151 3664 77.
2214 3609 2536 3681 Sequitur:
2595 3632 2623 3657 ‹‹
2680 3607 2888 3662 Libera
2946 3621 3038 3660 me
3099 3605 3170 3660 de
3223 3604 3636 3678 sanguinibus,

1996 3701 2166 3763 Deus,
2205 3703 2349 3752 Deus
2373 3696 2581 3752 salutis
2609 3711 2716 3750 mm
2747 3695 2920 3767 (Psal.
2955 3712 2994 3759 ι,
3032 3693 3141 3765 l9).
3178 3716 3205 3741 »
3256 3694 3324 3748 Et
3367 3694 3440 3749 ad
3493 3691 3638 3748 Uriaa

1996 3790 2240 3840 mortem
2274 3788 2462 3857 potest
2493 3783 2714 3849 referri,
2766 3782 2919 3854 quod
2970 3782 3256 3837 mandatae
3300 3781 3459 3837 necis
3511 3781 3641 3852 ejus

1995 3873 2286 3940 conscius,
2317 3874 2546 3928 veniam
2577 3872 2723 3926 tanti
2755 3875 2957 3942 poscat
2986 3870 3252 3935 admissi,
3286 3874 3342 3924 et
3372 3868 3640 3941 quamvis

1995 3976 2093 4017 rex
2122 3961 2354 4034 legibus
2402 3960 2728 4028 absolutus,
2776 3977 2896 4015 suis
2944 3963 3140 4015 tamen
3196 3973 3330 4012 reus
3378 3957 3457 4013 sit
3502 3973 3637 4012 con-

1993 4049 2286 4104 scientiae:
2320 4050 2534 4120 quibus
2581 4047 2829 4103 vinculis
2883 4063 2944 4100 se
2990 4045 3227 4100 enodari
3278 4045 3638 4111 desiderans,

1994 4138 2255 4192 divinum
2290 4136 2401 4192 sibi
2433 4141 2703 4208 precatur
2731 4134 3035 4201 auxilium,
3071 4139 3133 4188 ut
3160 4134 3231 4187 ab
3261 4133 3418 4187 omni
3444 4133 3638 4188 crimi-

1996 4226 2087 4282 nis
2120 4225 2431 4298 perpetrati
2460 4224 2588 4281 labe
2620 4223 2955 4279 mandetur.
2991 4223 3059 4278 Et
3107 4237 3304 4277 revera
3347 4238 3480 4276 cum
3528 4223 3639 4278 mi-

1994 4314 2073 4369 tis
2112 4319 2169 4369 et
2224 4315 2395 4369 corde
2449 4317 2794 4369 mansuetus
2850 4311 3083 4383 egregia
3128 4326 3362 4381 semper
3415 4310 3643 4365 dederit

1995 4408 2233 4460 sanctus
2289 4403 2575 4475 Propheta
2620 4418 2738 4456 suae
2792 4399 3262 4457 mansuetudinis
3305 4402 3363 4456 ct
3406 4398 3641 4471 pietatis

1994 4493 2272 4564 insignia,
2302 4493 2381 4548 ita
2411 4497 2478 4547 ut
2507 4490 2855 4546 adversariis
2885 4489 3009 4545 suis
3033 4490 3368 4560 frequenter
3403 4487 3639 4561 ignove-

1999 4580 2093 4647 rit,
2128 4585 2301 4653 atquc
2335 4581 2405 4637 ab
2430 4596 2629 4636 eorum
2659 4595 2797 4635 nece
2817 4577 3167 4650 putataverit
3188 4575 3636 4633 abstinendum:

1999 4687 2113 4724 non
2144 4675 2233 4725 est
2264 4670 2479 4724 mirum
2512 4668 2665 4740 quod
2698 4673 2817 4722 tam
2850 4668 3102 4739 graviter
3129 4665 3313 4721 doleat
3358 4665 3640 4721 l’undendi

1996 4759 2302 4832 sanguinis
2335 4758 2555 4812 innoxii
2587 4756 2700 4812 sibi
2750 4755 3081 4827 Obrepsisse
3128 4758 3455 4827 peccatum.
3510 4754 3639 4809 Ideo

1996 4845 2231 4902 liberari
2264 4863 2324 4902 se
2354 4862 2388 4901 a
2418 4844 2830 4918 sanguinibus,
2864 4844 2971 4899 hoc
2997 4847 3088 4899 est
3117 4859 3152 4897 a
3183 4841 3434 4913 peccatis
3484 4857 3638 4896 mor-

1994 4934 2865 5005 talibus,postulavit.Laudavit
2895 4932 3203 4987 Dominum
3240 4934 3417 4984 Deum
3438 4944 3636 4996 suum,

1995 5022 2281 5093 iustitiam
2343 5021 2570 5078 Domini
2629 5020 3003 5092 praedicavit;
3062 5018 3308 5087 ideoque
3363 5015 3635 5073 addidit:

1995 5134 2022 5160 ‹‹
2060 5109 2381 5165 Exsultabit
2410 5110 2609 5181 lingua
2641 5124 2771 5163 mea
2808 5106 3102 5179 justitiam
3148 5109 3312 5160 tuam
3357 5105 3561 5177 (Ibid.).
3608 5130 3637 5156 »

2597 5196 2827 5252 CAPUT
2863 5195 3031 5251 XVII.

1994 5287 2249 5343 Duuulem
2280 5287 2455 5342 verbis
2484 5289 2601 5341 suis
2628 5289 2910 5357 peccatum
2938 5285 3046 5339 sibi
3086 5284 3376 5338 dimissum
3416 5284 3638 5354 signiﬁ-

1993 5465 2280 5532 rcdditur;
2316 5463 2565 5520 redditur
2592 5471 2770 5519 autem
2827 5464 3091 5520 rationali
3134 5464 3366 5519 naturae.
3424 5463 3639 5518 Lwtitia

1995 5542 2443 5681 veizzfﬁliquot
2489 5622 2556 5662 ex
2603 5606 2865 5677 antiquis
2909 5605 3059 5677 cod.,
3110 5605 3237 5677 fidei
3282 5605 3633 5677 praedicator.
