3894 6208
338 328 455 397 923

407 486 552 532 care,
613 486 732 524 cum
796 473 942 525 Deus

412 543 569 594 verba
596 552 756 596 etiam
790 543 1001 596 Christo
1021 545 1328 604 convenire,
1360 544 1561 612 quippe
1589 543 1686 609 qui
1714 557 1872 593 verus
1910 542 1979 593 sit

411 613 598 674 David,
633 631 665 666 a
691 630 794 683 quo
823 617 1012 680 futura
1040 616 1281 680 gentium
1311 615 1672 679 congregatio,
1707 616 1758 665 et
1803 613 1981 664 Eccle-

408 688 618 737 siarum
649 685 901 750 fundntz‘o
940 689 1331 754 prmsignelur,
1378 691 1647 753 postremo
1697 683 1983 736 nonnullis

407 757 471 809 (te
498 757 764 824 sacriﬁcio
797 757 998 810 Christi
1023 765 1184 825 atque
1207 763 1514 826 martyrum
1532 756 1820 825 prepositis
1851 769 1982 823 opus

407 827 697 881 clauditur.

405 934 497 986 78.
533 956 559 979 «ι
594 933 856 998 Domine,
889 932 1046 986 labia
1094 949 1224 986 mea
1271 933 1516 1004 aperies,
1565 936 1621 985 et
1670 947 1734 984 0s
1783 945 1980 983 meum

335 1020 963 1076 annuntiabitlaudem
995 1027 1157 1076 tuam
1195 1022 1358 1084 'f'Psal.
1385 1039 1432 1083 L,
1469 1020 1576 1089 l7).
1614 1045 1640 1067 ››
1697 1019 1802 1084 Qui
1855 1017 1980 1072 lau-

334 1110 436 1162 dat
485 1109 822 1174 Dominum,
875 1110 947 1163 ab
1007 1109 1262 1163 inimicis
1310 1109 1434 1162 suis
1481 1107 1588 1162 erit
1639 1106 1856 1171 salvus,
1917 1109 1981 1160 ut

335 1197 619 1269 scriptum
651 1203 738 1252 est
771 1198 942 1263 (Psal.
976 1214 1114 1262 xvii,
1146 1199 1190 1264 ti
1250 1199 1314 1250 Et
1352 1201 1503 1250 certe
1536 1212 1713 1266 supra
1758 1195 1982 1249 dixerat

333 1285 396 1338 in
429 1287 881 1357 quadragesimo
929 1302 1080 1340 nono
1129 1285 1392 1356 psalmo:
1451 1308 1477 1330 ‹‹
1535 1283 1824 1338 Peccatori
1874 1299 1977 1338 au-

333 1380 449 1429 tem
482 1375 624 1429 dixit
661 1380 809 1428 Deus
838 1391 849 1429 :
884 1377 1070 1440 Quare
1102 1380 1162 1428 tu
1199 1389 1480 1428 ennarras
1501 1372 1766 1443 justitias
1818 1387 1977 1426 meas

335 1465 504 1532 (Psal.
539 1481 687 1527 xux,
723 1464 837 1517 lt}?
872 1487 897 1511 ››
931 1463 1074 1516 Cum
1102 1479 1237 1534 ergo
1288 1479 1388 1532 per
1433 1478 1498 1516 os
1548 1476 1722 1516 suum
1770 1460 1981 1514 dixerit

331 1552 484 1623 quod
519 1557 876 1622 peccatorem
909 1550 1269 1622 prohibuerit
1318 1555 1470 1604 Deus
1523 1567 1660 1603 suas
1707 1565 1979 1604 enarrare

317 1640 605 1711 justitias,
642 1641 842 1711 utique
875 1641 998 1711 ipse
1029 1640 1354 1695 enarrando
1399 1638 1692 1709 justitiam
1741 1638 1862 1703 Dei,
1887 1637 1980 1691 de-

327 1730 567 1783 claravit
597 1730 983 1782 commissum
1019 1728 1126 1782 hoc
1158 1744 1532 1798 nequaquam
1566 1727 1674 1780 sibi
1719 1726 1977 1795 imputa-

326 1823 452 1872 tum
483 1834 610 1872 esse
644 1823 942 1888 peccatum
977 1818 1107 1885 (49).

396 1909 486 1960 79.
524 1907 588 1960 Et
617 1905 876 1960 addidit:
915 1929 940 1954 ‹‹
976 1906 1153 1960 Labia
1184 1922 1311 1960 mea
1341 1905 1658 1976 aperies,et
1685 1921 1748 1958 os
1772 1919 1968 1958 meum

326 1994 698 2050 annuntiabit
745 1994 980 2049 laudem
1030 1999 1214 2049 tuam.
1255 2018 1274 2041 ι
1329 1994 1406 2048 Os
1454 1992 1773 2080 peccatoris
1815 1992 1969 2047 Deus

324 2084 567 2148 claudit,
613 2101 681 2138 ne
710 2083 982 2153 loquatur
1006 2082 1272 2154 justitias
1304 2083 1440 2138 Dei:
1467 2082 1616 2153 justi
1659 2081 1866 2152 aperit,
1906 2085 1968 2135 ut

322 2171 615 2242 loquatur.
666 2173 846 2242 Cujus
894 2187 1029 2241 ergo
1080 2171 1234 2225 labia
1281 2170 1488 2241 aperit,
1545 2169 1700 2223 hunc
1747 2168 1966 2240 peccati

321 2259 571 2315 absolvit
603 2265 787 2314 reatu.
824 2259 988 2314 Illius
1019 2264 1216 2313 autem
1249 2259 1436 2330 aperit
1469 2258 1623 2313 labia
1661 2256 1964 2323 Dominus,

328 2349 477 2403 702
535 2349 636 2418 qui
678 2347 887 2417 accipit
933 2349 1171 2401 verbum
1223 2349 1282 2400 in
1330 2348 1627 2417 apertione
1683 2346 1800 2401 oris
1849 2345 1962 2399 sui.

323 2436 485 2492 Unde
516 2441 571 2491 et
613 2435 923 2508 Apostolus
973 2437 1115 2508 petit
1174 2453 1234 2491 se
1294 2437 1556 2507 adjuvari
1605 2434 1964 2490 orationibus

323 2522 530 2596 plebis,
563 2529 626 2578 ut
656 2523 950 2595 aperiatur
980 2524 1086 2578 sibi
1131 2524 1347 2579 ostium
1398 2523 1554 2577 verbi
1603 2523 1675 2577 ad
1718 2521 1965 2592 loquen-

321 2614 460 2667 dum
496 2611 837 2685 mysterium
877 2612 1088 2667 Christi
1140 2613 1360 2683 (Cotoss.
1413 2629 1486 2678 iv,
1537 2612 1612 2681 3).
1676 2610 1963 2680 Linguam

318 2717 449 2756 vero
499 2719 601 2773 pro
649 2718 918 2757 sermone
966 2702 1288 2771 accipimus
1332 2702 1460 2771 ejus
1500 2700 1599 2771 qui
1631 2698 1882 2754 exsultat
1905 2698 1962 2752 in

324 2791 416 2844 Dei
449 2790 743 2844 laudibus.
780 2790 942 2845 Unde
971 2795 1027 2843 et
1055 2789 1198 2844 illud
1241 2790 1324 2844 sic
1353 2790 1712 2844 aestimatur:
1747 2811 1774 2835 ‹‹
1832 2786 1962 2841 Lin-

315 2895 432 2950 gua
461 2896 592 2933 mea
621 2879 889 2934 calamus
922 2877 1125 2933 scriba:
1154 2877 1429 2933 velociter
1457 2875 1767 2932 scribentis
1791 2877 1959 2945 (Psat.

319 2983 466 3030 XLIV,
499 2971 575 3035 2),
608 2991 634 3015 ››
671 2983 863 3021 sermo
892 2966 1122 3020 infusus
1156 2966 1470 3037 Propheta.

390 3057 477 3110 80.
503 3055 663 3121 Quod
699 3055 746 3110 si
769 3071 834 3110 cx
863 3071 1110 3127 persona
1140 3055 1349 3109 Christi
1381 3054 1600 3110 dictum
1643 3053 1962 3125 accipimus

319 3145 448 3199 vide
482 3161 552 3199 ne
582 3144 773 3199 scriba
803 3143 879 3198 sit
904 3143 1177 3198 velociter
1215 3143 1476 3199 scribens
1532 3143 1791 3197 Verbum
1838 3140 1958 3210 Dei,

321 3233 476 3305 quod
511 3232 718 3287 anima:
748 3233 971 3288 viscera
1024 3237 1324 3304 percurrat
1371 3237 1429 3287 et
1477 3237 1760 3303 penetret,
1793 3236 1851 3286 et
1881 3230 1963 3284 in-

319 3323 536 3378 scribat
564 3322 621 3376 in
655 3339 722 3377 ea
751 3322 838 3376 vel
866 3327 1086 3376 natura:
1119 3322 1290 3388 dona,
1336 3321 1425 3377 vel
1472 3320 1706 3391 gratiae;
1758 3319 1961 3391 lingua

319 3415 512 3465 autem
547 3411 622 3464 sit
653 3416 922 3465 sanctum
957 3409 1100 3464 illud
1132 3425 1343 3480 corpus
1374 3414 1566 3463 ortum
1599 3425 1666 3463 ex
1698 3407 1956 3479 Virgine,

316 3516 431 3569 quo
480 3503 722 3554 vacuata
770 3504 908 3554 sunt
955 3515 1174 3554 venena
1218 3496 1523 3569 serpentis,
1573 3502 1628 3551 et
1667 3497 1959 3569 Evangelii

316 3604 491 3658 opera
517 3592 635 3640 toto
665 3588 803 3642 orbe
835 3588 1184 3642 celebranda
1214 3587 1464 3642 decursa
1509 3591 1664 3641 sunt.
1722 3586 1963 3642 Accedit

319 3676 387 3729 ad
418 3675 817 3729 evacuandum
845 3675 1327 3746 peccatum,quod
1353 3675 1745 3730 humilitatem
1768 3691 1963 3730 susce-

318 3764 438 3833 pit;
473 3763 743 3816 contrivit
779 3781 878 3818 cor
919 3781 1116 3828 suum,
1172 3764 1326 3833 quod
1377 3763 1565 3834 magis
1605 3763 1959 3819 sacrificium

323 3852 602 3906 Dominus
651 3851 844 3922 elegit,
894 3866 1070 3923 quam
1131 3851 1470 3906 holocausta
1526 3869 1630 3923 pro
1685 3853 1959 3923 peccatis,

318 3957 445 4010 quae
505 3940 827 3994 secundum
880 3939 1065 4010 legem
1114 3939 1305 3994 offerri
1364 3938 1648 3994 solebant.
1703 3940 1964 4012 Denique

316 4045 495 4100 supra
524 4027 639 4084 ait:
678 4050 702 4077 ‹‹
733 4026 1080 4083 Holocausta
1104 4034 1161 4081 et
1191 4044 1294 4098 pro
1327 4032 1561 4098 peccato
1600 4045 1715 4083 non
1762 4035 1961 4100 postu-

314 4115 496 4183 lasti;
559 4121 698 4172 tunc
757 4117 920 4172 dixi:
982 4117 1124 4172 Ecce
1182 4117 1347 4172 venio
1410 4117 1591 4187 (Psal.
1652 4135 1846 4184 xxxxx,
1904 4119 1962 4185 7,

313 4207 392 4273 8,)
426 4205 513 4259 nid
549 4212 655 4271 est,
691 4223 804 4261 non
839 4206 1105 4277 rapinam
1127 4204 1446 4260 arbitratus
1476 4221 1604 4260 esse
1634 4222 1728 4260 me
1769 4222 1962 4276 aequa-

312 4293 426 4348 lem
463 4299 594 4361 Deo,
629 4294 792 4349 venio
824 4295 1071 4350 formam
1105 4294 1253 4349 servi
1300 4293 1628 4365 accipiens;
1681 4294 1849 4349 venio
1900 4294 1962 4349 in

310 4383 504 4454 specie
559 4383 949 4454 susceptionis
1009 4384 1299 4448 humana,
1347 4382 1405 4438 in
1457 4383 1696 4438 veritate
1747 4384 1958 4451 crucis,

313 4472 521 4525 mortis
554 4471 883 4526 humilitate
913 4471 1305 4527 obedientiam
1344 4471 1731 4542 probaturus:
1792 4479 1854 4526 ut
1901 4472 1961 4527 in

313 4558 644 4613 obedientia
672 4559 949 4615 deleatur.

384 4646 474 4699 8t.
509 4645 712 4701 Merito
743 4663 878 4718 ergo
908 4653 965 4702 et
997 4647 1088 4701 hic
1135 4647 1313 4702 dicit:
1349 4672 1375 4696 «
1429 4647 1715 4712 Quoniam
1765 4648 1813 4703 si
1863 4666 1960 4705 vo-

314 4733 550 4799 luisses,
587 4733 939 4790 sacriﬁcium
989 4736 1281 4792 dedissem
1335 4736 1556 4807 utique,
1603 4735 1961 4792 holocaustis

314 4841 431 4879 non
461 4823 863 4879 delectaberis.
899 4824 1259 4879 Sacriﬁcium
1294 4825 1405 4879 Deo
1454 4823 1696 4894 spiritus
1743 4825 1962 4880 contri-

314 4911 589 4967 bulatus:
623 4929 720 4966 cor
749 4913 1064 4967 contritum
1114 4917 1172 4966 et
1219 4911 1591 4966 humiliatum
1640 4917 1792 4968 Deus
1845 4930 1962 4969 non

314 5001 540 5072 spernit
573 5003 742 5072 (Psal.
778 5019 828 5067 1.,
865 5003 949 5064 18,
987 5001 1095 5068 10).
1127 5025 1153 5049 »
1185 5001 1255 5055 Et
1283 5000 1438 5055 sicut
1469 5017 1650 5072 supra
1678 5000 1816 5067 dixi,
1841 5018 1961 5058 cer-

313 5094 434 5145 tum
480 5096 570 5146 est
599 5091 874 5163 mysterio
932 5090 1236 5146 convenire
1295 5089 1447 5160 quod
1510 5089 1635 5162 ipse
1681 5091 1964 5148 Dominus

311 5179 484 5234 Jesus
514 5179 741 5234 videtur
771 5179 866 5234 hic
907 5195 1138 5251 quoque
1169 5195 1237 5234 ex
1259 5195 1363 5234 sua
1388 5193 1637 5250 persona
1659 5178 1839 5251 loqui,
1864 5182 1963 5251 qui

314 5268 584 5338 superius
614 5268 754 5322 illud
791 5285 1050 5339 persona:
1100 5284 1220 5323 suae
1251 5266 1504 5322 evidenti
1556 5267 1964 5325 testiﬁcatione

313 5354 692 5426 deprompsit.
727 5362 857 5427 ipse
887 5358 1043 5412 enim
1075 5374 1245 5411 verus
1299 5355 1493 5423 David,
1529 5373 1742 5413 manus
1771 5359 1961 5426 fortis,

312 5455 484 5495 verus
515 5443 776 5508 humilis,
810 5451 983 5516 atque
1012 5445 1616 5516 1nansuetus,primus
1647 5451 1702 5501 et
1724 5447 1966 5503 novissi-

390 5632 496 5697 ω)
532 5631 670 5684 Mss.
705 5652 815 5688 non
849 5640 1038 5706 pauci,
1067 5655 1162 5692 suo
1193 5640 1525 5708 imputatum
1571 5657 1685 5696 esse
1723 5648 1961 5713 peccato,

1781 332 1846 397 S.
1890 329 2265 398 AMBROSII

986 469 1254 541 peccaturi
1320 485 1375 525 os
1439 466 1700 525 occludet.
1770 467 1980 523 Eadem
2007 471 2062 535 Α
2092 485 2246 534 mus,
2279 466 2596 524 eternitate
2625 464 2874 540 primus,
2917 464 3247 524 humilitate
3293 463 3585 523 ultimus:
3630 481 3722 538 per

3617 329 3721 395 934

2094 562 2263 626 cujus
2301 557 2694 612 obedientiam
2744 555 2987 612 humani
3035 556 3262 628 generis
3312 555 3488 628 culpa
3534 553 3721 621 deleta,

2093 647 2290 701 refusa
2311 646 2543 717 justitia
2573 651 2679 701 est.
2713 647 2862 717 Ipse,
2891 645 3158 717 inquam,
3188 645 3362 700 Jesus
3396 644 3613 699 umbrae
3656 643 3721 699 ﬁ-

2096 735 2187 789 nis
2209 740 2266 789 et
2315 734 2480 806 legis,
2531 734 2761 790 advenit
2806 733 3160 789 humilitatis
3208 733 3492 805 magister
3539 732 3723 787 docere

2092 823 2374 894 superbos
2404 839 2603 888 sensu,
2631 828 2687 878 et
2715 828 2944 878 tumore
2975 822 3162 877 cordis
3195 822 3428 876 inﬂatos
3461 821 3535 876 ad
3566 838 3721 876 man-

2092 912 2462 967 suetudinem
2497 918 2554 967 et
2582 911 3015 984 simplicitatem
3037 928 3167 966 esse
3188 910 3724 983 migrandum.Quo—

2094 1001 2266 1055 modo
2297 1000 2478 1073 igitur
2510 1001 2568 1056 in
2597 1006 2729 1072 typo
2760 1001 2889 1071 ejus
2921 999 3183 1072 mysterii
3215 1003 3519 1071 peccatum
3549 1000 3721 1069 impu'

2088 1089 2199 1142 tari
2226 1093 2436 1160 potest,
2469 1106 2603 1144 cum
2643 1090 2702 1144 in
2732 1089 2859 1161 ipso
2889 1087 3164 1160 mysterio
3195 1087 3272 1142 sit
3300 1087 3568 1143 remissio
3604 1102 3722 1157 pec-

2089 1181 2348 1232 catorum
2370 1178 2398 1231 ‘?
2425 1177 2549 1233 Nisi
2580 1179 2725 1234 forte
2759 1178 2887 1233 ideo
2917 1177 3092 1232 David
3126 1175 3494 1247 iniquitatem
3543 1191 3718 1239 suam,

2089 1273 2510 1337 peccatumque
2539 1268 2840 1323 confessus
2869 1271 2958 1322 est
2979 1266 3105 1336 eius
3133 1265 3398 1330 admissi;
3422 1268 3490 1318 ut
3518 1267 3575 1318 et
3601 1262 3716 1335 ipse

2088 1355 2158 1408 ad
2192 1355 2595 1411 remissionem
2627 1355 2866 1426 peccati,
2900 1359 2956 1409 et
2979 1354 3226 1425 gratiam
3260 1351 3524 1424 mysterii
3554 1352 3720 1423 perti-

2089 1449 2267 1498 neret.

2156 1541 2247 1595 83.
2281 1542 2425 1596 Nam
2460 1542 2600 1613 quid
2634 1541 2744 1596 sibi
2776 1539 2899 1596 vult
2928 1539 3081 1612 quod
3111 1540 3198 1593 vir
3216 1542 3522 1611 peccatum
3552 1555 3718 1594 suum

2089 1630 2394 1694 confitens,
2456 1631 2526 1684 de
2581 1629 2717 1684 Sion
2761 1634 2817 1684 et
2866 1626 3192 1685 Jerusalem
3241 1626 3442 1700 psallit
3489 1627 3715 1683 dicens:

2088 1741 2114 1765 ‹‹
2149 1718 2416 1782 Benetac,
2464 1719 2726 1784 Domine,
2775 1717 2836 1772 in
2859 1719 3012 1773 bona
3039 1715 3342 1772 voluntare
3372 1720 3471 1771 tua
3501 1716 3722 1782 Sion,ut

2005 1833 2051 1898 B
2087 1806 2444 1898 aediﬁcentur
2468 1807 2628 1898 muri
2653 1806 2980 1898 Jerusalem
3013 1806 3176 1873 (Ibid.
3209 1807 3300 1872 20)
3325 1821 3338 1859 :
3367 1828 3406 1898 »_
3427 1805 3544 1859 nisi
3591 1805 3720 1876 quia

2081 1894 2386 1951 accelerari
2429 1896 2479 1951 ei
2529 1894 2715 1967 placet
2763 1893 3026 1950 Ecclesiae
3075 1893 3582 1966 congregationem
3625 1909 3720 1965 per

2077 1985 2437 2039 vocationem
2469 1984 2771 2056 geniium:
2824 2000 2951 2055 quas
3004 1999 3119 2038 non
3169 1981 3393 2038 ancillae
3446 1981 3574 2048 ﬁlii,
3622 1983 3716 2038 sed

2075 2070 2268 2127 libera:
2322 2072 2673 2140 Jerusalem,
2731 2071 2888 2127 illius
2945 2089 3071 2143 qua:
3124 2071 3180 2125 in
3233 2070 3377 2125 cmlo
3426 2075 3538 2140 est,
3592 2070 3717 2125 fidei

2077 2177 2195 2214 suae
2228 2161 2559 2233 prosapiam
2590 2165 2709 2216 toto
2731 2161 2869 2216 orbe
2895 2159 3246 2215 diffunderet
3275 2163 3332 2214 et
3368 2158 3716 2231 spiritalium

2076 2255 2240 2320 septa
2271 2266 2573 2305 murorum
2593 2249 2867 2305 doctrinae
2889 2248 3221 2321 apostolicae
3244 2247 3521 2302 fundaret
3540 2265 3716 2304 asser-

2073 2337 2248 2393 tione.
3481 2405 3485 2408 λ

2144 2429 2230 2482 83.
2266 2427 2412 2482 Muri
2449 2428 2644 2499 itaque
2697 2424 3022 2482 Jerusalem
3073 2425 3208 2480 ﬁdei
3257 2424 3713 2496 propugnacula,

2073 2516 2540 2588 disputationum
2572 2515 3246 2582 munimenta,virtutum
3269 2511 3534 2568 culmina
3554 2516 3714 2580 sunt;

2076 2606 2228 2660 muri
2256 2604 2585 2660 Jerusalem
2624 2603 3012 2659 Ecclesiarum
3043 2607 3361 2658 conventus
3413 2606 3557 2656 sunt
3604 2607 3713 2656 toto

2073 2695 2211 2750 orbe
2243 2693 2488 2761 fundati,
2525 2692 2777 2749 Ecclesia
2805 2691 2960 2748 enim
2993 2691 3172 2746 dicit:
3206 2713 3233 2739 ‹‹
3263 2691 3382 2762 Ego
3414 2705 3641 2756 murus,
3663 2699 3714 2745 et

2074 2783 2254 2837 ubera
2283 2799 2414 2838 mea
2442 2782 2620 2838 turris
2651 2783 2832 2850 (Cant.
2857 2781 3098 2849 vm,18).
3138 2802 3165 2828 ››
3188 2780 3256 2834 Et
3285 2779 3432 2834 bene
3454 2779 3609 2834 muri
3631 2779 3713 2834 Je-

2071 2869 2325 2926 rusalem
2358 2869 2744 2926 Ecclesiarum
2774 2866 3180 2924 conventicula
3209 2871 3385 2921 sunt:
3438 2867 3710 2938 quoniam

2072 2957 2341 3030 quisquis
2360 2959 2515 3014 bona
2535 2958 2647 3014 ﬁde
2667 2961 2841 3030 atque
2860 2972 3031 3029 Opere
3053 2954 3380 3027 ingreditur
3398 2952 3710 3010 Ecclesiam

2072 3047 2137 3100 ﬁt
2167 3063 2428 3119 supernae
2458 3045 2619 3102 illius
2648 3045 2788 3102 civis
2818 3050 2875 3100 et
2903 3043 3095 3100 incola
3141 3042 3394 3099 civitatis
3441 3059 3569 3114 quae
3618 3042 3708 3097 de-

2071 3136 2300 3191 scendit
2324 3136 2394 3191 de
2419 3134 2580 3191 caalo.
2612 3135 2728 3191 Hos
2759 3150 2959 3190 muros
2990 3131 3250 3204 lapidum
3283 3131 3533 3186 aediﬁcat
3561 3136 3707 3186 stru-

2070 3229 2236 3280 ctura
2264 3225 2545 3280 vivorum.

2141 3323 2293 3378 708
2317 3323 2406 3378 81.
2441 3322 2656 3378 Videns
2686 3321 2863 3394 igitur
2891 3319 3216 3376 Jerusalem
3244 3334 3442 3373 veram
3474 3322 3531 3373 et
3550 3317 3704 3382 Sion,

2068 3410 2249 3465 dixit:
2282 3410 2425 3465 Cum
2457 3409 2821 3466 benedixeris
2850 3409 2909 3464 in
2941 3409 3096 3464 bona
3123 3406 3424 3466 voluntate
3464 3410 3568 3461 tua
3596 3407 3702 3473 (wh

2067 3498 2397 3554 Jerusulem
2426 3503 2483 3554 et
2511 3499 2672 3566 Sion,
2719 3521 2747 3546 ‹‹
2796 3502 2938 3554 tunc
2985 3497 3311 3568 acceptabis
3359 3494 3713 3550 sacriﬁcium

2066 3588 2307 3658 justitiae
2334 3589 2504 3657 (Psal.
2539 3605 2591 3653 ι,
2621 3588 2734 3657 21),
2768 3608 2796 3636 ››
2827 3586 2936 3642 hoc
2964 3591 3055 3642 est
3073 3582 3712 3654 sacriﬁcium'corporis

2070 3676 2413 3748 Christi,qui
2438 3676 2681 3744 ait,cum
2711 3676 2782 3732 de
2807 3675 3042 3747 propria
3062 3673 3332 3748 passione
3351 3672 3716 3744 loqueretur;

2069 3787 2097 3814 «
2134 3765 2367 3836 Aperite
2399 3764 2544 3821 mihi
2575 3768 2775 3837 portas
2795 3763 3068 3835 justitiaa,
3098 3768 3155 3819 et
3195 3763 3502 3835 ingressus
3534 3761 3593 3816 in
3627 3776 3722 3816 eas

2070 3855 2391 3909 conﬁtebor
2420 3854 2664 3910 Domino
2690 3854 2860 3924 (Psat.
2898 3869 3073 3917 cxvii,
3103 3853 3214 3922 49).
3246 3874 3273 3899 ››
3309 3851 3380 3905 Et
3424 3849 3488 3905 in
3540 3850 3725 3904 Evan-

2070 3941 2220 4014 gelio
2279 3943 2362 3996 ait
2419 3943 2498 3997 ad
2521 3942 2847 3998 Joannem:
2883 3965 2910 3991 «
2971 3941 3110 3997 Sine
3165 3940 3379 4008 modo;
3438 3940 3525 3995 sic
3568 3938 3726 3995 enim

2072 4035 2299 4102 oportet
2327 4047 2435 4086 nos
2463 4030 2714 4103 implere
2739 4047 2976 4086 omnem
3015 4029 3314 4102 justitiam
3367 4029 3581 4100 (Matth.
3639 4045 3723 4094 in,

2072 4119 2185 4190 45).
2218 4142 2246 4168 ››
2277 4119 2345 4174 Et
2374 4119 2563 4174 infra:
2597 4141 2624 4168 «
2659 4117 2816 4174 Beati
2845 4119 2946 4190 qui
2978 4117 3445 4191 persecutionem
3488 4116 3723 4189 patina-

2070 4215 2169 4263 tur
2217 4213 2454 4280 propter
2499 4207 2795 4280 justitiam
2851 4208 3061 4278 (Matth.
3115 4225 3168 4274 v,
3229 4207 3340 4277 10).
3404 4228 3432 4256 ››
3483 4205 3727 4261 Justitia

2071 4297 2334 4352 Christus
2363 4303 2472 4352 est.
2505 4296 2867 4352 Sacriﬁcium
2910 4313 3046 4369 ergo
3091 4296 3309 4352 Christi
3360 4292 3725 4366 acceptabile

2072 4386 2338 4442 futurum
2369 4385 2523 4441 Patri
2553 4386 2782 4441 asserit.
2811 4384 2928 4442 Hoc
2958 4389 3048 4441 est
3075 4401 3211 4457 ergo
3241 4384 3314 4439 de
3365 4399 3483 4455 quo
3531 4387 3592 4438 et
3624 4399 3722 4438 su-

2071 4491 2177 4547 pra
2203 4475 2284 4529 ait
2308 4493 2321 4529 :
2342 4498 2367 4523 ‹‹
2392 4475 2724 4530 Sacriﬁcate
2753 4473 3105 4530 sacriﬁcium
3121 4472 3387 4543 justitiaa,
3412 4477 3470 4527 et
3491 4476 3727 4543 sperate

1993 4565 2041 4628 D
2074 4563 2135 4619 in
2168 4561 2414 4619 Domino
2436 4563 2775 4634 (Psal.1v,6).
2795 4584 2820 4611 ι)
2837 4561 2965 4618 Haec
2986 4566 3076 4618 est
3088 4560 3418 4634 justitize,et
3437 4557 3729 4632 spiritalis

2071 4650 2306 4718 oblatio,
2340 4656 2399 4706 et
2427 4650 2834 4706 holocaustum
2867 4650 3140 4707 ferventis
3170 4647 3520 4714 devotionis,
3550 4652 3613 4702 et
3643 4647 3732 4701 in-

2071 4739 2321 4795 fusionis
2353 4739 2604 4810 Spiritus
2634 4740 2842 4806 sancti,
2876 4739 3031 4810 quod
3065 4737 3225 4806 dicit,
3261 4738 3554 4802 futurum,
3590 4751 3731 4789 cum

2070 4829 2142 4884 ad
2175 4827 2320 4883 illud
2359 4827 2618 4900 spiritale
2648 4827 2878 4883 Domini
2909 4827 3091 4883 altare
3118 4824 3398 4898 eruperint
3428 4823 3733 4881 admoveri

2074 4918 2225 4972 704
2255 4916 2464 4972 anima:
2493 4915 2878 4983 credentium,
2929 4932 3056 4987 quae
3106 4912 3513 4969 renuntiantes
3567 4911 3737 4967 volu-

2074 5005 2338 5078 ptatibus
2368 5010 2542 5076 atque
2593 5003 2836 5072 deliciis,
2887 5009 3170 5075 tanquam
3217 5005 3479 5057 aratrum
3533 5002 3594 5056 in
3647 4998 3730 5052 vi-

2072 5093 2335 5150 sceribus
2375 5093 2502 5149 suis
2530 5093 2771 5157 ducant,
2803 5097 2869 5148 ut
2899 5093 3125 5147 fructus
3159 5091 3389 5162 possint
3432 5089 3585 5144 ferre
3622 5087 3728 5159 pia:

2071 5180 2332 5237 culturae.

2143 5271 2232 5325 85.
2279 5267 2378 5325 Vel
2426 5275 2580 5325 certe
2627 5270 2746 5326 ita:
2795 5269 2940 5326 Cum
2985 5267 3350 5327 henedixeris
3401 5265 3723 5322 Eeclesiam

2072 5375 2141 5415 ex
2179 5357 2452 5431 gentibus
2513 5359 2886 5431 acquisitam,
2938 5363 2996 5415 et
3045 5357 3305 5431 spiritale
3363 5355 3720 5412 sacriﬁcium

2065 5447 2308 5520 justitiae
2340 5448 2580 5520 coeperit
2612 5447 2988 5521 frequentari,
3021 5452 3161 5504 tunc
3193 5452 3250 5504 et
3281 5451 3567 5516 martyres
3591 5457 3720 5498 san-

2143 5644 2256 5715 (50)
2286 5643 2525 5716 Aliquot
2553 5659 2720 5711 mss.,
2752 5660 2876 5700 cum
2912 5645 3121 5701 dixeris
3168 5645 3226 5699 in
3275 5643 3548 5699 voluntate
3592 5641 3705 5691 tua.
