3894 6208
139 352 260 423 925'
975 348 1369 415 APOLOGIA
1409 346 1649 414 DA'VID
1694 348 2025 415 ALTERA.
2060 381 2139 397 -
2164 347 2631 414 ADMONITIO.
3378 340 3500 414 923

141 490 209 549 oti
231 489 320 562 qui
359 502 527 544 suum
572 502 677 559 pro
724 483 952 542 Christo
995 501 1207 557 corpus
1262 484 1579 541 obtulerint
1610 501 1744 540 exa-
1775 504 1822 569 Α
1858 486 2041 555 (Apoc.
2075 502 2155 549 v1,
2184 485 2260 554 9),
2296 488 2360 539 ut
2389 483 2603 539 Christi
2635 482 2747 539 sibi
2778 482 3027 555 gratiam
3058 490 3492 541 mercarentur:

140 579 380 641 randum,
401 582 674 647 tanquam
693 574 1053 631 vitulisacris
1077 574 1365 629 altaribus
1392 575 1741 641 offerantur;
1858 574 1948 627 cui
1981 580 2069 627 est
2102 573 2286 628 honor
2316 579 2372 628 et
2404 573 2603 646 gloria,
2638 572 2787 637 laus,
2822 574 3185 645 perpetuitas
3218 591 3350 629 cum
3384 576 3498 630 Deo

144 669 274 725 sicut
302 667 356 722 in
401 663 738 737 Apocalypsi
781 662 1026 719 Joannis
1064 662 1348 734 scriptum
1392 661 1744 728 invenimus,
1858 661 2021 717 Patre
2052 668 2107 717 et
2139 662 2358 733 Spiritu
2390 667 2590 717 sancto
2624 679 2658 717 a
2689 661 2916 717 saeculis
2948 667 3003 717 et
3043 680 3197 718 nunc
3243 668 3301 720 et
3344 680 3496 719 sem-

144 755 260 828 quia
287 754 388 810 sub
415 752 576 809 altari
623 756 790 807 erant
841 751 1051 806 animm
1098 766 1299 806 eorum
1346 751 1446 822 qui
1499 767 1600 821 pro
1632 755 1746 805 Do-
1860 767 1979 821 per,
2010 756 2068 806 et
2096 750 2156 805 in
2188 751 2385 805 omnia
2415 750 2625 805 saecula
2645 750 3013 807 saeculorum.
3041 761 3246 808 Amen.

144 844 262 901 mini
291 844 418 899 Jesu
450 840 682 897 nomine
710 856 956 913 corpora
976 856 1079 895 sua
1103 838 1443 895 obtulerunt
1463 839 1746 909 martyrio

146 1019 2123 1050 Μ

456 1165 563 1248 IN
628 1163 1173 1249 ALTERAM
1231 1161 1680 1246 DAVIDIS
1737 1159 2413 1247 APOLOGIAM
2478 1164 3150 1252 ADMONITIO.

204 1531 374 1604 Hujus
403 1528 532 1585 libri
565 1528 718 1584 idem
744 1533 832 1583 est
860 1532 1034 1599 atque
1066 1526 1383 1599 superioris
1414 1530 1848 1599 argumentum.
1880 1530 1943 1580 In
1974 1542 2039 1582 eo
2072 1526 2286 1599 quippe
2318 1528 2667 1595 ostenditur,
2701 1530 2853 1601 quod
2886 1532 3036 1587 sacri
3067 1534 3294 1591 codices
3339 1537 3509 1592 Davi-

146 1622 259 1676 dem
286 1618 525 1691 prodant
555 1616 613 1671 in
645 1616 948 1689 geminum
977 1615 1195 1670 crimen
1231 1614 1524 1681 incidisse,
1557 1613 1824 1669 adulterii
1858 1614 2076 1670 scilicet
2108 1621 2284 1687 atque
2337 1615 2658 1685 homicidii,
2712 1636 2827 1674 non
2878 1637 3006 1677 esse
3060 1640 3165 1678 cur
3193 1625 3508 1699 quisquam

147 1708 457 1764 offendatur.
489 1706 906 1761 Verumtamen
938 1704 1057 1759 sive
1087 1704 1218 1776 styli
1251 1704 1599 1775 elegantiam
1633 1708 1881 1775 spectes,
1916 1704 2035 1758 sive
2068 1705 2356 1760 tractandi
2409 1707 2689 1762 rationem
2738 1713 2794 1763 et
2841 1713 3247 1781 oeconomiam,
3283 1720 3508 1773 utrum-

148 1812 243 1868 que
269 1812 407 1867 opus
436 1794 590 1849 inter
618 1810 679 1848 se
708 1792 865 1848 haud
898 1808 1101 1864 parum
1135 1791 1418 1848 dissidere
1449 1792 1791 1862 compcries.
1824 1792 2129 1847 Enimvero
2161 1793 2422 1849 studiose
2454 1799 2833 1867 accurateque
2864 1797 2972 1854 hoc
3004 1800 3061 1854 in
3083 1808 3201 1858 tres
3223 1810 3416 1875 partes
3438 1809 3511 1863 ab

147 1888 352 1941 auctore
380 1898 483 1938 suo
514 1880 768 1937 divisum
803 1881 929 1935 fuit.
965 1881 1027 1935 In
1060 1880 1249 1951 prima
1278 1879 1362 1935 sic
1393 1880 1727 1952 disputatur
1756 1886 1957 1936 contra
1983 1881 2231 1952 gentiles
2263 1884 2411 1954 (cap.
2445 1885 2499 1951 5,
2538 1901 2698 1939 num.
2732 1886 2847 1957 3t),
2879 1893 2945 1943 ut
2973 1889 3173 1962 lapsus
3196 1896 3514 1953 conditioni

112 2004 115 2007 λ
147 1972 426 2038 tribuatur,
456 1969 792 2026 emendatio
821 1970 1057 2025 virtuti:
1093 1970 1149 2023 in
1179 1970 1435 2024 secunda
1465 1969 1743 2024 adversus
1772 1968 2007 2025 Judzeos
2037 1971 2473 2026 demonstratur
2505 1972 2621 2028 ideo
2652 1974 2870 2047 lapsum
2898 1995 3008 2034 esse
3035 1986 3292 2038 sanctum
3332 1988 3521 2042 David

146 2061 437 2133 nemnplius
464 2060 785 2116 Iudaeorum
808 2058 1043 2130 perﬁdia
1067 2057 1656 2126 claudicaret(lbid.);
1717 2057 1773 2111 in
1830 2056 2003 2111 tertia
2059 2058 2343 2112 docentur
2398 2059 2712 2116 Christiani
2770 2064 2877 2120 hac
2930 2066 2990 2121 in
3048 2068 3295 2127 historia
3321 2073 3515 2131 inesse

147 2148 311 2205 multa
339 2148 614 2220 mysteria
643 2153 699 2202 et
727 2148 966 2220 ﬁguras,
1027 2161 1153 2217 qua?
1179 2148 1423 2214 gratiam
1474 2161 1683 2217 quoque
1708 2147 2036 2217 promissam
2057 2146 2385 2217 jamdudum
2415 2150 2714 2204 conciliant
2745 2153 2961 2225 (lbid.).
2996 2160 3061 2212 In
3122 2160 3312 2230 prima
3352 2169 3516 2233 parte

147 2243 324 2293 auctor
351 2236 577 2293 [utilem
607 2235 972 2291 ethnicorum
1004 2234 1390 2303 objectionem
1426 2232 1634 2288 refellit
1662 2236 1811 2305 (cap.
1843 2236 1896 2298 3,
1932 2252 2093 2290 num.
2126 2236 2161 2289 6
2190 2239 2245 2290 st
2274 2240 2421 2307 seq.)
2456 2255 2571 2309 qua
2599 2238 2683 2293 illi
2736 2242 3175 2303 deblaterabant
3193 2249 3323 2304 vita:
3354 2232 3519 2309 inno-

146 2326 370 2382 centiam
399 2325 803 2398 nequidquam
826 2323 1036 2395 jactari
1067 2340 1103 2378 a
1130 2322 1496 2385 Christianis,
1529 2323 1762 2393 quando
1793 2340 1991 2378 eorum
2026 2325 2319 2395 principes
2367 2326 2668 2383 adulteriis
2725 2335 2899 2403 atque
2944 2332 3277 2395 homicidiis
3320 2340 3521 2399 fmdati

146 2414 619 2486 contaminatique
650 2412 1010 2467 exstitissent
1034 2454 1044 2466 .
1078 2410 1137 2465 in
1170 2409 1350 2466 altera
1368 2410 1607 2479 Judazis,
1631 2412 1729 2483 qui
1754 2411 2025 2466 Davidem
2047 2417 2147 2466 aut
2169 2411 2541 2469 Salomonem
2566 2416 2746 2474 fuisse
2770 2436 2970 2476 verum
2996 2423 3269 2482 Messium
3300 2433 3521 2487 astrue-

146 2503 288 2569 bant,
320 2501 444 2557 l‘alsi
477 2500 760 2558 convictis
784 2505 932 2570 (cap,
960 2500 1013 2565 4,
1047 2501 1309 2590 num.-2l‘
1336 2503 1394 2590 et
1422 2499 1564 2590 seq.)
1597 2497 1844 2590 validam
1876 2498 2075 2568 adjicit
2113 2500 2565 2590 confutationem
2607 2504 2774 2576 .(cap.
2808 2508 2860 2573 4,
2916 2526 3077 2566 num.
3130 2514 3199 2567 26
3251 2519 3307 2570 et
3346 2534 3466 2589 seq.
3505 2521 3520 2590 )

146 2591 548 2657 haereticorum,
579 2590 677 2662 qui
710 2588 1071 2643 divinitatem
1100 2586 1310 2643 Christi
1344 2586 1670 2642 inficiantes
1698 2586 2085 2678 ipsorummet
2109 2588 2446 2678 Judaeorum
2480 2594 2787 2663 zequabant
2817 2597 2901 2651 vel
2952 2602 3310 2670 superabant
3348 2586 3545 2678 periis.

146 2680 315 2736 diam:
349 2680 405 2735 in
438 2684 738 2752 postrema
763 2677 1037 2769 denique,
1070 2676 1168 2731 ubi
1201 2680 1453 2769 quatuor
1482 2693 1696 2769 magna
1727 2676 2002 2769 mysteria
2030 2677 2279 2769 subhac
2309 2678 2552 2734 historia
2584 2682 2815 2739 Davidis
2848 2685 3087 2745 latentia
3114 2676 3520 2769 aperuitv(cap.

146 2771 193 2839 7,
220 2786 372 2825 num.
404 2771 470 2824 37
500 2772 564 2823 et
594 2770 762 2839 seq.),
784 2765 1076 2838 prophetae
1094 2765 1323 2821 Nathan
1346 2764 1678 2854 parabolam
1706 2764 1951 2836 explicat
1971 2766 2119 2838 (cap.
2140 2766 2222 2834 11,
2241 2770 2488 2823 num.55
2509 2774 2565 2825 ct
2584 2772 2726 2843 seq),
2753 2775 2969 2844 qunbus
2990 2777 3228 2835 demum
3262 2764 3522 2854 prioruin

149 2856 339 2927 psalmi
368 2854 845 2928 quinquagesimi
875 2870 1151 2909 versuum
1180 2854 1272 2925 a'dj
1285 2854 1448 2945 ungit
1476 2852 2076 2945 expoﬁitifmemlcap-
2113 2857 2197 2919 12»
2224 2873 2385 2922 ωιτη,
2409 2858 2472 2911 61
2500 2863 2559 2913 et
2577 2862 2745 2930 δίδη-λ
2771 2862 3045 2925 Ουειτηνίδ
3071 2852 3276 2924 διηθωή
3299 2871 3523 2945 δίεηίῐῑ·

148 2950 228 3000 cet
250 2946 517 3001 Davidem
550 2944 672 2998 illic
706 2960 807 3015 pro
839 2960 901 2998 se
929 2942 1086 3014 loqui
1122 2959 1187 2997 ae
1219 2959 1280 2997 se
1310 2942 1503 3013 ipsum
1538 2942 1865 3007 defendere,
1898 2943 2149 3015 ingenue
2176 2949 2369 3000 tamen
2405 2946 2701 3003 fatendum
2734 2956 2825 3005 est
2856 2952 3139 3026 quidquid
3174 2957 3249 3013 ibi
3311 2942 3526 3019 dicitur

149 3037 293 3088 extra
320 3032 679 3106 propositam
707 3029 905 3103 vagari
935 3028 1260 3097 materiam,
1295 3046 1359 3084 ac
1390 3028 1766 3101 potissimum
1797 3029 1857 3084 in
1880 3029 2241 3086 revincendis
2270 3032 2500 3088 Ariauis
2531 3039 2706 3106 atque
2736 3038 3071 3097 Manicheeis
3092 3047 3328 3104 versari.
3350 3048 3529 3107 Caete-

150 3138 266 3176 rum
292 3139 401 3178 non
442 3121 585 3177 licet
613 3126 770 3175 certo
812 3119 1192 3191 pronuntiare
1221 3119 1362 3190 quid
1399 3135 1585 3174 causa
1618 3117 1712 3186 sit,
1772 3135 1877 3174 cur
1905 3120 2191 3191 integram
2252 3121 2462 3192 psalmi
2498 3140 2610 3178 non
2669 3124 2991 3185 habeamus
3021 3131 3526 3203 explanationem:

150 3214 329 3265 utrum
359 3210 586 3267 scilicet
618 3209 833 3279 injuria
860 3208 1165 3280 temporis,
1196 3225 1269 3263 an
1291 3207 1594 3279 scriptoris
1624 3207 1996 3280 negligentia,
2030 3225 2100 3263 an
2145 3209 2394 3281 denique
2429 3210 2675 3281 ipsemet
2727 3224 2930 3271 auctor
2959 3235 3062 3289 per
3083 3222 3235 3278 vocis
3266 3224 3530 3285 debilita-

148 3304 251 3354 tem
280 3300 348 3355 de
370 3317 488 3371 qua
519 3300 583 3355 in
614 3298 722 3353 hoc
751 3315 921 3369 opere
951 3296 1329 3368 conqueritur
1357 3296 1505 3367 (cap.
1536 3297 1591 3364 5,
1624 3312 1786 3351 num.
1855 3297 1930 3365 8).
1967 3312 2262 3351 sermones
2292 3298 2631 3355 continuare
2658 3301 2829 3357 fuerit
2855 3305 3206 3375 prohibitus.

212 3388 424 3444 Etenim
457 3394 624 3445 extra
652 3385 1100 3442 controversiam
1131 3390 1220 3441 est
1248 3384 1710 3439 lucubrationem
1745 3382 1895 3438 hanc
1927 3384 2297 3439 sermonibus
2328 3385 2423 3457 qui
2459 3386 2531 3441 ab
2560 3404 2626 3442 eo
2659 3406 2771 3444 non
2804 3393 2983 3448 semel
3007 3394 3341 3455 indicantur
3369 3405 3527 3469 (Ibid.
3625 3393 3633 3400 ’

143 3481 192 3530 et
217 3494 336 3549 cap.
369 3479 454 3546 11,
490 3493 660 3533 num.
692 3476 1099 3541 53),:onstare.
1135 3474 1250 3529 llos
1281 3472 1378 3528 ille
1406 3472 1465 3528 in
1498 3470 1756 3528 Ecclesia
1785 3472 1994 3527 diebus
2025 3473 2209 3543 (Ibid).
2242 3474 2489 3530 diversis
2521 3477 2725 3532 habuit
2755 3486 2887 3550 post
2912 3482 3134 3540 Veteris
3168 3487 3522 3548 Testamenti

151 3569 308 3635 atque
336 3562 635 3638 Evangelii
665 3562 938 3619 lectiones
980 3564 1126 3634 (cap.
1161 3580 1199 3627 1,
1231 3578 1395 3616 num.
1434 3564 1481 3625 l,
1516 3567 1574 3616 et
1602 3578 1730 3633 cap.
1762 3563 1815 3631 7,
1860 3578 2023 3616 num.
2056 3562 2169 3631 38).
2222 3564 2344 3628 Quo
2377 3562 2484 3617 loci
2532 3582 2647 3620 non
2680 3567 2784 3623 abs
2833 3586 2893 3625 re
2925 3571 3045 3627 fore
3090 3577 3446 3646 putavimus,
3482 3583 3532 3637 si

148 3651 363 3710 lectoris
392 3654 589 3727 gratia
644 3653 1086 3708 observaremus
1119 3655 1415 3707 auctorem
1469 3650 1625 3705 hunc
1657 3667 1771 3705 non
1826 3667 1994 3707 secus
2020 3668 2086 3705 ac
2140 3651 2335 3722 ipsum
2366 3654 2739 3711 Ambrosium
2789 3657 2845 3713 in
2880 3662 3054 3717 certis
3103 3665 3227 3720 suis
3259 3668 3534 3739 operibus

149 3756 303 3797 voces
355 3743 555 3797 lectum
616 3744 674 3795 et
728 3742 1009 3795 ledionem
1068 3755 1297 3810 semper
1356 3755 1659 3809 usurpare,
1722 3755 1836 3793 non
1893 3755 2026 3793 vero
2083 3756 2253 3794 voces
2310 3745 2587 3796 cantatum
2646 3749 2747 3798 aut
2778 3746 3039 3816 similes;
3102 3754 3256 3809 unde
3289 3756 3533 3814 forsitan

152 3828 325 3902 colligi
358 3831 546 3904 possit
579 3829 853 3885 lectiones
882 3832 940 3884 et
967 3827 1278 3900 Evangelia
1309 3827 1365 3882 in
1398 3826 1652 3917 liturgiis
1683 3844 1747 3882 eo
1781 3831 2048 3917 tempore;
2073 3828 2292 3884 cantari
2326 3845 2696 3901 nequaquam
2730 3834 2919 3903 solita,
2948 3840 3045 3894 sed
3083 3842 3303 3897 recitari
3337 3862 3349 3910 ;
3381 3852 3537 3917 post-

152 3934 314 3987 quam
339 3921 741 3977 recitationem
775 3916 1024 3990 populus
1056 3917 1230 3971 ﬁdem
1263 3933 1431 3970 suam
1462 3915 1760 3985 animique
1808 3915 2157 3986 obsequium
2208 3918 2459 3988 quadam
2512 3921 2683 3990 quasi
2734 3924 3151 3984 acclamatione
3181 3915 3532 4002 testabatur,

155 4008 294 4077 quod
328 4008 571 4083 signant
601 4006 701 4062 illa
730 4006 983 4062 auctoris
1013 4005 1193 4061 nostri
1227 4006 1421 4071 verba,
1454 4020 1617 4075 quam
1642 4006 1755 4075 pio,
1788 4004 1997 4075 inquit,
2031 4007 2308 4075 prosecuti
2335 4009 2462 4061 estis
2489 4024 2714 4064 assensu
2745 4012 2893 4083 (cap.
2927 4016 2980 4080 7,
3014 4032 3175 4072 num.
3210 4020 3319 4089 38).

212 4095 379 4154 Porro
410 4095 765 4169 simpliciter
794 4099 1089 4152 auctorem
1120 4097 1388 4149 nostrum
1419 4091 1671 4147 dicimus
1698 4110 1710 4159 ;
1745 4096 1833 4148 est
1863 4092 2017 4148 enim
2049 4110 2162 4147 non
2193 4091 2335 4150 levis
2361 4098 2753 4153 controversia
2782 4100 3043 4170 possitne
3073 4103 3181 4159 hoc
3229 4123 3376 4177 opus
3406 4126 3536 4167 vere

148 4183 450 4254 adjudicari
487 4184 817 4240 Ambrosio.
845 4187 1148 4248 Erasmus,
1197 4197 1370 4253 aquo
1427 4181 1614 4252 primo
1644 4180 1790 4235 illud
1841 4180 2058 4252 publici
2083 4182 2238 4252 juris
2289 4184 2504 4237 factum
2540 4189 2648 4251 est,
2701 4187 3155 4263 monuit(Epist.
3207 4194 3346 4251 huic
3376 4198 3536 4268 operi

149 4273 380 4346 praeﬁxa)
413 4274 596 4331 etiam
626 4272 676 4329 si
707 4272 842 4328 huic
868 4272 981 4344 ipsi
1014 4270 1169 4328 Patri
1200 4270 1589 4326 ascriberetur
1618 4269 1675 4325 in
1708 4286 1775 4325 eo
1806 4287 1979 4342 quem
2011 4270 2303 4326 detexerat
2332 4273 2749 4346 manuscripto,
2784 4274 3027 4333 minime
3066 4284 3259 4335 tamen
3290 4283 3534 4339 Ambro-

150 4356 365 4417 sianum
393 4362 576 4418 videri
605 4380 618 4428 ;
649 4362 747 4417 sed
781 4361 969 4416 eidem
1002 4359 1221 4415 auctori
1272 4358 1648 4413 tribuendum
1684 4359 1854 4430 cujus
1895 4362 2034 4413 sunt
2061 4357 2196 4414 libri
2242 4360 2317 4414 De
2345 4362 2624 4415 vocatione
2670 4365 2935 4430 gentium.
2969 4365 3072 4421 Cui
3123 4369 3356 4439 quidem
3400 4387 3535 4428 cen-

146 4462 286 4505 cura:
316 4450 681 4507 stabilienda:
713 4466 826 4505 non
860 4449 1016 4505 aliud
1038 4449 1473 4504 firmamentum
1496 4447 1932 4523 praestruitmisi
1950 4447 2081 4519 styli
2106 4448 2795 4523 diversitatem.Namque
2812 4458 3107 4512 auctorem
3133 4459 3527 4517 Ambrosianus

148 4534 401 4595 dictionis
458 4539 674 4597 asserit
702 4556 833 4596 esse
885 4541 967 4593 ita
994 4538 1231 4609 feliciter
1282 4538 1571 4604 aemulum,
1606 4539 1663 4591 ut
1722 4536 1937 4592 dotibus
1966 4538 2150 4607 aliquo
2202 4540 2531 4608 praecurrat.
2565 4539 2701 4593 Nam
2758 4545 2812 4595 et
2839 4543 3077 4613 explicat
3135 4546 3452 4616 dilucidius,
3485 4554 3534 4607 et

148 4626 317 4681 minus
346 4644 380 4682 a
409 4644 471 4684 re
498 4628 830 4700 digreditur,
863 4635 960 4683 etc.
995 4624 1264 4681 Gillotius
1294 4641 1323 4680 e
1354 4625 1643 4680 contrario
1672 4624 1923 4680 antistiti
1951 4632 2151 4680 nostro
2185 4626 2580 4697 patrocinatur
2610 4629 2875 4698 (Admon.
2930 4632 2987 4687 in
3022 4633 3127 4690 hoc
3176 4638 3368 4709 opus),
3401 4656 3535 4694 mu-

150 4712 295 4785 nitus
324 4732 619 4774 consensu
652 4717 1208 4788 manuscriptorum,
1260 4730 1407 4785 quos
1437 4731 1552 4769 non
1601 4730 1777 4786 parvo
1822 4730 2066 4770 numero
2115 4714 2528 4787 conquisierat,
2562 4722 2618 4771 et
2669 4718 2724 4772 in
2766 4720 2981 4790 quibus
3029 4729 3273 4794 utraque
3303 4727 3536 4782 Davidis

146 4801 412 4878 Apologia
440 4805 895 4863 Mediolanensis
921 4803 1214 4862 Ambrosii
1244 4802 1481 4859 titulum
1510 4819 1580 4859 ex
1610 4819 1776 4874 aequo
1806 4805 2169 4874 praeferrens,
2200 4804 2523 4861 Theodosio
2565 4808 2827 4879 Augusto
2876 4813 3339 4883 nuncupabatur.
3374 4817 3535 4881 Quod

147 4906 270 4947 vero
323 4892 672 4953 elocutionis
730 4895 1130 4968 opponebatur
1180 4892 1593 4963 discrepantia,
1651 4891 1807 4947 idem
1864 4893 2093 4964 reponit
2148 4910 2361 4948 novum
2417 4911 2531 4949 non
2577 4912 2706 4951 esse
2738 4898 2785 4951 si
2817 4904 3058 4955 sanctus
3086 4901 3288 4957 doctor
3318 4920 3421 4973 pro
3455 4921 3534 4969 re,

148 4979 283 5055 loco,
313 4991 597 5058 tempore,
632 4983 895 5056 personis
925 4983 1141 5055 stylum
1174 4980 1439 5036 mutavit.
1473 4977 1867 5035 Nihilominus
1896 4985 2090 5035 tamen
2124 4980 2381 5052 plerique
2408 4984 2793 5052 posteriorum
2825 4987 3159 5042 eriticorum
3191 4990 3439 5061 pedibus
3478 4993 3536 5047 iu

148 5072 358 5132 Erasmi
383 5073 736 5132 sententiam
767 5072 1108 5147 discessere,
1142 5068 1359 5142 singuli
1385 5068 1618 5124 interim
1652 5084 1858 5123 novam
1890 5068 2147 5139 aliquam
2168 5069 2449 5124 rationem
2475 5071 2833 5142 adjicientes.
2859 5073 3249 5133 Bcllarmiuus
3271 5082 3540 5135 autumat

147 5162 236 5228 (De
263 5163 462 5235 Script.
498 5162 664 5233 Eccl.)
694 5159 1067 5216 Ambrosium
1097 5159 1169 5215 de
1198 5157 1508 5215 scribenda
1537 5156 1793 5212 secunda
1825 5155 2104 5228 Apologia
2147 5157 2558 5227 cogitationem
2610 5159 2951 5231 neutiquam
3002 5162 3181 5219 fuisse
3231 5173 3539 5239 susceptu-

147 5250 307 5307 rum':
342 5253 416 5307 ad
451 5251 575 5306 hsce
605 5250 676 5305 ab
706 5250 954 5303 Auctore
985 5247 1246 5319 ejusdem
1282 5244 1618 5317 posterioris
1646 5243 1938 5317 Apologia:
1968 5246 2162 5315 negari
2192 5244 2525 5300 adulterium
2558 5247 2776 5301 Davidis
2800 5250 2969 5318 fuisse
2998 5267 3184 5307 verum
3203 5253 3539 5312 adulterium

146 5338 191 5390 et
213 5339 507 5408 allegorice
536 5336 1004 5409 interpretandum
1032 5337 1260 5401 censeri,
1294 5351 1427 5389 cum
1458 5331 1800 5389 Ambrosius
1830 5334 1889 5388 in
1921 5332 2110 5405 priore
2140 5331 2417 5404 Apologia
2450 5331 2593 5389 illud
2644 5342 2944 5405 peccatum
2994 5347 3272 5411 agnoscat
3320 5360 3381 5399 re
3412 5345 3541 5417 ipsa

148 5425 319 5484 fuisse
352 5427 705 5500 admissum.
738 5427 1033 5498 Approbat
1064 5424 1258 5480 omnia
1289 5422 1624 5479 Bellarmini
1655 5428 2000 5495 argumenta
2031 5420 2373 5477 Possevinus
2405 5423 2624 5493 (Appar.
2658 5426 2793 5495 suc.)
2820 5442 2952 5481 cum
2986 5445 3055 5483 ea
3094 5433 3289 5487 tamen
3338 5449 3540 5507 excep-

147 5512 321 5584 tione,
356 5520 421 5570 ut
451 5515 554 5587 qui
586 5515 666 5571 ita
691 5514 987 5580 maluerit,
1022 5513 1317 5569 existimet
1375 5516 1647 5567 sanctum
1708 5512 2003 5568 doctorem
2033 5515 2088 5566 et
2120 5510 2273 5566 vario
2306 5510 2451 5582 style
2486 5511 2589 5574 uti,
2617 5517 2673 5567 et
2706 5512 2900 5585 plures
2940 5516 3176 5574 Davidis
3228 5521 3541 5595 Apologias

145 5603 396 5658 scribere
427 5604 711 5675 potuisse,
745 5619 858 5657 non
890 5617 1061 5658 secus
1092 5617 1158 5655 ac
1187 5599 1457 5655 eumdem
1491 5599 1684 5671 ipsum
1718 5600 1913 5672 plures
1943 5600 2124 5655 libros
2152 5599 2216 5655 de
2244 5602 2686 5671 lntcrpeliuliuue
2737 5604 2903 5659 David
2947 5606 3254 5679 scripsisse
3286 5627 3543 5683 comper-

146 5693 266 5745 tum
315 5697 424 5747 est.
476 5691 748 5748 Nicolaus
795 5691 976 5746 Faber
1005 5692 1194 5762 (Epist.
1228 5689 1496 5744 adl’ront.
1530 5689 1685 5760 Duc.)
1716 5695 1925 5761 praeter
1954 5690 2283 5763 superiores
2315 5690 2588 5760 rationes,
2625 5692 2783 5748 hunc
2839 5692 3056 5751 librum
3108 5697 3187 5753 ait
3246 5717 3362 5755 non
3399 5703 3537 5755 Am-

144 5778 341 5853 brosii,
389 5779 494 5839 sed
551 5779 886 5854 Origeniani
932 5778 1238 5850 cujusdam
1287 5794 1434 5848 esse,
1485 5778 1587 5849 qui
1631 5777 1992 5851 Scripturam
2041 5780 2114 5837 ad
2164 5778 2469 5853 allegorias
2504 5781 2864 5843 transferens
2910 5783 3260 5846 lavationem
3300 5787 3539 5847 Bethsa-
