3894 6208
394 353 512 421 om
1835 339 1905 412 8.
1947 341 2321 414 AMBROSII
3655 350 3753 420 σε

397 490 517 548 hec
542 490 836 548 inﬁcietur
862 492 1012 564 (cap.
1042 486 1097 558 8,
1116 502 1280 545 num.
1312 487 1424 555 39).
1455 481 1770 558 Utriusque
1797 489 1995 542 autem
2024 484 2279 544 rationes
2306 481 2531 540 diluere
2561 486 2808 541 conatur
2832 481 3092 558 Theoph.
3132 483 3491 560 Baynandus
3517 490 3651 545 tam.
3673 489 3751 562 XI,

397 580 473 637 De
502 582 660 638 libris
713 580 1067 652 conﬁgendis,
1101 583 1249 651 part.
1283 595 1322 632 ι.
1363 580 1508 632 eret.
1548 577 1628 643 lO,
1662 591 1826 631 num.
1861 576 1983 640 185,
2010 590 2184 648 quem
2214 571 2475 629 consule.
2504 575 2835 630 Hermanus
2864 574 2925 630 in
2954 590 3062 631 suo
3107 574 3180 631 de
3229 575 3623 633 Ambrosianis
3643 595 3755 651 ope-

397 668 562 725 ribus
581 672 827 741 judicio,
862 686 974 725 non
1008 685 1195 740 pauca
1218 684 1346 738 qua:
1377 667 1437 721 in
1469 664 1660 737 priore
1687 663 1969 736 Apologia
1994 664 2157 720 dicta
2184 662 2436 727 fuerant,
2481 660 2541 716 in
2584 660 2693 716 hac
2733 660 2939 718 itidem
2990 662 3298 735 posteriori
3346 662 3462 737 legi
3490 665 3756 723 observat:

396 776 509 814 non
542 777 678 832 ergo
707 758 984 815 credibile
1014 756 1193 812 videri
1229 772 1293 810 ea
1325 755 1669 827 repetitione
1701 770 1875 809 usum
1904 753 2090 810 fuisse
2121 750 2534 807 Ambrosium:
2567 754 2846 822 praeterea
2862 756 3129 808 sanctum
3149 753 3542 825 Augustinum
3560 753 3759 810 laudan-

395 848 469 903 de
499 847 838 919 Apologiam
870 846 1047 901 David
1083 861 1386 915 nunquam
1416 860 1546 898 eam
1577 841 1827 913 primam
1859 840 2186 913 appellare:
2222 838 2537 895 secundam
2567 839 2726 895 Sixto
2757 839 3002 895 Senensi
3024 857 3265 912 prorsus
3286 842 3663 914 incognitam:
3684 844 3760 899 de-

393 938 569 1007 nique
598 936 783 1007 ipsius
812 942 1132 998 auctorem,
1163 937 1454 1003 quantum
1485 947 1553 984 ex
1583 930 1867 984 haereticis
1896 946 2146 1001 quorum
2181 926 2449 983 meminit
2479 926 2751 1001 colligere
2780 934 2890 995 est,
2922 928 3078 984 haud
3111 929 3300 985 serius
3330 931 3533 1002 quinto
3578 931 3755 987 seculo

392 1025 751 1097 scriptitasse
782 1023 869 1093 (In
900 1023 1016 1077 line
1053 1023 1188 1077 Vita:
1216 1021 1401 1075 Ambr.
1431 1018 1576 1074 Gali.
1607 1019 1878 1090 scriptas).

464 1116 526 1168 In
562 1114 664 1167 hac
695 1111 1031 1166 diversitate
1061 1109 1396 1179 opinionem
1434 1111 1689 1161 nostram
1723 1107 1973 1178 ingenue
1998 1106 2383 1178 proferemus,
2420 1104 2669 1160 liberum
2719 1105 3038 1179 unicuique
3084 1106 3481 1180 relinquentes
3525 1113 3585 1164 ut
3610 1126 3755 1180 quam

391 1204 671 1275 potiorem
705 1216 831 1255 esse
864 1197 1114 1263 duxerit,
1143 1196 1550 1268 amplectatur.
1585 1195 1641 1249 Id
1678 1194 1733 1248 in
1760 1194 2007 1265 gratiam
2037 1194 2253 1251 Gillotii
2283 1194 2648 1250 afﬁrmemus
2678 1192 2834 1260 licet,
2867 1211 2983 1250 non
3014 1196 3189 1250 modo
3220 1196 3278 1250 in
3306 1196 3380 1251 iis
3399 1196 3607 1268 quibus
3632 1215 3753 1253 usus

391 1297 479 1345 est
509 1290 745 1359 scriptis
775 1287 1094 1349 codicibus,
1127 1301 1325 1339 verum
1360 1284 1533 1338 etiam
1570 1282 1627 1335 in
1659 1282 1817 1336 Italis
1857 1283 2161 1351 exquibus
2208 1283 2604 1353 lilleloquium
2658 1299 2834 1337 suum
2883 1282 3136 1339 Urbinas
3178 1285 3535 1356 compilavit.
3564 1303 3753 1341 necnon

393 1381 449 1435 in
484 1379 600 1434 illis
631 1379 699 1431 ad
736 1394 882 1448 quos
915 1374 1186 1429 eumdem
1220 1370 1641 1443 castigavimus
1671 1374 2003 1433 tractatum,
2035 1372 2324 1426 Ambrosii
2356 1370 2798 1441 inscriptionem
2832 1371 3091 1443 reperiri.
3139 1373 3248 1427 Sed
3301 1379 3359 1427 et
3382 1372 3705 1429 Guillelmus
3730 1392 3755 1429 a

392 1469 604 1523 Sancto
664 1463 1023 1521 Theoderico
1054 1461 1110 1516 in
1168 1460 1523 1532 expositione
1553 1459 1769 1514 Cantici
1823 1458 2183 1515 canticorum:
2231 1458 2305 1513 ab
2353 1474 2416 1514 se
2445 1476 2512 1513 ex
2556 1458 2947 1514 \mbrosianis
2977 1459 3282 1516 sententiis
3324 1459 3580 1528 collecta,
3608 1479 3752 1535 quam

390 1572 497 1611 suo
528 1555 655 1610 loco
684 1552 896 1609 edituri
932 1567 1163 1614 sumus,
1194 1548 1482 1604 Ambrosii
1516 1548 1834 1602 secundam
1862 1547 2199 1620 Apologiam
2234 1548 2396 1603 citat.
2427 1547 2643 1603 Verum
2675 1560 2811 1603 cum
2840 1546 2947 1603 hic
2975 1552 3181 1605 auctor
3209 1562 3324 1605 non
3354 1549 3435 1605 sit
3480 1549 3753 1607 admodum

389 1643 617 1716 antiqui
646 1641 773 1706 aevi,
807 1643 1005 1711 utpote
1036 1638 1141 1710 qui
1175 1638 1263 1692 vix
1292 1628 1430 1692 ante
1459 1651 1680 1691 annum
1716 1637 1856 1692 1545
1883 1636 2039 1692 diem
2068 1634 2298 1703 obierit,
2332 1636 2635 1691 fatendum
2666 1640 2755 1693 est
2787 1651 2894 1693 nos
2942 1636 3005 1692 in
3054 1637 3492 1712 manuscriptos
3534 1654 3599 1696 ea
3620 1644 3755 1696 etate

390 1733 577 1788 multo
607 1730 957 1787 vetustiores
988 1745 1105 1783 non
1136 1726 1434 1782 incidisse.

457 1820 602 1878 Addi
624 1818 799 1874 etiam
831 1832 937 1890 pro
966 1814 1275 1871 Gillotiana
1307 1812 1593 1869 sententia
1626 1815 1817 1885 potest
1844 1818 2141 1869 auctorem
2170 1830 2287 1886 quo
2317 1814 2391 1870 de
2420 1812 2672 1886 agimus,
2705 1813 2871 1885 queri
2928 1813 3084 1887 quod
3112 1831 3214 1888 per
3254 1817 3611 1888 [ragditatem
3642 1833 3753 1873 rom

388 1916 454 1966 ut
478 1911 602 1981 ipse
626 1907 907 1979 loquitur,
931 1920 1147 1961 omnem
1171 1907 1365 1960 ser-iam
1397 1919 1503 1958 non
1533 1918 1749 1974 possum
1775 1904 1998 1973 explere
2026 1908 2291 1959 tractatu:
2339 1904 2487 1975 (cap.
2518 1904 2575 1973 5,
2603 1918 2769 1958 num.
2815 1903 2929 1975 28).
2981 1906 3168 1971 Quam
3218 1904 3461 1977 quidem
3506 1905 3753 1978 querimo-

387 1998 543 2055 niam
573 1996 634 2053 in
665 1995 830 2053 libris
860 2010 1093 2066 quoque
1121 1994 1194 2049 de
1240 1994 1609 2048 Sacramenta:
1636 1992 1932 2047 advertere
1978 1994 2068 2047 est
2090 1992 2216 2059 (lib.
2274 2008 2314 2057 ι,
2347 2007 2476 2064 cap.
2526 1992 2636 2059 16).
2668 1988 2967 2063 Numquid
3020 1995 3216 2048 autem
3248 2010 3315 2050 ea
3366 1992 3536 2051 liceat
3568 2009 3751 2049 accom-

386 2087 623 2144 modare
652 2082 959 2141 Ambrosio
1001 2086 1201 2138 nostro
1223 2080 1250 2135 ?
1281 2081 1445 2136 Certe
1490 2081 1885 2151 Augustinum
1915 2080 1987 2135 de
2042 2080 2170 2151 ipso
2203 2079 2526 2151 reperimus
2570 2078 2833 2135 locutum
2862 2080 2924 2135 in
2972 2080 3094 2137 haec
3123 2082 3336 2138 verba:
3389 2084 3689 2155 Quanquam
3710 2091 3749 2138 et

379 2191 546 2234 causa
571 2172 855 2229 semicrudae
880 2174 1046 2237 vocis,
1077 2186 1195 2241 quas
1225 2170 1317 2223 illi
1341 2170 1510 2239 facile
1536 2168 1959 2232 obtundebatur,
1990 2171 2093 2232 etc,
2128 2168 2252 2239 (lib.
2284 2172 2612 2239 nconfeu.
2666 2182 2795 2241 cap.
2844 2170 2900 2238 3,
2934 2184 3097 2225 num.
3142 2171 3219 2241 3).
3249 2171 3366 2227 Sed
3415 2171 3473 2226 in
3515 2176 3745 2244 promptu

383 2262 642 2321 succurit
690 2278 758 2317 ea
809 2258 1135 2331 responsio,
1179 2274 1294 2313 non
1326 2256 1628 2313 insolitum
1678 2272 1806 2313 esse
1835 2257 2366 2322 ooncionatorihus,
2417 2262 2484 2312 ut
2512 2258 2670 2313 vocis
2718 2272 2839 2313 suae
2867 2263 3143 2316 accusent
3189 2258 3583 2333 fragilitatem.
3628 2260 3745 2316 Hinc

381 2352 655 2417 Basilius,
715 2350 953 2405 Homilia
1009 2349 1067 2402 in
1120 2349 1400 2418 psalmum
1446 2348 1716 2417 primum,
1774 2360 1919 2416 quer

2204 2346 2214 2401 ἱ
2246 2345 2545 2401 difﬁcilem
2576 2360 2707 2402 esse
2732 2358 2827 2415 τὴν
2855 2354 3029 2405 διαιον
3055 2372 3117 2405 αν
3139 2360 3226 2406 τοῦ
3256 2357 3411 2421 λόγου
3441 2358 3517 2407 διὰ
3540 2362 3622 2417 τὴν
3649 2359 3742 2409 σόν·

380 2456 560 2505 τροφον
588 2438 842 2490 ἀσθόνιιαν
869 2439 957 2495 τῆς
985 2438 1146 2499 φωνῆς
1172 2435 1300 2497 ἡμᾶς
1329 2432 1702 2493 ἐπιλειπούσης.

452 2520 613 2584 Quod
640 2519 713 2573 ad
751 2516 917 2572 Fabri
946 2515 1282 2587 opinionem
1314 2513 1543 2581 attinet,
1573 2516 1868 2569 auctorem
1899 2529 1931 2569 e
1961 2518 2115 2569 secta
2142 2512 2608 2587 Origenistarum
2638 2514 2843 2584 fuisse,
2875 2531 3012 2572 cum
3042 2514 3430 2573 Bethsabeam
3460 2521 3585 2574 ante
3622 2516 3741 2589 regis

381 2608 663 2683 palatium
695 2606 922 2661 levasse
949 2603 1281 2675 negaverit;
1316 2601 1740 2674 respondemus
1768 2601 1825 2656 id
1858 2618 2003 2658 sane
2020 2601 2081 2657 in
2112 2601 2250 2658 Uria
2276 2601 2473 2674 objici.
2507 2601 2882 2659 Manifestum
2912 2602 3131 2676 quippe
3145 2604 3453 2678 estipsum
3475 2605 3606 2662 locis
3629 2604 3741 2660 bene

381 2697 586 2754 multis
617 2698 766 2768 (cap.
810 2696 866 2762 2,
896 2710 1061 2749 num.
1092 2692 1147 2747 5.
1181 2708 1308 2763 cap.
1354 2691 1408 2757 3,
1443 2706 1603 2746 nam.
1658 2690 1745 2761 12,
1777 2692 1835 2745 et
1875 2688 2037 2761 alibi)
2068 2695 2253 2747 totam
2302 2691 2559 2747 historiae
2592 2693 2805 2748 seriem
2852 2706 2959 2764 pro
2987 2707 3124 2749 vera
3164 2693 3513 2761 admittere;
3545 2694 3678 2749 unde
3700 2690 3738 2748 si

381 2786 756 2857 postmodum
784 2782 948 2837 illam
980 2796 1095 2835 non
1126 2779 1384 2845 litteruli,
1416 2779 1517 2834 sed
1543 2778 1852 2851 allegorice
1882 2794 2060 2835 sensu
2087 2778 2487 2852 accipiendam
2529 2780 2843 2853 signiticet,
2877 2781 2935 2836 in
2983 2779 3093 2838 hoc
3126 2782 3383 2839 maxime
3428 2786 3646 2838 secutus
3667 2784 3735 2835 est

381 2876 618 2931 beatum
651 2870 1052 2936 Ambrosium,
1085 2869 1185 2941 qui
1217 2884 1334 2924 non
1366 2866 1545 2925 semel
1567 2868 1625 2921 in
1657 2866 2016 2924 enucleando
2045 2884 2289 2925 sensum
2321 2870 2636 2942 mysticum
2664 2866 2923 2926 historiae
2952 2870 3256 2926 veritatem
3296 2871 3531 2943 penitus
3550 2869 3735 2925 videtur

380 2965 697 3020 destruere.
730 2961 878 3030 Lege
908 2963 1107 3014 notam
1137 2956 1328 3012 verbis
1358 2973 1390 3011 e
1418 2972 1545 3028 cap.
1576 2956 1632 3023 8,
1665 2972 1828 3012 num.
1859 2957 1951 3022 39,
1982 2957 2043 3013 in
2073 2956 2212 3014 edit.
2247 2958 2413 3014 Rom.
2439 2957 2685 3016 revulsis
2709 2958 3103 3031 suppositam.

448 3055 522 3108 At
572 3050 822 3124 primam
873 3052 1102 3102 tantum
1148 3045 1486 3118 Apologiam
1535 3046 1608 3101 ab
1637 3046 1965 3119 Augustino
2013 3047 2309 3121 cognitam
2339 3052 2509 3120 urget
2556 3046 2996 3105 eruditissimus
3024 3038 3378 3122 Theologus.
3430 3049 3595 3115 Esto;
3625 3045 3731 3119 quid

380 3142 536 3197 enim
570 3136 925 3195 incommodi
947 3136 997 3193 si
1026 3134 1422 3192 Ambrosianae
1454 3134 1895 3192 lucubrationes
1926 3135 1985 3191 in
2018 3151 2230 3192 manus
2257 3134 2569 3209 Augustini
2602 3150 2717 3193 non
2747 3150 2954 3192 omnes
2982 3137 3401 3209 pervenerint?
3425 3137 3607 3209 Neque
3631 3150 3730 3191 vero

380 3247 446 3291 ex
476 3229 712 3286 silentio
736 3227 878 3282 Sixti
910 3225 1070 3281 aliud
1100 3224 1395 3289 conﬁcias,
1431 3223 1544 3279 nisi
1573 3228 1679 3280 aut
1707 3222 1790 3278 illi
1818 3225 2121 3296 cognitum
2149 3239 2267 3281 non
2294 3225 2476 3281 fuisse
2504 3225 2664 3282 hunc
2692 3224 2931 3295 librum,
2966 3228 3069 3281 aut
3096 3225 3292 3297 ipsum
3330 3226 3406 3282 de
3452 3240 3515 3282 eo
3543 3228 3729 3281 senten-

379 3319 522 3375 tiam
554 3319 702 3376 ferre
725 3316 1006 3375 noluisse.
1041 3314 1150 3371 Sed
1184 3330 1288 3371 nec
1317 3314 1493 3370 etiam
1525 3316 1616 3370 est
1644 3314 1798 3385 quod
1828 3313 2075 3370 miretur
2104 3313 2320 3387 aliquis
2349 3312 2399 3371 si
2451 3314 2654 3371 doctor
2695 3308 2894 3371 noster
2936 3315 3232 3388 geminam
3279 3315 3463 3371 David
3491 3313 3732 3371 defensio-

379 3425 511 3465 nem
548 3406 867 3479 scripserit,
897 3420 1034 3461 cum
1066 3404 1191 3474 ipse
1220 3406 1496 3458 testatum
1530 3401 1832 3473 reliquerit
1860 3419 1896 3458 a
1924 3418 1989 3459 se
2018 3402 2220 3475 plures
2249 3402 2434 3459 libros
2463 3403 2532 3458 de
2560 3404 2702 3461 Elia
2723 3405 2891 3473 gout:
2936 3403 3060 3475 (lib.
3091 3403 3156 3460 de
3200 3404 3331 3459 Elia
3360 3410 3411 3460 el
3446 3404 3610 3475 Jefau.
3636 3417 3732 3472 cap.

378 3503 433 3567 3,
496 3514 658 3554 num.
715 3498 793 3566 5),
857 3510 923 3550 ac
958 3498 1036 3550 De
1082 3493 1309 3548 historia
1365 3490 1556 3563 Joveph
1612 3490 1736 3561 (lib.
1794 3491 1870 3546 De
1920 3492 2113 3563 Ioseph
2165 3492 2411 3547 Patriar.
2471 3506 2596 3565 cap.
2642 3494 2698 3560 6,
2753 3506 2919 3548 num.
2967 3492 3059 3561 30,
3100 3497 3159 3548 et
3205 3508 3335 3564 cap.
3386 3495 3442 3558 7,
3480 3508 3623 3547 num.
3664 3490 3733 3557 38)

381 3584 736 3659 compositos
762 3599 923 3640 esse:
958 3597 1211 3653 cumque
1235 3580 1412 3638 etiam
1444 3596 1601 3636 nunc
1631 3578 1801 3636 binos
1831 3580 1962 3651 ejus
1990 3579 2051 3634 in
2075 3579 2474 3636 Abrahamum
2505 3579 2688 3637 libros
2715 3579 3065 3649 habeamus,
3093 3578 3193 3636 ubi
3223 3581 3461 3638 eosdem
3490 3590 3733 3655 sacrarum

382 3674 729 3751 paginarum
759 3671 937 3737 locos,
960 3670 1097 3725 licet
1127 3687 1242 3725 non
1272 3671 1477 3725 eodem
1506 3684 1684 3725 sensu
1714 3668 1982 3741 explicat,
2015 3668 2219 3726 multis
2241 3672 2436 3725 tamen
2482 3668 2789 3725 sententiis
2815 3680 2968 3742 quas
3002 3670 3126 3741 jam
3159 3671 3293 3726 ante
3341 3668 3557 3727 calamo
3576 3680 3731 3724 exara-

382 3767 542 3821 verat
569 3759 810 3817 iteratis.

457 3857 533 3905 De
564 3849 697 3921 styli
748 3865 881 3903 vero
912 3846 1246 3902 diversitate
1290 3862 1468 3918 quam
1491 3845 1616 3915 jam
1668 3845 1834 3900 initio
1873 3845 2222 3918 agnovimus
2270 3861 2400 3903 esse
2430 3846 2824 3913 manifestum,
2872 3852 2940 3902 ut
2967 3848 3126 3920 quod
3177 3849 3492 3914 sentimus,
3521 3842 3729 3918 apertius

381 3936 841 4012 explicatiusque
894 3934 1258 4007 proferamus
1300 3932 1396 3989 hic
1437 3936 1643 3988 auctor
1696 3933 1927 3989 tametsi
1977 3933 2397 3992 Ambrosianas
2463 3934 2788 3993 locutiones
2843 3934 3118 4010 frequens
3183 3936 3443 4004 adhibet,
3497 3934 3624 3991 alias
3665 3935 3731 3986 ta-
3842 3996 3843 4011 χ

382 4046 517 4085 men
545 4029 747 4082 crebro
780 4028 1024 4096 usurpat
1054 4039 1181 4095 quas
1213 4020 1357 4078 nihil
1387 4022 1620 4094 sapiant
1673 4022 2064 4079 Ambrosiani.
2121 4020 2239 4079 Hoc
2304 4028 2500 4081 autem
2566 4025 2819 4082 maxime
2880 4025 3006 4081 illic
3068 4026 3366 4094 observes,
3433 4025 3528 4081 ubi
3552 4019 3731 4079 audito-
3842 4020 3843 4057 ι

382 4134 473 4174 res
503 4131 644 4175 suos
690 4112 903 4170 blande
932 4112 1282 4185 appellando
1330 4125 1532 4166 eorum
1565 4110 1675 4165 sibi
1726 4108 2186 4168 benevolentiam
2212 4112 2498 4169 conciliat.
2557 4112 2669 4168 Sed
2702 4126 2807 4170 nec
2854 4113 2998 4169 illud
3028 4113 3264 4170 difﬁteri
3313 4113 3451 4171 licet
3500 4126 3598 4168 non
3638 4122 3733 4163 esse

384 4206 564 4267 moris
594 4202 902 4265 Ambrosio
949 4206 1070 4259 tam
1101 4201 1269 4258 anxie
1316 4204 1596 4271 tantaque
1626 4215 1760 4256 cum
1814 4203 1938 4257 arte
1967 4214 2136 4257 suam
2181 4202 2384 4275 partiri
2415 4203 2744 4271 materiam,
2794 4203 3046 4276 ejusque
3076 4204 3352 4260 membra
3400 4200 3627 4261 subinde
3659 4212 3734 4253 an.

384 4296 640 4350 ditorum
675 4292 794 4348 sive
823 4290 1102 4346 lectorum
1134 4290 1350 4346 animis
1378 4288 1659 4359 ingerere.
1695 4289 1816 4344 Huc
1846 4287 2021 4345 etiam
2055 4290 2190 4345 addi
2221 4295 2447 4361 poterat
2477 4291 2584 4347 hoc
2615 4292 2671 4346 in
2717 4306 2891 4364 opere
2920 4292 3238 4366 nonnullos
3278 4292 3582 4365 Scriptura.-
3615 4288 3734 4342 locos

385 4383 555 4458 paulo
588 4380 754 4437 aliter
784 4379 971 4445 citari,
1003 4395 1181 4451 quam
1215 4379 1274 4434 in
1304 4377 1582 4435 admissis
1613 4376 1906 4435 Ambrosii
1937 4378 2235 4451 operibus,
2260 4384 2677 4452 auctoremque
2706 4380 2920 4437 alicubi
2954 4382 3104 4453 (cap.
3133 4379 3265 4448 ult.,
3299 4392 3462 4438 num.
3503 4380 3604 4449 66).
3629 4370 3733 4429 Vul-

383 4477 519 4545 gata
543 4470 807 4527 versione
838 4485 1014 4525 usum
1044 4467 1245 4523 videri.
2174 4526 2181 4531 _

366 4614 370 4619 ,
454 4559 589 4623 Quae
620 4556 856 4629 quidem
889 4556 1145 4612 rationes
1169 4555 1220 4611 si
1269 4555 1593 4612 habeantur
1621 4555 1841 4611 idoneis
1865 4559 1930 4610 ut
1959 4555 2067 4612 hoc
2111 4557 2305 4629 operis
2328 4556 2636 4613 Ambrosio
2682 4556 3068 4629 a‘djudicetur,
3102 4558 3314 4631 poterit
3360 4558 3527 4615 etiam
3572 4547 3733 4623 conjici

384 4666 453 4704 ex
486 4647 559 4701 iis
589 4662 717 4717 qua:
742 4644 885 4700 inibi
916 4644 988 4701 de
1017 4644 1249 4700 duabus
1277 4643 1492 4699 Christi
1539 4642 1937 4700 voluntatibus
1986 4646 2161 4716 atque
2207 4645 2645 4716 operationibus
2685 4647 3003 4703 traduntur
3050 4647 3196 4719 (cap.
3218 4648 3277 4713 7,
3317 4663 3479 4703 num.
3522 4646 3600 4711 38,
3635 4653 3732 4708 6⁸1³.

392 4738 473 4805 12,
508 4751 673 4791 num.
703 4735 795 4799 62,
826 4734 916 4800 64,
948 4736 1006 4787 et
1036 4732 1213 4803 aliis),
1246 4739 1540 4789 auctorem
1568 4737 1700 4805 post
1728 4738 1989 4789 exortam
2023 4733 2537 4790 Monothelitarum
2563 4734 2834 4791 haeresim
2866 4735 2927 4790 in
2957 4735 3102 4790 vivis
3133 4736 3343 4808 egisse.
3399 4736 3458 4791 In
3496 4747 3557 4787 ea
3581 4731 3732 4784 autem

382 4823 671 4881 sententia
701 4820 926 4878 clarum
956 4824 1046 4877 est
1076 4820 1291 4892 ipsum,
1325 4820 1598 4892 quisquis
1630 4820 1728 4877 ille
1758 4821 1855 4890 sit,
1880 4822 2325 4879 Ambrosianam
2355 4822 2702 4896 Apologiam
2734 4814 2844 4881 sibi
2874 4824 3250 4897 proposuisse
3298 4820 3646 4881 imitandum,
3687 4813 3729 4867 et

383 4931 497 4971 non
529 4911 722 4969 solum
755 4926 821 4966 ex
853 4925 921 4965 ea
960 4909 1017 4963 in
1046 4924 1195 4979 opus
1242 4924 1417 4963 suum
1446 4908 1701 4981 plurima
1728 4925 1860 4980 quae
1888 4908 2246 4983 amplificata
2263 4910 2411 4985 style
2440 4926 2549 4969 suo
2600 4913 3063 4969 accommodavit
3090 4914 3236 4987 (cap.
3289 4913 3343 4979 3,
3380 4904 3730 4968 transtulisse;

383 5002 485 5060 sed
529 4998 708 5057 etiam
767 5015 835 5054 ex
892 4996 1024 5054 aliis
1082 4996 1271 5053 sancti
1330 4996 1585 5053 doctoris
1643 4998 2259 5072 commentationibus,
2317 4995 2572 5057 maxime
2624 5014 2697 5057 ex
2752 5012 2820 5058 eo
2878 5001 3005 5059 loco
3062 5001 3389 5068 Comment,
3444 5000 3500 5055 in
3529 4995 3731 5062 Evange-

383 5090 527 5147 lium
596 5088 783 5155 Lucis,
853 5086 952 5143 ubi
1012 5102 1118 5143 cur
1171 5101 1203 5141 e
1257 5086 1662 5157 peccatoribus
1719 5086 2007 5159 originem
2063 5089 2277 5145 ducere
2333 5088 2565 5147 Christo
2619 5088 2927 5162 placuerit,
2989 5086 3401 5163 inquiritur.Et
3452 5088 3554 5144 hoc
3591 5088 3725 5150 ιιι-ευ·

382 5182 645 5238 mentum
695 5176 991 5233 videretur
1037 5191 1221 5231 unum
1271 5176 1542 5231 sufﬁcere
1590 5174 1663 5229 ad
1705 5175 2118 5233 vindicandam
2166 5178 2472 5235 Ambrosio
2517 5180 2837 5236 secundam
2886 5178 3048 5235 illam
3088 5180 3447 5253 Apologiam,
3495 5185 3612 5230 cum
3638 5178 3724 5253 n0!)

387 5267 573 5323 multo
605 5272 734 5339 post
764 5265 1010 5323 lectores
1039 5264 1112 5321 ad
1142 5264 1521 5336 scriptionem
1551 5263 1871 5336 quamdam
1896 5264 2176 5333 remittat,
2197 5282 2377 5339 quam
2401 5267 2529 5340 ipse
2557 5268 2615 5324 in
2647 5267 2956 5326 historiam
2987 5250 3166 5326 David
3195 5250 3627 5327 elucubraveril;
3655 5250 3726 5311 εδδ

386 5357 433 5409 ei
468 5354 679 5410 rationi
711 5354 864 5410 istuc
895 5354 1095 5421 ofﬁcit,
1130 5354 1284 5425 quod
1316 5369 1446 5425 quae
1476 5353 1736 5424 proxime
1766 5357 1900 5408 ante
1930 5360 2317 5411 memoratam
2362 5357 2700 5414 citationem
2750 5357 3051 5431 leguntur,
3097 5357 3159 5414 in
3202 5357 3391 5431 prima
3414 5349 3723 5427 reperiunt!lt

386 5440 682 5511 Apologia.
717 5442 818 5498 nis
848 5442 1029 5513 igitur
1052 5441 1245 5497 causis
1304 5441 1561 5508 adducti,
1594 5440 1844 5499 liberum
1902 5443 1976 5499 de
2004 5447 2241 5502 auctore
2296 5445 2476 5517 hujus
2499 5442 2681 5503 libelli
2737 5445 2942 5505 lectori
2967 5462 3098 5505 esse
3153 5446 3475 5511 voluimus;
3528 5442 3725 5503 can

388 5526 593 5581 saltem
614 5529 716 5596 jus
747 5529 825 5583 sit
847 5529 901 5583 in
936 5535 1237 5602 ambiguo,
1269 5531 1701 5603 possessionem
1733 5547 1860 5603 quas
1891 5532 2177 5588 hactenus
2226 5548 2404 5605 penes
2457 5535 2837 5591 Ambrosium
2899 5536 3026 5602 luit,
3057 5536 3248 5592 eidem
3309 5549 3422 5591 non
3451 5522 3725 5605 ρυωίίωιη

392 5614 811 5684 abrogandam.
