3894 6208
1312 345 1704 411 APOLOGIA
1727 345 1992 412 DA—VlD
2035 345 2370 410 ALTERA.

1357 512 1882 519 ——-———.————--—-—-—--—-——-—-—-
1913 512 2110 518 ——-—--—r.—
2131 515 2176 518 η-
2195 514 2256 518 -.----
2303 515 2306 517 λ
2353 513 2452 518 ----ο
2467 513 2514 517 —-—
2531 511 3483 522 -———-—-.—-————_____.._._._____..____
3500 517 3505 522 .
3528 517 3545 523 _

1379 991 1953 1056 MEDIOLANENSIS
1991 991 2307 1048 EPlSCOPl

1057 1184 1899 1320 APOLOGIA
2007 1186 2616 1314 ALTERA

1315 1447 1929 1532 ΡΒΟΡΗΕΤΑΞ
1996 1447 2067 1528 Ι)
2081 1447 2341 1532 AVID
2359 1513 2376 1531 .

1643 1631 2050 1642 _—.—————

551 1757 727 1811 705-
743 1758 779 1811 7
819 1756 1047 1812 CAPUT
1079 1757 1385 1813 PRIMUM.

147 1843 405 1917 Quosdam
427 1841 641 1917 ofendz’
665 1861 820 1916 posse
853 1845 994 1917 quod
1025 1848 1082 1900 in
1140 1846 1472 1901 adulterium
1533 1845 1788 1899 inciderit

212 1916 400 1979 David,
430 1920 483 1969 et
523 1916 772 1972 Christus
800 1916 1042 1972 oblatam
1067 1918 1174 1971 sibi
1203 1917 1511 1972 adulteram
1549 1917 1788 1971 absolve-

829 1987 939 2044 uod
995 1988 1141 2042 idem
1195 1989 1460 2059 propheta
1511 1991 1791 2059 peccatum

827 2059 911 2124 ed,
958 2063 1022 2114 ut
1058 2058 1228 2114 David
1281 2061 1567 2124 erraverit,
1627 2058 1790 2113 Chri-

209 2135 342 2202 stum
380 2144 577 2202 errare
611 2145 721 2184 non
773 2132 1012 2202 potuisse
1050 2130 1352 2187 ostenditur
1379 2147 1400 2192 ;
1439 2129 1791 2202 proindeun

208 2199 572 2273 explodendos
607 2216 714 2267 eos,
771 2199 868 2272 Qui
917 2201 1016 2257 Dei
1068 2204 1332 2273 potentiae
1369 2199 1470 2257 vel'
1496 2199 1788 2273 providen-

210 2272 299 2327 tia:
327 2271 651 2328 detrahunt.

213 2377 256 2430 1.
288 2381 560 2433 Fortasse
592 2376 903 2450 plerosque
936 2378 1148 2452 psalmi
1197 2379 1411 2435 titulus
1463 2378 1788 2446 offenderit,

148 2480 308 2535 quem
341 2466 598 2522 audistis
627 2466 738 2540 legi
766 2485 778 2522 :
814 2467 970 2540 quod
1000 2469 1220 2549 venerit
1250 2469 1320 2523 ad
1351 2467 1529 2552 David
1562 2467 1790 2522 Natban

145 2555 434 2626 propheta,
469 2572 607 2611 cum
654 2555 890 2611 intravit
947 2557 1016 2612 ad
1080 2557 1436 2613 Bethsabee:
1495 2557 1791 2628 simulque

148 2643 309 2698 etiam
342 2661 454 2700 non
510 2644 864 2701 mediocrem
923 2645 1287 2719 scrupulum,
1321 2663 1548 2702 movere
1605 2645 1793 2717 potuit

148 2729 422 2802 imperitis
463 2731 760 2805 Evangelii
793 2733 982 2800 lectio,
1017 2751 1143 2805 quae
1175 2734 1422 2790 decursa
1446 2740 1554 2802 est,
1587 2735 1645 2789 in
1675 2750 1790 2805 quo

147 2819 467 2876 advertistis
498 2819 827 2877 adulteram
856 2821 1082 2877 Christo
1113 2821 1388 2889 oblatam,
1407 2824 1791 2895 eamdemque

149 2907 262 2962 sine
277 2908 976 2966 damnationedimissam
1000 2913 1177 2980 (Joan.
1211 2913 1458 2983 vnnil).
1491 2913 1635 2968 Nam
1659 2929 1789 2985 pro-

151 2993 284 3051 lecto
313 2997 360 3052 si
393 2997 533 3069 quis
551 3015 619 3053 ea
647 2999 892 3056 auribus
915 3000 1161 3072 accipiat
1176 3000 1400 3068 otiosis,
1429 3001 1787 3058 incentivum

209 1989 282 2040 rit
309 2004 322 2040 :
349 1989 596 2042 maxime
631 2003 756 2042 vero

209 2058 548 2126 evulgaverit
579 2074 756 2113 suum.

153 3086 638 3164 errorisincurrit,
671 3103 802 3143 cum
830 3087 980 3162 leget
1011 3089 1197 3144 sancti
1214 3088 1321 3144 viri
1342 3088 1716 3158 adulterium,
1736 3093 1791 3145 et
1821 3127 1867 3191 B

149 3173 406 3231 adulteras
426 3175 860 3233 absolutionem
886 3195 898 3245 ;
924 3177 1180 3233 humano
1199 3179 1620 3250 propemodum
1645 3178 1788 3232 divi-

149 3276 326 3334 noque
357 3265 565 3337 lapsus
597 3265 884 3338 exemplo,
905 3265 1059 3338 quod
1092 3271 1147 3322 et
1177 3265 1352 3322 homo
1383 3268 1608 3339 putavit
1629 3265 1789 3322 adul-

150 3351 344 3408 terium
359 3371 489 3428 esse
504 3354 861 3419 faciendum,
883 3361 939 3411 et
957 3361 1106 3411 Deus
1125 3356 1413 3412 censuerit
1437 3355 1788 3411 adulterium

148 3451 250 3494 non
279 3457 404 3499 esse
442 3442 874 3500 damnandum.
912 3443 1160 3500 Lubrica
1189 3443 1371 3517 igitur
1427 3445 1498 3501 ad
1555 3443 1786 3517 lapsum

148 3526 229 3581 via
255 3530 337 3586 vel
365 3531 552 3589 veniae
587 3531 673 3587 vel
704 3534 1207 3604 concupiscentiae.

220 3627 267 3676 2.
301 3622 534 3678 Accedit
564 3621 729 3689 illud,
765 3622 916 3694 quod
955 3622 1111 3694 ipsas
1129 3621 1284 3679 faces
1307 3621 1594 3694 juvenilis
1624 3620 1790 3678 lasci-

147 3710 237 3767 viae
265 3712 488 3768 videtur
519 3711 874 3779 accendere;
910 3711 1048 3783 quia
1079 3712 1432 3767 adulterium
1464 3729 1636 3768 suum
1673 3727 1785 3767 non

147 3801 450 3868 erubuerit,
483 3817 602 3856 non
637 3799 900 3855 celaverit
939 3816 951 3853 :
997 3801 1097 3856 sed
1147 3801 1398 3872 quadam
1433 3801 1612 3856 divini
1663 3817 1786 3856 car-

150 3882 311 3946 minis
341 3887 751 3964 praadicatione
780 3888 1052 3962 vulgarit.
1086 3889 1236 3954 Quid
1266 3906 1400 3963 ergo
1432 3893 1552 3946 tam
1592 3890 1786 3963 impu-

150 3977 302 4045 dens,
333 3984 450 4034 tam
482 3977 850 4050 improvidus
879 3982 1118 4033 sanctus
1150 3977 1327 4033 David
1382 3978 1510 4046 fuit,
1553 3983 1618 4032 ut
1663 3979 1788 4050 ipse

146 4080 303 4122 suum
333 4069 598 4122 cantaret
625 4063 964 4138 Oprobrium
1001 4083 1013 4120 :
1049 4067 1302 4122 maxime
1355 4082 1488 4121 cum
1548 4066 1671 4138 ipse
1725 4067 1783 4120 in

145 4152 245 4210 alio
272 4172 528 4228 quoque,
571 4155 671 4226 qui
703 4154 876 4210 hodie
893 4155 1174 4210 decursus
1192 4154 1536 4226 est,psalmo
1554 4155 1780 4210 dixerit:

147 4264 169 4288 ‹‹
209 4241 540 4316 Usquequo,
572 4248 925 4315 peccatores,
963 4243 1223 4310 Domine,
1258 4259 1562 4315 usquequo
1589 4260 1785 4317 pecca-

146 4333 283 4387 tores
303 4330 714 4404 gloriabuntur
730 4333 898 4402 (Psat.
924 4348 1080 4398 xcni,
1104 4331 1207 4403 3)?
1228 4354 1256 4380 ››
1272 4329 1436 4386 Alios
1453 4330 1528 4387 de
1551 4337 1782 4403 peccato

148 4415 360 4488 gloriari
408 4420 708 4493 prohibet,
767 4425 822 4476 et
853 4419 977 4491 ipse
1008 4419 1184 4475 etiam
1242 4425 1468 4476 sacrato
1526 4421 1782 4476 carmine

147 4503 423 4575 gloriatur.
456 4509 760 4575 Quomodo
793 4509 972 4581 igitur
1003 4507 1114 4563 ista
1157 4503 1580 4581 distinguimus
1610 4510 1640 4564 ?

207 4595 254 4652 3.
287 4598 418 4653 Esto
451 4605 670 4666 tamen,
699 4598 872 4652 David
896 4595 1226 4669 petulanter
1247 4598 1553 4654 errraverit
1575 4616 1586 4654 :
1609 4616 1778 4655 num-

149 4683 271 4753 quid
304 4691 359 4741 et
384 4687 654 4743 Christus
677 4686 908 4754 erravit,
943 4689 1006 4740 ut
1035 4690 1310 4758 putemus
1341 4703 1475 4741 eum
1516 4704 1628 4743 non
1692 4706 1777 4744 re-

154 4775 292 4828 :tum
321 4774 601 4832 habuisse
627 4774 916 4847 judicium
939 4773 967 4829 ?
992 4775 1143 4831 Bene
1171 4792 1308 4847 ergo
1338 4776 1508 4846 quasi
1560 4777 1634 4833 ad
1680 4795 1779 4834 eos

147 4859 305 4917 David
338 4865 510 4921 hodie
544 4864 910 4936 prOphetavit
939 4864 1138 4920 dicens
1165 4881 1177 4918 :
1207 4886 1236 4913 ‹‹
1271 4864 1599 4938 lntelligite,
1633 4867 1776 4920 insi-

148 4946 373 5019 pientes,
411 4953 562 5010 708
594 4957 651 5008 et
680 4951 847 5010 stulti
893 4951 1205 5026 aliquando
1225 4953 1412 5025 sapite
1445 4953 1604 5025 (Ibid.
1637 4956 1710 5023 8).
1747 4980 1774 5006 ››

147 5033 425 5098 Quomodo
456 5042 613 5098 enim
658 5041 925 5098 Christus
980 5041 1172 5113 potuit
1201 5041 1435 5097 errare?
1496 5043 1603 5098 Fas
1660 5061 1773 5099 non

149 5128 227 5179 est
263 5133 322 5183 ut
351 5129 458 5186 hoc
486 5130 680 5186 veniat
707 5131 767 5185 in
799 5147 1010 5186 sensus
1040 5134 1291 5186 nostros.
1327 5154 1352 5180 ‹‹
1374 5129 1777 5206 Quiplantavit

151 5225 332 5272 aurem
363 5235 477 5274 non
509 5221 696 5285 audit,
741 5224 841 5274 aut
871 5219 971 5290 qui
1003 5219 1170 5277 ﬁnxit
1198 5219 1455 5288 oculum,
1491 5237 1606 5278 non
1638 5237 1773 5277 con-

148 5298 391 5361 siderat?
419 5307 524 5372 Qui
557 5307 797 5381 corripit
845 5313 1068 5381 gentes,
1102 5325 1216 5363 non
1248 5313 1486 5381 arguet;
1514 5310 1613 5381 qui
1671 5311 1772 5367 do-

208 5445 617 5515 (l)Edit.Gill.
673 5452 731 5506 in
795 5451 1078 5522 margine,
1137 5451 1209 5506 ad
1265 5451 1433 5508 Rom.
1484 5453 1544 5508 in
1595 5458 1772 5520 textu,

141 5522 404 5637 gemitum
449 5532 746 5594 appareat;
783 5524 1028 5580 sobrium
1084 5526 1286 5593 tamen,
1345 5529 1455 5579 etc.
1513 5529 1588 5579 At
1636 5527 1771 5582 edit.

189 5601 263 5637 ra.
295 5596 350 5637 et.
377 5593 571 5637 eadem
607 5593 737 5637 Gill.
764 5594 820 5637 in
855 5609 1095 5637 nnrnnm
1139 5605 1271 5637 num
1299 5609 1423 5637 mag
1475 5597 1750 5637 nmnihnn

189 5601 263 5642 ra.
295 5596 350 5668 et
377 5593 574 5649 eadem
607 5593 740 5650 Gill.
764 5594 1116 5668 incorpore,
1139 5605 1275 5650 cum
1299 5609 1443 5651 mss.
1475 5597 1771 5666 omnibus,

140 5667 404 5730 peccatum
457 5673 713 5743 appareat
757 5666 1125 5742 subreptum:
1182 5668 1387 5740 tamen,
1440 5671 1548 5728 eto.
1610 5668 1775 5739 Quod

1812 1764 1862 1824 Α
1894 1759 1983 1809 cet
2014 1754 2309 1810 hominem
2343 1754 2647 1810 scientiam
2682 1756 2838 1824 (Ibid.
2872 1758 2906 1809 9
2938 1757 3550 1834 lOi?»Cbristusergo

1899 1844 2256 1914 interrogare
2289 1843 2541 1916 culpam,
2577 1850 2626 1898 et
2650 1846 3324 1917 accusationemjustam
3351 1851 3551 1905 audire

1901 1933 2190 1987 nescivit?
2215 1933 2482 1988 Christus
2516 1936 2901 2005 petulantiam
2939 1935 3124 2005 potuit
3174 1940 3495 2008 approbare
3525 1941 3552 1994 ?

1897 2021 2182 2088 Christus,
2203 2021 2302 2093 qui
2325 2022 2562 2092 corripit
2584 2031 2803 2094 gentes.
2838 2025 3197 2093 arguendam
3224 2025 3546 2083 adulteram

1901 2127 2014 2165 non
2056 2110 2327 2182 putavit?
2371 2111 2657 2174 Christus,
2721 2112 2816 2183 qui
2878 2113 3031 2168 novit
3086 2114 3551 2188 uniuscujusque

1899 2200 2090 2254 cordis
2122 2201 2368 2266 interna,
2405 2205 2460 2254 et
2491 2200 2793 2254 scientiam
2827 2202 2992 2256 docet
3048 2201 3214 2274 legis,
3268 2210 3370 2259 aut
3429 2205 3548 2260 falli

1899 2287 2090 2358 potuit
2119 2293 2329 2356 errato,
2387 2293 2489 2344 aut
2545 2295 2746 2344 contra
2801 2289 2948 2361 legis
2998 2291 3206 2346 seriem
3231 2292 3553 2363 judicare?

1897 2376 1968 2430 Et
1996 2378 2290 2447 quomodo
2322 2375 2444 2448 ipse
2475 2378 2656 2432 dixit:
2692 2402 2717 2426 ‹‹
2756 2379 2876 2432 Non
2911 2380 3038 2434 veni
3069 2378 3257 2452 legem
3306 2381 3548 2449 solvere,

1901 2466 2001 2520 sed
2022 2463 2556 2536 adimplero(;i!atth.
2573 2483 2626 2532 ν,
2643 2468 2729 2538 17)
2752 2466 2779 2520 ‘?
2802 2489 2826 2515 ››
2851 2467 3140 2536 Christus,
3157 2469 3257 2541 qui
3273 2471 3550 2527 condem-

1900 2557 2002 2608 nat
2029 2553 2278 2623 occulta,
2311 2553 2499 2624 potuit
2529 2553 2902 2610 dissimulare
2935 2555 3170 2628 vulgata
3191 2557 3218 2612 ?
3260 2559 3548 2628 Christus,

1899 2643 1999 2712 qui
2031 2642 2166 2697 fecit
2195 2647 2686 2713 tempora,potest
2717 2644 2940 2698 nescire
2972 2648 3278 2716 tempora?
3307 2648 3412 2710 Qui
3441 2666 3550 2703 no—

1897 2729 1979 2785 vit
2008 2731 2390 2801 cogitationes
2421 2730 2727 2786 hominum
2761 2749 2957 2798 vanas,
3003 2750 3116 2788 non
3163 2740 3319 2790 novnt
3373 2736 3549 2792 etiam

1899 2820 2248 2874 criminosas
2264 2819 2292 2873 ‘I

1972 2909 2023 2962 -‘l.
2061 2908 2128 2961 Et
2164 2908 2293 2962 ideo
2329 2908 2473 2963 satis
2513 2908 2628 2963 illis
2688 2925 3034 2980 responsum
3096 2912 3193 2977 sit,
3249 2913 3346 2984 qui
3415 2931 3550 2969 cum

1900 2997 2229 3052 Creatorem
2263 3015 2471 3069 negare
2503 3015 2616 3053 non
2650 2999 2895 3068 possint,
2930 3004 3142 3070 negant
3197 3005 3393 3057 tamen
3451 3021 3549 3075 po-

1899 3087 2142 3142 tentiam
2175 3086 2459 3141 Creatoris
2489 3102 2500 3139 :
2537 3087 2637 3158 qui
2670 3101 2802 3142 cum
2854 3087 3203 3159 sapientiam
3237 3092 3549 3158 fateantur,

1899 3175 2295 3246 insipientiam
2327 3179 2616 3240 asserunt,
2651 3175 2976 3244 objiciendo
3009 3176 3058 3230 ei
3094 3178 3550 3248 imprudentiam

1898 3264 2251 3318 futurorum.
2274 3263 2352 3318 De
2379 3279 2494 3334 quo
2520 3280 2748 3334 possem
2761 3262 3017 3318 uslatius
3035 3265 3254 3320 dicere:
3281 3269 3378 3320 sed
3398 3268 3550 3322 alius

1897 3352 2232 3425 propositus
2263 3352 2434 3407 nobis
2464 3351 2690 3406 videtur
2742 3368 2870 3407 esse
2930 3356 3230 3408 tractatus.
3293 3355 3360 3408 Et
3421 3356 3551 3413 licet

1898 3442 2256 3496 diversarum
2289 3442 2470 3496 series
2500 3442 2745 3495 decursa
2775 3441 2854 3494 sit
2887 3439 3227 3506 lectionum,
3279 3443 3332 3496 in
3391 3461 3548 3499 eam-

1898 3531 2028 3584 dem
2063 3534 2255 3584 tamen
2291 3529 2668 3584 assertionem
2703 3527 3031 3600 proficiunt,
3053 3531 3372 3587 etmaxime
3390 3534 3549 3604 psal-

1899 3620 1979 3673 mi
2010 3618 2221 3673 titulus
2245 3623 2302 3674 et
2332 3617 2674 3688 Evangeiica
2700 3617 2889 3672 lectio.
2925 3618 3034 3673 Sed
3058 3620 3327 3689 quamvis
3348 3638 3546 3678 conve-

1897 3708 2022 3762 niat
2053 3725 2167 3763 uno
2200 3709 2464 3774 assertio,
2493 3713 2687 3762 tamen
2715 3708 2884 3777 juxta
2922 3707 3185 3762 ordinem
3233 3709 3544 3766 lectionum

1898 3797 1974 3852 sit
2004 3797 2144 3852 ordo
2176 3802 2495 3852 tractatus:
2531 3803 2585 3851 et
2618 3796 2744 3853 ideo
2775 3797 2844 3852 de
2887 3797 3054 3854 titulo
3114 3798 3323 3870 psalmi
3382 3801 3546 3871 prius

1897 3887 2268 3941 tractandum
2299 3886 2550 3941 videtur.

2566 3999 2793 4056 CAPUT
2825 4001 2892 4056 ll.

1897 4093 2180 4162 Proposito
2209 4099 2530 4162 argumento
2559 4100 2746 4144 auctor
2774 4091 2868 4162 [ιιέ
2905 4106 3011 4144 non
3073 4092 3240 4162 facile
3285 4092 3544 4161 jmii'ran-

1965 4160 2336 4234 «(amiseribit
2373 4161 2499 4234 Tum
2531 4177 2638 4231 quo
2691 4160 2899 4234 ordine,
2949 4169 3000 4234 et
3027 4161 3175 4231 apud
3204 4160 3333 4234 quas
3363 4163 3542 4217 homi-

1964 4249 2058 4288 nes
2089 4232 2260 4286 David
2284 4233 2522 4286 errantis
2577 4247 2803 4285 causam
2831 4233 2904 4286 sit
2960 4231 3301 4301 defensurus,
3363 4235 3541 4303 expli-

1962 4309 2069 4359 cat.

1962 4422 2015 4475 5.
2050 4418 2352 4490 Proposita
2367 4415 2465 4473 'est
2496 4416 2754 4481 historia,
2789 4433 2914 4488 qua:
2946 4417 3299 4473 adulterium
3335 4419 3544 4476 habeat

1809 4492 1853 4557 Ο
1891 4515 1947 4565 et
1979 4507 2381 4564 homicidium.
2415 4506 2560 4560 Nam
2591 4505 2672 4559 ita
2727 4507 3050 4577 reperimus
3111 4508 3165 4560 in
3204 4507 3350 4562 libro
3399 4509 3539 4562 scri-

1890 4603 2055 4670 ptum
2083 4614 2210 4653 esse
2241 4597 2573 4668 Regnorum
2601 4613 2612 4650 :
2640 4595 2984 4665 quia'David
3022 4613 3117 4651 rex
3162 4613 3296 4652 cum
3336 4597 3537 4652 dcam-

1890 4688 2116 4742 bularet
2149 4687 2204 4740 in
2238 4686 2411 4741 domo
2444 4702 2572 4752 sua,
2605 4683 2892 4739 lavantem
2930 4702 2989 4740 se
3025 4684 3168 4740 Uriaa
3200 4686 3343 4742 vidit
3401 4703 3537 4741 uxo-

1890 4793 2032 4844 rem,
2069 4774 2400 4846 amavitque
2432 4773 2609 4843 illico,
2645 4777 2699 4827 et
2732 4773 2913 4842 jussit
2973 4775 3258 4830 accersiri.
3325 4775 3538 4830 Deinde

1886 4866 2075 4920 virum
2106 4866 2234 4935 ejus
2265 4865 2655 4930 innocentem,
2691 4868 2754 4916 ut
2795 4863 3096 4934 Scriptura
3142 4863 3385 4927 inducit,
3419 4863 3538 4917 bel-

1885 4953 2170 5010 latoribus
2201 4953 2375 5023 objici
2402 4952 2586 5022 jussit
2616 4951 2938 5018 acerrimis,
2979 4958 3040 5005 ut
3071 4953 3123 5004 vi
3160 4950 3310 5005 109
3341 4950 3536 5021 oppri-

1886 5047 2144 5098 meretur
2177 5040 2369 5100 hostili
2393 5041 2462 5110 (11
2493 5045 2620 5108 Reg.
2654 5056 2729 5102 χι,
2762 5039 2942 5107 2-16).
2979 5039 3105 5092 Haec
3168 5039 3318 5092 facta
3375 5042 3532 5109 sunt,

1886 5148 1989 5186 nec
2021 5133 2348 5201 negantur:
2384 5127 2674 5199 quomodo
2700 5125 2882 5196 igitur
2911 5125 3346 5181 defenduntur?
3387 5126 3536 5183 Bene

1885 5221 2161 5276 admonet
2191 5214 2532 5288 Evangelica
2562 5213 2732 5268 lectio
2763 5215 2938 5283 (Joan.
3003 5231 3123 5274 vm.
3188 5215 3298 5284 11),
3357 5214 3533 5270 etiam

1884 5324 2016 5365 cum
2049 5308 2349 5379 peccatum
2384 5305 2659 5376 appareat
2688 5303 3032 5374 subreptum
3060 5320 3072 5370 ;
3109 5306 3302 5359 tamen
3336 5304 3411 5374 (1)
3444 5304 3536 5360 de-

1885 5451 2124 5526 quialem
2156 5465 2272 5504 non
2304 5444 2530 5502 malum
2563 5461 2801 5526 sensum
2833 5443 3534 5526 eliﬁcietitainterpre‘tnn-

1883 5515 1966 5581 ti:
1999 5523 2176 5579 etiam
2207 5535 2341 5575 eum
2365 5521 2644 5589 appareat
2700 5520 3001 5589 peccatum
3057 5515 3318 5589 cuipiam
3369 5517 3533 5572 obre-

1885 5596 2074 5670 psisse
2104 5608 2267 5670 ;_n_on
2299 5585 2496 5670 tamen
2526 5585 2960 5670 est-cujuslibet
2985 5585 3335 5645 sententiam
3362 5589 3533 5658 ferre,

1883 5658 1988 5729 sed
2012 5664 2258 5746 judicia,
2282 5660 2564 5721 nimirum
2586 5658 2822 5720 Christi.
