3894 6208
444 325 517 385 31
1868 327 1934 387 S.
1979 328 2045 388 Al

2166 330 2353 392 ROSII
3642 341 3751 405 πε

3742 418 3751 453 l

414 460 544 512 iure
577 474 705 511 esse
729 456 950 527 judicis
971 456 1264 527 judicium
1300 472 1312 510 ε
1357 474 1421 512 ac
1482 472 1801 513 memorem
1858 477 2071 512 unum-
2105 462 2153 525 Α
2188 462 2407 525 ilingnt.
2438 465 2669 536 culpam
2719 465 3005 537 praedicet,
3064 466 3310 524 crimina
3365 467 3643 537 defendat;
3683 492 3736 544 qu

410 565 705 619 qui-mque
733 564 861 601 esse
892 551 1157 617 Oportcre
1190 564 1307 599 suae
1367 546 1719 602 conditionis
1750 556 1803 601 et
1852 567 1960 602 mei
1982 550 2063 601 ili.

408 653 571 707 sape
603 637 759 690 enim
784 636 959 690 etiam
996 637 1053 688 in
1077 636 1400 704 judicando
1432 637 1628 705 majus
1647 642 1969 706 peccatum.
1997 639 2065 705 ju

409 725 543 780 dicii
575 729 684 794 est,
718 741 895 795 quam
928 730 1226 795 peccatum
1261 724 1449 795 ipsius
1479 726 1563 778 de
1582 741 1697 796 quo
1730 725 2068 795 fucritjudi-

408 820 625 869 catum.
688 815 835 869 Nam
895 814 945 869 si
995 814 1399 885 prwscriptum
1449 818 1539 869 est
1612 832 1648 868 a
1713 815 2063 885 quibusdam

406 904 775 975 sapientibus
798 904 999 957 mundi
1030 905 1128 973 ('2),
1149 910 1211 957 ut
1242 903 1942 973 injudicandocaveatur,
1972 920 2067 958 ne-

405 994 596 1063 major
616 1008 786 1063 pcena
819 1008 997 1062 quam
1030 993 1210 1062 culpa
1242 993 1337 1057 sit,
1363 992 1539 1062 idque
1561 996 1826 1046 servatur
1847 1010 1859 1046 :
1879 1009 2062 1063 quan-

404 1089 463 1137 to
496 1081 686 1154 magis
716 1081 773 1134 id
808 1078 1165 1133 servandum
1196 1080 1445 1143 videtur,
1460 1087 1532 1132 aut
1553 1079 1961 1149 unusquisque
1992 1081 2063 1133 de

405 1170 939 1240 aliojudicaturus,
977 1168 1047 1221 de
1098 1184 1159 1222 se
1192 1167 1315 1237 ipso
1348 1167 1508 1239 prius
1532 1167 1772 1236 judicet,
1807 1183 1911 1221 nec
1948 1168 2060 1220 mi-

406 1278 549 1315 nora
578 1259 637 1312 in
670 1257 783 1312 alio
813 1262 1006 1311 errata
1034 1257 1404 1321 condemnet,
1455 1273 1587 1309 cum
1624 1257 1747 1326 ipse
1799 1256 2063 1326 graviora

405 1347 767 1405 commiserit
796 1345 825 1398 ?
854 1345 994 1409 Quis
1024 1360 1087 1398 es
1112 1344 1288 1415 igitur
1318 1348 1400 1409 tu,
1431 1344 1527 1415 qui
1571 1343 1746 1398 David
1791 1350 2057 1398 sanctum

403 1435 846 1505 virumjudicas
871 1438 893 1486 ἓ*
923 1433 1134 1488 Gcntili
1166 1433 1314 1491 dico.
1332 1433 1535 1487 Juda-o
1558 1433 1709 1498 dico,
1731 1432 2058 1487 Christiano

403 1528 575 1591 dico;
625 1529 685 1578 et
723 1524 850 1577 ideo
882 1521 1169 1593 tripertito
1210 1522 1353 1574 mihi
1413 1522 1864 1587 distinguendus
1930 1539 2058 1577 esse

401 1616 634 1669 videtur
662 1616 967 1677 tractatus,
994 1628 1146 1665 unus
1177 1611 1455 1665 adversus
1485 1610 1754 1681 gentiles,
1781 1609 1931 1665 alius
1956 1610 2055 1665 ad-

400 1721 604 1759 versus
633 1702 891 1763 Judzcos,
926 1701 1135 1755 tertius
1166 1700 1320 1770 apud
1360 1699 1742 1754 Christianos.

1036 1787 1271 1843 CAPUT
1304 1788 1395 1842 lll.

403 1882 635 1936 Gentiles
666 1883 844 1932 monet
886 1895 949 1931 ne
970 1886 1081 1931 tum
1138 1884 1425 1931 erranlcm.
1487 1894 1649 1945 quam
1705 1878 2054 1946 pauitantem

474 1952 643 2007 David
674 1952 987 2020 respiciant.
1033 1965 1159 2019 quia
1219 1950 1360 2001 sicut
1414 1948 1555 2000 illud
1610 1951 1687 2001 est
1744 1949 2054 2002 hominibus

470 2037 774 2083 commune,
808 2023 881 2073 ita
915 2021 1013 2072 hoc
1043 2036 1229 2071 rarum
1274 2021 1330 2071 in
1400 2020 1634 2086 regibus.
1709 2020 1837 2072 Tum
1888 2036 2051 2088 quam

467 2094 709 2164 proclive
762 2095 834 2145 sit
887 2092 1033 2144 vinci
1091 2090 1339 2164 libidine,
1381 2089 1644 2164 dcc/arat,
1701 2101 1750 2144 et
1806 2090 2053 2144 adductis

469 2162 781 2219 sanctorum
814 2165 1056 2216 virorum
1084 2162 1348 2230 emnplis
1377 2162 1682 2226 conﬁrmat.

469 2255 523 2308 6.
561 2252 793 2307 Primus
835 2266 970 2319 ergo
1030 2248 1315 2302 adversus
1358 2248 1606 2319 gentiles
1656 2248 1797 2301 mihi
1860 2265 2051 2303 sermo

399 2346 510 2406 est,
545 2340 644 2413 qui
678 2339 1021 2411 plerumque
1054 2337 1347 2405 objectare
1401 2342 1862 2391 consueverunt:
1910 2339 2053 2392 Ecce

400 2429 696 2502 quomodo
726 2426 1040 2482 Christiani
1077 2424 1464 2479 innocentiam
1495 2430 1842 2496 sequuntur,
1877 2426 2050 2480 fidem

400 2519 737 2591 praeferunt,
774 2515 1115 2587 religionem
1146 2520 1515 2578 venerantur,
1557 2513 1884 2568 castitatem
1951 2515 2052 2568 do-

396 2611 548 2673 cent,
581 2621 833 2677 quorum
866 2603 1160 2675 principes
1189 2607 1246 2657 et
1284 2601 1600 2656 homicidia
1655 2606 1711 2656 et
1768 2601 2052 2657 adulteria

396 2696 601 2751 fecisse
632 2694 961 2766 produntur
984 2692 1011 2746 ?
1042 2692 1169 2762 Ipse
1202 2691 1381 2745 David
1416 2691 1486 2745 de
1518 2691 1688 2761 cujus
1718 2708 1949 2761 genere,
1989 2697 2052 2745 ut

392 2783 609 2853 dicitis,
662 2782 820 2836 nasci
872 2780 1139 2835 Christus
1185 2778 1378 2851 elegit,
1441 2778 1754 2833 homicidia
1818 2796 1925 2834 sua
1995 2786 2050 2833 et

393 2871 679 2927 adulteria
703 2869 1049 2925 decantavit.
1082 2871 1152 2921 Et
1180 2868 1383 2938 quales
1415 2872 1661 2940 possunt
1689 2884 1817 2923 esse
1873 2869 2048 2924 disci-

393 2961 540 3033 puli,
571 2975 822 3031 quorum
854 2957 1002 3012 tales
1034 2955 1299 3027 magistri
1323 2961 1463 3010 sunt
1489 2956 1517 3009 ?

461 3052 521 3103 7.
551 3048 700 3114 Quid
734 3046 953 3118 igitur?
984 3045 1275 3115 Negamus
1304 3044 1541 3110 factum,
1567 3061 1639 3100 an
1670 3045 2047 3116 repudiamus

392 3138 740 3211 magistrum
766 3135 793 3189 '?
825 3134 977 3189 Nihil
1012 3134 1243 3188 borum.
1265 3133 1375 3187 Sed
1408 3134 1508 3205 qui
1539 3134 1791 3205 speciem
1823 3135 2041 3205 objicit,

390 3225 873 3282 communitatem
906 3221 1252 3277 consideret.
1285 3222 1519 3293 Species
1552 3222 1685 3276 facti
1718 3226 1827 3290 est,
1881 3240 2043 3278 com-

391 3316 652 3370 munitas
677 3320 917 3368 naturaa.
952 3310 1106 3366 Nihil
1133 3326 1270 3381 ergo
1304 3310 1513 3365 mirum
1548 3312 1597 3364 si
1632 3311 1784 3365 intra
1804 3328 2042 3383 genera-

388 3403 613 3457 litatem
646 3402 870 3473 species
899 3404 1007 3453 est.
1042 3404 1308 3471 Agnosco
1341 3399 1496 3452 enim
1530 3398 1827 3453 hominem
1862 3400 2043 3454 fuisse

392 3491 594 3557 David,
619 3496 678 3545 et
708 3488 853 3543 nihil
887 3488 1099 3541 mirum
1127 3506 1139 3541 ε
1175 3504 1428 3558 agnosco
1450 3504 1784 3552 commune,
1836 3494 1899 3542 ut
1945 3488 2044 3543 hn-

391 3597 487 3635 mo
519 3583 734 3651 peccet.
767 3577 880 3631 Nec
919 3577 1076 3632 enim
1125 3594 1273 3631 nova
1330 3576 1641 3631 inﬁrmitas
1694 3576 2042 3632 conditionis

389 3668 684 3731 humanas,
720 3666 1024 3736 magisque
1048 3666 1261 3719 mirum
1280 3665 1511 3719 videtur
1540 3666 1588 3719 si
1608 3665 1782 3719 homo
1806 3670 2039 3737 peccato

388 3761 603 3821 careat,
637 3771 815 3824 quam
855 3755 905 3808 si
937 3759 1241 3825 peccatum
1293 3752 1529 3823 aliquod
1563 3753 1809 3809 affectet.
1859 3755 2042 3827 Igitur

392 3844 650 3917 peccavit
680 3844 756 3914 (3)
789 3847 1027 3897 sanctus
1060 3841 1262 3908 David,
1297 3840 1458 3895 nullo
1488 3842 1764 3912 ambiguo
1792 3858 1894 3896 vos
1950 3847 2038 3897 te-

386 3933 558 4001 nebo,
604 3931 738 3985 fecit
793 3930 1174 3997 adulterium,
1228 3934 1598 3983 commentus
1654 3935 1741 3984 est
1800 3929 2040 3985 homici-

388 4022 575 4089 dium,
609 4024 665 4075 et
693 4023 1061 4074 commentus
1088 4023 1177 4073 est
1205 4023 1264 4072 et
1294 4017 1530 4089 peregit.
1567 4018 1828 4073 Peccavit
1881 4019 2037 4089 quod

383 4110 574 4165 solent
604 4125 769 4181 reges
794 4127 807 4176 ;
843 4107 943 4163 sed
976 4106 1379 4179 paenitentiam
1402 4106 1584 4178 gessit
1604 4112 1662 4162 et
1687 4106 1862 4175 ﬂevit,
1884 4108 2037 4179 quod

383 4214 496 4253 non
530 4196 721 4253 solent
746 4212 929 4269 reges.
968 4195 1212 4268 Rogavit
1267 4195 1518 4261 veniam,
1580 4211 1695 4249 non
1757 4212 2039 4267 arrogans

382 4285 708 4358 potestatis,
743 4287 845 4340 sed
868 4284 1230 4339 infirmitatis
1260 4301 1378 4340 suae
1410 4284 1682 4339 conscius
1702 4302 1722 4345 ;
1780 4289 2036 4356 prostra-

389 4381 485 4431 tus
512 4375 572 4429 in
608 4380 821 4430 terram
860 4373 1049 4447 cilicio
1097 4391 1159 4429 se
1219 4372 1468 4445 cperuit,
1521 4372 1740 4427 oblitus
1802 4363 2033 4443 imperii

379 4468 437 4517 et
469 4479 692 4518 memor
728 4464 931 4534 culpae.

2142 551 2153 558 '
2181 564 2339 619 putet
2373 552 2482 607 sibi
2515 555 2669 623 quod
2702 571 2817 609 non
2850 556 3034 622 decet,
3068 573 3183 610 non
3217 556 3385 614 licere
3416 577 3429 614 :
3478 560 3571 631 qui
3617 578 3665 617 se
3705 564 3754 619 le-

2175 640 2347 709 gibus
2377 641 2705 713 obstringat
2734 644 2898 709 suis;
2931 650 2988 699 et
3017 647 3173 717 quod
3208 663 3308 717 per
3355 648 3624 716 justitiam
3669 669 3753 707 non

2175 726 2330 793 licet,
2366 746 2471 784 nec
2531 747 2633 802 per
2689 737 3033 799 potestatem
3092 734 3264 789 licere
3329 737 3625 807 agnoscat?
3667 738 3755 795 Non

2174 818 2332 871 enim
2358 819 2531 874 solvit
2564 825 2821 891 potestas
2860 822 3176 891 justitiam,
3236 824 3336 879 sed
3383 825 3600 894 justitia
3645 833 3757 898 pote-

2174 911 2419 971 statem;
2449 924 2551 961 nec
2581 907 2812 980 legibus
2841 927 2936 963 rex
2973 910 3200 964 solutus
3231 918 3338 970 est.
3373 913 3474 967 sed
3509 912 3644 986 leges
3681 932 3756 972 suo

2173 993 2345 1048 solvit
2375 996 2659 1068 exemplo.
2692 1000 2778 1051 An
2811 999 2935 1051 fieri
2969 1003 3160 1069 potest
3192 1004 3253 1053 ut
3282 1000 3383 1072 qui
3426 1002 3495 1056 de
3537 1001 3653 1059 aliis
3684 1005 3754 1074 ju-

2174 1083 2361 1146 dicat,
2396 1102 2501 1138 suo
2533 1085 2656 1155 ipse
2689 1086 2763 1139 sit
2790 1085 3203 1156 liberjudicio,
3230 1094 3289 1142 et
3328 1089 3386 1141 in
3420 1105 3480 1143 se
3509 1090 3751 1161 suscipiat,

2173 1172 2232 1225 in
2266 1188 2380 1242 quo
2411 1180 2465 1227 et
2496 1174 2642 1228 alios
2671 1175 2999 1247 astringat?

2238 1269 2292 1322 9.
2330 1268 2523 1323 Bonus
2552 1285 2688 1340 ergo
2713 1270 2914 1339 David,
2945 1277 3001 1325 et
3032 1272 3217 1326 multo
3266 1274 3645 1329 admirabilior
3682 1279 3753 1348 qui

2170 1361 2515 1429 potestatein
2546 1357 2702 1425 vicit,
2734 1374 2908 1429 quam
2941 1360 3040 1430 qui
3069 1377 3352 1416 amorem.
3384 1363 3616 1418 Castitas
3640 1366 3755 1419 enim

2168 1446 2395 1517 corpori
2432 1462 2855 1517 nonnunquam
2899 1448 3179 1513 defertur,
3212 1451 3538 1521 frequenter
3588 1453 3752 1513 errori;

2168 1538 2423 1605 potestas
2460 1538 2571 1587 Deo
2603 1535 2910 1599 subditur;
2946 1541 3001 1590 et
3028 1537 3261 1592 facilius
3291 1540 3394 1609 qui
3425 1556 3485 1594 se
3512 1540 3567 1594 in
3608 1557 3755 1596 amore

2168 1622 2454 1689 cohibeat,
2489 1639 2667 1693 quam
2690 1623 2747 1677 in
2782 1628 3067 1694 potestate
3104 1625 3458 1681 moderetur.
3491 1627 3605 1682 Non
3657 1640 3753 1698 ergo

2171 1711 2423 1781 ignoscis
2451 1712 2605 1781 quod
2641 1712 2835 1766 minus
2866 1719 2975 1777 est,
3010 1713 3069 1767 in
3113 1731 3231 1785 quo
3285 1716 3509 1785 majora
3557 1716 3752 1771 miraris.

2168 1800 2415 1853 Lubrica
2434 1799 2589 1853 enim
2623 1799 2679 1852 in
2712 1800 2987 1856 omnibus
3010 1800 3353 1858 hominibus
3387 1809 3444 1858 et
3475 1821 3639 1876 prona
3682 1822 3752 1859 na-

2164 1893 2295 1942 tura
2335 1890 2647 1959 peccandi;
2706 1889 2933 1943 lubrica
2984 1892 3163 1945 etiam
3207 1892 3265 1946 in
3327 1893 3495 1947 bonis
3550 1892 3752 1948 moribus

2163 1977 2398 2032 licentia
2427 1977 2747 2048 potestatis,
2781 1983 2837 2031 et
2866 1977 3082 2034 oblatio
3116 1979 3433 2035 facultatis.
3488 1981 3598 2037 Non
3637 1983 3749 2037 enim

2163 2067 2342 2120 distat
2370 2067 2459 2120 ira
2484 2066 2636 2137 regis
2666 2066 2738 2119 ab
2771 2066 2856 2120 ira
2888 2066 3110 2123 leonis:
3156 2070 3258 2123 sed
3293 2070 3397 2140 qui
3425 2069 3660 2125 stimulat
3700 2069 3750 2123 il-

2162 2154 2283 2208 lum
2315 2155 2767 2222 etadmiscetur,
2796 2160 2991 2227 peccat
3013 2155 3072 2210 in
3104 2156 3367 2211 animam
3390 2175 3569 2212 suam.
3589 2159 3748 2213 Caveat

2167 2259 2301 2313 ergo
2334 2259 2405 2297 ne
2435 2232 2697 2298 stimulet
2725 2243 2939 2315 aliquis
2987 2249 3363 2316 potestatem,
3423 2264 3491 2303 ne
3544 2247 3749 2302 cassibus
3826 2276 3827 2316 ξ

2163 2332 2360 2386 anima
2384 2332 2611 2386 irretita
2634 2335 2948 2405 corporeis,
2961 2336 3100 2390 vitio
3130 2352 3192 2391 se
3219 2353 3334 2391 non
3369 2337 3548 2407 possit
3573 2353 3747 2391 exuere.

2162 2422 2286 2476 Non
2308 2437 2445 2492 ergo
2479 2420 2692 2477 mirum
2724 2421 2774 2478 si
2802 2423 2978 2478 etiam
3011 2424 3190 2480 David
3243 2426 3443 2498 specie
3473 2425 3647 2497 lapsus
3684 2428 3747 2480 est

2162 2509 2505 2579 potestatis:
2538 2511 2639 2565 sed
2674 2511 2857 2565 multo
2889 2511 3147 2584 amplius
3171 2514 3596 2583 admirandum,
3635 2514 3745 2585 quod
3826 2570 3827 2577 η

2163 2597 2294 2651 ﬁdei
2328 2596 2819 2668 contemplatione
2849 2606 3170 2656 revocatur.

2233 2698 2319 2750 10.
2352 2694 2598 2749 Videtur
2628 2696 2807 2767 igitur
2844 2697 2997 2768 quod
3042 2703 3306 2769 potestas
3339 2699 3458 2754 haec
3512 2697 3746 2755 saecularis
3826 2680 3827 2731 ‘

2160 2785 2495 2856 frequenter
2527 2784 2669 2839 nihil
2702 2785 2907 2857 prosit,
2939 2789 2997 2841 et
3024 2785 3379 2860 plerumque
3407 2789 3580 2843 obsit:
3630 2801 3741 2858 sepe

2159 2874 2317 2929 enim
2349 2872 2533 2944 culpa:
2573 2874 2762 2928 exitus
2815 2874 2873 2929 in
2932 2875 3281 2931 auctoritate
3338 2882 3429 2931 est
3483 2877 3739 2949 potestatis.

2156 2961 2283 3017 Noli
2314 2962 2516 3033 igitur,
2548 2962 2884 3032 quicunque
2914 2978 2977 3017 es
3006 2979 3124 3028 rex,
3159 2963 3231 3017 de
3260 2964 3523 3034 potentia
3548 2968 3598 3018 et
3614 2960 3738 3017 facul-

2156 3055 2273 3106 tate
2303 3066 2693 3121 prassumere;
2726 3066 2826 3105 cor
2854 3049 3007 3106 enim
3040 3052 3195 3123 regis
3227 3053 3285 3106 in
3323 3069 3502 3108 manu
3552 3049 3737 3113 Domini,

2158 3138 2282 3194 Noli
2313 3138 2417 3192 tibi
2450 3139 2521 3193 de
2553 3138 2900 3210 populorum
2934 3140 3299 3210 subjectione
3333 3141 3604 3196 blandiri:
3644 3138 3737 3210 quia

2156 3245 2271 3283 non
2303 3226 2624 3282 salvabitur
2652 3243 2750 3281 rex
2782 3244 2883 3298 per
2926 3227 3371 3285 multitudinem
3405 3228 3614 3284 virtutis
3657 3241 3737 3281 sua!

2152 3334 2257 3372 nec
2289 3318 2453 3389 gigas
2476 3315 2673 3370 salvas
2711 3316 2821 3370 erit
2851 3316 2907 3369 in
2943 3315 3323 3373 multitudine
3370 3318 3587 3372 virtutis
3632 3331 3733 3371 sua.

2150 3406 2275 3459 Non
2309 3405 2464 3459 enim
2497 3404 2555 3457 in
2580 3403 2717 3459 altis
2764 3404 3279 3459 tabernaculorum
3344 3404 3601 3477 fastigiis,
3648 3415 3735 3474 pre-

2150 3493 2415 3563 tiosoque
2442 3496 2726 3547 tectorum
2757 3491 3030 3556 culmine,
3061 3493 3162 3548 sed
3218 3510 3404 3565 snper
3455 3490 3732 3548 timentibus

2146 3597 2280 3635 eum
2315 3580 2459 3635 bene
2490 3579 2769 3651 placitum
2800 3588 2889 3636 est
2920 3581 3183 3647 Domino,
3218 3589 3278 3636 et
3310 3582 3405 3637 his
3428 3581 3521 3654 qui
3548 3580 3732 3651 sperant

2149 3684 2325 3739 super
2356 3668 2759 3723 misericordia
2799 3669 2946 3739 ejus.

2221 3757 2305 3810 11.
2343 3756 2649 3810 Lubricam
2683 3756 2862 3828 igitur
2883 3756 3151 3812 videmus
3171 3758 3244 3813 ad
3269 3758 3415 3813 vitia
3434 3760 3737 3830 potestatem.

2148 3860 2252 3899 nec
2279 3848 2477 3899 tamen
2507 3860 2738 3915 semper
2766 3845 3035 3900 inﬂexam
3067 3846 3315 3901 dixerim
3349 3864 3362 3900 :
3397 3846 3646 3918 quoniam
3677 3856 3737 3895 re-

2146 3933 2260 4007 gali
2292 3937 2573 4005 potestate
2602 3932 2916 3988 sublimem
2946 3940 3003 3989 et
3053 3935 3233 3990 David
3296 3936 3541 4008 legimus
3590 3930 3735 3987 cultus
3826 3952 3827 3967 ι

2146 4022 2378 4078 auxisse
2407 4021 2655 4090 divinos,
2679 4027 2735 4076 et
2759 4022 3129 4081 Salomonem
3152 4024 3444 4096 templum
3470 4024 3573 4079 Deo
3589 4032 3738 4077 conse-
3826 4012 3827 4015 “

2146 4127 2361 4166 crasse.

2220 4201 2306 4252 12.
2341 4199 2507 4252 Nunc
2538 4197 2681 4252 illud
2716 4199 2869 4269 quod
2913 4199 3392 4271 perstrinximus,
3447 4209 3736 4256 asseramus

2148 4286 2482 4342 facultatem
2525 4286 2873 4358 imperandi,
2913 4288 3272 4344 incentivum
3316 4306 3446 4345 esse
3498 4281 3762 4361 peccandir

2143 4380 2203 4430 et
2232 4375 2555 4457 secundum
2590 4375 2842 4430 historiae
2895 4377 3106 4432 seriem
3164 4394 3600 4451 prosequamur.
3646 4372 3733 4428 Non
3826 4400 3827 4457 ι

2146 4463 2531 4519 adulterasset
2562 4463 2741 4517 David
2798 4464 2973 4519 alieni
3026 4466 3129 4536 jus
3186 4465 3364 4534 thori,
3425 4471 3479 4521 et
3530 4458 3734 4519 fcederati
3826 4500 3827 4549 ι

453 4554 507 4604 8-
541 4552 721 4614 Quem
756 4550 899 4603 mihi
935 4550 1181 4619 hujusce
1212 4548 1368 4603 modi
1392 4547 1646 4618 reperias
1678 4548 1862 4602 virum
1895 4550 2045 4605 710
2076 4554 2121 4617 D
2152 4557 2323 4625 pacta
2352 4551 2630 4623 coniugii,
2666 4553 2777 4608 nisi
2811 4554 3028 4608 nudam
3060 4560 3118 4608 et
3139 4553 3433 4611 lavantem
3492 4552 3731 4609 mulierem

387 4654 502 4710 quo
535 4637 594 4691 in
628 4641 913 4708 potestate
945 4638 1294 4692 consiitutus
1324 4652 1439 4690 non
1473 4636 1658 4707 magis
1680 4642 1917 4707 peccata
1935 4653 2041 4691 sua

451 4751 527 4822 (2)
550 4752 791 4814 Quando
822 4751 1056 4820 quidem
1089 4768 1243 4819 pinna
1272 4758 1345 4803 est
1402 4764 1565 4805 noxae
1597 4748 1895 4822 _vinrlicl:{?,
1950 4751 2040 4820 leg

380 4820 516 4877 13.
560 4822 686 4903 Dig.
742 4822 832 4903 tit.
873 4897 881 4903 _
926 4822 991 4876 de
1058 4822 1207 4903 reri).
1269 4823 1462 4889 signi/2
1524 4820 1632 4901 col.
1697 4822 1860 4903 1ζζί15ζ
1906 4829 2037 4903 rect

376 4892 758 4965 consequitur
806 4893 957 4948 inter
1015 4898 1320 4963 utramque
1377 4907 1496 4965 rem
1554 4892 1795 4965 inveniri
1830 4893 2035 4948 debere

376 4962 830 5037 proportionem.
873 4962 1241 5037 Quapropter
1262 4962 1586 5037 conditores
1611 4963 1823 5034 legum,
1846 4966 2034 5020 varias

375 5035 577 5109 pmnas
620 5037 805 5109 variis
837 5036 1183 5109 criminibus
1233 5035 1605 5105 assignando,
1663 5051 2031 5109 summopere

375 5107 441 5187 ut
493 5108 583 5187 his
614 5107 1197 5187 illaaresponderent,
1242 5107 1897 5187 _prospcxcrunt.hSed_
1924 5108 2030 5162 hac

374 5179 446 5232 de
476 5195 536 5233 re
566 5180 627 5234 in
660 5176 997 5235 universum
1031 5176 1466 5249 sapientissime
1497 5176 1848 5249 przecripitur,
1883 5182 2026 5235 tom.

373 5249 578 5323 3pand
620 5250 691 5323 ﬂ'._
729 5250 840 5323 leg.
895 5252 983 5323 ad.
1047 5250 1137 5323 tit,
1178 5248 1263 5323 -de
1290 5250 1509 5323 _pu'nis,
1571 5248 1910 5323 col.__155ti,
1970 5250 2027 5304 in

375 5317 532 5391 hunc
563 5317 841 5375 moduni:
879 5342 904 5369 ι(
940 5317 1413 5391 Perspiciendum
1456 5323 1543 5373 est
1572 5318 1903 5391 judicanti,
1957 5337 2029 5374 ne

377 5389 518 5459 quid
548 5398 647 5445 aut
669 5392 898 5456 durius,
930 5396 1031 5445 aut
1060 5389 1366 5445 remissius
1397 5390 1812 5458 constituatur,
1845 5406 2022 5460 quam

377 5476 553 5531 caaus
577 5463 783 5531 poscit.
815 5463 928 5516 Nec
958 5461 1112 5516 enim
1142 5466 1241 5515 aut
1271 5460 1596 5515 severitatis
1626 5466 1728 5515 aut
1776 5460 2025 5515 clemen-

375 5531 469 5585 tiae
501 5529 685 5599 gleria
725 5532 1048 5587 attentanda
1102 5536 1222 5586 est:
1284 5531 1384 5585 sed
1444 5548 1727 5602 perpenso
1778 5532 2026 5601 judicio,

420 5605 552 5675 rout
586 5618 995 5675 Δ(ιιιέθερῳιθηιτεδει
1048 5604 1420 5675 expostulat,_
1473 5603 1849 5675 statuendum
1918 5611 2024 5659 cst.

420 5617 552 5655 rout
599 5618 843 5673 quaeque
902 5620 995 5658 res
1048 5617 1398 5675 expostutat,
1473 5617 1849 5658 statuendum
1918 5617 2024 5659 cst.

374 5617 554 5734 glans
581 5672 642 5728 in
674 5670 987 5730 levioribus
1017 5672 1210 5731 causis
1256 5670 1555 5747 proniores
1596 5673 1671 5731 ad
1728 5671 2026 5735 lenitatem

2151 4644 2222 4697 de
2253 4642 2466 4697 domus
2495 4657 2616 4695 suae
2660 4642 3036 4697 interioribus
3065 4642 3327 4699 vidisset.
3364 4645 3429 4699 Et
3466 4643 3581 4697 ideo
3630 4640 3733 4693 bene
3826 4676 3827 4683 η

2138 4757 2370 4831 judices
2402 4772 2529 4810 esse
2560 4756 2810 4831 debent;
2844 4757 2903 4810 in
2926 4757 3290 4828 gravioribus
3343 4758 3540 4831 poenis
3570 4747 3729 4831 severi-

2145 4825 2324 4908 tatem
2359 4825 3729 4908 legum‘eumal_iqnotemperamentobenignitatis

2110 4890 2123 4907 '
2149 4890 2453 4970 subsequi.
2489 4920 2516 4948 ››
2554 4898 2751 4969 Neque
2780 4890 3123 4970 hisabsona
3156 4901 3332 4954 tradit
3368 4890 3633 4955 Horatius.
3659 4892 3729 4946 lib.

2145 4972 2165 5025 Ι
2195 4969 2372 5025 Serm.
2407 4974 2517 5025 sat.
2551 4970 2604 5035 3,
2640 4970 2736 5023 ubi
2770 4970 2854 5024 sic
2886 4969 3096 5025 habet:

3483 5041 3577 5091 Cur
3601 5047 3683 5085 non

2266 5101 2598 5151 Ponderibus
2626 5101 2962 5165 modulisque
2991 5104 3101 5153 suis
3129 5103 3265 5153 ratio
3299 5106 3489 5153 utitur:
3519 5116 3573 5149 ac
3598 5111 3665 5165 res

2266 5166 2329 5214 Ut
2358 5178 2587 5228 quasque
2617 5170 2712 5225 est,
2746 5167 2819 5214 ita
2854 5164 3127 5229 suppliciis
3158 5166 3352 5216 delicta
3383 5164 3613 5216 coercet?

2137 5246 2207 5300 Et
2237 5244 2413 5299 infra:

3388 5314 3588 5365 ...Adsit

2262 5378 2484 5440 Regula,
2510 5380 2738 5440 peccatis
2767 5393 2887 5443 quas
2916 5393 3105 5444 pinnas
3134 5381 3327 5444 trroget
3348 5392 3538 5442 aequas.

2208 5465 2285 5547 (3)
2315 5465 2465 5520 Edit.
2499 5466 2653 5527 Era.,
2679 5483 2842 5536 quam
2897 5469 2948 5522 si
2973 5473 3256 5539 peccatum
3307 5468 3565 5537 iniquitas
3608 5458 3715 5540 [ςεζι-

2137 5537 2321 5596 Iaztur
2376 5541 2577 5596 peccat.
2636 5536 2802 5594 Rom.
2855 5556 2922 5593 ac
2982 5556 3106 5596 mss
3187 5542 3320 5596 duo.
3378 5552 3537 5596 quam
3598 5548 3637 5586 si
3676 5542 3716 5581 In

2137 5548 2321 5609 Igitur
2370 5548 2577 5608 peacat,
2636 5548 2802 5594 ttom.
2855 5556 2922 5593 ac
2982 5556 3106 5596 mss
3187 5548 3320 5605 duo,
3378 5552 3537 5612 quam
3598 5548 3713 5610 ειμι

2134 5616 2412 5681 peccatum
2440 5608 2664 5663 incidat.
2695 5612 2839 5665 Fecit
2876 5611 3051 5680 igitur
3093 5621 3370 5685 peccatum
3406 5654 3422 5677 ,
3472 5611 3569 5664 etc.
3619 5596 3713 5657 Glu-

2137 5683 2195 5739 et
2224 5679 2412 5738 ceteri
2442 5678 2587 5739 mss.
2621 5684 2687 5737 ut
2711 5679 2772 5739 in
2802 5685 2981 5739 textu.

2137 5695 2195 5739 Θῐο
2224 5695 2412 5738 οωιθιδι
2442 5695 2587 5740 mss.
2621 5695 2687 5737 ιιι
2711 5696 2772 5739 ω
2802 5695 2981 5740 tutu.
