3894 6208
140 338 309 417 Μ,

1314 345 1704 413 APOLOGIA
1747 341 1986 412 DAVID
2027 345 2360 413 ALTERA.

3426 329 3577 415 9'34‘

176 488 431 559 scriptum
459 487 547 540 est
579 478 763 539 :cNon
794 478 1065 540 intendas
1094 482 1152 538 in
1187 483 1449 539 mulieris
1480 485 1731 555 speciem
1768 502 1779 540 :
1813 489 1865 552 Α
1897 483 2162 538 adultera
2193 484 2385 539 omnis
2416 484 2712 541 Christum
2746 460 2959 540 habere
2988 489 3333 558 prmsentem
3370 485 3534 556 (Ibid.

173 582 222 633 et
245 591 350 632 non
376 572 749 646 concupiscas
779 571 1086 628 mulierem
1116 571 1304 643 (Eccli.
1335 589 1466 639 xxv,
1488 573 1601 644 28).
1636 594 1665 622 »
1686 574 1785 629 Ait

172 663 293 721 alibi
341 677 355 717 :
406 684 427 711 ι
477 661 557 716 Ab
608 660 770 716 omni
814 658 1152 717 irreverenti
1200 658 1370 715 oculo
1427 674 1563 716 cave
1592 660 1780 732 (Eccli.

167 767 301 818 xxvr,
333 749 434 820 14).
467 768 495 797 ››
524 746 679 803 Nihil
710 747 781 804 de
809 745 1181 804 continentiae
1229 750 1341 803 tuae
1389 747 1607 804 virtute
1638 765 1781 820 prie-

170 854 365 897 sumas.
396 835 618 892 Etenim
649 859 678 886 «
709 835 1017 893 fornicatio
1048 835 1314 892 mulieris
1350 834 1411 891 in
1449 834 1788 892 extollentia

169 927 460 995 oculorum,
492 928 550 982 et
591 924 650 980 in
682 924 979 998 palpebris
1025 923 1187 981 illius
1234 928 1584 998 agnoscetur
1623 924 1779 996 (Ibid.

171 1017 274 1086 12);
319 1019 373 1071 et
414 1013 539 1071 ideo
589 1030 829 1070 causam
876 1013 1068 1086 primo
1124 1011 1346 1085 peccati
1394 1013 1551 1085 fuge.
1600 1013 1782 1069 Nemo

174 1106 297 1160 1H
329 1103 478 1159 enim
531 1102 632 1157 diu
678 1101 847 1158 fortis
876 1105 983 1157 est.
1026 1100 1226 1174 Neque
1274 1099 1467 1172 fragili
1526 1104 1780 1170 tantum,

169 1193 253 1248 sed
281 1190 430 1248 omni
477 1190 701 1246 homini
732 1190 946 1246 dicitur
974 1205 987 1245 :
1027 1209 1049 1237 ι
1080 1189 1206 1245 Non
1236 1192 1294 1244 te
1335 1188 1531 1245 vincat
1570 1206 1781 1246 concu-

163 1279 417 1353 pisceutia
448 1279 646 1335 formas
676 1279 857 1349 (Prov.
888 1295 969 1347 vr,
1000 1278 1092 1349 25)
1127 1293 1140 1332 :
1174 1299 1204 1329 »
1238 1277 1289 1333 si
1320 1293 1437 1333 non
1466 1278 1555 1333 vis
1601 1278 1780 1345 vinci,

164 1385 265 1425 non
308 1367 674 1441 congrediare
722 1367 996 1440 peccatis,
1029 1383 1101 1423 ne
1130 1367 1202 1422 de
1231 1370 1286 1423 te
1314 1365 1454 1422 vitia
1501 1382 1780 1423 coronen-

163 1461 247 1512 tur
271 1473 282 1511 :
309 1479 336 1506 ‹‹
359 1471 545 1528 neque
574 1456 825 1529 capiaris
849 1455 1057 1524 oculis,
1090 1471 1278 1527 neque
1306 1454 1620 1527 abripiaris
1659 1454 1781 1527 pal-

160 1545 332 1617 pebris
359 1545 563 1617 (Ibid.).
597 1566 626 1593 »
657 1543 800 1601 Vilis
843 1545 947 1600 tibi
998 1541 1211 1600 mulier
1255 1542 1487 1599 videtur
1535 1544 1607 1600 ad
1653 1561 1783 1616 pre-

158 1633 308 1701 tium,
338 1634 435 1690 sed
464 1633 634 1689 fortis
664 1634 737 1688 ad
765 1632 976 1689 vitium
1010 1633 1086 1706 (4)
1121 1650 1133 1688 :
1168 1631 1308 1704 quia
1345 1655 1366 1682 ι
1402 1631 1619 1688 mulier
1637 1632 1785 1688 viro-

158 1739 270 1778 rum
298 1722 582 1795 pretiosas
613 1723 843 1778 animas
869 1722 1026 1794 capit
1052 1720 1216 1791 (Ibid.
1249 1722 1363 1791 26).

220 1811 295 1867 13.
328 1809 573 1867 Difficile
601 1814 691 1866 est
722 1812 919 1883 itaque
949 1815 1015 1866 ut
1045 1809 1359 1882 quisquam
1390 1808 1653 1865 libidinis
1704 1810 1779 1865 ir-

157 1899 339 1955 retitus
383 1899 696 1964 illecebris,
732 1898 1015 1954 immunis
1058 1897 1285 1954 evadat.
1319 1898 1433 1952 Nec
1477 1914 1608 1953 mea
1652 1897 1779 1953 tan'—

156 1994 265 2045 tum
292 1988 396 2044 hoc
425 1987 723 2045 sententia
761 1986 997 2043 difﬁcile
1037 1986 1342 2057 judicatur
1392 2002 1405 2040 ε
1459 1986 1559 2041 sed
1606 1985 1782 2042 etiam

156 2078 321 2132 sancti
370 2076 706 2133 Salomonis
761 2074 1086 2145 Proverbiis
1134 2073 1501 2147 impossibile
1551 2076 1782 2146 judica-

154 2170 264 2221 tum
308 2170 412 2237 est,
463 2163 569 2239 qui
623 2181 731 2220 suo
777 2164 990 2220 ductus
1038 2162 1300 2235 exemplo
1333 2161 1457 2218 ait:
1493 2186 1519 2212 «
1555 2163 1785 2236 Ligabit

158 2254 276 2326 quis
305 2254 496 2327 ignem
528 2253 590 2309 in
623 2253 778 2319 sinu,
803 2252 1151 2309 vestimenta
1177 2256 1373 2307 autem
1406 2268 1520 2307 non
1544 2252 1783 2307 combu-

152 2342 265 2398 ret?
290 2342 388 2398 Vel
418 2340 751 2399 ambulabit
780 2342 915 2414 quis
944 2356 1123 2413 super
1151 2341 1434 2397 carbones
1475 2339 1652 2413 ignis,
1686 2355 1783 2412 pe-

154 2431 243 2486 des
289 2436 480 2488 autem
538 2447 654 2487 non
701 2430 1005 2487 comburet
1053 2428 1211 2501 (Ibid.
1260 2430 1352 2494 27,
1402 2428 1545 2501 28)?
1584 2451 1605 2478 ι
1639 2429 1784 2485 Cave

154 2535 275 2593 ergo
304 2525 358 2577 et
383 2525 445 2575 tu
479 2535 557 2575 ne
587 2519 741 2575 intra
769 2519 968 2574 sinum
999 2521 1111 2573 tua:
1143 2516 1359 2573 mentis
1413 2517 1606 2589 ignem
1654 2515 1784 2572 libi-

156 2608 293 2665 dinis
338 2612 393 2666 ct
438 2624 703 2666 amorem
750 2606 1055 2675 acccndas,
1105 2623 1178 2662 nc
1223 2621 1567 2678 corporeum
1614 2606 1785 2662 vesti-

157 2702 403 2754 mentum
430 2697 536 2754 illo
566 2696 749 2752 animi
776 2699 1156 2752 consumatur
1188 2693 1550 2763 incendio,ac
1581 2709 1787 2767 perpe-

158 2787 407 2844 tuitatem
454 2783 902 2843 resurrectionis
950 2783 1188 2840 amittas
1221 2800 1234 2840 :
1267 2782 1357 2838 vel
1406 2786 1560 2839 certe
1604 2782 1787 2838 vesti-

157 2875 304 2948 gium
331 2880 442 2932 tuae
473 2874 693 2931 mentis
722 2877 944 2940 uratur,
976 2873 1026 2928 si
1060 2888 1162 2945 per
1190 2870 1506 2927 libidinum
1536 2871 1691 2928 faces
1722 2871 1790 2927 ti-

160 2965 211 3020 bi
264 2964 558 3037 putaveris
610 2977 739 3019 esse
786 2960 1195 3036 gradiendum.
1244 2960 1393 3017 Nam
1446 2960 1547 3033 qui
1599 2952 1792 3016 uritur

157 3053 332 3122 corde,
362 3051 736 3110 comburitur
761 3067 1018 3124 corpore.

223 3143 300 3197 14.
333 3141 624 3198 Omnibus
669 3139 851 3214 igitur
898 3138 1089 3196 modis
1134 3138 1362 3195 lasciva;
1411 3137 1677 3195 mulieris
1706 3140 1789 3194 vi-

1816 1857 1863 1921 B

1897 574 1982 637 10,
2015 574 2132 643 eo).

1966 663 2055 717 15.
2096 662 2272 718 Vides
2303 662 2480 735 igitur
2511 664 2747 735 quantis
2774 665 2949 720 rebus
2979 665 3153 720 etiam
3205 666 3542 718 sanctorum

1892 750 2070 805 corda
2094 750 2419 822 capiantur,
2454 756 2510 807 et
2542 752 2669 808 ideo
2698 770 2768 808 ne
2801 752 3052 817 mireris,
3105 753 3153 807 si
3203 751 3375 808 etiam
3410 769 3545 807 san-

1893 842 2021 894 ctus
2053 839 2225 893 David
2260 844 2469 911 captus
2499 845 2613 897 est.
2650 841 2755 895 Vir
2783 841 3020 913 quidem
3054 857 3328 913 magnus,
3353 843 3410 895 et
3440 840 3543 911 qui

1892 925 2255 999 allophylum
2286 927 2605 984 immanem
2639 946 2896 1001 corpore,
2932 929 3113 985 armis
3144 944 3385 1000 quoque,
3424 927 3546 982 bel-

1892 1014 2018 1070 licis
2058 1014 2454 1071 inhorrentem
2505 1016 2619 1072 fide
2668 1017 2891 1084 vicerit,
2926 1019 3026 1073 sed
3073 1018 3297 1073 utinam
3328 1033 3389 1072 se
3419 1016 3545 1088 ipse

1890 1101 2147 1169 vicisset,
2183 1103 2409 1159 utinam
2457 1104 2610 1160 sicut
2657 1104 2824 1160 illum
2876 1105 3274 1161 adversarium
3317 1104 3542 1174 stravit,

1891 1191 1978 1247 sic
2008 1191 2340 1247 interiorem
2376 1192 2772 1248 adversarium
2825 1211 2998 1249 suum
3049 1196 3307 1248 sternere
3340 1210 3404 1248 ac
3446 1211 3542 1247 su-

1892 1296 2092 1352 perare
2123 1281 2438 1351 potuisset!
2469 1280 2708 1336 Gravior
2737 1286 2823 1335 est
2854 1298 3051 1355 pugna
3081 1283 3205 1352 ejus
3238 1280 3337 1353 qui
3381 1282 3543 1336 intus

1894 1384 2071 1439 quam
2105 1367 2267 1424 illius
2299 1368 2400 1441 qui
2431 1369 2572 1425 foris
2603 1370 2872 1426 dimicat.

1966 1458 2057 1511 16.
2099 1456 2208 1512 Sed
2243 1457 2387 1528 quid
2420 1457 2492 1512 de
2520 1458 2644 1513 solo
2676 1459 2852 1513 David
2879 1458 3131 1530 loquor?
3160 1460 3545 1515 Accersamus

1891 1544 2071 1601 etiam
2101 1543 2247 1601 alios
2279 1546 2349 1601 ad
2381 1551 2691 1601 tractatum
2747 1548 3190 1617 hujusmodi,ne
3240 1546 3547 1615 imbecilli-

1891 1636 2072 1689 tatem
2105 1633 2286 1688 David
2338 1635 2546 1707 magis,
2583 1636 2757 1689 unius
2805 1635 3027 1691 scilicet
3075 1633 3354 1697 hominis,
3387 1641 3547 1707 pute-

1893 1738 2027 1777 mus
2076 1711 2253 1794 quam
2299 1738 2582 1795 corporea:
2635 1724 2992 1779 conditionis
3025 1724 3207 1779 fuisse
3237 1723 3546 1780 inﬁrmita-

1892 1814 2036 1866 tem.
2075 1814 2317 1866 Samson
2352 1811 2578 1866 validus
2628 1818 2684 1866 ct
2734 1814 2896 1867 fortis
2946 1814 3169 1868 leonem
3221 1812 3544 1883 suifocavit,

1895 1898 1995 1952 sed
2029 1915 2283 1955 amorem
2334 1917 2508 1955 suum
2560 1902 2844 1956 suffocare
2892 1917 3007 1955 non
3060 1899 3282 1972 potuit;
3313 1900 3547 1957 vincula

1895 1985 2376 2055 solvit‘hostium,
2407 1989 2505 2043 sed
2541 2005 2780 2043 suarum
2818 2006 2930 2044 non
2964 1989 3135 2043 solvit
3176 2005 3361 2045 nexus
3395 1991 3545 2046 712

1895 2074 2320 2147 cupiditatum;
2387 2092 2608 2157 messes
2658 2076 2917 2132 incendit
2968 2076 3209 2142 alienas,
3261 2081 3316 2131 et
3368 2076 3544 2132 unius

1892 2162 2018 2234 ipse
2054 2163 2318 2219 mulieris
2350 2180 2631 2220 accensus
2664 2164 2919 2235 igniculo
2969 2181 3221 2220 messem
3270 2182 3388 2220 sum
3434 2166 3547 2219 vir-

1892 2251 2039 2307 tutis
2068 2252 2290 2308 amisit.
2326 2251 2601 2320 Salomon
2636 2253 2920 2326 templum
2965 2254 3081 2309 Deo
3125 2252 3406 2321 condidit,
3444 2254 3546 2309 sed

1895 2340 2119 2395 utinam
2151 2341 2409 2413 corporis
2440 2341 2531 2396 sui
2570 2340 2853 2413 templum
2908 2341 3034 2413 ipse
3082 2341 3401 2397 servasset!
3434 2341 3545 2398 Ve-

1895 2444 2026 2484 rum
2060 2428 2131 2484 ad
2162 2428 2359 2501 ipsum
2392 2447 2423 2484 a
2465 2446 2581 2501 quo
2630 2430 2922 2499 discessit,
2954 2434 3279 2486 revertatur
3327 2430 3538 2486 oratio.

1894 2516 2303 2589 Triumphavit
2334 2517 2512 2573 David
2548 2518 2605 2572 in
2639 2519 2839 2573 decem
2871 2517 3156 2586 millibus,
3189 2519 3291 2573 sed
3333 2517 3547 2573 erravit

1893 2606 1954 2661 in
2010 2606 2215 2678 viginti
2273 2611 2331 2661 et
2388 2606 2646 2678 amplius
2714 2606 2996 2671 millibus,
3039 2612 3095 2661 et
3135 2607 3272 2677 quia
3311 2607 3546 2674 erravit,

1896 2694 2193 2750 hominem
2226 2711 2288 2751 se
2319 2710 2448 2751 esse
2478 2694 2764 2765 cognovit,
2798 2695 3103 2751 confessus
3147 2697 3236 2750 est
3282 2692 3542 2767 culpam,

1893 2782 2123 2838 veniam
2155 2782 2500 2855 deprecatus
2520 2791 2608 2839 est
2652 2784 2852 2839 dicens
2883 2784 2954 2837 ad
2986 2783 3299 2838 Dominum
3335 2800 3348 2838 :
3376 2805 3404 2832 ‹‹
3436 2783 3546 2839 Do-

1896 2872 2081 2941 mine,
2126 2888 2199 2927 ne
2241 2872 2299 2926 in
2347 2871 2436 2927 ira
2477 2876 2581 2927 tua
2616 2888 2831 2944 arguas
2863 2888 2975 2940 me,
3009 2887 3196 2943 neque
3246 2870 3304 2925 in
3355 2872 3547 2927 furore

1897 2965 1999 3015 tuo
2045 2960 2326 3032 corripias
2377 2978 2492 3017 me.
2562 2960 2835 3017 Miserere
2882 2961 3018 3027 mei,
3080 2960 3343 3026 Domine,
3403 2977 3547 3033 quo-

1900 3048 2058 3104 niam
2089 3047 2360 3104 inﬁrmus
2388 3065 2520 3104 sum
2554 3050 2729 3119 (Psal.
2770 3066 2849 3116 v1,
2881 3053 2937 3118 2,
2969 3050 3047 3119 3).
3091 3050 3150 3103 Si
3184 3049 3360 3103 David
3392 3050 3549 3103 infir-

1902 3154 2055 3205 mus,
2089 3141 2153 3192 tu
2184 3137 2349 3193 fortis
2380 3136 2484 3193 es?
2514 3137 2572 3192 Si
2607 3138 2884 3194 Salomon
2929 3137 3131 3209 lapsus
3182 3141 3291 3204 est,
3324 3142 3383 3192 tu
3436 3136 3545 3192 im-

156 3231 358 3287 tandus
386 3245 673 3288 occursus
706 3234 813 3286 est.
847 3228 917 3284 Et
944 3228 1073 3285 ideo
1126 3250 1155 3277 ‹‹
1206 3227 1575 3301 prudentiam
1623 3227 1791 3285 disci-
1818 3220 1862 3288 C
1901 3225 2181 3283 mobilis?
2209 3226 2269 3282 Si
2312 3224 2528 3281 Paulus
2576 3227 2803 3297 primus
2841 3231 3230 3298 peccatorum,
3266 3231 3327 3279 tu
3380 3231 3544 3297 potes

155 3319 341 3390 pulam
389 3318 632 3392 acquire
675 3317 781 3373 tibi
811 3317 909 3389 (5).
940 3316 1152 3389 inquit,
1188 3320 1254 3372 ut
1294 3321 1351 3372 te
1395 3316 1689 3373 custodiat
1716 3317 1790 3373 ab

156 3424 317 3465 uxore
364 3407 563 3465 aliena
609 3410 669 3463 et
713 3405 1027 3463 fornicaria
1077 3406 1259 3478 (Prov.
1290 3422 1390 3473 vn,
1423 3405 1477 3472 4,
1518 3405 1575 3476 5)
1609 3421 1621 3460 :
1657 3427 1685 3454 »
1716 3420 1789 3461 ne

152 3497 204 3551 te
237 3495 461 3569 laqueis
492 3494 785 3551 labiorum
826 3509 1068 3551 suorum
1119 3497 1311 3550 teneat
1357 3492 1703 3566 obligatum,
1734 3497 1793 3551 et

154 3583 439 3641 criniculis
463 3582 684 3643 erroris
712 3581 987 3638 involvat.
1020 3583 1220 3654 Itaque
1250 3583 1405 3638 unde
1433 3582 1645 3638 debeas
1694 3599 1791 3639 ca-

150 3689 271 3729 vere
302 3673 673 3731 meretricem
704 3669 985 3744 propheta
1029 3675 1085 3726 te
1134 3670 1350 3737 docuit,
1383 3672 1448 3726 ut
1475 3688 1510 3727 a
1540 3670 1793 3728 fenestra

153 3775 344 3818 caveas
383 3762 571 3833 huius
616 3759 922 3830 ingressus
953 3758 1109 3831 (Ibid.
1143 3759 1225 3830 6..)
1253 3760 1301 3813 A
1331 3759 1583 3815 fenestra
1632 3760 1789 3815 enim

151 3849 349 3908 domus
396 3866 522 3908 sua
570 3849 770 3905 intrat.
823 3848 1100 3903 Fenestra
1145 3847 1275 3918 ejus
1320 3851 1410 3903 est
1446 3846 1655 3904 oculus
1688 3865 1701 3903 :
1733 3851 1792 3904 et

150 3936 269 3995 ideo
293 3940 365 3995 ab
394 3936 561 3995 omni
590 3935 924 3993 irreverenti
956 3934 1123 3991 oculo
1170 3951 1329 4003 cave,
1359 3952 1432 3991 ne
1485 3952 1587 4007 per
1634 3935 1787 3992 fcne-

148 4027 322 4082 atram
393 4029 651 4082 introeat
718 4040 903 4091 amor,
969 4022 1151 4080 libido
1220 4026 1502 4096 penetret.
1564 4023 1786 4080 Etenim

150 4114 348 4172 mulier
377 4113 697 4173 fornicaria
725 4111 893 4168 illicit
919 4112 1050 4168 visu
1077 4115 1400 4168 amatorem
1425 4127 1440 4189 ξ
1473 4115 1531 4168 et
1560 4111 1673 4167 nisi
1697 4128 1790 4185 pe-

147 4202 424 4260 tulantem
473 4203 749 4258 obtutum
803 4200 1020 4257 mentis
1070 4199 1372 4271 animique
1426 4194 1786 4272 compescas,

148 4305 297 4348 mors
325 4290 662 4365 ingreditur
703 4305 807 4362 per
848 4288 1186 4345 fenestram.
1219 4287 1346 4344 Non
1376 4290 1467 4344 est
1496 4286 1789 4345 desidiosa

146 4379 463 4451 petulantia
524 4376 868 4441 meretricis,
928 4393 1045 4433 non
1102 4376 1290 4432 otiosa
1341 4374 1599 4444 lascivia,
1658 4392 1787 4448 qua;

147 4466 276 4524 facit
313 4470 609 4541 juvenum
654 4466 848 4523 volare
894 4466 1070 4522 corda
1118 4480 1132 4521 :
1184 4469 1250 4520 ut
1296 4463 1526 4537 proprie
1572 4466 1788 4523 mentis

1899 3315 2127 3388 primus
2156 3330 2285 3370 esse
2315 3319 2649 3370 sanctorum
2674 3317 2696 3368 Ρ
2720 3315 2869 3386 Ergo
2900 3314 2949 3369 si
2993 3317 3331 3368 erraverunt
3371 3313 3545 3382 justi,

1899 3407 2238 3460 erraverunt
2265 3407 2546 3474 tanquam
2596 3403 3002 3469 homines,sed
3037 3404 3338 3473 peccatum
3369 3418 3543 3456 suum

1896 3495 2181 3564 tanquam
2203 3491 2353 3563 justi
2384 3494 2767 3563 agnoverunt.
2808 3491 2867 3545 Si
2891 3490 3040 3562 justi
3073 3507 3254 3562 preme
3298 3491 3543 3545 atrocio-

1899 3580 1981 3636 ris
2012 3584 2361 3653 exceperunt
2391 3578 2762 3646 sententiam,
2796 3583 2857 3635 tu
2900 3579 3391 3652 quemadmodam
3437 3578 3544 3636 tibi

1900 3685 2063 3740 spem
2094 3667 2463 3740 impunitatis
2510 3667 2807 3741 proponis,
2841 3684 2973 3724 cum
3024 3668 3324 3739 Scriptura
3365 3667 3539 3723 dicat.

1899 3780 1927 3807 ‹‹
1962 3757 2021 3813 Si
2044 3757 2248 3829 justus
2276 3756 2371 3814 vix
2409 3756 2606 3813 salvus
2636 3758 2722 3825 fit,
2756 3763 3024 3829 peccator
3069 3763 3128 3813 et
3173 3755 3391 3828 impius
3442 3755 3542 3810 ubi

1899 3847 2128 3917 parebit
2158 3848 2206 3915 (I
2233 3848 2387 3902 Petr.
2402 3864 2477 3913 ιν,
2490 3846 2576 3919 18)
2592 3846 2620 3901 ?

1971 3935 2061 3989 17.
2101 3934 2417 3990 Advertitis
2445 3934 2743 4008 ergo,{llii,
2778 3951 2953 4007 quam
2988 3934 3332 4007 plerumque
3363 3932 3541 3988 etiam

1897 4022 2117 4077 bonum
2168 4024 2533 4095 propositum
2583 4024 2831 4078 subruat
2875 4018 3054 4079 causa
3104 4021 3452 4085 moechandi,
3483 4026 3542 4076 et

1898 4110 2027 4166 ideo
2055 4127 2262 4166 causas
2309 4114 2469 4182 ipsas
2517 4111 2706 4183 primo
2756 4112 2953 4183 fugere
2983 4115 3040 4165 et
3066 4111 3247 4166 vitare
3281 4110 3531 4165 debetis.

1896 4199 2022 4255 Non
2042 4198 2130 4254 vis
2149 4215 2346 4255 amore
2371 4198 2537 4270 capi?
2556 4199 2683 4254 Noli
2709 4199 2768 4253 in
2791 4198 3045 4269 speciem
3069 4197 3332 4254 mulieris
3354 4198 3540 4253 inten-

1896 4287 2052 4356 dere,
2086 4287 2223 4360 quia
2251 4286 2404 4343 oculi
2434 4287 2521 4341 tui
2555 4287 2655 4358 qui
2705 4303 2839 4342 cum
2887 4286 3137 4342 viderint
3169 4287 3440 4357 alienam,
3474 4308 3540 4347 os

1893 4379 2064 4432 tuum
2091 4376 2366 4447 loquetur
2398 4376 2922 4448 perversa,etjaccs
2952 4380 3235 4448 tanquam
3278 4376 3338 4431 in
3370 4380 3540 4436 corde

1897 4464 2099 4531 maris,
2131 4468 2189 4520 et
2217 4464 2368 4520 sicut
2395 4465 2752 4536 gubernator
2779 4465 2837 4519 in
2872 4481 3083 4537 magno
3112 4465 3370 4523 turbine.
3415 4467 3534 4524 Ma-

148 4562 433 4629 nequeant
482 4560 679 4612 tenere
731 4554 1144 4621 constantiam,
1176 4558 1235 4609 et
1280 4552 1395 4608 huc
1442 4556 1617 4625 atque
1647 4553 1787 4611 illuc
1822 4587 1867 4653 Β
1896 4568 2073 4625 gnam
2095 4553 2251 4608 enim
2274 4553 2496 4653 fociunt
2514 4555 2919 4625 tempestatem
2945 4552 3355 4611 multitudines
3375 4556 3538 4629 cupi-

146 4644 353 4702 fervido
393 4660 596 4701 amore
632 4643 955 4717 rapiantur.
1007 4641 1155 4698 Cave
1198 4657 1335 4715 ergo
1382 4642 1791 4711 hujuscemodi
1822 4639 1862 4653 “’
1898 4641 2171 4707 ditatum,
2222 4658 2349 4713 qua
2378 4639 2537 4696 velut
2564 4642 2819 4713 quodam
2865 4643 2924 4696 in
2971 4643 3115 4698 freto
3146 4644 3406 4716 corporis
3439 4663 3539 4701 na-

155 4732 481 4802 mulierem,
514 4749 642 4805 quae
690 4731 939 4805 pedibus
986 4746 1100 4785 non
1126 4729 1394 4802 quiescit,
1424 4729 1565 4786 foris
1614 4737 1787 4800 errat,

140 4817 450 4878 insidiatur
480 4837 584 4894 per
625 4819 899 4894 angulos,
930 4818 1117 4875 oculis
1166 4817 1328 4890 ligat,
1360 4817 1553 4873 verbis
1599 4817 1785 4886 illicit,

144 4906 355 4966 institis
382 4908 606 4965 lectum
637 4908 843 4964 intexit
888 4923 1087 4973 suum,
1119 4910 1177 4962 et
1202 4904 1418 4979 tapetis
1445 4906 1517 4960 ab
1550 4905 1789 4979 [Egypto

144 4997 336 5054 stratis
365 5015 379 5053 :
414 5013 607 5069 neque
635 4996 793 5052 enim
823 4995 896 5052 de
925 4994 1276 5068 cogitatione
1322 4993 1537 5060 divina,
1570 4994 1673 5050 sed
1720 4994 1791 5050 de

145 5085 402 5141 saeculari
431 5084 727 5152 illecebra,
759 5084 1013 5140 assumit
1048 5087 1322 5140 ornatum
1357 5099 1371 5138 :
1403 5097 1531 5155 quae
1581 5082 1790 5139 merito

141 5170 326 5230 virum
357 5189 540 5230 suum
569 5172 711 5229 dicit
751 5173 1076 5239 absentem,
1104 5171 1385 5244 quoniam
1435 5186 1551 5227 non
1600 5173 1793 5243 potest

165 5312 289 5438 Λᾶ)
320 5314 469 5400 Mss:
502 5313 725 5386 plures,
751 5313 946 5398 sedati
972 5314 1171 5395 vilium
1215 5320 1326 5394 est;
1371 5311 1502 5367 Era.
1535 5315 1594 5368 et
1628 5310 1789 5378 Gill.,

255 5384 326 5438 ad
350 5388 556 5438 vitium
583 5386 898 5438 amentum
924 5388 1007 5438 est
1024 5401 1044 5438 :
1074 5383 1204 5438 (ιιι).
1232 5400 1291 5438 ιιι
1322 5398 1592 5438 ωανε.αο
1621 5382 1787 5438 Rom.

141 5382 229 5458 sed
255 5382 326 5458 ad
350 5382 556 5441 vitia?»
583 5386 898 5458 appetibilis
924 5388 1007 5441 est
1022 5401 1044 5447 ;
1074 5383 1210 5458 ϐίῃ.
1232 5383 1291 5438 in
1322 5398 1592 5458 φεμ-διας)
1621 5382 1787 5458 Rom.

140 5454 276 5528 edit.
308 5454 372 5510 in
404 5454 856 5528 corporeisicut
884 5459 942 5512 et
970 5470 1114 5528 mss.
1147 5454 1390 5528 Theod,
1419 5454 1512 5528 sed
1537 5456 1696 5527 fortia
1721 5454 1793 5511 ad

142 5524 357 5598 vitium.
378 5524 530 5598 (Quae
561 5526 729 5584 lectio
757 5527 988 5583 videtur
1016 5524 1146 5581 aliis
1172 5524 1550 5598 praeferenda.

208 5596 287 5668 (5)
331 5596 429 5653 Sic
481 5613 686 5670 omnes
732 5614 875 5654 mss.
929 5600 1104 5670 atque
1149 5595 1468 5670 e‘dit.gEra.
1498 5600 1587 5670 _et
1632 5595 1788 5670 Gill.;

138 5665 309 5727 nam.
341 5683 504 5741 vero,
526 5668 901 5749 prudentiam,
929 5665 1132 5751 induit,
1152 5669 1375 5748 acaum
1402 5668 1507 5727 tibi
1532 5669 1788 5732 amicam.

1897 4729 2193 4801 vigantem
2222 4729 2358 4784 hinc
2389 4733 2563 4802 atque
2592 4729 2728 4785 inde
2760 4731 3123 4803 perturbant,
3157 4737 3222 4786 ut
3251 4733 3543 4805 guberna-

1899 4820 1991 4871 tor
2017 4817 2109 4872 sui
2139 4816 2373 4873 animus
2419 4834 2548 4874 esse
2596 4835 2712 4873 non
2755 4819 2961 4889 possit,
2994 4819 3147 4875 diem
3200 4835 3268 4874 ac
3313 4825 3539 4876 noctem

1899 4904 2145 4976 caligine
2175 4907 2392 4961 amoris
2416 4907 2693 4979 ignorans
2723 4907 2824 4979 (6).

1972 4995 2055 5048 18.
2090 4984 2285 5048 Oculis
2314 4994 2496 5065 igitur
2541 4995 2823 5050 excitatur
2873 4995 3072 5062 libido,
3110 4996 3208 5049 sed
3262 4994 3540 5052 ebrietate

1901 5081 2294 5137 succenditur.
2335 5082 2539 5137 Omnis
2582 5083 2741 5137 enim
2781 5082 3048 5137 obriosus
3097 5087 3154 5138 et
3204 5083 3537 5143 fornicator.

1900 5185 2121 5242 pauper
2148 5169 2387 5225 fiet.Nec
2417 5169 2522 5225 tibi
2552 5171 2623 5225 de
2655 5170 2913 5241 potentia
2932 5169 3254 5227 blandiaris
3276 5173 3536 5243 potandi.

1897 5310 1983 5394 Ad
2013 5309 2164 5366 hanc
2194 5310 2429 5394 quidem
2460 5309 2681 5366 accedit
2706 5310 2913 5438 Vulg”
2948 5329 3073 5384 quae
3105 5312 3539 5394 habenprudvn-

1899 5391 2037 5438 tiam
2063 5397 2194 5436 voca
2225 5397 2460 5436 amicam
2492 5386 2665 5438 tuam.
2698 5383 2796 5437 ubi
2876 5383 2969 5438 XX
3013 5384 3294 5438 scribunt.
3340 5396 3433 5438 τὴν
3488 5393 3539 5438 δὲ

1899 5384 2037 5438 tiam
2063 5397 2194 5436 voca
2225 5383 2460 5436 amicam
2492 5386 2665 5449 tuam,
2698 5383 2796 5437 ubi
2830 5383 2981 5439 LXX’
3013 5383 3311 5451 scribunt,
3340 5396 3433 5451 τὴν
3488 5393 3539 5441 δὲ

1899 5452 2133 5517 φρόνησιν
2161 5452 2404 5516 γνώριμον
2432 5454 2744 5517 περιποιῆσαι
2773 5457 2982 5518 σεαυτῷ.

1971 5524 2047 5596 (6)
2068 5523 2233 5599 Edit.
2272 5539 2338 5578 ac
2363 5540 2512 5599 ms_s_.
2545 5522 2795 5599 aliquot,
2825 5524 2920 5599 die
2960 5530 3219 5599 aduecta
3246 5528 3542 5599 caliginem

1900 5594 2104 5651 amoris
2132 5597 2413 5665 ignorans.
2447 5594 2667 5652 Melius
2686 5613 2828 5651 mss.
2859 5596 3114 5665 Theod.,
3146 5594 3529 5666 Dion.,Colb.

1900 5671 1958 5727 et
1985 5667 2134 5729 Μαι.
2152 5710 2168 5742 ,
2195 5673 2403 5727 noctem
2425 5666 2496 5727 ad
2523 5666 2668 5727 diem
2695 5667 2952 5742 caligine,
2984 5672 3097 5731 etc.
