3894 6208
322 327 441 394 938

1782 315 1850 383 S.
1891 312 2268 385 AMBROSII

330 462 445 518 Noe
501 459 760 515 ebrietas
789 459 897 525 est,
930 460 986 513 et
1007 456 1105 530 qui
1128 473 1243 514 non
1272 451 1592 512 inebriatus
1614 454 1959 517 estdiluvio,
1993 454 2043 518 Α
2146 456 2235 507 22.
2282 458 2402 520 Qua
2456 458 2653 511 autem
2702 454 2975 529 opinione
3021 456 3109 512 vel
3157 456 3335 514 David
3379 456 3480 514 Dei
3512 457 3700 514 Filium

324 550 648 605 inebriatus
678 551 767 603 est
789 546 947 603 vino.
987 546 1096 602 Sed
1130 544 1225 600 ille
1255 549 1525 601 naturam
1569 544 1689 600 vini
1740 544 1967 613 iglmm-

325 639 444 705 bat,
478 655 590 693 non
624 636 776 691 enim
810 640 942 692 ante
971 638 1269 705 potaverat
1300 652 1313 689 :
1348 638 1409 690 tu
1458 634 1518 690 in
1557 633 1656 689 illo
1700 633 1966 689 dedicisti

323 741 523 782 cavere
553 724 692 798 quid
724 724 966 789 debeas;
996 723 1097 777 Lot
1128 740 1228 794 per
1258 739 1531 777 somnum
1552 722 1826 793 deceptus
1857 725 1964 787 est,

324 818 380 871 et
408 819 473 871 tu
500 814 548 870 si
580 830 693 869 non
722 813 810 868 vis
841 811 1333 883 decipi,somnum
1351 811 1567 866 mentis
1586 816 1694 865 tua:
1719 810 1964 873 discute,

323 920 396 959 ne
427 903 587 959 ebrio
615 900 829 963 illudat,
854 899 1009 955 ﬁlius
1037 904 1137 955 aut
1170 899 1287 954 ﬁlia
1318 899 1787 955 dormienti.Non
1844 898 1968 969 pie-

320 998 410 1049 tas
444 990 582 1057 illic,
616 991 718 1047 sed
749 988 998 1046 ebrietas
1029 987 1293 1044 redditur
1324 1005 1337 1043 ε
1374 1004 1477 1044 nec
1508 991 1672 1059 pater
1699 986 1839 1053 illic,
1867 987 1964 1042 sed

320 1079 618 1137 dormiens
647 1076 1175 1135 circumscribitur.
1216 1076 1319 1131 Vis
1350 1093 1462 1131 non
1495 1075 1707 1131 aduri?
1735 1074 1862 1130 Noli
1895 1076 1966 1130 ad

322 1170 518 1243 ignem
551 1166 846 1223 accedere.
884 1164 987 1219 Vis
1021 1179 1134 1218 non
1167 1161 1558 1235 praecipitari?
1590 1161 1863 1216 Nutantia
1888 1162 1965 1215 fu-

321 1274 410 1330 ge,
444 1259 736 1329 praerupta
763 1270 918 1317 cave,
954 1253 1175 1308 caduca
1199 1250 1426 1307 declina
1452 1256 1508 1305 et
1535 1249 1813 1306 labantia.

392 1342 931 1415 19.Videsigiturin
960 1340 1119 1395 illius
1150 1340 1253 1412 qui
1276 1340 1425 1410 justi
1456 1355 1584 1395 esse
1605 1342 1965 1408 meruerunt,

322 1451 437 1490 non
466 1432 709 1489 alteram
742 1430 923 1485 fuisse
954 1433 1245 1495 naturam,
1280 1428 1379 1483 sed
1411 1426 1655 1483 alteram
1705 1425 1964 1498 discipli-

322 1540 483 1577 nam.
525 1521 661 1575 Post
692 1520 862 1590 primi
899 1518 1154 1573 hominis
1187 1517 1801 1588 lapsum,justamque
1831 1531 1962 1569 sen-

318 1610 585 1676 tentiam,
608 1626 714 1664 cur
742 1608 800 1662 in
833 1623 948 1661 uno
979 1606 1172 1662 carnis
1200 1606 1513 1660 damnatus
1539 1603 1616 1659 sit
1645 1603 1960 1676 appetitus,

316 1701 526 1755 vitium
558 1698 730 1754 traxit
764 1695 1040 1762 conditio,
1076 1696 1275 1750 infecit
1304 1694 1475 1765 culpa
1508 1698 1818 1759 naturam;
1860 1693 1958 1747 sed

318 1793 538 1845 natura:
570 1786 757 1858 ipsius
787 1785 992 1838 vitium
1024 1784 1168 1838 ﬁdes
1209 1782 1567 1854 temperavit,
1614 1786 1670 1835 et
1708 1781 1960 1836 devotio-
1994 1817 2040 1881 B

320 1877 412 1933 nis
445 1874 686 1931 intentio
719 1871 1003 1942 mitigavit
1034 1872 1341 1926 offensam.

387 1968 476 2019 20.
511 1961 918 2017 Convertimini
970 1959 1150 2032 igitur
1195 1960 1267 2013 ad
1322 1959 1655 2025 Dominum,
1707 1962 1955 2029 gentes;

318 2054 521 2109 scitote
552 2050 830 2122 quoniam
863 2049 1145 2104 Dominus
1178 2048 1331 2103 Deus
1350 2051 1469 2102 est:
1506 2048 1626 2118 ipse
1667 2047 1801 2102 fecit
1830 2064 1958 2112 nos,

317 2146 374 2199 et
409 2158 525 2197 non
566 2139 679 2212 ipsi
729 2155 854 2193 nos.
890 2138 1103 2193 Scitote
1152 2137 1428 2207 quoniam
1478 2152 1609 2190 caro
1651 2152 1858 2191 sumus
1905 2140 1963 2190 et

316 2229 531 2302 pulvis.
562 2227 985 2297 Relinquamus
1017 2240 1153 2295 ergo
1200 2240 1329 2294 quae
1382 2223 1647 2291 facimus,
1681 2227 1734 2278 et
1767 2223 1960 2295 ipsum

318 2317 877 2374 nostri-veneremur
908 2318 1225 2375 auctorem,
1260 2313 1358 2382 qui
1394 2306 1569 2366 vitam
1619 2312 1797 2377 dedit,
1831 2328 1962 2383 pec-

318 2411 448 2462 cata
476 2404 729 2468 donavit,
764 2402 860 2473 qui
894 2399 1055 2457 solus
1085 2406 1278 2472 potest
1308 2401 1496 2455 dicere
1532 2419 1543 2454 :
1579 2424 1605 2449 ‹‹
1642 2401 1757 2472 Ego
1805 2418 1959 2467 sum,

318 2511 424 2567 ego
450 2509 607 2555 sum,
639 2492 737 2563 qui
769 2490 948 2545 debeo
980 2489 1316 2560 iniquitates
1364 2494 1607 2554 vestras,
1639 2493 1696 2544 et
1739 2506 1963 2545 memor

319 2600 433 2639 non
465 2598 562 2638 ero
591 2582 722 2651 (Isa.
761 2596 919 2643 XLIII,
950 2578 1067 2647 25).
1110 2599 1138 2626 ›)
1173 2577 1420 2650 Magnus
1452 2577 1622 2649 plane
1647 2582 1703 2632 et
1734 2577 1960 2633 miseri-

317 2689 448 2728 cors
497 2670 674 2735 Deus,
725 2667 826 2741 qui
870 2665 1221 2722 bencﬁcium
1271 2666 1511 2734 confert,
1548 2682 1653 2721 nec
1697 2666 1959 2722 beneﬁcii

318 2776 536 2816 munus
567 2757 898 2829 exprobrat.
944 2757 1093 2810 718
1127 2755 1417 2810 Miramini
1452 2755 1605 2826 quod
1644 2755 1817 2809 David
1874 2771 1962 2810 re-

318 2866 451 2922 gem
482 2846 703 2912 fecerit,
736 2845 1133 2914 victoremque
1164 2842 1485 2901 multarum
1530 2844 1841 2915 gentium?
1869 2844 1963 2898 Sic

319 2935 578 2992 servulos
609 2950 748 2990 suos
781 2932 1083 2987 consuevit
1113 2931 1377 2987 evehere.
1417 2932 1541 2986 Non
1573 2948 1782 2987 avarus
1833 2948 1960 2986 mu-

319 3041 550 3088 nerum,
583 3038 691 3077 nec
723 3020 987 3076 beneﬁcii
1020 3036 1251 3092 parcus,
1287 3036 1390 3074 nec
1437 3020 1636 3092 gratiae
1678 3026 1963 3092 angustus

318 3118 376 3169 et
405 3112 589 3185 frugi;
641 3110 741 3168 scd
792 3108 1038 3182 opulens
1087 3107 1395 3178 largitatis,
1433 3126 1581 3180 quos
1639 3109 1883 3164 redemit
1930 3128 1963 3166 a

2068 545 2371 613 juilit-a'is,
2423 545 2507 600 vel
2562 544 2935 603 Salomonem
2983 546 3245 620 putatis?
3272 547 3363 603 An
3403 545 3540 619 quia
3582 546 3703 604 scri-

2077 640 2240 703 ptum
2273 637 2362 689 est
2393 634 2625 701 :nDeus,
2649 635 2944 705 judicium
2975 640 3143 692 tuum
3174 636 3291 708 regi
3332 637 3431 699 da,
3475 635 3733 713 etjustiﬁ

2076 722 2217 777 tiam
2248 726 2412 778 tuam
2444 722 2562 779 ﬁlio
2594 724 2749 796 regis
2780 724 2954 795 (Psal.
2996 742 3144 791 LXXI,
3175 726 3263 796 2);
3296 729 3358 778 et
3397 723 3537 795 quia
3579 723 3703 778 titu-

2076 809 2171 866 lus
2199 810 2409 883 psalmi
2440 810 2498 866 in
2530 812 2899 868 Salomonem
2933 812 3227 885 psalmum
3261 830 3394 868 LXXI
3429 811 3570 867 dicit
3595 829 3707 867 esse

2076 900 2467 971 compositum
2500 900 2619 970 (9)?
2648 901 2759 956 Sed
2792 918 2966 973 quem
2999 900 3376 957 Salomonem
3418 901 3591 969 dicat,
3619 900 3704 954 ad-

2075 986 2302 1044 vertite.
2331 987 2607 1044 Salomon
2638 988 2794 1045 enim
2826 990 3104 1062 paciﬁcus
3133 993 3242 1051 est.
3290 989 3406 1045 hoc
3437 989 3603 1044 habet
3629 987 3702 1043 ia-
3724 988 3749 1021 ·⁷

2075 1077 2436 1150 terpretatio.
2487 1077 2756 1133 Psalmus
2804 1078 2863 1133 in
2911 1095 3046 1133 eum
3089 1078 3326 1140 dicitur,
3378 1094 3555 1148 quem
3593 1093 3704 1132 vere

2077 1164 2297 1219 scimus
2327 1181 2455 1221 esse
2487 1165 2647 1237 pacis
2677 1170 2999 1222 auctorem.
3023 1167 3323 1233 Quomodo
3376 1168 3571 1221 autem
3616 1164 3701 1220 Sa-

2076 1252 2271 1309 lomon
2305 1253 2626 1325 paciﬁcus?
2651 1254 2777 1309 Non
2803 1254 2912 1309 hoc
2954 1254 3099 1310 Joab
3153 1253 3404 1326 sanguis
3452 1253 3702 1319 ostendit,

2077 1357 2251 1412 quem
2280 1341 2433 1396 inter
2462 1341 2668 1397 altaria
2694 1342 2897 1410 templi
2943 1342 3127 1414 jussit
3156 1342 3377 1410 occidi;
3425 1357 3540 1398 non
3568 1340 3701 1397 Ado-

2076 1430 2181 1485 nias
2227 1447 2418 1503 pcnna,
2450 1447 2625 1503 quem
2673 1431 2978 1487 afﬁnitatis
3026 1432 3193 1503 regiae
3236 1448 3411 1486 reum
3456 1429 3699 1502 perculit,

2075 1536 2180 1574 nec
2211 1520 2415 1574 matris
2445 1520 2843 1576 obsecratione
2873 1520 2943 1575 ab
2973 1518 3381 1594 indignatione
3402 1524 3701 1574 revocatus.

2074 1608 2375 1674 Quomodo
2404 1612 2600 1663 autem
2634 1607 2693 1662 in
2726 1607 3096 1665 Solomonem
3127 1608 3304 1663 David
3360 1606 3550 1663 ﬁlium
3594 1606 3699 1663 exi«

2073 1697 2280 1752 stimas
2326 1698 2633 1752 convenire
2680 1697 2833 1768 quod
2883 1698 3169 1769 scriptum
3201 1701 3314 1758 est.
3348 1697 3494 1769 quia
3522 1718 3549 1745 «
3589 1712 3703 1767 per-

2071 1786 2331 1841 manebit
2362 1803 2495 1841 cum
2528 1786 2648 1842 sole
2678 1790 2734 1841 et
2764 1791 2895 1841 ante
2925 1786 3148 1851 lunam,
3183 1787 3241 1841 in
3275 1784 3494 1841 saecula
3536 1800 3696 1841 saecu-

2070 1874 2261 1930 lorum
2291 1874 2521 1944 (Ibid.);
2550 1891 2685 1928 cum
2736 1873 2832 1929 ille
2876 1873 3065 1929 brevis
3111 1874 3240 1928 vita:
3293 1874 3555 1945 adeptus
3590 1889 3703 1927 usu-

2069 1963 2492 2034 ram,angustis
2518 1962 2783 2017 terminis
2813 1961 3042 2019 vivendi
3072 1962 3329 2034 spatium
3347 1962 3704 2034 transegerit?

2070 2053 2368 2119 Quomodo
2399 2058 2592 2107 autem
2643 2052 2713 2106 de
2763 2068 2829 2106 eo
2889 2050 3105 2107 dicitur
3139 2070 3151 2106 :
3187 2075 3215 2100 ‹‹
3248 2050 3653 2106 Dominabitur
3676 2066 3705 2103 a

2071 2142 2215 2197 mari
2240 2155 2426 2211 usque
2457 2140 2527 2193 ad
2562 2156 2721 2194 mare
2752 2139 2914 2210 (Ibid.
2956 2141 3049 2211 8);
3083 2156 3217 2194 cum
3266 2139 3370 2193 ille
3418 2140 3565 2193 inter
3611 2137 3698 2208 Sy-

2070 2230 2217 2286 riam
2280 2227 2655 2295 constitutus,
2706 2226 2815 2283 hoc
2872 2231 2960 2284 est
3018 2227 3172 2282 intra
3218 2226 3404 2282 unius
3472 2224 3698 2298 regionis

2070 2317 2451 2391 provinciam,
2475 2316 2949 2388 circumscriptos
2980 2317 3125 2372 ﬁnes
3152 2316 3431 2372 habuerit
3457 2314 3689 2388 imperii.

2068 2406 2240 2463 Solus
2271 2410 2466 2460 autem
2498 2404 2765 2461 Christus
2793 2420 2981 2476 usqpe
3001 2405 3059 2459 in
3106 2404 3264 2459 orbis
3316 2405 3502 2460 totius
3531 2401 3699 2457 termi-

2070 2512 2177 2551 nos
2229 2511 2404 2551 suum
2453 2495 2794 2566 propagavit
2839 2493 3177 2565 imperium.
3218 2493 3397 2550 Solus
3426 2492 3576 2549 enim
3604 2491 3697 2546 iste

2069 2588 2178 2650 est,
2214 2584 2285 2639 de
2315 2599 2430 2653 quo
2482 2583 2625 2637 bene
2668 2580 2880 2654 psalmi
2931 2583 3111 2637 series
3161 2580 3548 2654 prophetavit,
3577 2577 3695 2651 quia

2071 2696 2099 2722 «
2150 2688 2316 2743 reges
2362 2671 2619 2727 Arabum
2668 2674 2725 2727 et
2752 2671 2902 2726 Saba
2949 2672 3101 2727 dona
3148 2671 3474 2735 adducent,
3503 2673 3556 2725 et
3582 2667 3689 2724 ado-

2072 2763 2285 2819 rabunt
2307 2776 2442 2815 eum
2474 2775 2680 2815 omnes
2710 2776 2874 2833 reges
2904 2763 3065 2815 terrae
3101 2775 3114 2814 :
3148 2776 3358 2815 omnes
3382 2763 3579 2832 gentes
3599 2772 3693 2811 ser-

2069 2850 2228 2904 vient
2257 2848 2307 2904 ei
2340 2847 2497 2919 (Ibid.
2533 2849 2621 2915 10,
2656 2849 2767 2919 tt).
2804 2871 2824 2897 ι
2861 2851 3027 2904 Hunc
3058 2847 3213 2904 enim
3265 2846 3542 2903 novimus
3567 2858 3687 2917 gen-

2070 2939 2229 2994 tibus
2273 2937 2559 2992 universis
2606 2941 2666 2993 et
2708 2937 3044 2993 nationibus
3094 2936 3510 3008 imperantem,
3540 2933 3692 2989 incir-

2070 3026 2424 3097 cumscripto
2490 3025 2754 3097 imperio,
2817 3026 3197 3081 interminata
3224 3028 3531 3098 potestate.
3584 3021 3689 3077 Non

2069 3131 2205 3188 ergo
2236 3113 2511 3171 Salomon
2538 3113 2633 3169 Dei
2669 3113 2846 3169 ﬁlius.

318 3208 572 3275 peccam’
607 3203 779 3272 auget
807 3204 863 3254 et
892 3197 1294 3293 prie
1332 3198 1638 3253 adversum
1689 3197 1956 3270 gentiles“
1991 3188 2033 3252 C
2139 3222 2227 3277 23.
2261 3221 2373 3277 Sed
2404 3237 2518 3293 qua
2551 3220 2777 3277 ratione
2805 3235 2939 3276 eum
2988 3221 3086 3277 Dei
3145 3220 3336 3276 ﬁlium
3369 3213 3687 3292 putavistis?

949 3286 1183 3342 CAPUT
1224 3286 1317 3341 IV.

311 3379 524 3436 Iudaeos
548 3394 840 3451 perperam
866 3375 1157 3451 credentes
1205 3375 1395 3451 Dauid,
1429 3377 1524 3451 qui
1546 3377 1816 3451 centurias
1851 3376 1959 3445 fuit

383 3446 619 3522 peccaio,
649 3446 735 3503 ὶιει
783 3448 1266 3522 δαιοτῃομηθηικειινι
1312 3446 1455 3522 dicta
1484 3446 1564 3522 de
1592 3447 1803 3501 Christo
1851 3463 1961 3501 non

382 3519 735 3585 conveniunt,
766 3534 880 3573 esse
921 3519 1125 3572 Filium
1151 3520 1265 3581 Dei,
1299 3520 1588 3586 redarguit
1608 3535 1627 3579 ;
1654 3527 1703 3572 ρι
1731 3534 1960 3587 Ῑιντιτιανη

384 3591 747 3663 quorumdam
775 3591 1157 3645 haereticorum
1203 3589 1267 3644 de
1314 3590 1453 3644 Filio
1500 3590 1597 3644 Dei
1632 3590 1956 3660 interpreta-

388 3661 587 3717 tionem
616 3661 875 3730 confutet.

385 3751 481 3804 21.
525 3749 633 3804 Sed
668 3748 945 3818 quoniam
979 3748 1330 3819 tripertitam
1361 3748 1704 3803 divisionem
1758 3752 1961 3802 tracta-

320 3843 417 3893 tus
447 3837 627 3908 hujus
657 3834 895 3908 polliciti
931 3851 1159 3904 sumus,
1187 3851 1364 3890 unam
1386 3836 1667 3891 adversus
1690 3835 1958 3907 gentiles,

315 3926 492 3982 aliam
524 3927 807 3981 adversus
835 3923 1090 3991 Judaeos,
1123 3925 1355 3979 tertiam
1397 3925 1549 3995 apud
1602 3923 1914 3980 Ecclesium
1944 3943 1957 3991 ;

316 4033 471 4072 nunc
503 4019 704 4070 contra
732 4012 963 4068 Judsaos
993 4012 1224 4068 videtur
1247 4028 1374 4067 esse
1404 4013 1960 4078 tractandum.Quid

316 4104 496 4178 igitur
524 4104 693 4160 nobis
723 4101 1088 4174 propositum
1116 4101 1193 4156 sit
1223 4100 1962 4168 recensoamus.«Titulus,

314 4193 529 4265 inquit,
557 4191 769 4265 psalmi
821 4191 995 4247 David
1047 4190 1376 4247 intellectus
1408 4192 1507 4258 (7),
1540 4207 1675 4245 cum
1706 4191 1862 4246 venit
1890 4191 1961 4245 ad

317 4299 451 4337 eum
482 4281 713 4339 Natban
741 4280 1021 4353 propheta
1056 4297 1067 4335 :
1102 4296 1236 4335 cum
1268 4278 1504 4335 intravit
1533 4280 1603 4334 ad
1644 4279 1965 4335 Bethsabee

316 4371 485 4441 (Psal.
518 4388 567 4436 ι,
606 4372 655 4434 1,
685 4371 766 4439 2).
810 4370 1029 4440 Nempe
1074 4367 1320 4425 historia
1365 4367 1486 4423 haec
1533 4374 1589 4423 et
1635 4368 1963 4423 adulterum

320 4457 492 4513 David
528 4458 752 4513 inducit
793 4462 848 4511 et
897 4457 1277 4524 homicidam,
1310 4461 1368 4511 et
1416 4459 1570 4512 hunc
1600 4473 1723 4523 vos,
1754 4456 1960 4520 Judaei,

2068 3313 2154 3366 An
2184 3311 2324 3381 quia
2353 3309 2588 3381 sapiens
2620 3310 2770 3365 fuit?
2797 3310 2907 3365 Sed
2939 3309 3033 3364 hic
3059 3308 3415 3380 sapientiam
3458 3303 3682 3379 postula-

2070 3398 2169 3463 vit,
2206 3400 2358 3453 ’114
2386 3402 2470 3466 ut,
2495 3414 2673 3469 quam
2704 3414 2820 3454 non
2848 3398 3117 3463 habebat,
3153 3398 3447 3470 acciperet
3478 3412 3491 3451 :
3522 3392 3685 3452 Chris-

2068 3491 2165 3542 tus
2212 3488 2337 3558 ipse
2385 3486 2672 3558 sapientia
2718 3492 2823 3554 est,
2872 3484 3218 3542 naturaliter
3262 3487 3323 3541 in
3378 3484 3684 3542 universum

2068 3575 2312 3643 habens,
2347 3574 2501 3646 quod
2533 3575 2592 3629 in
2624 3576 2799 3630 rebus
2848 3574 3125 3631 humanis
3173 3573 3450 3630 Salomon
3496 3567 3689 3638 accepit

2070 3681 2171 3735 per
2190 3663 2730 3735 gratiam.Denique
2756 3663 2908 3734 quod
2936 3663 3221 3735 accipitur
3249 3678 3318 3718 ex
3346 3667 3609 3732 tempore,
3637 3654 3684 3709 in

2070 3759 2326 3824 tempore
2361 3752 2709 3823 possidetur.
2737 3752 3012 3808 Salomon
3042 3753 3198 3807 enim
3229 3749 3573 3823 sapientiam
3600 3758 3687 3799 nec

2070 3841 2128 3895 in
2157 3840 2441 3913 principio
2472 3841 2563 3895 sui
2596 3839 2822 3909 habuit,
2853 3855 2957 3895 nec
2991 3840 3051 3893 in
3084 3840 3198 3894 ﬁne
3230 3834 3689 3911 posseditNeque

2069 3929 2226 3985 enim
2258 3928 2471 3984 habere
2500 3946 2563 3984 se
2593 3928 2838 3984 credidit
2885 3928 3043 4000 quod
3088 3926 3375 3998 poposcit,
3410 3930 3467 3983 et
3513 3925 3695 3995 postea‘

2071 4028 2309 4074 aversus
2338 4034 2371 4072 a
2400 4018 2499 4072 Dei
2527 4016 2708 4085 cultu,
2741 4034 2859 4072 non
2890 4017 3058 4088 quasi
3089 4014 3346 4087 sapiens,
3392 4014 3489 4070 sed
3538 4004 3681 4082 quasi

2071 4106 2355 4178 insipiens
2384 4104 2589 4178 lapsus
2619 4111 2730 4172 est,
2760 4110 2829 4161 ut
2846 4105 3192 4164 .otfenderet.
3221 4102 3477 4159 Oﬁ‘endit
3502 4099 3556 4155 in
3585 4102 3689 4152 tan-

2070 4198 2220 4261 tum,
2283 4198 2348 4249 ut
2404 4193 2581 4249 etiam
2631 4194 2787 4265 quod
2848 4196 3158 4259 meruerat,
3216 4192 3530 4247 amitteret.
3592 4184 3689 4239 Cur

2071 4282 2252 4354 igitur
2301 4281 2460 4338 hunc
2506 4281 2604 4339 Dei
2654 4280 2841 4337 filium
2889 4279 3257 4337 credidistis?
3286 4281 3372 4335 An
3407 4276 3537 4349 quia
3559 4277 3685 4327 tem-

2071 4370 2234 4443 plum
2266 4370 2381 4425 Deo
2411 4369 2714 4426 condidit?
2745 4370 2856 4426 Sed
2901 4369 3037 4425 hinc
3090 4368 3407 4424 Dominum
3439 4369 3495 4422 et
3530 4361 3689 4419 Deum

2072 4475 2187 4514 non
2231 4474 2360 4514 esse
2407 4457 2640 4513 Credere
2691 4457 3000 4524 debuistis,
3054 4456 3192 4528 quia
3239 4454 3516 4526 scriptum
3558 4450 3632 4502 est
3674 4458 3683 4496 :

316 4546 514 4601 dicitis
543 4562 671 4601 esse
702 4546 805 4600 Dei
837 4545 1023 4600 ﬁlium
1046 4546 1072 4600 ?
1106 4546 1215 4601 Sed
1249 4547 1403 4601 Deus
1425 4546 1705 4602 virtutum
1733 4550 1962 4610 cst,non
1996 4565 2039 4628 Ι)
2075 4568 2103 4597 ‹‹
2128 4546 2250 4602 Nisi
2281 4545 2563 4602 Dominus
2596 4545 2963 4602 aediﬁcaverit
2991 4544 3104 4600 sibi
3136 4545 3379 4598 domum
3410 4542 3467 4596 in
3498 4546 3685 4594 vanum

317 4634 659 4690 criminum.
700 4635 765 4687 Et
795 4634 863 4688 de
898 4633 1006 4689 hoc
1037 4635 1175 4688 dicit
1207 4634 1361 4689 Deus
1392 4634 1558 4689 Pater
1589 4652 1601 4688 :
1638 4655 1665 4683 «
1694 4634 1965 4690 Thronus

319 4725 448 4793 ejus
496 4722 648 4777 sicut
695 4721 820 4776 dics
867 4720 993 4775 cceli
1045 4722 1229 4789 (Psal.
1284 4739 1552 4787 LxxvaII,
1602 4722 1727 4791 30);
1785 4743 1812 4771 ››
1863 4722 1963 4792 qui

318 4811 519 4869 dolum
562 4808 780 4873 fecerit,
834 4813 1067 4880 peccata
1115 4825 1229 4863 non
1272 4809 1509 4863 vicerit?
1558 4810 1626 4865 Et
1672 4809 1964 4879 quomodo

318 4901 603 4973 scriptum
652 4902 741 4954 est
786 4897 862 4969 (8)
900 4914 912 4951 :
964 4898 1143 4952 Nemo
1190 4898 1317 4952 sine
1361 4902 1613 4968 peccato,
1665 4898 1780 4953 nisi
1812 4914 1965 4954 unus

317 4990 471 5047 Deus
518 4990 676 5061 (Luc.
735 5003 894 5052 xvm,
949 4986 1074 5053 19)?
1118 4986 1177 5042 Si
1221 4985 1400 5058 igitur
1449 5002 1563 5041 non
1612 4990 1801 5058 potest
1849 5001 1963 5041 non

319 5096 448 5136 esse
481 5083 649 5144 Deus,
683 5077 783 5149 qui
813 5076 909 5131 Dei
942 5075 1121 5131 Filius
1149 5079 1256 5142 est,
1290 5073 1491 5145 utique
1525 5075 1619 5131 Dei
1655 5074 1831 5129 Filius
1872 5091 1963 5130 ar-

318 5168 471 5225 biter
490 5166 735 5239 justitiaa
766 5167 874 5233 est,
908 5180 1025 5223 non
1056 5162 1343 5220 obnoxius
1374 5162 1577 5234 culpae.

392 5293 471 5364 (7)
503 5292 585 5347 Ita
636 5305 1049 5364 mss.__omnes
1076 5304 1187 5364 _ac_
1216 5287 1358 5343 edit.
1402 5292 1533 5364 Era.
1586 5286 1962 5364 atque_Gill.,

322 5358 738 5440 Bom._autem,
773 5361 1028 5440 I’itulgs;
1062 5362 1123 5440 in.
1152 5358 1590 5440 ﬁnem,p§almz_is
1624 5358 1796 5440 David
1840 5375 1965 5440 cum
2010 5428 2013 5431 _

324 5432 718 5499 ingrederetur,
754 5436 842 5485 etc
906 5431 1228 5485 Fatendum
1259 5429 1495 5500 quidem
1540 5430 1697 5485 hunc
1726 5429 1964 5485 titulum

325 5500 409 5556 ita
448 5500 554 5571 legi
606 5503 663 5573 in
713 5500 977 5573 Psalterii
1012 5500 1444 5573 exemplaribus
1474 5517 1618 5573 qua:
1668 5516 1823 5573 nunc
1869 5516 1962 5554 ex-

327 5574 484 5625 stant
502 5570 527 5637 ξ
545 5570 647 5646 se_d_
676 5570 977 5646 cum‘olim
1006 5570 1220 5645 magna
1245 5572 1421 5646 fuerit
1450 5570 1528 5646 in
1576 5571 1765 5646 titulis
1812 5573 1966 5646 psal-

330 5654 561 5699 morum
592 5639 920 5710 diversitas,
953 5656 987 5699 a
1016 5639 1165 5701 mss.
1204 5645 1260 5701 et
1287 5640 1495 5722 priscis
1527 5642 1669 5701 edit.
1712 5639 1833 5703 non'
1854 5642 1967 5703 dis-

2071 4633 2482 4690 laboraverunt
2510 4635 2611 4705 qui
2643 4634 2933 4689 aediﬁcant
2981 4651 3106 4688 eam
3158 4633 3328 4697 (Psal.
3362 4644 3536 4688 cxxw,
3572 4624 3631 4693 1).
3660 4640 3681 4667 κ

2072 4722 2135 4776 1n
2187 4732 2401 4779 vanum
2447 4722 2733 4778 laboravit
2779 4721 2879 4794 qui
2927 4721 3234 4778 aediﬁcavit
3293 4721 3349 4776 id
3406 4710 3681 4794 templum,

2073 4809 2225 4881 quod
2257 4811 2559 4880 subjectus
2591 4810 2744 4881 ignis
2774 4791 3024 4867 exussit.
3044 4812 3130 4864 An
3161 4809 3300 4879 quia
3346 4803 3514 4862 David
3557 4791 3681 4871 patri

2074 4899 2260 4969 ipsius
2278 4898 2498 4954 dictum
2518 4902 2605 4954 est
2625 4916 2637 4954 :
2658 4898 2782 4955 Non
2805 4903 2868 4953 tu
2890 4897 3205 4955 aediﬁcabis
3236 4895 3381 4952 mihi
3398 4895 3678 4949 domum...

2075 4987 2179 5043 sed
2208 5003 2343 5042 cum
2374 4991 2440 5042 tu
2471 4986 2801 5054 dormieris,
2833 4988 3092 5043 excitabo
3122 5001 3322 5042 semen
3372 4989 3529 5039 tuum
3573 4974 3682 5048 post

2072 5081 2150 5144 te,
2187 5081 2243 5130 et
2274 5075 2399 5147 ipse
2429 5075 2737 5132 mdiﬁcabit
2765 5076 3005 5132 domum
3053 5074 3274 5131 nomini
3314 5087 3440 5128 meo
3469 5066 3670 5140 (11369-

2073 5180 2151 5230 v1,
2200 5165 2290 5233 12,
2344 5164 2451 5235 13).
2510 5186 2530 5213 η
2577 5163 2788 5221 Verum
2842 5164 2921 5220 ibi
2976 5178 3208 5237 quoque
3263 5157 3538 5232 templum
3584 5161 3678 5206 non

2075 5286 2428 5343 cedendum.
3624 5338 3650 5347 ..
3712 5324 3718 5334 -

2143 5338 2428 5429 (833651
2453 5356 2594 5413 edit.
2634 5356 2780 5424 sola,
2826 5356 3046 5429 peccata
3074 5375 3184 5415 non
3216 5355 3426 5422 vicerit,
3447 5338 3674 5423 quomodo

2072 5429 2477 5503 dicitrurrFilius
2496 5430 2628 5503 psi,
2660 5430 3081 5503 quinrscriptum
3107 5433 3211 5503 est.
3263 5499 3274 5503 _
3465 5492 3476 5503 _
3540 5488 3550 5500 ,

2145 5500 2219 5569 (9)
2252 5499 2477 5573 ΕεὶείεῐῐιΔ
2496 5492 2875 5573 Ηοωξρᾴἰιη
2908 5492 2959 5555 ét
2989 5503 3119 5573 quia
3148 5499 3347 5554 titulus.
3362 5492 3550 5567 psalmi
3571 5496 3671 5573 sq);

2075 5567 2364 5644 tuagesimi
2384 5571 2560 5644 primi
2588 5573 2649 5626 in
2679 5567 3027 5644 Solomonem,
3066 5573 3276 5628 dicitur
3298 5582 3405 5626 esse
3447 5567 3670 5634 εονηρθει·

2072 5639 2187 5717 ταδί
2212 5639 2466 5718 Αιὶωίαο
2498 5658 2641 5703 mss.
2669 5657 2895 5712 omnes,
2930 5642 3076 5704 utin
3104 5646 3290 5702 textu.
