3894 6208
389 279 511 338 939

1850 283 1916 342 S.
1960 281 2336 343 AMBROSII

3673 285 3778 348 940

393 407 710 476 obmutuit,
741 409 914 464 Arius
938 409 1236 476 conticuit,
1268 409 1558 464 Sabellius
1603 427 1800 466 vocem
1853 413 2034 482 pcrdi-
2065 420 2120 484 Α
2150 415 2280 468 dem
2326 413 2588 485 aliquam
2637 415 2891 488 regalem
2945 416 3055 472 hoc
3103 416 3311 472 habuit
3354 417 3412 470 in
3466 416 3695 484 seculo,
3723 423 3778 474 ut

393 495 512 563 dit;
545 495 736 552 adhuc
779 500 972 552 tamen
1005 497 1270 552 haeresim
1319 498 1548 554 diversa
1597 506 1799 555 contra
1848 501 2038 555 Eccle-

393 585 545 644 siam
576 585 926 642 excitantem
972 604 1074 642 ora
1117 587 1432 658 conspicio.
1477 588 1623 643 Nam
1672 605 1802 644 ecce
1855 590 2038 644 Mani-

395 673 592 730 chcus
619 679 679 730 et
703 674 1168 740 Valentinianus,
1201 682 1260 730 et
1306 677 1501 732 omnis
1548 677 1824 732 derivatio
1857 679 2040 732 Mani-

394 762 689 820 cheorum
736 763 797 819 in
854 781 921 819 eo
969 763 1082 819 telo
1143 764 1348 818 nititur
1405 766 1540 835 (10;,
1599 782 1716 836 quo
1772 766 1870 821 alii
1903 773 2041 821 sunt

395 852 715 925 perempti;
748 857 806 908 et
835 853 966 907 fidei
1017 853 1444 924 praejudicium,
1469 855 1602 908 tidei
1632 856 2041 910 testificatione

392 939 652 998 molitur.
683 939 778 996 Ait
805 941 962 996 enim
993 941 1338 996 detestanda
1369 942 1607 1000 haeresis
1637 959 1651 995 :
1689 945 1830 998 Ecce
1863 961 2036 1014 nega-

394 1028 477 1086 vit
503 1029 770 1086 Christus
802 1029 988 1084 ﬁlium
1019 1047 1082 1084 se
1107 1047 1234 1084 esse
1267 1031 1440 1084 David
1473 1033 1622 1097 (Luc.
1655 1049 1746 1092 xx,
1781 1033 1866 1094 41,
1913 1034 1996 1084 12³
2025 1050 2037 1088 :

396 1121 456 1174 et
482 1116 634 1183 ideo,
666 1117 878 1188 inquit,
927 1118 1283 1173 credendum
1343 1125 1428 1172 est
1477 1121 1632 1188 quod
1685 1137 1799 1174 non
1852 1137 2042 1174 susce-

398 1205 550 1278 perit
576 1206 1075 1270 carnem.Quibus
1104 1208 1471 1278 apertissime
1505 1210 1564 1260 in
1595 1209 1721 1278 ipso
1755 1209 2040 1278 principio

397 1292 694 1364 Evangelii
725 1293 1025 1366 Scriptura
1056 1297 1387 1365 respondet,
1419 1313 1551 1349 cum
1583 1295 1726 1350 dicit
1760 1313 1772 1348 :
1808 1320 1835 1344 α
1874 1297 2043 1350 Liber

397 1382 784 1454 generationis
816 1387 954 1437 Jesu
987 1384 1202 1438 Christi
1236 1383 1337 1436 lilii
1375 1385 1544 1437 David
1580 1385 1785 1439 ,JliiH/i.
1822 1402 1857 1444 ι,
1895 1386 1967 1453 1).
2009 1408 2037 1434 ››

397 1472 515 1525 Cur
561 1471 742 1542 igitur
788 1477 890 1525 aut
929 1471 1066 1525 alibi
1103 1470 1278 1525 David
1321 1472 1474 1525 [ilius
1507 1473 1739 1538 dicitur,
1775 1481 1872 1527 aut
1905 1474 2040 1526 alibi

397 1560 574 1614 David
610 1561 765 1614 tilius
796 1562 1149 1630 denegatur;
1186 1560 1294 1614 nisi
1327 1567 1384 1612 ut
1419 1562 1706 1631 intelligas
1737 1562 1891 1615 aliud
1917 1579 2043 1616 esse

396 1650 718 1704 secundum
752 1650 1140 1703 substantiam
1175 1649 1428 1704 divinam
1470 1667 1598 1703 esse
1645 1651 1851 1714 lilium,
1884 1651 2038 1704 aliud

401 1740 722 1796 secundum
757 1739 951 1793 carnis
1001 1740 1475 1810 susceptionem?
1524 1741 1666 1793 Nam
1718 1742 2040 1796 secundum

400 1826 792 1885 substantiam
843 1826 1121 1893 divinam,
1159 1828 1258 1881 Dei
1313 1827 1493 1881 Filius
1543 1834 1663 1893 est;
1717 1829 2041 1883 secundum

402 1933 637 1974 carnem
679 1917 836 1974 filius
883 1918 1084 1973 David.
1120 1919 1316 1989 Itaque
1367 1919 1464 1972 ubi
1513 1919 1806 1988 generatio
1837 1935 2040 1974 secun-

401 2006 543 2061 dum
593 2023 829 2062 carnem
878 2006 1231 2061 describitur
1279 2007 1614 2070 Salvatoris,
1659 2007 1834 2061 David
1890 2006 2045 2061 ﬁlius

401 2095 771 2163 nominatur;
804 2095 904 2150 ubi
933 2112 1065 2150 vero
1098 2095 1398 2166 plenitudo
1445 2096 1829 2150 contessionis
1867 2095 2044 2164 exigi-

401 2190 518 2252 tur,
549 2202 685 2241 cum
717 2185 1061 2256 designatur
1089 2183 1382 2254 generatio
1415 2183 1748 2246 Salvatoris,
1782 2201 1895 2237 non
1925 2183 2046 2238 vult

403 2290 468 2330 se
493 2274 672 2329 David
703 2271 1021 2339 ﬁlium,sed
1053 2271 1150 2326 Dei
1182 2272 1507 2338 nominari;
1541 2272 1867 2343 designatio
1888 2273 2044 2326 enim

405 2362 735 2434 majestatis
776 2362 906 2432 ejus
963 2365 1236 2416 naturam
1293 2361 1706 2432 interpretatur
1758 2363 1890 2431 (11).
1938 2361 2044 2415 Sed

395 2453 526 2524 jam
558 2449 888 2524 redargutis
909 2466 1193 2505 εωγοιιυιη
1226 2449 1819 2520 interpretationibus,
1845 2449 1914 2505 ad
1950 2451 2046 2505 Ec-

403 2539 642 2597 clssiam
673 2555 867 2596 sermo
898 2539 1207 2594 vertendus
1237 2544 1343 2593 est.

1061 2689 1292 2746 CAPUT
1331 2689 1396 2745 Υ.

463 2799 765 2868 Conﬁrmat
789 2799 1029 2852 rationes
1059 2797 1316 2852 adversus
1338 2797 1552 2858 Iudaeos
1581 2807 1740 2868 atque
1769 2801 1995 2867 gentiles

585 2869 796 2935 ductas,
823 2871 873 2923 et
900 2883 1206 2922 sermonem
1233 2868 1302 2922 ad
1334 2870 1632 2924 Ecclesium
1661 2872 1940 2925 convertit.

481 2988 572 3041 28.
613 2984 830 3040 Verum
887 2985 1042 3054 quod
1089 2999 1239 3054 saape
1290 2983 1528 3038 titulum
1577 2984 2050 3056 quinquagesimi

413 3073 626 3149 psalmi
651 3073 988 3146 repetimus,
1019 3088 1131 3127 non
1163 3072 1656 3144 praesumptionis,
1679 3074 1780 3128 sed
1813 3073 2053 3128 inﬁrmi-

2151 509 2319 574 putes
2359 503 2536 558 aliam
2585 505 2784 560 sedem
2833 505 3012 561 David
3063 506 3317 562 similem
3363 521 3497 562 esse
3547 505 3777 578 promis-

2149 609 2275 645 sam
2325 594 2475 660 (1'2);
2527 593 2780 648 maxime
2826 611 2964 649 cum
3015 594 3141 667 ipse
3181 594 3392 652 dixerit
3446 594 3724 651 Dominus
3766 613 3778 650 :

2150 703 2174 725 α
2214 680 2478 750 Regnum
2530 699 2726 737 meum
2777 700 2891 738 non
2939 688 3032 738 est
3068 683 3138 738 de
3185 682 3294 738 hoc
3337 683 3560 738 mundo
3607 683 3774 754 (Ιοωι.

2149 785 2308 830 xviii,
2334 771 2445 837 3G,.
2481 793 2509 818 »

2218 860 2310 910 ‘29.
2341 857 2613 913 Conclusi
2661 860 2858 930 itaque
2905 861 3186 933 undique,
3245 879 3310 917 es
3361 860 3622 933 perﬁdiae
3677 877 3786 917 sua

2150 949 2508 1000 tentamenta
2537 947 2822 1013 derivant,
2857 955 2924 1004 ut
2953 949 3296 1006 incredibile
3339 965 3470 1006 esse
3513 955 3786 1014 asserunt,

2151 1039 2304 1104 quod
2340 1041 2488 1090 Deus
2519 1039 2842 1108 susceperit
2872 1055 3140 1104 carnem;
3172 1055 3290 1108 qua
3337 1037 3565 1094 ratione
3601 1044 3786 1094 autem

2152 1140 2264 1176 non
2325 1126 2576 1194 potuerit
2626 1127 2944 1198 suscipere,
3003 1126 3296 1197 explicare
3347 1143 3466 1190 non
3529 1131 3786 1198 possunt.

2150 1215 2352 1276 Quaero
2410 1213 2566 1268 enim
2618 1222 2818 1269 utrum
2868 1215 3396 1286 impossibilitatis,
3440 1233 3516 1270 an
3571 1216 3789 1288 injuriis

2150 1315 2328 1354 causa
2357 1302 2688 1356 existiment
2719 1320 2953 1358 carnem
2975 1321 3010 1358 a
3039 1303 3153 1358 Deo
3184 1304 3404 1376 suscipi
3438 1303 3789 1375 nequivisse?

2151 1389 2204 1439 Si
2244 1389 2752 1459 in.pu.~sil-ilitatis,
2783 1391 3005 1462 aliquid
3039 1409 3174 1462 ergo
3207 1391 3573 1462 impossibile
3625 1396 3739 1446 Deo
3776 1410 3785 1446 :

2153 1477 2294 1530 nihil
2349 1479 2502 1531 enim
2550 1485 2636 1531 est
2695 1481 2848 1550 quod
2924 1481 3110 1534 facere
3176 1479 3440 1547 voluerit,
3499 1487 3558 1534 et
3615 1481 3792 1536 facere

2154 1566 2413 1635 nequivm
2435 1567 2498 1619 it.
2541 1569 2820 1638 Superest
2847 1586 2982 1639 ergo
3015 1574 3076 1623 ut
3108 1575 3209 1622 aut
3236 1568 3514 1635 voluisse,
3547 1574 3652 1626 aut
3701 1587 3792 1624 no-

2153 1653 2332 1708 luisse
2364 1655 2656 1710 doceatur.
2692 1656 2852 1718 Quod
2886 1667 3078 1712 autem
3128 1659 3318 1728 majus
3365 1657 3651 1714 indicium
3704 1675 3788 1714 vo-

2155 1743 2420 1808 luntatis,
2454 1762 2629 1814 quam
2662 1746 2818 1814 quod
2875 1746 2998 1816 ipse
3048 1746 3230 1801 dixit:
3262 1771 3288 1794 α
3327 1745 3524 1801 Palam
3555 1748 3790 1820 apparui

2154 1848 2269 1885 non
2302 1834 2695 1902 quzerentinus
2745 1849 2863 1888 me.
2887 1876 2933 1888 ..
2976 1835 3234 1906 Expandi
3288 1851 3503 1890 manus
3535 1851 3699 1891 meas
3731 1839 3789 1891 ad

2154 1919 2436 1990 populum
2481 1939 2594 1975 non
2641 1923 2992 1988 credentem,
3033 1929 3090 1978 et
3132 1922 3630 1980 contradicentem
3661 1927 3784 1995 (13a.

2156 2026 2278 2073 va‘,
2320 2009 2366 2079 l,
2398 2010 2496 2078 2,?
2531 2035 2556 2056 υ
2589 2010 2648 2064 Si
2675 2028 2810 2082 ergo
2841 2011 3021 2066 voluit
3067 2018 3126 2067 et
3171 2012 3384 2083 potuit,
3415 2030 3490 2068 an
3523 2017 3792 2084 putamus

2153 2115 2287 2151 eum
2332 2115 2510 2152 causa
2557 2099 2783 2167 iniuria:
2833 2098 3135 2156 noluisse?
3181 2101 3248 2155 Et
3288 2117 3469 2172 quam
3525 2101 3790 2157 divinitas

2153 2187 2244 2240 sui
2278 2187 2453 2240 sentit
2484 2187 2798 2256 injurium?
2827 2188 3044 2259 Expers
3069 2190 3230 2244 enim
3271 2196 3364 2244 cst
3408 2189 3789 2258 contumelia,

2155 2293 2343 2346 neque
2403 2275 2668 2346 subjecta
2723 2277 2939 2332 nostris
2993 2284 3082 2332 est
3139 2277 3554 2349 passionibus;
3613 2295 3788 2351 neque

2155 2363 2310 2418 enim
2351 2381 2484 2419 caro
2533 2364 2618 2418 vel
2663 2365 3084 2421 detrimentum
3139 2365 3432 2428 divinitati
3465 2367 3669 2424 ali‘erre
3703 2385 3790 2441 po-

2156 2453 2289 2517 tuit,
2312 2452 2398 2508 vel
2429 2460 2832 2525 augmentum.
2865 2523 2868 2525 Α

2225 2529 2315 2596 3ὖ.
2349 2543 2455 2607 Qui
2503 2548 2698 2598 tamen
2758 2543 2867 2598 hoc
2913 2543 3220 2614 objiciunt,
3269 2544 3426 2614 quod
3479 2545 3581 2600 Dei
3621 2545 3788 2602 Filius

2157 2647 2390 2686 carnem
2422 2647 2717 2702 suscipere
2767 2649 2881 2687 non
2927 2631 3225 2702 potuerit?
3261 2632 3320 2687 Si
3373 2631 3648 2704 gentiles,
3701 2633 3786 2706 qui

2158 2719 2296 2774 deos
2345 2736 2484 2775 suos
2527 2719 2828 2790 (quoniam
2871 2720 3140 2776 homines
3190 2719 3373 2776 fuisse
3423 2737 3638 2794 negare
3687 2739 3788 2778 non

2161 2814 2426 2880 possunt)
2461 2809 2719 2864 humana
2755 2808 2948 2880 specie
2978 2811 3096 2880 (13)
3127 2809 3283 2865 visos
3308 2825 3439 2866 esse
3469 2811 3788 2866 testantur?

2159 2901 2245 2952 An
2277 2915 2374 2952 rex
2405 2913 2628 2962 eorum,
2660 2913 2835 2968 quem
2885 2895 2965 2952 illi
3016 2898 3142 2953 suis
3189 2897 3301 2954 diis
3330 2898 3616 2954 omnibus
3645 2904 3787 2955 ante-

2161 2993 2405 3057 ponunt,
2437 2984 2788 3057 prodigiales
2817 2986 3036 3042 formas
3083 2986 3272 3058 potuit
3315 3003 3419 3058 pro
3469 3003 3674 3044 amore
3699 3005 3785 3043 su-

2159 3076 2380 3147 scipere
2414 3093 2428 3129 :
2461 3074 2727 3130 Christus
2755 3091 2990 3130 carnem
3021 3074 3277 3130 hominis
3319 3090 3499 3145 quem
3546 3077 3623 3132 ad
3669 3077 3788 3132 ima-

409 3165 549 3220 tatis
579 3167 669 3220 est
694 3160 1052 3235 exemplum.
1093 3160 1218 3216 Uno
1265 3160 1420 3216 enim
1472 3161 1565 3216 die
1612 3161 1696 3216 vel
1750 3163 2052 3234 angustias
2083 3153 2125 3218 C
2163 3165 2356 3236 ginem
2388 3163 2480 3218 sui
2511 3162 2663 3230 fecit,
2691 3167 2864 3235 atque
2894 3163 3034 3218 illud
3065 3163 3620 3236 praestantissimum
3659 3182 3788 3236 opus

409 3253 648 3327 ingenii,
681 3251 769 3309 vel
814 3267 917 3325 per
963 3250 1336 3322 fragilitatem
1386 3251 1541 3305 vocis
1578 3267 1810 3306 omnem
1841 3251 2050 3306 seriem

408 3359 524 3399 non
569 3357 810 3415 possum
858 3340 1087 3412 explere
1135 3344 1435 3395 tractatus.
1486 3340 1551 3393 Et
1597 3340 1724 3394 ideo
1771 3342 2049 3410 quoniam

407 3431 696 3504 superiori
716 3431 809 3486 die
849 3430 1130 3485 adversus
1159 3429 1392 3483 Judeeos
1425 3434 1622 3483 noster
1650 3445 1842 3484 sermo
1872 3429 2052 3484 direc-

407 3526 503 3578 tus
524 3525 787 3592 est,quos
810 3519 1046 3591 quidem
1065 3535 1132 3574 co
1156 3534 1342 3588 usque
1365 3518 1717 3572 documenta
1751 3518 1883 3572 ﬁdei
1915 3519 2046 3573 sub-

404 3612 668 3680 egerunt,
699 3613 762 3662 ut
789 3607 1055 3663 Christus
1085 3607 1144 3660 in
1176 3605 1391 3661 cmlesti
1423 3605 1567 3660 solio
1598 3606 1979 3662 collocaretur
2028 3625 2041 3662 :

403 3697 560 3770 quod
604 3696 807 3768 utique
855 3696 914 3750 in
968 3695 1262 3750 hominem
1313 3711 1428 3748 non
1479 3700 1668 3766 potest
1715 3695 2038 3756 convenire.

401 3787 598 3858 Neque
642 3786 798 3841 enim
849 3783 1030 3840 alium
1083 3783 1193 3838 nisi
1246 3784 1344 3837 Dei
1396 3783 1604 3838 Filium
1650 3785 1718 3838 ad
1748 3784 2039 3839 dexteram

398 3876 500 3932 Dei
547 3875 748 3931 sedere
803 3871 1079 3930 credibile
1108 3877 1214 3927 est.
1248 3871 1374 3926 Non
1419 3870 1569 3926 alius
1620 3872 1820 3942 utique
1873 3873 2040 3929 nobis

396 3964 598 4022 sedere
626 3963 698 4019 ad
728 3963 1022 4019 dexteram
1074 3960 1260 4016 Patris
1291 3959 1403 4014 nisi
1437 3959 1536 4014 Dei
1566 3959 1764 4026 Filius,
1797 3962 2040 4016 remotis

396 4051 673 4110 omnibus
702 4050 1015 4122 ambiguis,
1047 4047 1428 4104 aestimandus
1480 4053 1586 4114 est,
1619 4047 1842 4104 Rursus
1889 4066 2037 4120 quo-

396 4143 556 4199 niam
585 4141 888 4214 Scriptura
918 4139 1092 4195 habet
1123 4155 1137 4194 :
1167 4162 1196 4188 ‹‹
1231 4139 1307 4192 Ex
1340 4137 1529 4193 fructu
1561 4137 1778 4192 ventris
1832 4140 1914 4192 tui
1945 4155 2039 4209 po-

394 4248 532 4288 nam
573 4246 752 4303 super
797 4229 996 4285 sedem
1042 4232 1205 4283 tuam
1237 4227 1408 4298 (Psal.
1441 4242 1625 4292 cum,
1661 4226 1784 4296 11);
1820 4248 1848 4276 ››
1880 4226 2034 4282 idem

393 4321 600 4392 utique
623 4317 722 4374 Dei
751 4317 932 4373 Filius
966 4333 1199 4372 carnem
1233 4332 1300 4371 ex
1332 4315 1512 4370 Maria
1542 4315 1871 4387 suscepisse
1919 4333 2037 4370 cre-

392 4409 621 4466 dendus
649 4412 760 4474 est,
793 4407 850 4461 in
883 4423 999 4478 qua
1030 4404 1348 4478 prophetici
1380 4405 1608 4459 fructus
1638 4409 1728 4458 est
1767 4405 1984 4460 ventris
2015 4423 2029 4461 :

392 4502 458 4551 ut
485 4513 616 4552 vere
643 4494 1074 4552 successionem
1113 4490 1357 4566 originis
1407 4508 1806 4563 recognoscas,
1843 4491 2031 4547 illum-

392 4602 506 4656 que
531 4585 674 4640 717
713 4585 808 4640 Dei
842 4584 1074 4652 Filium,
1110 4583 1324 4637 factum
1359 4585 1559 4652 postea
1606 4579 1792 4635 ﬁlium
1841 4581 2026 4636 homi-

389 4673 484 4729 nis
513 4689 617 4744 per
645 4673 1072 4744 susceptionem
1103 4671 1317 4734 carnis,
1355 4669 1414 4724 in
1445 4667 1632 4724 Patris
1663 4669 1891 4724 thromo
1923 4687 2028 4724 ca:-

386 4761 520 4820 lesti
553 4761 750 4818 sedere
783 4777 894 4816 non
928 4759 1177 4815 dubites.
1213 4759 1412 4830 Neque
1459 4756 1614 4812 enim
1646 4756 1912 4812 Christus
1941 4774 2027 4813 se—

455 4888 568 4961 (10)
593 4887 742 4942 Edit.
775 4885 906 4961 Era.
935 4889 996 4961 et
1013 4884 1154 4961 _Gi|l.
1189 4899 1322 4961 cum
1375 4898 1516 4961 mss.
1549 4881 1722 4961 Torn.
1751 4881 1919 4961 poli).
1959 4899 2024 4938 ac

382 4953 560 5027 Maz.,
591 4975 712 5016 meo
751 4960 856 5015 telo
892 4958 1194 5016 obnititur;
1220 4960 1278 5008 at
1309 4953 1587 5027 potiorem
1620 4953 2024 5027 existimamus

380 5033 519 5090 edit.
543 5024 720 5088 'Rom.
753 5035 811 5086 et
837 5027 968 5084 Gill.
1002 5029 1074 5084 ad
1109 5041 1291 5099 marg.
1327 5024 1691 5096 aliorumque
1729 5041 1872 5078 mss.
1907 5024 2024 5081 lec-

379 5104 595 5161 tionem
607 5145 620 5158 .

450 5176 562 5248 (11)
616 5175 742 5230 Era.
794 5174 977 5248 Edit,
1012 5171 1349 5248 designatum
1381 5169 1594 5222 enim...
1629 5168 2024 5248 interpretatur

377 5239 644 5302 trdctdtus
672 5246 819 5319 apud
845 5239 1202 5319 Christianus.
1236 5239 1368 5319 Gill.
1402 5257 1533 5319 cum
1586 5255 1726 5319 mss.
1761 5239 2022 5319 quinque

376 5323 617 5373 Erasmo
641 5308 914 5382 co'ncinit,
949 5315 1056 5370 nisi
1103 5313 1258 5385 quod
1316 5313 1390 5385 in_
1440 5308 1816 5385 his_legitur,
1865 5308 2021 5364 Devi-

375 5391 564 5458 gnauo
595 5391 766 5454 enim,
799 5393 909 5442 etc.
936 5381 1329 5458 Sededitores
1361 5381 1525 5436 Rom.
1549 5381 1697 5458 bene
1726 5381 2022 5458 advertere

376 5449 565 5526 voces,
602 5449 878 5515 Tractutus
911 5457 1096 5528 'apud‘
1124 5455 1479 5528 Christianos,
1514 5449 1782 5528 alicunde
1812 5451 1868 5528 in
1905 5457 2022 5528 tex-

377 5535 507 5608 thm
528 5522 1029 5608 irrepgisse._Certe
1051 5528 1289 5608 quidem
1308 5525 1368 5608 in
1393 5541 1535 5580 mss.
1564 5522 1790 5579 Dion.et
1811 5523 2014 5596 Laud.,

377 5599 553 5664 Torn.
587 5595 896 5656 et‘Theod.
927 5613 1043 5654 non
1069 5595 1475 5654 inveniuntur.

2161 3270 2335 3308 suum
2369 3252 2665 3322 suscipere
2713 3269 2816 3322 pro
2863 3252 3069 3306 mundi
3113 3252 3302 3308 salute
3332 3269 3450 3308 non
3493 3253 3714 3325 pot-uit;
3740 3259 3787 3308 et

2163 3341 2463 3414 pulchrius
2513 3339 2629 3395 illis
2678 3339 2907 3395 videtur
2953 3345 3186 3412 pr0pter
3232 3341 3592 3398 adulterium
3630 3341 3786 3397 alieni

2161 3429 2334 3498 thori,
2367 3445 2542 3500 quam
2604 3432 2839 3500 propter
2889 3427 3347 3500 redemptionem
3405 3430 3676 3485 omnium
3707 3431 3787 3484 ho-

2157 3519 2387 3574 minum
2409 3517 2662 3588 speciem
2681 3516 2872 3572 carnis
2885 3533 3082 3573 assum
3093 3516 3290 3589 ptam?
3305 3519 3468 3582 Quod
3493 3517 3545 3574 si
3565 3519 3790 3574 Judeus

2155 3607 2264 3663 hoc
2293 3605 2812 3676 objicit,quomodo
2837 3604 2978 3676 legit
3009 3621 3022 3658 :
3049 3630 3074 3653 «ι
3111 3605 3252 3660 Ecce
3283 3604 3444 3678 virgo
3475 3607 3720 3678 accipiet
3735 3605 3785 3660 in

2155 3701 2338 3760 utero,
2370 3699 2427 3749 et
2456 3694 2641 3766 pariet
2684 3693 2912 3758 ﬁlium;
2965 3698 3024 3749 et
3071 3694 3372 3750 vocabitur
3419 3711 3636 3750 nomen
3673 3695 3791 3766 ejus

2153 3782 2495 3838 Emmanuel
2544 3784 2669 3850 (lsa.
2737 3798 2835 3847 vn,
2896 3781 2998 3852 14),
3033 3803 3060 3831 ››
3112 3781 3267 3852 quod
3321 3787 3412 3836 est
3459 3781 3789 3854 interpreta-

2148 3877 2296 3938 tum,
2331 3871 2638 3926 nobiscum
2669 3874 2822 3925 Deus
2842 3869 2869 3924 ?
2901 3869 3200 3934 Quomodo
3229 3867 3372 3940 legit
3401 3887 3413 3924 :
3447 3894 3479 3921 (ι
3509 3870 3657 3926 Ecce
3703 3865 3792 3940 qui

2152 3959 2429 4032 loquebar
2457 3959 2666 4014 adsum
2708 3961 2834 4030 (Isa.
2871 3975 2995 4027 Lm,
3023 3958 3126 4029 6)?
3181 3981 3208 4007 ››
3260 3957 3566 4020 Quomodo
3606 3962 3792 4013 autem

2149 4049 2363 4104 lectum
2421 4047 2632 4103 asserit
2664 4064 2676 4103 :
2719 4071 2744 4096 α
2781 4047 2919 4102 Ecce
2950 4047 3103 4102 sicut
3131 4045 3483 4118 panthera...
3539 4051 3600 4102 et
3645 4045 3790 4102 sicut

2149 4155 2323 4194 ursus
2353 4137 2650 4208 aporiatus
2680 4151 2984 4191 occurram
3051 4133 3136 4190 eis
3164 4135 3307 4202 (05c.
3353 4149 3482 4200 xm,
3529 4137 3590 4200 7,
3637 4133 3741 4203 8)?
3767 4155 3786 4183 ι

2147 4227 2244 4283 Dei
2291 4242 2428 4297 ergo
2478 4223 2658 4280 Filius
2710 4239 2943 4278 carnem
2997 4221 3290 4295 suscipere
3319 4239 3436 4278 non
3468 4223 3664 4296 potuit
3693 4237 3785 4294 pro

2145 4313 2543 4386 redemptione
2577 4311 2866 4378 omnium,
2897 4327 3034 4366 cum
3079 4311 3190 4382 ipsi
3241 4327 3456 4384 negare
3502 4328 3620 4366 non
3669 4325 3790 4382 pos-

2143 4405 2259 4459 sint
2318 4401 2473 4474 quod
2523 4417 2626 4472 pro
2678 4405 3011 4454 nostrorum
3061 4397 3348 4471 supplicio
3395 4403 3786 4470 peccatorum.

2141 4493 2413 4548 aﬁ‘ectum
2445 4488 2758 4561 quemdam
2794 4491 2944 4543 Deus
2967 4486 3163 4542 ferinas
3193 4486 3564 4543 crudelitatis
3598 4487 3794 4542 indue-

2141 4580 2242 4646 rit;
2277 4584 2340 4634 ut
2385 4578 2485 4649 qui
2531 4579 2741 4631 natura
2789 4575 2922 4646 plus
2947 4579 3037 4630 est
3065 4581 3123 4630 et
3153 4573 3517 4644 misericors,
3566 4579 3785 4630 nostro-

2136 4685 2264 4723 rum
2319 4672 2511 4722 tamen
2562 4664 2846 4720 scelerum
2897 4663 3198 4718 atrocitate
3225 4669 3584 4728 commotus,
3617 4680 3782 4719 assu-

2136 4761 2258 4813 mat
2282 4757 2340 4810 in
2372 4773 2478 4811 nos
2509 4753 2826 4826 quamdam
2861 4752 3140 4808 saevitiam
3177 4750 3550 4808 bestiarum?

2205 4884 2316 4954 (t2)
2349 4883 2432 4936 Ita
2458 4880 2597 4954 edit.
2627 4880 2760 4954 Era.
2801 4883 2858 4933 et
2887 4876 3018 4934 Gill.
3050 4893 3185 4954 cum
3227 4892 3370 4954 mss.
3393 4876 3559 4954 _Edit.
3585 4880 3782 4954 autem

2133 4946 2330 5018 Romi,
2360 4951 2529 5007 David
2558 4951 2759 5004 semini
2786 4965 2899 5004 esse
2920 4950 3268 5020 promissam.
3301 4948 3410 5004 Sed
3443 4964 3561 5003 non
3591 4946 3782 5001 videre

2133 5025 2233 5097 qui
2276 5038 2588 5097 reposuere
2631 5019 3350 5097 semini,_subaudien_dam
3394 5033 3536 5097 esse
3581 5031 3780 5073 vocem

2130 5089 2244 5153 sedi
2275 5089 2382 5151 hoc
2413 5093 2584 5148 modo
2619 5107 2633 5144 ε
2668 5089 2892 5146 Πιιυὶιίἱε
2920 5090 3042 5146 sedi
3062 5090 3324 5155 similem,
3355 5092 3468 5144 etc.

2201 5167 2314 5238 (13)
2346 5166 2494 5243 Edit.
2557 5162 2850 5243 R_om._,“St'
2889 5161 3138 5243 garrulas,
3170 5177 3272 5216 cur
3318 5161 3454 5240 Deos
3501 5173 3647 5243 suos_
3681 5156 3778 5243 Iur-

2129 5231 2306 5293 munu
2334 5237 2530 5308 specie,
2562 5237 2671 5288 etc.
2704 5232 2840 5288 Aliae
2886 5231 3023 5287 edit.
3057 5247 3193 5286 cum
3240 5247 3386 5286 mss.
3419 5231 3481 5284 in
3511 5231 3776 5284 nostram

2129 5305 2861 5382 lectionem‘consentiunt,
2893 5303 3006 5359 nisi
3036 5303 3191 5373 quod
3241 5301 3351 5356 illa:
3392 5301 3650 5382 habent,
3683 5312 3778 5351 cur

2126 5381 2248 5436 deos
2275 5395 2440 5449 suos;
2463 5377 2562 5449 sed
2595 5375 2734 5449 qgia
2761 5374 2870 5430 hoc
2887 5390 3141 5449 sensum
3173 5389 3287 5449 non
3319 5374 3487 5449 satis,
3520 5383 3776 5449 commo-

2125 5452 2268 5508 dum
2299 5439 2808 5516 efﬁciebat-Rom.
2837 5445 2973 5502 edit.
3006 5443 3268 5518 phrasim
3305 5440 3638 5499 deem-tanti
3689 5439 3770 5496 lo-

2131 5540 2265 5583 cum
2285 5520 2463 5579 dedit.
