3894 6208
119 290 225 382 an

1297 324 1687 388 APOLOGIA
1732 327 1967 390 DAVID
2012 331 2346 393 ALTERA.

3410 338 3528 399 942

191 456 278 508 31.
313 454 423 508 Sed
452 455 579 525 jam
615 454 751 526 quia
781 460 837 510 et
868 457 1165 527 superiore
1197 457 1289 513 die
1337 462 1394 512 et
1451 457 1621 514 hodie
1665 460 1767 514 Ju-
1802 466 1847 528 Α
1885 462 2040 523 fecit.
2068 464 2246 519 altera
2275 467 2567 522 commisit
2599 468 2911 523 incestum.
2940 468 3020 523 Ea
3052 468 3431 539 dispositione
3471 474 3529 523 et

122 542 261 599 dieis
292 543 439 598 satis
505 559 850 616 responsum
912 545 1181 612 arbitror,
1243 547 1396 618 apud
1454 564 1554 601 vos
1606 549 1773 611 mihi,

121 633 329 687 fratres
379 631 769 701 dilectissimi,
824 634 1145 706 prophetici
1224 636 1353 691 facti
1417 636 1558 709 ratio
1622 655 1779 709 prae~

120 722 332 777 standa
361 725 470 777 est.
529 721 758 776 Etenim
817 738 949 777 cum
1012 722 1265 794 primum
1326 707 1641 797 legereturi
1679 725 1773 780 hic

124 809 341 866 Psalmi
396 808 629 875 titulus,
662 810 816 881 quod
875 812 1100 867 venerit
1156 812 1382 867 Nathan
1437 814 1507 868 ad
1572 814 1773 880 David,

121 915 252 954 cum
289 898 531 954 intravit
561 900 633 953 ad
667 897 1006 963 Bethsabee,
1043 900 1298 956 diximus
1339 902 1623 973 plurimos
1679 920 1774 958 se-

120 987 202 1042 rie
262 986 527 1042 historiis
583 987 762 1057 hujus
822 988 1134 1044 confundi:
1169 993 1225 1044 et
1273 990 1403 1045 ideo
1458 995 1771 1045 tractatum

118 1077 247 1146 ejus
326 1075 761 1146 assumpsimus
842 1077 1231 1147 tripertitum;
1312 1079 1773 1150 divisionemque

116 1167 409 1220 tractatus
443 1165 593 1219 718
625 1164 705 1219 ita
737 1163 1073 1236 putavimus
1125 1181 1253 1221 esse
1305 1167 1654 1232 faciendam,
1708 1173 1773 1222 ut

114 1253 271 1324 apud
308 1251 554 1319 gentiles
607 1251 810 1323 lapsus
867 1252 1216 1309 conditionis
1274 1271 1387 1308 non
1437 1260 1769 1326 negaretur,

116 1340 400 1396 correctio
433 1339 644 1395 erroris
675 1345 1062 1408 astrueretur;
1097 1343 1249 1413 apud
1281 1334 1513 1398 Judieos
1575 1350 1767 1400 autem

110 1428 245 1483 ideo
277 1427 511 1499 lapsum
545 1442 674 1483 esse
726 1431 995 1483 sanctum
1050 1428 1227 1483 David
1276 1429 1639 1493 doceremus,
1700 1447 1771 1485 ne

108 1514 375 1587 amplius
407 1515 741 1570 Judaeorum
800 1516 1044 1587 perfidia
1100 1515 1469 1586 claudicaret,
1518 1534 1771 1590 eumque

107 1603 199 1659 vel
239 1603 337 1658 Dei
374 1602 580 1658 Filium
617 1603 947 1658 desinerent
976 1605 1229 1670 credere,
1283 1622 1455 1675 quem
1504 1606 1770 1661 viderent

109 1693 421 1747 communi
475 1692 807 1747 conditione
870 1693 1185 1747 obnoxium
1244 1694 1425 1749 fuisse
1508 1700 1765 1764 peccato.

107 1780 438 1837 Christiani
469 1797 602 1835 vero
634 1783 931 1853 surgentis
984 1781 1247 1836 Ecclesia:
1308 1783 1585 1854 mysteria
1642 1800 1770 1855 pos-
1800 1826 1845 1890 Β

118 1871 230 1890 κῖμι
272 1869 562 1890 -j-_-_1-_-
603 1871 709 1890 IAI\
795 1870 1097 1890 m__’_-_s1'|_
1172 1886 1290 1890 -,_s_
1368 1872 1551 1890 ,I'-,.‘,,'-
1619 1873 1642 1890 ιι
1684 1878 1753 1890 ξεί

110 1871 237 1925 sint
268 1869 568 1924 advertere
600 1871 732 1941 (14).
795 1870 1107 1941 Tripertita
1165 1886 1300 1943 ergo
1357 1872 1562 1927 divisio
1617 1873 1767 1927 facta

108 1963 222 2025 est,
258 1975 379 2012 una
408 1959 729 2013 secundum
766 1965 1060 2018 naturam.
1095 1959 1207 2014 alia
1238 1960 1562 2014 secundum
1588 1960 1764 2015 fidem

108 2047 288 2105 tertia
320 2047 647 2101 secundum
679 2048 923 2119 gratiam
951 2065 963 2113 ;
1000 2064 1101 2102 nec
1142 2048 1457 2103 infirmitas
1514 2048 1767 2104 excludit

107 2154 143 2193 a
174 2136 374 2203 venia,
410 2140 462 2190 et
496 2136 639 2190 ﬁdes
673 2143 908 2192 excusat
938 2155 971 2191 a
1001 2136 1190 2208 culpa.
1223 2139 1472 2205 gratiam
1534 2154 1766 2209 quoque

108 2227 473 2299 promissam
501 2225 624 2296 jam
649 2225 872 2280 dudum
906 2230 1269 2281 sacramenta
1288 2226 1618 2281 conciliant.

760 2341 988 2397 CAPUT
1027 2341 1123 2396 Vl.

104 2433 415 2489 Ecclesium
448 2431 615 2499 docet,
648 2448 747 2485 cur
774 2430 948 2486 David
1002 2446 1065 2485 ac
1118 2431 1367 2556 plerizue
1409 2432 1514 2486 alii
1575 2433 1761 2485 Domi-

180 2504 307 2556 nici
338 2507 556 2556 ameris
585 2505 827 2556 auctores
848 2505 905 2556 in
936 2518 1173 2556 errorem
1205 2503 1257 2556 Ia
1299 2506 1317 2556 i
1348 2504 1599 2556 permissi
1619 2505 1761 2556 sint:

180 2504 307 2559 uici
336 2507 556 2573 generis
585 2505 827 2557 auctores
848 2505 905 2557 iu
936 2518 1173 2557 errorem
1205 2503 1317 2557 labi
1345 2504 1599 2573 permissi
1619 2505 1762 2563 sint;

178 2585 239 2656 et
259 2578 329 2656 ut
360 2575 743 2656 iudcfaeilius
759 2575 1025 2656 mysteria
1045 2577 1225 2656 eruat,
1277 2576 1563 2656 historiam
1592 2576 1763 2628 homi-

176 2647 323 2702 cidii
350 2650 401 2701 ct
431 2646 692 2700 mlulterii
720 2644 893 2716 ipsius
924 2644 1096 2700 David
1118 2653 1373 2700 recenset.

174 2763 271 2818 32.
310 2760 635 2816 Peccaverit
669 2760 843 2815 David
885 2775 954 2815 ne
986 2765 1141 2814 totus
1202 2761 1460 2814 mundus
1510 2765 1759 2827 erraret;
1801 2763 1807 2767 “

102 2849 444 2924 peccaverit
469 2848 604 2913 sibi,
639 2853 700 2903 ut
730 2848 900 2903 nobis
933 2848 1207 2902 omnibus
1239 2850 1606 2916 emendaret;
1669 2865 1764 2919 po-

100 2945 338 2995 stremo
371 2936 692 3008 peccaverit
720 2935 780 2990 in
811 2952 1025 3008 corpus
1056 2934 1231 2991 suum
1281 2936 1405 3006 (qui
1437 2936 1591 2989 enim
1649 2936 1761 2989 for-

101 3028 369 3090 nicatur,
403 3026 464 3080 in
495 3042 707 3097 corpus
738 3042 911 3081 suum
945 3024 1164 3096 peccat)
1192 3023 1511 3095 peccaverit
1540 3023 1598 3077 in
1639 3040 1762 3078 cor-

100 3133 223 3190 pus
257 3131 461 3181 suum,
496 3118 561 3169 ut
590 3114 648 3169 in
681 3113 890 3170 Christi
924 3128 1160 3184 corpore
1190 3111 1607 3167 redimeretur:
1633 3128 1764 3167 ecce

1887 551 2169 605 Achabot
2226 554 2559 621 Jechonias,
2595 556 2744 611 sicut
2802 557 3109 612 Matthzrus
3176 559 3532 632 evangelista

1885 640 2196 713 descripsit
2227 644 2437 708 (Matth.
2476 645 2526 710 l,
2559 648 2611 711 tl,
2648 647 2755 717 11),
2828 648 3289 702 adnumerantur
3345 650 3529 718 majo-

1884 728 2047 784 ribus
2079 729 2316 798 Christi,
2354 736 2456 787 aut
2514 750 2717 790 omnes
2775 735 3042 791 homines
3096 736 3527 806 redempturus,

1884 816 2227 873 beneficium
2264 836 2296 873 a
2327 821 2450 875 suis
2481 822 2806 892 majoribus
2836 823 3170 889 inchoaret;
3231 823 3407 879 simul
3458 840 3530 879 ne

1883 904 1979 975 qui
2010 922 2072 960 se
2103 908 2351 977 subjecit
2382 925 2567 979 usque
2600 909 2669 963 ad
2704 911 2960 982 corporis
3009 912 3341 982 passionem
3394 912 3528 982 (17),

1882 992 2245 1049 nobilitatem
2265 999 2532 1066 captasse
2550 997 2939 1054 immaculatze
2956 1000 3199 1071 originis
3214 1000 3529 1065 videretur,

1880 1081 2195 1137 Hominum
2227 1084 2382 1138 enim
2408 1085 2519 1139 ista
2552 1086 2834 1156 jactantia
2855 1092 2962 1152 est,
2987 1086 3238 1142 alienam
3261 1088 3528 1160 gloriam,

1882 1186 1996 1224 non
2029 1187 2197 1226 suam
2231 1189 2518 1243 quaerere:
2554 1180 2610 1229 ct
2640 1179 2832 1229 tamen
2869 1175 3022 1229 inter
3052 1176 3210 1247 ipsos
3259 1176 3531 1233 homines

1882 1259 2069 1327 major
2098 1259 2352 1327 virtutis,
2388 1278 2561 1332 quam
2597 1263 2921 1318 nobilitatis
2951 1270 3041 1320 est
3105 1264 3312 1336 gratia.
3346 1264 3534 1320 Simul

1880 1347 2167 1402 edendum
2221 1348 2552 1421 exemplum
2604 1351 2715 1405 fuit
2763 1356 2827 1406 ut
2876 1352 3268 1424 intelligerent
3323 1371 3528 1409 omnes

1881 1436 2171 1505 majorum
2206 1438 2417 1507 probra
2440 1455 2552 1493 non
2589 1456 2759 1510 posse
2790 1442 3039 1511 posteris
3069 1458 3195 1497 esse
3225 1443 3524 1510 dedecori;

1880 1540 1932 1593 qi
1963 1524 2031 1577 od
2066 1525 2442 1596 unusquique
2494 1527 2884 1582 successionis
2934 1528 3226 1583 maculam
3278 1532 3525 1601 prepria:

1881 1611 2086 1666 merito
2120 1614 2303 1683 possit
2335 1613 2566 1668 abolere
2596 1615 2846 1670 virtutis.
2881 1617 3057 1671 Vides
3088 1622 3340 1687 quantos
3375 1620 3524 1674 119

1880 1706 2122 1769 etquam
2147 1702 2399 1771 graviter
2418 1704 2764 1759 criminosos
2788 1705 3100 1759 Dominicm
3132 1707 3525 1777 generationis

1879 1790 2055 1845 series
2089 1791 2561 1861 comprehendat,
2605 1793 2675 1847 de
2703 1810 2952 1863 quorum
3009 1793 3235 1864 origine
3285 1799 3521 1865 propter

1877 1882 1931 1932 te
1965 1877 2121 1932 nasci
2155 1877 2423 1932 Christus
2454 1896 2566 1933 non
2599 1880 2872 1935 erubuit?
2904 1882 2969 1935 Et
3012 1881 3131 1935 haec
3188 1881 3235 1935 si
3289 1883 3514 1950 credas,

1876 1965 2082 2020 divinae
2142 1967 2533 2022 miserationis
2582 1967 2640 2022 in
2693 1973 2749 2022 te
2803 1985 3049 2023 munera
3097 1975 3255 2035 sunt,
3306 1976 3361 2025 et
3415 1971 3521 2025 hoc

1875 2054 2128 2109 cmlestis
2187 2055 2415 2129 insigne
2480 2059 2569 2109 est
2625 2058 2946 2127 potestatis.
3017 2058 3526 2128 Superabundavit

1874 2143 2030 2197 enim
2062 2148 2388 2214 peccatum,
2450 2149 2512 2198 ut
2568 2144 3072 2214 superabundaret
3130 2148 3335 2217 gratia.
3397 2148 3521 2202 Non

1874 2230 2046 2285 fuerit
2076 2230 2257 2302 igitur
2291 2232 2463 2286 David
2496 2237 2771 2303 exceptus
2795 2250 2827 2287 a
2857 2232 3051 2305 culpa,
3110 2237 3172 2288 ut
3218 2239 3372 2289 esset
3401 2233 3522 2290 ele-

1874 2324 2001 2374 ctus
2032 2320 2103 2373 ad
2143 2321 2415 2391 gratiam.

1944 2410 2031 2463 3’1.
2066 2408 2171 2462 Sed
2196 2409 2320 2479 jam
2355 2409 2631 2479 mysteria
2659 2409 2845 2481 ipsius
2877 2427 3288 2466 recenseamus
3344 2411 3523 2467 histo-

1875 2497 1993 2555 riae.
2023 2504 2079 2549 et
2115 2513 2179 2550 ex
2214 2497 2360 2567 ipsis
2391 2497 2825 2568 Scripturarum
2858 2500 3121 2554 fontibus
3152 2500 3516 2567 hauriemus,

1875 2592 2049 2655 atque
2082 2591 2146 2637 ut
2177 2601 2410 2639 omnem
2438 2586 2646 2640 seriem
2675 2587 3087 2657 mysteriorum
3110 2587 3520 2659 introspiscere

1870 2673 2191 2745 pessimus,
2228 2678 2446 2727 textum
2482 2674 2668 2744 ipsius
2708 2682 3042 2744 repetamus
3092 2675 3367 2730 historiis.
3426 2676 3519 2731 Sic

1872 2763 2026 2818 enim
2061 2762 2116 2815 in
2148 2761 2298 2817 libro
2332 2762 2663 2833 Regnorum
2724 2762 3101 2817 meminimus
3151 2779 3515 2835 expressum,

1874 2868 1938 2906 eo
1971 2853 2123 2923 quod
2160 2851 2335 2906 David
2396 2868 2527 2905 cum
2576 2851 2863 2906 lavantem
2896 2852 3141 2907 vidisset
3198 2853 3518 2908 Bethsabee

1877 2940 2023 2996 Urize
2056 2956 2317 3006 uxorem,
2352 2941 2737 3003 adamaverit;
2773 2941 2983 2995 deinde
3033 2943 3275 2996 domum
3322 2942 3521 2997 venire

1874 3029 2227 3101 praeceperit,
2262 3044 2394 3082 cum
2438 3029 2649 3083 absens
2705 3035 2860 3084 esset
2916 3030 3002 3083 vir
3049 3030 3350 3097 mulieris;
3403 3048 3516 3086 non

1878 3118 2060 3172 multo
2084 3121 2216 3189 post
2246 3117 2523 3171 maritum
2557 3119 2685 3187 ejus
2718 3134 3010 3173 reversum
3046 3135 3194 3185 esse,
3244 3120 3518 3174 nuntium

98 3220 290 3280 quem
322 3203 416 3258 vix
446 3203 873 3259 defendendum
907 3201 1282 3275 putabamus,
1309 3203 1435 3272 jam
1467 3201 1765 3257 cernimus
1795 3193 1837 3259 C
1876 3206 2033 3274 belli,
2068 3206 2407 3277 religiosum
2440 3222 2579 3260 sane
2609 3212 2665 3260 et
2694 3207 2964 3260 devotum
2995 3206 3208 3270 virum,
3249 3209 3349 3278 qui
3381 3208 3519 3263 belli

98 3293 577 3371 praedicandum.
612 3292 753 3357 Quis
782 3292 936 3348 enim
969 3295 1057 3346 est
1078 3290 1179 3362 qui
1200 3289 1345 3345 nolit
1365 3290 1561 3345 divina
1574 3290 1763 3361 magis

100 3387 165 3441 in
201 3399 567 3449 semunera,
629 3398 805 3454 quam
867 3380 1129 3436 humana
1187 3396 1361 3451 opera
1415 3379 1763 3451 praedicari?

95 3474 487 3531 Arbitramur
514 3470 669 3527 enim
703 3470 1028 3526 secundum
1084 3468 1413 3540 apostolum
1471 3468 1642 3539 (Rom.
1677 3486 1763 3537 ιιι,

95 3563 198 3634 28)
220 3559 544 3633 justiﬁeari
580 3558 874 3614 hominem
909 3573 1011 3631 per
1060 3557 1256 3626 ﬁdem,
1308 3557 1434 3611 sine
1493 3557 1764 3629 operibus

95 3650 295 3725 legis:
353 3635 710 3719 justificetur
767 3663 902 3719 ergo
969 3663 1036 3701 ex
1093 3646 1204 3701 ﬁde
1263 3646 1464 3710 David,
1515 3647 1610 3717 qui
1663 3663 1766 3718 per

93 3741 305 3813 legem
344 3742 645 3809 peccatum
677 3735 933 3811 agnovit,
965 3736 1065 3790 sed
1099 3736 1318 3808 peccati
1376 3735 1605 3790 veniam
1664 3752 1767 3807 per

94 3831 290 3887 fidem
327 3826 598 3882 credidit:
627 3824 987 3897 justiﬁcetur
1016 3824 1217 3888 David,
1254 3822 1391 3895 quia
1422 3824 1478 3878 in
1528 3829 1765 3896 peccato

92 3921 239 3991 ejus
272 3920 555 3989 subrepto
586 3914 855 3971 Ecclesiae
884 3912 1157 3986 mysteria
1188 3914 1298 3983 (15)
1318 3912 1690 3967 refulserunt.

171 4015 274 4069 33.
312 4009 461 4065 Dicit
508 4003 741 4077 aliquis,
803 4019 922 4075 qua
968 4002 1191 4058 ratione
1222 4008 1278 4056 et
1327 4000 1675 4056 adulterium
1710 4007 1766 4056 et

90 4097 507 4161 homicidium
541 4092 901 4150 commiserit
932 4090 1213 4146 Dominici
1276 4089 1506 4163 generis
1565 4099 1768 4146 auctor

89 4193 341 4248 electus
373 4204 405 4241 a
438 4183 592 4240 Deo?
621 4181 785 4237 Aliud
819 4179 946 4235 dico
977 4197 988 4235 :
1021 4179 1178 4235 Talis
1224 4184 1426 4234 auctor
1480 4178 1766 4234 Dominici

88 4282 219 4338 fuit
251 4273 525 4348 corporis
553 4269 877 4343 eligendus.
911 4268 1061 4332 Quid
1093 4271 1181 4323 est
1212 4267 1367 4324 enim
1418 4268 1764 4339 corporatio,

89 4368 224 4427 nisi
251 4362 527 4421 remissio
560 4358 974 4432 peccatorum?
1005 4358 1071 4412 Et
1119 4357 1247 4412 ideo
1302 4372 1500 4413 exsors
1549 4356 1767 4429 peccati

88 4470 389 4516 essenon
446 4450 656 4523 potuit,
689 4451 752 4502 ut
798 4447 1055 4502 divinam
1104 4446 1350 4519 gratiam
1401 4451 1458 4501 et
1504 4445 1767 4518 exemplo

86 4543 419 4622 praeferret
477 4543 533 4594 et
590 4536 815 4593 nuntio.

86 4629 447 4693 Bethsabee
472 4631 529 4684 et
558 4626 816 4681 Thamar
846 4625 996 4680 inter
1022 4629 1290 4680 auctores
1321 4624 1609 4680 Dominici
1656 4624 1764 4696 (l6)

81 4720 350 4800 generis
385 4718 832 4788 computantur,
891 4729 1142 4786 quarum
1174 4712 1358 4767 altera
1415 4712 1766 4768 adulterium

174 4936 317 5011 (14)
344 4932 601 5011 Ita_edit.
632 4947 834 5011 omnes
865 4946 999 4984 cum
1023 4928 1221 5011 tribus.
1245 4946 1385 5011 mss“.
1422 4927 1546 5011 Alii
1570 4931 1767 4982 autem

86 5001 363 5083 legunt:
392 5004 723 5083 Christianis
767 5017 890 5056 vero
939 5005 1284 5072 suggerentes
1344 5001 1597 5055 Ecclesiae
1648 5015 1767 5069 my-

86 5074 285 5141 “Era;
315 5078 587 5143 possimus
615 5074 915 5129 advertere.

176 5142 323 5232 μδ)
358 5145 696 5232 Rom-edit:
721 5160 854 5232 ουιη
889 5143 1041 5232 Vae,
1076 5142 1764 5232 sns=_¢§_f€ec°de,-.ee-

88 5214 249 5299 quia
276 5214 585 5299 inpeccato
642 5218 757 5289 ejus
788 5222 1117 5299 surrectura
1172 5214 1430 5270 Ecclesia:
1485 5215 1765 5285 mysteria.

86 5286 253 5356 Aliae
287 5286 433 5347 edit.
468 5304 534 5344 ac
565 5286 707 5343 mss.
740 5291 808 5341 ut
836 5286 895 5340 in
920 5290 1101 5340 textu.

175 5366 306 5441 (l6)
366 5359 519 5417 Edit.
578 5359 707 5441 Era.
770 5363 944 5441 atque
998 5356 1439 5441 Qill.netumss.
1489 5354 1767 5441 "aliquot,

86 5425 317 5498 mitras
346 5440 597 5488 auctores
628 5425 941 5496 Dominici,
986 5434 1094 5483 etc.
1145 5425 1392 5498 Quidam
1451 5425 1549 5481 alii
1600 5425 1768 5495 mss.,

84 5496 333 5578 matres,
348 5503 610 5578 auctoris.
636 5498 921 5578 _etc.'_Gill.
955 5515 1089 5578 vero
1116 5497 1176 5553 in
1210 5496 1507 5578 margine,
1528 5513 1593 5554 ac
1624 5514 1767 5556 mss.

86 5569 386 5646 nonnulli
420 5589 555 5646 cum
583 5573 923 5646 edit,_Rom.
957 5570 1262 5646 nobiscum
1296 5569 1535 5646 faciunt,

164 5639 292 5736 (l7)
329 5648 429 5708 Sic
461 5645 630 5705 Rom.
665 5643 804 5702 edit.
835 5645 892 5701 et
939 5657 1085 5701 mss.
1148 5639 1387 5715 aliquot.
1440 5640 1579 5700 Aliae
1633 5656 1765 5699 vero

1876 3300 2133 3366 tempore
2169 3310 2282 3348 non
2325 3294 2613 3365 putaverit
2641 3294 2749 3349 sibi
2785 3294 3227 3365 ingrediendam
3255 3296 3519 3364 domum,

1874 3400 2006 3438 eum
2041 3382 2229 3437 socios
2259 3382 2408 3437 bello
2434 3383 2652 3437 videret
2696 3384 2968 3449 intentos,
3024 3399 3129 3438 nec
3180 3384 3522 3457 domesticis

1872 3474 1929 3527 in
1961 3470 2370 3535 tabernaculis,
2404 3471 2503 3526 sed
2537 3472 2594 3525 in
2628 3471 2993 3543 prmliaribus
3022 3472 3287 3526 tentoriis
3343 3489 3513 3527 excu-

1872 3562 2107 3627 bantes;
2140 3564 2339 3630 postea
2362 3561 2534 3630 jussu
2567 3560 2745 3614 David
2772 3560 3002 3614 in'bella
3028 3565 3386 3626 revocatum,
3406 3563 3518 3616 sub

1873 3667 1940 3705 ea
1971 3649 2371 3721 przeceptione,
2408 3653 2473 3703 ut
2503 3649 2852 3721 objiceretur
2890 3649 3238 3705 adversariis
3271 3649 3517 3705 bellato-

1875 3739 2060 3805 ribus,
2094 3754 2209 3808 quo
2242 3743 2429 3791 morte
2486 3737 2589 3790 viri
2649 3736 2891 3792 liberam
2948 3739 3176 3809 capiam
3234 3737 3517 3809 potienda:

1874 3826 2141 3882 mulieris
2174 3843 2269 3879 rex
2300 3826 2539 3880 haberet
2557 3827 2627 3895 (II
2661 3828 2783 3896 Heg.
2818 3844 2896 3892 x1,
2932 3827 3098 3896 2-2l‘).
3136 3827 3204 3880 Et
3242 3826 3334 3879 hic
3366 3843 3517 3881 non-

1854 3915 2037 3971 ,uulla
2068 3919 2155 3968 est
2178 3914 2397 3985 peccati
2432 3916 2797 3982 verecundia,
2831 3919 2889 3968 et
2908 3916 3096 3985 pudor
3125 3914 3328 3984 eulpae,
3363 3914 3516 3984 quod

1876 4004 2158 4058 latebram
2193 4002 2457 4073 quaesivit
2512 4004 2759 4068 erroris;
2815 4007 2871 4055 et
2913 4003 3141 4072 injustze
3201 4001 3360 4055 necis
3403 4018 3516 4056 non

1876 4090 2282 4147 auctoritatem
2316 4091 2426 4144 sibi
2451 4092 2585 4159 jure
2615 4091 2784 4161 regia:
2824 4090 3126 4160 potestatis
3173 4090 3515 4160 assumpsit,

1875 4181 1975 4237 sed
2010 4179 2287 4233 invidiam
2323 4176 2650 4233 declinavit.
2685 4177 2929 4249 Culpam
2960 4177 3190 4243 fatetur,
3224 4178 3320 4232 sed
3381 4177 3546 4246 ιοιθ..

1877 4268 2114 4325 rabilior
2142 4272 2231 4322 est
2261 4284 2385 4338 qua:
2414 4267 2699 4339 premitur
2729 4266 3097 4330 verecundia,
3159 4282 3335 4337 quam
3390 4282 3516 4337 quae

1876 4357 2188 4414 insolentia
2218 4356 2584 4428 praedicatur.
2651 4355 2916 4419 Mortuus
2959 4360 3047 4411 est
3093 4355 3273 4426 igitur
3330 4356 3515 4419 Urias,

1874 4445 2255 4503 bellatoribus
2287 4445 2571 4515 objectus,
2604 4444 2703 4499 sed
2739 4450 2939 4516 postea
2994 4444 3171 4499 iidem
3228 4444 3327 4515 qui
3382 4461 3517 4499 eum

908 4535 1166 4607 Denique
1250 4552 1316 4591 ea
1387 4535 1770 4608 dispositione
1798 4562 1843 4625 D
1878 4539 2270 4609 peremerunt,
2298 4535 2470 4603 jussu
2504 4534 2701 4603 David,
2733 4538 3061 4605 expugnata
3091 4533 3254 4599 urbe,
3275 4537 3413 4587 sunt
3430 4549 3523 4605 pe-

1878 4624 2110 4697 rempti.
2148 4625 2271 4678 Haec
2298 4628 2384 4678 est
2436 4622 2693 4676 historiae
2725 4622 2925 4689 series,
2960 4622 3018 4676 in
3061 4638 3177 4693 qua
3233 4622 3523 4694 profunda

1876 4712 2012 4769 licet
2040 4717 2300 4784 spectare
2333 4712 2626 4784 mysteria.

1877 4928 2015 4983 edit.
2049 4927 2218 4981 simul
2251 4942 2320 4979 ac
2346 4927 2465 4996 quis
2491 4925 2755 4994 sui'ijcclus
2807 4927 3052 4996 corporis
3089 4925 3352 4994 passiam,
3408 4928 3516 4979 etc.

1879 5017 1913 5055 a
1944 4998 2158 5069 quibus
2190 5014 2332 5051 mss.
2358 4995 2761 5069 pleriquenou
2787 4996 2983 5065 procul
3007 4995 3241 5049 abeunt.
3271 4997 3343 5049 At
3363 4996 3518 5069 quod

1879 5066 2017 5125 edit.
2052 5069 2215 5127 Rom,
2249 5066 2450 5137 paucis
2478 5066 2816 5133 interjectis,
2851 5072 3055 5120 contra
3081 5071 3304 5119 veteres
3350 5066 3517 5133 alias,

1880 5147 1935 5196 et
1965 5156 2108 5195 mss.
2144 5140 2399 5209 praefert:
2436 5138 2724 5209 Hominum
2747 5138 2897 5209 enim
2952 5138 3061 5191 ista
3099 5138 3375 5206 jactantia
3419 5141 3521 5204 est,

1877 5215 1927 5268 et
1957 5229 2069 5267 non
2127 5206 2368 5264 alienam
2422 5208 2680 5277 gloriam,
2711 5206 2803 5261 sed
2854 5224 3011 5262 suam
3067 5222 3352 5276 quaerere;
3403 5226 3518 5264 non

1882 5300 2021 5339 sane
2078 5280 2347 5350 viderunt
2400 5279 2649 5350 editores
2698 5278 2846 5333 hanc
2895 5278 3242 5335 sententiam
3302 5296 3402 5350 per
3459 5298 3521 5335 se

1879 5353 2268 5424 verissimam,
2301 5349 2421 5424 hoc
2436 5348 2564 5424 loco
2596 5349 2911 5424 absurdam
2944 5368 3099 5406 esse:
3135 5366 3267 5405 cum
3302 5348 3523 5424 agatur

1881 5427 1952 5483 de
1983 5425 2164 5499 gloria
2186 5419 2569 5499 innobilitate
2595 5420 2895 5499 majorum
2920 5424 3129 5499 posita,
3152 5438 3327 5494 quam
3352 5419 3523 5499 inulti

1881 5491 2148 5573 quaerunt
2174 5491 2674 5573 avidissime,nde
2703 5491 2938 5566 prepria
2986 5494 3099 5550 sibi
3145 5491 3297 5551 recte
3352 5496 3521 5556 tactis

1880 5561 2236 5646 acquirenda
2268 5564 2411 5623 nihil
2444 5561 2700 5622 solliciti.
