3894 6208
1804 254 1869 313 S.
1904 253 1964 313 Ai

2173 254 2277 313 ISII
3628 245 3731 307 9M

2019 388 2073 452 Α
2101 386 2475 457 conceptione
2509 386 2745 453 furtiva;
2780 384 2963 441 istum
3017 399 3152 440 vero
3200 382 3585 440 Salomonem
3620 381 3735 452 jam

2097 492 2165 530 ex
2196 475 2555 547 professione
2601 473 2881 546 conjugii.
2937 472 3143 546 Liquet
3184 471 3371 545 igitur
3407 487 3515 544 per
3574 468 3737 528 David

2096 563 2341 634 intelligi
2375 564 2738 635 prophetam,
2773 581 2875 636 per
2905 562 3253 635 prophetam
3287 559 3581 635 populum
3610 577 3738 633 pro-

2098 652 2420 724 pheticum,
2447 669 2517 708 ex
2546 668 2662 724 quo
2691 656 2749 707 et
2771 668 2843 707 ex
2867 651 3179 725 Synagoga
3206 649 3439 722 primus
3498 645 3601 705 ille
3647 648 3739 722 qui

2100 747 2277 796 natus
2303 746 2391 797 est
2422 741 2723 813 (quoniam
2744 741 3199 813 degeneraverat
3217 756 3253 795 a
3270 737 3602 810 majoribus
3627 736 3745 794 suis

2101 845 2204 900 per
2234 830 2454 901 ﬂagitia
2484 830 2792 898 formatus,
2814 834 2873 885 et
2893 846 2996 901 per
3013 829 3155 884 vitia
3174 832 3487 884 concretus
3499 825 3744 901 populus

2098 918 2457 987 Judzeorum)
2486 918 2558 973 ad
2580 918 3023 974 resurrectionis
3044 917 3433 974 eternitatem
3454 914 3753 989 pervenire

2103 1024 2218 1061 non
2262 1007 2471 1078 potuit,
2503 1024 2606 1062 nec
2657 1008 2714 1060 in
2771 1008 2963 1062 virum
3015 1006 3341 1077 perfectum
3381 1021 3744 1073 excrescere;

2103 1097 2199 1149 sed
2250 1096 2305 1148 in
2355 1096 2565 1165 exigua
2594 1112 2876 1151 sensuum
2935 1096 3237 1166 parvitate,
3268 1100 3331 1150 et
3354 1094 3617 1166 quadam
3644 1093 3751 1149 vir-

2101 1185 2243 1238 tutis
2274 1185 2481 1237 defccit
2514 1184 2783 1239 infantia.
2816 1188 2887 1238 At
2943 1200 3075 1238 vero
3132 1182 3227 1238 ille
3275 1183 3379 1254 qui
3436 1188 3645 1255 postea
3686 1199 3749 1238 ex

2104 1274 2361 1343 legitima
2393 1280 2705 1345 conceptus
2726 1272 3057 1344 estcopula,
3082 1271 3334 1344 populus
3358 1272 3750 1339 Christianus,

290 302 297 307 .
344 254 460 314 943

976 385 1208 442 CAPUT
1239 386 1359 442 VII.

346 504 549 559 Divina
579 504 832 558 invocato
886 502 1121 570 Spiritu,
1172 503 1365 572 ina’pit
1416 501 1662 567 detegere
1728 501 1985 569 mysteria

417 592 538 646 qua
564 576 665 630 sub
720 575 982 629 Davidac
1036 573 1327 628 Bethsabee
1381 573 1671 639 adulterio,
1732 589 1827 627 nec
1881 588 1989 625 non

416 648 518 702 sub
547 649 721 719 ipsius
739 654 909 715 partu
936 647 1278 700 vetabantur.

415 798 507 854 35.
539 799 607 854 Et
636 797 912 870 quoniam
946 796 1124 851 David
1158 813 1272 850 non
1318 795 1749 851 defendendum
1801 808 1990 863 neque

347 889 502 945 enim
536 902 666 944 meo
716 890 845 958 eget
876 885 1116 951 auxilio,
1174 886 1275 939 sed
1323 884 1721 939 excusandum
1779 881 1989 952 recipi-

348 994 504 1047 mus,
532 974 621 1031 vel
653 976 849 1046 potius
880 974 1350 1046 przedicandum;
1376 990 1445 1028 ne
1474 975 1531 1027 in
1560 976 1721 1027 tanto
1778 976 1991 1041 myste-

349 1065 567 1121 riorum
604 1064 891 1136 profundo
911 1062 1198 1127 vacillern,
1222 1064 1453 1131 justum
1486 1068 1572 1115 est
1607 1068 1666 1113 ut
1716 1061 1844 1128 ejus
1894 1074 1993 1111 ore

350 1160 503 1223 utar,
536 1155 707 1223 cujus
738 1158 870 1205 utor
900 1151 1164 1205 historia.
1203 1150 1338 1205 L'tar
1392 1151 1569 1221 igitur
1624 1148 1994 1219 responsurio

352 1242 690 1315 prophetico
730 1240 959 1294 dicens:
998 1262 1025 1287 α
1079 1238 1189 1293 Cor
1241 1240 1522 1292 mundum
1577 1253 1708 1291 crea
1760 1237 1817 1289 in
1879 1252 1993 1299 me,

355 1324 529 1401 Deus,
556 1336 611 1385 et
643 1329 913 1400 spiritum
941 1335 1159 1381 rectum
1184 1328 1393 1381 innova
1422 1328 1477 1381 in
1503 1325 1821 1380 visceribus
1847 1324 1992 1377 meis

353 1420 523 1477 (Paul.
561 1436 609 1481 L,
664 1420 772 1488 12,.
803 1446 828 1464 ιν
875 1417 1054 1471 Nemo
1104 1414 1257 1470 enim
1320 1416 1446 1469 sine
1498 1416 1753 1486 Spiritus
1810 1412 1992 1465 sancti

353 1508 669 1571 infusione,
722 1511 885 1561 tanta
913 1504 1092 1559 divini
1155 1521 1421 1559 recessus
1474 1508 1663 1575 potest
1733 1507 1995 1572 spectare

352 1594 647 1670 mysteria.
682 1595 909 1650 Etenim
942 1594 988 1648 si
1024 1593 1117 1648 ille
1148 1598 1347 1648 tantus
1378 1592 1680 1663 propheta,
1739 1590 1995 1661 Spiritus

350 1685 539 1741 sancti
571 1683 705 1757 petit
725 1684 835 1738 sibi
856 1699 1074 1737 munus
1090 1681 1342 1748 infundi,
1361 1680 1499 1752 quid
1518 1681 1701 1736 facere
1726 1680 1822 1733 inti
1834 1694 1995 1732 rmus

352 1753 591 1831 debeati
625 1788 758 1828 cum
802 1770 1123 1843 praesertim
1183 1772 1358 1824 etiam
1407 1768 1717 1840 Apostolus
1757 1771 1996 1821 sanctus
2029 1753 2077 1816 Β

352 1861 557 1936 pepuli
587 1876 820 1933 quoque
850 1876 910 1914 se
935 1864 1096 1931 putet
1128 1859 1395 1931 precibus
1427 1857 1713 1928 adjuvari,
1766 1862 1829 1911 ut
1860 1872 1994 1927 ape-

353 1952 537 2007 riatur
564 1951 614 2006 ei
648 1950 865 2005 ostium
898 1950 969 2003 ad
992 1947 1351 2021 loquendum
1372 1946 1713 2018 mysterium
1742 1945 1922 1999 verbi.

351 2050 397 2106 Ο
422 2050 482 2106 Si
514 2047 659 2105 mihi
688 2047 907 2103 ostium
937 2046 1081 2100 illud
1112 2045 1383 2101 Christus
1424 2046 1703 2115 dignetur
1731 2043 1991 2114 aperire!

354 2139 663 2195 Pulsemus
690 2142 919 2203 tamen;
953 2134 1101 2189 solet
1131 2134 1286 2188 enim
1342 2132 1614 2187 exaudire
1673 2130 1995 2203 pulsantes,

353 2228 495 2302 quia
518 2227 644 2299 ipse
660 2224 832 2280 dixit:
865 2246 892 2273 ‹‹
927 2222 1180 2292 Pulsate,
1208 2227 1265 2277 et
1294 2220 1585 2293 aperietur
1632 2221 1795 2276 vobis
1844 2221 1993 2289 (Luc.

352 2336 432 2386 χι,
462 2318 541 2389 8).
578 2340 605 2366 ››
628 2316 672 2371 Ο
704 2316 752 2371 si
786 2314 929 2368 mihi
962 2330 1022 2368 se
1052 2312 1177 2385 ipse
1209 2316 1508 2379 reseraret,
1563 2312 1701 2384 quia
1730 2311 1997 2365 Christus

354 2412 444 2464 est
466 2408 682 2479 janua:
719 2404 840 2477 ipse
867 2404 1045 2470 intus,
1082 2404 1203 2474 ipse
1232 2406 1412 2467 extra,
1446 2401 1571 2473 ipse
1600 2401 1692 2455 via
1721 2417 1847 2471 qum
1893 2399 2001 2453 du-

354 2496 455 2563 cit,
486 2494 612 2568 ipse
641 2494 761 2548 vita
789 2492 859 2547 ad
889 2509 1065 2563 quam
1090 2490 1498 2546 contendimus
1531 2490 1851 2561 pervenire.

422 2594 514 2648 36.
546 2589 688 2647 Veni
719 2606 875 2662 ergo,
912 2589 1152 2643 Domine
1181 2586 1343 2655 Jesu,
1374 2592 1430 2642 et
1460 2586 1618 2659 aperi
1650 2586 1820 2642 nobis
1877 2586 1999 2640 fon-

353 2688 442 2739 tes
465 2686 619 2749 tuos,
642 2683 707 2735 ut
738 2679 1012 2734 bibamus
1042 2678 1113 2732 de
1143 2694 1317 2749 aqua,
1350 2693 1527 2748 quam
1558 2675 1845 2747 quibibit,
1882 2691 1996 2729 non

356 2773 518 2830 120
545 2770 705 2827 sitiet
732 2770 789 2825 in
824 2774 1105 2824 aeternum
1139 2768 1315 2835 (Joan.
1368 2784 1442 2834 1v,
1503 2765 1612 2836 43).
1674 2763 1775 2820 Vel
1831 2763 1878 2817 si
1927 2763 1998 2817 de

356 2863 513 2918 fonte
542 2858 736 2917 adhuc
766 2863 867 2914 tuo
901 2857 1133 2914 haurire
1189 2873 1304 2911 non
1364 2870 1703 2926 possumus,
1755 2851 1999 2925 dignare

355 2949 671 3008 concedam
700 2952 766 3003 ut
794 2947 864 3003 de
893 2951 1066 3018 puteo
1125 2943 1333 3000 saltem
1389 2943 1622 2998 haurire
1679 2940 1996 3014 possimus,

356 3040 513 3096 unde
536 3042 737 3111 potum
760 3036 1137 3092 Samaritana;
1156 3032 1240 3088 illi
1259 3032 1547 3099 dubitanti
1563 3032 1755 3087 adhuc
1769 3030 1998 3085 mulieri

2108 1360 2202 1415 ille
2232 1363 2465 1433 sapiens
2496 1368 2668 1433 atque
2702 1362 3003 1433 paciﬁcus,
3065 1362 3171 1415 hoc
3228 1361 3389 1416 enim
3422 1359 3751 1416 Salomonis

2105 1452 2580 1522 interpretatione
2667 1455 2981 1520 reseratur,
3011 1450 3085 1505 ad
3143 1449 3419 1506 incanam
3488 1448 3753 1524 longaeva

2105 1540 2546 1595 resurrectionis
2578 1546 2828 1604 (etatem,
2855 1545 3029 1612 atque
3057 1540 3132 1594 ad
3166 1554 3418 1612 regnum
3448 1538 3601 1595 illud
3647 1555 3755 1594 cm-

2106 1629 2250 1683 leste
2282 1630 2563 1700 pervenit.
2602 1629 2709 1684 Per
2740 1628 2906 1683 illum
2940 1633 3138 1684 autem
3198 1628 3488 1700 populum
3520 1626 3613 1684 lex
3668 1645 3755 1684 so-

2107 1718 2248 1783 luta,
2282 1735 2384 1789 per
2416 1719 2592 1773 istum
2623 1718 2813 1789 gratia
2842 1717 3156 1773 reformata
3184 1720 3293 1773 est.

2173 1898 2267 1951 3t}.
2301 1897 2559 1967 Accipite
2589 1896 2766 1951 etiam
2793 1896 3032 1952 tertium
3056 1895 3430 1968 mysterium.
3456 1896 3626 1963 Quod
3650 1896 3758 1954 Da-

2104 1986 2195 2040 vid
2253 1986 2472 2041 llebrazi
2525 1984 2819 2041 excelsum
2848 1985 3051 2040 dicunt
3081 1986 3214 2056 (l8).
3250 1983 3441 2040 Latini
3487 1984 3763 2042 humilia-

2105 2079 2229 2129 tum
2265 2075 2742 2145 interpretantur.
2775 2074 2917 2140 Quis
2944 2077 3035 2129 est
3065 2080 3260 2129 autem
3310 2090 3444 2129 vere
3477 2073 3759 2130 humilia—

2104 2167 2224 2229 tus,
2260 2164 2371 2216 nisi
2404 2162 2500 2217 ille
2532 2190 2559 2212 «ι
2596 2163 2693 2234 qui
2728 2179 2840 2217 non
2873 2162 3139 2234 rapinam
3178 2162 3607 2219 arbitratusest
3637 2179 3762 2220 esse

2107 2267 2169 2306 se
2198 2250 2480 2323 aequalem
2510 2252 2658 2306 Deo:
2695 2252 2796 2306 sed
2830 2251 3080 2307 formam
3111 2250 3264 2307 servi
3333 2250 3639 2324 accipiens
3666 2251 3763 2308 hu-

2105 2340 2348 2395 miliavit
2395 2341 2796 2412 semetipsum,
2850 2340 3040 2395 factus
3098 2338 3377 2395 obediens
3438 2356 3637 2414 usque
3691 2342 3762 2398 ad

2108 2435 2354 2484 mortem
2388 2429 2657 2501 (Philipp.
2701 2446 2763 2495 ιι,
2794 2429 2965 2500 6-8)?
2996 2451 3023 2477 ››
3053 2427 3159 2484 Hic
3188 2428 3370 2501 igitur
3398 2434 3491 2485 est
3521 2430 3628 2503 qui
3684 2431 3762 2486 si-

2104 2518 2420 2590 gnificatur
2451 2518 2651 2585 David,
2684 2517 2949 2574 excelsus
2979 2534 3083 2590 per
3109 2523 3406 2585 naturam,
3438 2519 3547 2575 sed
3569 2519 3760 2577 humi-

2105 2608 2281 2662 liatus
2314 2624 2413 2677 per
2446 2606 2939 2663 misericordiam:
2998 2605 3275 2663 sublimis
3320 2607 3382 2662 in
3430 2608 3758 2675 divinitate,

2105 2697 2205 2751 sed
2261 2696 2417 2751 mitis
2446 2696 2502 2749 iu
2536 2712 2795 2767 corpore.
2828 2696 3029 2767 Itaque
3087 2696 3188 2751 ubi
3246 2695 3625 2765 humiliatus,
3682 2698 3760 2754 ibi

2104 2785 2402 2840 obediens.
2434 2785 2511 2839 Ex
2540 2802 2608 2840 eo
2627 2785 2787 2841 enim
2818 2786 3085 2842 nascitur
3108 2784 3464 2853 obedientia,
3526 2803 3599 2842 ex
3647 2803 3757 2859 quo

2105 2872 2428 2942 humilitas,
2461 2879 2516 2928 et
2547 2873 2606 2929 in
2637 2890 2703 2929 eo
2763 2873 2996 2929 desinit.
3057 2872 3203 2929 Cum
3262 2874 3423 2930 enim
3481 2874 3761 2932 obediens

2104 2960 2318 3016 dicitur
2373 2962 2564 3017 factus
2602 2978 2788 3033 usque
2818 2962 2890 3016 ad
2913 2965 3162 3018 mortem
3192 2962 3378 3032 (mors
3407 2966 3617 3020 autem
3647 2980 3756 3021 non

2106 3049 2448 3117 divinitatis,
2483 3051 2585 3106 sed
2616 3051 2875 3122 corporis
2902 3050 3038 3122 fuit)
3068 3067 3185 3107 non
3205 3051 3407 3124 utique
3426 3052 3761 3108 obedientia

356 3126 666 3202 polliceris.
701 3127 767 3182 Et
789 3130 849 3181 tu
879 3125 1116 3196 quidem
1148 3123 1219 3177 de
1262 3123 1420 3177 fonte
1450 3119 1726 3210 omnibus
1764 3118 1996 3191 pollice-
2028 3121 2072 3189 C
2106 3138 2431 3194 divinitatis
2463 3139 2574 3194 fuit
2603 3118 2735 3206 i113;
2779 3137 2880 3193 sed
2934 3118 3225 3210 οοιζροι-ίες
3284 3118 3391 3196 ιῖεο
3451 3140 3759 3197 humilitas

355 3217 455 3284 ris,
489 3217 592 3274 sed
621 3215 1053 3280 dubitantibus,
1078 3211 1245 3267 utilli
1276 3209 1672 3275 Samaritana,
1707 3210 1836 3264 fons
1861 3212 1999 3263 tuus

354 3306 547 3364 adhuc
576 3304 733 3361 altus
774 3308 865 3361 est
921 3310 1152 3374 puteus.
1213 3300 1492 3355 Bihamus
1530 3303 1587 3354 et
1624 3314 1731 3354 nos
1782 3313 1998 3369 aquam

356 3393 683 3451 caelestium
707 3396 1086 3449 secretorum.
1113 3390 1183 3445 Et
1204 3389 1479 3461 quoniam
1504 3387 1575 3441 ad
1599 3387 1813 3441 fontem
1830 3390 1998 3441 tuum

354 3483 683 3540 meruimus
713 3481 1034 3553 pervenire,
1061 3480 1231 3534 liceat
1284 3477 1455 3533 nobis
1506 3476 1823 3548 imaginem
1882 3474 1999 3530 sal-

354 3577 473 3628 tem
506 3569 917 3643 mysteriorum
947 3569 1141 3623 videre
1171 3565 1517 3622 ccclestium.

422 3670 515 3725 37.
548 3669 751 3740 Itaque
782 3666 894 3722 nisi
928 3665 1117 3733 fallor,
1162 3682 1264 3736 per
1313 3662 1655 3735 Prophetam
1712 3661 1996 3734 Spiritum

352 3762 625 3815 sanctum
653 3754 1059 3827 intelligimus,
1094 3770 1195 3825 per
1232 3751 1556 3808 adulteram
1608 3756 1805 3806 autem
1863 3752 1998 3806 licet

348 3848 667 3921 Synagogte
699 3844 1108 3901 fornicationes
1140 3842 1330 3897 varias
1386 3841 1692 3897 aestimare.
1748 3841 1816 3895 Et
1868 3840 1995 3895 ideo

348 3935 537 3993 multo
567 3940 701 3992 ante
730 3932 1026 3990 cernimus
1056 3933 1210 4003 (Gen.
1244 3948 1394 3997 xux,
1439 3931 1526 3998 10)
1580 3929 1895 3990 revelatum
1927 3946 1996 3984 ex

345 4025 563 4100 Spiritu
594 4028 818 4098 sancto,
851 4027 909 4078 et
963 4038 1031 4077 ex
1080 4019 1303 4076 familia
1355 4019 1694 4074 Judaaorum
1743 4020 1996 4089 (quorum

339 4124 523 4189 patres
572 4122 624 4171 et
678 4130 749 4169 ea:
804 4112 1001 4185 quibus
1062 4109 1307 4165 Christus
1378 4108 1677 4165 secundum
1750 4108 1992 4179 carnem)

346 4208 521 4278 (Rom.
558 4220 633 4272 ix,
673 4204 726 4274 5)
773 4200 1089 4257 Dominum
1134 4199 1342 4255 Jesum
1392 4214 1521 4253 esse
1569 4197 1991 4270 generandum,

2109 3228 2434 3299 majestatis
2466 3226 2587 3296 illa,
2650 3227 2749 3283 sed
2806 3227 3018 3283 carnis.
3075 3227 3277 3300 Itaque
3333 3233 3632 3300 quantum
3687 3229 3763 3286 ad

2107 3316 2541 3389 susceptionem
2573 3316 2834 3388 corporis
2864 3321 3111 3388 spectat,
3143 3316 3470 3389 apostolica
3500 3319 3670 3375 lectio
3700 3318 3757 3375 in

2108 3423 2225 3479 quo
2255 3394 2469 3461 Christi
2498 3406 2674 3463 fuerit
2697 3404 3024 3473 humilitas,
3055 3404 3401 3462 declaravit:
3434 3409 3598 3479 quod
3630 3424 3760 3464 vero

2107 3496 2179 3551 ad
2211 3500 2483 3551 naturam
2512 3498 2737 3566 spectat
2764 3493 3110 3562 divinitatis,
3144 3493 3493 3568 Evangelica
3512 3495 3763 3553 lectione

2115 3590 2436 3640 reseratum
2493 3587 2609 3638 est:
2644 3598 2823 3654 quam
2854 3581 2948 3655 pio
2979 3582 3273 3654 prosecuti
3305 3584 3452 3639 estis
3486 3601 3759 3651 assensu,

2104 3689 2239 3728 cum
2272 3671 2555 3727 audiretis
2586 3670 2723 3743 legi,
2754 3670 2980 3726 dicente
3010 3670 3114 3728 Dei
3141 3670 3285 3727 Filio
3310 3689 3323 3727 :
3350 3693 3380 3721 ι(
3412 3673 3536 3746 Ego
3566 3680 3628 3730 et
3658 3674 3764 3729 Pa-

2105 3766 2193 3817 ter
2250 3776 2432 3816 unum
2492 3776 2701 3815 sumus
2765 3760 2942 3829 (Joan.
2993 3777 3048 3827 χ,
3102 3759 3216 3831 30).
3259 3782 3287 3809 υ
3351 3762 3499 3817 72]
3566 3763 3765 3819 Unum

2104 3850 2263 3904 enim
2285 3847 2590 3905 divinitate
2616 3853 2755 3903 sunt
2773 3847 2943 3904 Pater
2962 3852 3020 3904 et
3040 3847 3258 3904 Filius:
3291 3851 3395 3905 sed
3422 3867 3545 3906 non
3573 3869 3766 3908 unum

2104 3942 2245 3993 sunt
2272 3937 2533 4010 corporis
2562 3940 3022 4003 sacramentum,
3055 3941 3114 3993 et.
3142 3935 3470 3996 divinitatis
3527 3940 3766 3997 aeterni-

2100 4031 2212 4082 tas.
2246 4027 2359 4081 Nec
2389 4024 2549 4082 solus
2578 4029 2775 4081 tamen
2801 4025 3114 4097 Apostolus
3170 4024 3558 4084 humiliatum
3621 4028 3772 4085 dixit

2102 4132 2230 4171 esse
2259 4115 2595 4183 Dominum,
2628 4114 2730 4170 sed
2761 4113 2887 4186 ipse
2918 4129 3150 4186 quoque
3179 4131 3241 4171 se
3295 4114 3593 4174 humilem
3639 4134 3769 4175 esse

2103 4205 2448 4261 memoravit
2475 4203 2703 4259 dicens:
2745 4223 2766 4251 ι
2800 4201 3011 4259 Tollite
3060 4204 3278 4276 jugum
3335 4220 3567 4275 meum,
3629 4206 3775 4281 quia

345 4293 447 4365 qui
478 4293 714 4367 quidem
738 4290 1172 4364 quasiJudzeus
1201 4306 1269 4343 ex
1290 4286 1556 4343 adultera
1576 4286 1800 4341 familia
1819 4290 1992 4342 natus
2098 4292 2222 4350 leve
2252 4298 2371 4362 est;
2423 4292 2702 4365 quoniam
2762 4291 2929 4347 mitis
2981 4308 3116 4348 sum
3164 4296 3222 4348 et
3278 4291 3529 4351 humilis
3589 4296 3770 4353 σοι-(ιε

345 4387 453 4451 cst,
487 4383 588 4439 sed
619 4382 790 4454 quasi
822 4378 1236 4436 immaculatus
1267 4394 1335 4431 ex
1391 4376 1647 4447 Virgine.
1701 4374 1834 4430 Erat
1880 4376 1991 4430 sub
2102 4383 2314 4454 (Matth.
2356 4399 2434 4451 x1,
2494 4382 2609 4453 29).
2647 4403 2676 4430 ››
2708 4380 2778 4436 Et
2830 4385 3030 4437 tamen
3077 4398 3192 4437 non
3242 4380 3368 4437 sola
3408 4382 3773 4458 interpreta-

347 4471 494 4544 lege,
526 4476 648 4527 erat
678 4468 846 4541 quasi
878 4468 988 4523 sub
1012 4468 1135 4522 viro
1168 4464 1391 4521 familia
1445 4464 1816 4528 Judeeorum;
1850 4463 1961 4519 abo

2173 4489 2276 4540 me,
2311 4472 2412 4528 sed
2445 4470 2622 4526 etiam
2682 4468 3073 4542 appellatione
3119 4469 3418 4544 signatum
3473 4480 3571 4530 est
3628 4475 3775 4548 quia

346 4559 523 4616 lenda-
543 4558 655 4613 fuit
684 4557 829 4628 legis
858 4554 1245 4621 observantia,
1280 4559 1344 4609 ut
1399 4552 1611 4608 veritas
1667 4551 1987 4607 substitue-
2019 4551 2062 4561 ”
2098 4561 2383 4632 scriptum
2413 4565 2532 4616 est;
2570 4582 2597 4625 ς(
2627 4557 2826 4615 Inveni
2856 4558 3034 4615 David
3070 4575 3303 4616 servum
3351 4576 3589 4632 meum,
3644 4563 3779 4620 οιοο

345 4652 508 4705 retur
535 4651 593 4702 et
630 4646 843 4719 gratia.

414 4747 504 4805 38.
537 4744 832 4800 Habemus
846 4757 1028 4797 unum
1058 4738 1400 4812 mysterium
1424 4756 1437 4793 :
1457 4737 1698 4810 accipite
1715 4742 1771 4793 et
1790 4737 1983 4806 aliud;

341 4836 424 4892 ita
452 4840 650 4892 tamen
682 4837 750 4889 ut
806 4828 1193 4888 memineritis
1243 4844 1313 4882 ex
1369 4825 1585 4899 prima'
1614 4827 1987 4899 conceptione

340 4924 671 4983 Bethsabee
698 4926 903 4979 natum
934 4935 1061 4976 esse
1089 4915 1399 4991 parvulum
1425 4915 1524 4989 qui
1556 4919 1823 4972 mortuus
1877 4920 1984 4983 est,

338 5020 541 5089 postea
568 5018 772 5070 natum
805 5008 1351 5067 esseSalomonem:
1385 5005 1552 5061 illum
1582 5005 1889 5079 parvulum
1919 5022 1988 5062 ex

2098 4654 2298 4707 sancto
2332 4665 2459 4705 meo
2520 4648 2659 4704 unxi
2714 4663 2851 4703 eum
2907 4647 3077 4720 (Psat.
3136 4652 3567 4723 Lxxxvni,21).
3608 4675 3641 4702 κ
3704 4652 3776 4710 Et

2096 4738 2248 4794 intra
2277 4739 2449 4801 dicit:
2516 4759 2545 4787 ‹‹
2598 4738 2767 4792 Pater
2825 4752 2993 4792 meus
3024 4752 3086 4792 es
3142 4740 3203 4793 tu
3260 4737 3421 4808 (Ibid.
3470 4741 3621 4813 27);
3658 4765 3690 4792 ιι
3720 4745 3781 4797 et

2097 4852 2125 4879 ‹‹
2157 4829 2275 4901 Ego
2307 4827 2497 4883 dicam
2528 4824 2646 4881 illi:
2680 4823 2861 4881 Filius
2884 4840 3050 4880 meus
3071 4840 3134 4882 es
3165 4830 3229 4880 tu
3250 4826 3367 4897 (19)
3398 4826 3574 4896 (Ibui.
3594 4829 3721 4902 28).
3745 4850 3775 4878 η

2096 4918 2241 4990 Ergo
2272 4916 2450 4972 David
2481 4930 2654 4988 quem
2686 4913 3492 4986 quasrebamusﬁnvenimus:
3517 4931 3773 4974 servum

2095 5005 2332 5078 quidem
2363 5004 2575 5076 specie,
2609 5003 2709 5059 sed
2727 5000 3035 5059 dominum
3056 5000 3319 5060 veritate.

2094 5219 2354 5279 Davidcm
2391 5216 2631 5276 Hebreis
2678 5199 3112 5293 significatione
3167 5217 3323 5276 idem
3385 5236 3526 5279 esse
3562 5238 3641 5282 ac
3686 5223 3775 5280 dia

2095 5296 2485 5448 ὶεῗῖὥῗῌοω.
2518 5362 2661 5448 edit.
2696 5361 2841 5429 sola,
2870 5371 2953 5418 et:
3010 5363 3121 5448 ligo
3161 5364 3617 5448 primogeaituu:
3668 5382 3767 5441 po-

2093 5433 2222 5493 nain
2248 5433 2434 5502 illum,
2462 5435 2742 5506 escetsum
2766 5449 2886 5506 p73
2928 5433 3373 5506 regibus
3426 5438 3617 5494 Forte
3668 5433 3770 5493 'vo-

2095 5508 2272 5567 luerit
2300 5500 2504 5563 auctor
2532 5504 2604 5561 ad
2636 5500 2780 5562 eum‘
2808 5500 3046 5580 versum
3096 5500 3399 5580 alludere;
3454 5509 3576 5565 sed
3630 5508 3763 5580 Era,

2094 5580 2226 5639 Gill.
2260 5595 2325 5639 ac
2357 5594 2499 5638 mss.
2531 5592 2735 5638 omnes
2755 5576 3058 5637 nobiscum
3088 5576 3331 5636 faciunt.

409 5230 521 5301 (18)
552 5228 694 5284 Mss.
727 5227 989 5301 plerique
1012 5222 1333 5301 cummedit.
1395 5222 1715 5301 omnibus,
1751 5224 1987 5283 Hebraei

336 5293 543 5355 dicunt.
578 5293 777 5362 Laudi,
812 5293 990 5353 Torn.
1024 5302 1083 5351 et
1111 5294 1208 5350 alii
1240 5293 1507 5349 nonnulli
1560 5295 1835 5351 restituat
1886 5314 1985 5352 vo-

340 5386 490 5439 rem,
518 5371 819 5425 excelsum:
855 5370 923 5424 ad
959 5384 1135 5440 quam
1193 5366 1463 5440 videntur
1515 5367 1803 5438 respicere
1859 5385 1986 5440 qua

339 5438 873 5511 infrasequuntur,
931 5438 1390 5511 Davidexcetsus
1443 5454 1543 5508 per
1588 5446 1849 5494 naturam
1877 5438 1987 5495 Ksed

339 5508 666 5582 humiliatus
691 5528 791 5582 per
817 5509 1267 5582 misericordiam.
1325 5508 1604 5582 Neutrum
1650 5515 1847 5569 tamen
1895 5511 1986 5568 iu-

339 5579 808 5657 terpretationem
867 5580 1099 5655 uspiam
1153 5579 1510 5654 reperimus,
1588 5583 1686 5639 sed
1756 5587 1985 5642 tantum
