3894 6208
189 536 292 601 945

765 664 996 725 CAPUT
1054 667 1199 726 VIII.

184 803 310 876 Quid
335 801 511 877 domus
541 803 723 877 regia,
750 805 811 877 in
840 819 948 877 qua
993 803 1324 877 ideavmbulat
1384 803 1559 862 David
1589 823 1608 860 :
1665 805 1796 877 quid

243 876 451 949 nudatio
475 882 525 929 et
555 874 756 930 lavatio
784 874 1076 949 Bethsabee
1105 893 1126 938 ,°
1167 877 1358 947 quidve
1414 877 1554 949 quod
1611 874 1796 932 statim

239 947 373 1002 nuda
399 948 511 1001 visa
539 949 725 1002 amata
753 947 844 1014 sit,
878 949 1148 1018 signiﬁcet
1176 951 1201 1000 ?

239 1116 315 1170 40.
344 1115 443 1171 Hic
474 1131 610 1188 ergo
650 1115 833 1170 David
893 1116 1047 1171 intra
1101 1117 1343 1172 domum
1401 1116 1794 1172 deambulavit

175 1221 345 1260 suam.
375 1205 506 1269 Quas
557 1204 760 1276 utique
789 1205 1001 1260 domus
1043 1209 1132 1260 est
1158 1205 1396 1272 Christi,
1447 1204 1557 1261 nisi
1591 1205 1691 1260 illa
1722 1207 1792 1262 de

173 1309 274 1364 qua
300 1292 432 1350 dicit
459 1309 470 1346 :
507 1293 653 1358 Quia
684 1315 712 1343 «
745 1294 896 1364 apud
931 1293 1159 1349 Patrem
1184 1310 1379 1349 meum
1404 1295 1600 1349 multae
1632 1311 1792 1350 man-

172 1381 343 1440 siones
374 1385 510 1438 sunt
538 1383 715 1452 (Joan.
745 1399 861 1448 xxv,
892 1383 947 1453 2)
977 1383 1004 1437 ?
1037 1405 1064 1432 »
1098 1385 1158 1438 In
1192 1383 1290 1439 illa
1320 1400 1455 1456 ergo
1504 1382 1662 1456 regia
1711 1383 1789 1438 si-

169 1475 252 1534 tus
281 1471 595 1527 humanam
625 1471 1017 1528 conditionem
1050 1473 1270 1527 nudam
1312 1472 1476 1539 vidit,
1505 1475 1561 1527 et
1615 1471 1789 1526 mise-

164 1563 308 1614 ratus
328 1559 636 1614 adamavit.
672 1561 807 1615 Erat
837 1559 994 1615 enim
1054 1559 1244 1615 adhuc
1273 1560 1431 1614 nuda
1483 1558 1785 1626 virtutum,

163 1646 286 1720 quia
313 1664 412 1721 per
439 1647 691 1705 insidias
720 1648 1008 1719 serpentis
1039 1646 1398 1720 genitalibus
1420 1650 1540 1702 erat
1570 1651 1787 1702 naturae

161 1752 266 1790 sua:
293 1736 513 1792 exuviis
545 1737 659 1807 (20)
689 1736 991 1792 destituta.
1017 1737 1216 1807 Neque
1273 1735 1427 1790 enim
1475 1735 1790 1792 verisimile

159 1824 389 1891 videtur,
417 1829 482 1880 ut
514 1829 649 1881 ante
699 1825 939 1880 domum
973 1825 1126 1896 regis
1181 1824 1392 1879 mulier
1448 1825 1784 1879 nudaretur.

151 1918 276 1969 ante
304 1914 549 1970 domum
584 1913 731 1985 regis
764 1913 982 1969 femina
1012 1929 1074 1968 se
1129 1913 1348 1968 lavaret
1401 1914 1470 1984 (II
1529 1915 1651 1982 Reg.
1708 1930 1812 1978 x1,

1325 537 1715 601 APOLOGIA
1761 538 1859 601 DA
1872 539 2006 602 VID
2054 540 2387 606 ALTERA.

1815 674 1870 741 Α
1902 670 2164 746 Denique
2195 675 2430 734 amabat
2457 674 2632 736 Jesus
2662 677 2948 746 Lazarum
2971 684 3032 740 et
3063 677 3306 742 Mariam
3340 697 3354 742 :
3390 700 3554 744 ama-

3393 547 3398 556 ’
3439 549 3556 616 916

1905 760 2006 817 bat
2036 762 2304 821 Christus
2361 766 2674 824 Ecclesiam
2733 787 2924 840 suam,
2987 773 3256 845 quamvis
3307 775 3551 845 nudam,

1902 852 2170 922 quamvis
2201 853 2361 908 nullo
2393 855 2582 911 adhuc
2611 857 2892 914 virtutum
2924 861 3127 918 decore
3157 865 3447 920 vestitam.

1974 941 2058 994 42.
2094 941 2352 1012 Denique
2384 947 2448 998 ut
2478 944 2734 1001 sciamus
2791 951 3100 1020 propositae
3159 952 3545 1023 disputationi

1905 1027 2265 1100 Scripturam
2297 1031 2506 1087 seriem
2539 1034 2864 1103 convenire,
2895 1037 3194 1094 discamus
3234 1041 3548 1098 Eeelesiam

1902 1118 2208 1184 mundam,
2243 1119 2541 1176 discamus
2572 1129 2948 1193 querentem,
2981 1127 3356 1184 festinantem
3385 1134 3445 1186 et
3474 1130 3552 1186 la-

1901 1210 2135 1261 vantem
2169 1225 2229 1262 se
2261 1212 2395 1264 ante
2425 1210 2666 1266 domum
2709 1212 2944 1280 Christi,
3000 1215 3234 1287 quando
3292 1218 3547 1291 baptiza-

1900 1295 2000 1348 bat
2027 1295 2281 1351 Joannes
2310 1296 2370 1351 in
2419 1298 2673 1355 Jordane
2736 1301 2984 1357 dicens:
3046 1327 3073 1353 «
3135 1306 3250 1378 Ego
3309 1307 3546 1380 quidem

1899 1382 2126 1454 baptizo
2157 1401 2256 1440 vos
2289 1385 2346 1439 in
2378 1403 2530 1458 aqua
2578 1388 2635 1442 in
2682 1389 3084 1460 paenitentiam
3119 1410 3130 1446 :
3194 1394 3294 1465 qui
3353 1401 3544 1452 autem

1900 1471 2058 1525 venit
2088 1477 2220 1542 post
2251 1490 2362 1539 me,
2398 1475 2601 1532 fortior
2628 1493 2720 1533 me
2751 1483 2859 1545 est,
2894 1481 3062 1551 cujus
3094 1498 3209 1537 non
3267 1500 3400 1539 sum
3458 1486 3544 1541 di-

1897 1575 2050 1630 gnus
2081 1561 2476 1619 calceamenta
2504 1569 2736 1636 portare
2770 1585 2781 1621 :
2815 1567 2938 1637 ipse
2975 1586 3074 1624 vos
3135 1571 3456 1642 baptizabit
3483 1575 3542 1630 in

1896 1647 2112 1720 Spiritu
2144 1655 2344 1707 sancto
2375 1654 2586 1722 (Matth.
2618 1671 2699 1718 ιιι,
2736 1657 2844 1725 11).
2879 1679 2901 1708 ι
2942 1657 3088 1729 Ergo
3120 1650 3352 1731 quando
3409 1663 3545 1735 bap-

1898 1735 2186 1792 tizabatur
2217 1738 2380 1810 plebs
2408 1741 2464 1795 in
2512 1742 2936 1814 paenitentiam,
2996 1746 3292 1803 Christum
3342 1751 3542 1823 utique

1897 1825 2097 1880 domui
2130 1829 2256 1896 ejus
2280 1830 2406 1899 jam
2437 1829 2626 1886 vicina
2657 1833 2974 1904 quaerebat,
3010 1839 3074 1890 ut
3117 1838 3442 1907 perveniret
3469 1841 3539 1896 ad

1896 1914 2164 1985 gratiam.
2199 1917 2501 1980 Querebat
2528 1935 2663 1991 ergo
2683 1937 2716 1975 a
2746 1921 2970 1976 Joanne
3001 1922 3300 1980 Christum
3349 1927 3538 1983 Eccle-

151 2002 201 2072 2)
230 2020 242 2058 :
275 2003 440 2077 quasi
469 2003 640 2059 locus
669 2002 895 2059 lavacro
922 2005 1250 2074 opportuno
1309 2001 1460 2056 alius
1485 2018 1613 2057 esse
1669 2019 1784 2056 non
1816 2044 1864 2109 B
1897 2002 1983 2056 sia
2004 2003 2234 2059 dicens:
2261 2028 2288 2054 ‹‹
2316 2007 2614 2062 Annuntia
2631 2008 2773 2062 mihi
2794 2026 2964 2080 quem
2985 2009 3392 2069 dilexitanima
3411 2031 3542 2072 mea

383 2091 430 2109 ιν
493 2108 496 2109 ,
558 2108 566 2109 ,
641 2092 700 2109 -,
746 2095 791 2109 Α.
1007 2089 1260 2109 --ηπει
1321 2105 1427 2109 ,η
1489 2105 1608 2109 ---ῃ
1671 2089 1776 2109 ω,
1898 2090 2051 2109 ιη.
2181 2093 2230 2109 τη
2381 2095 2392 2106 .
2886 2098 2901 2109 ε
2977 2097 3028 2109 .-
3104 2099 3199 2109 η-

146 2095 348 2161 posset.
383 2091 512 2148 Non
547 2092 818 2163 quadrat,
849 2107 965 2146 non
998 2089 1286 2161 congruit,
1320 2105 1436 2144 non
1481 2105 1614 2144 cum
1671 2089 1782 2144 fide

147 2181 400 2236 convenit
428 2202 448 2235 :
485 2180 671 2236 distat
696 2197 729 2235 a
757 2195 912 2246 vero,
944 2179 1217 2234 abhorret
1246 2195 1280 2233 a
1323 2194 1520 2233 sensu.
1581 2177 1782 2233 Talem

138 2283 246 2335 rex,
278 2273 399 2324 tam
421 2267 810 2341 petulantem,
831 2272 954 2323 tam
976 2283 1282 2339 procacem
1309 2266 1546 2322 horrere
1569 2266 1778 2337 potuit,

140 2372 248 2412 non
279 2374 500 2426 amare,
536 2359 622 2412 An
655 2355 776 2422 illa,
817 2357 866 2412 si
917 2373 1033 2412 non
1062 2357 1187 2411 viro
1245 2355 1642 2421 verecundari,
1677 2371 1781 2410 nec

140 2444 325 2518 regios
355 2446 572 2503 saltem
601 2445 781 2501 vereri
813 2445 1102 2517 potuisset
1130 2450 1403 2516 aspectus
1431 2444 1458 2499 ‘?
1478 2447 1563 2498 An
1594 2442 1780 2511 illam,

135 2533 478 2605 priusquam
512 2551 615 2590 rex
650 2533 891 2600 videret‘,
925 2550 1029 2590 nec
1089 2532 1344 2588 ministri
1404 2532 1531 2602 ejus
1588 2547 1782 2587 arcere

133 2625 447 2693 potuerunt
473 2624 505 2678 ‘I

195 2712 281 2766 41.
313 2713 472 2785 Ergo
507 2712 559 2768 si
588 2711 699 2767 hoc
721 2727 854 2767 cum
895 2711 1009 2765 ﬁde
1039 2727 1152 2766 non
1185 2715 1376 2782 potest
1425 2710 1730 2766 convenire
1763 2727 1778 2766 :

127 2814 463 2870 quaeramus
503 2817 632 2872 qua
664 2801 778 2856 ista
830 2799 907 2855 sit
961 2800 1137 2867 nuda,
1197 2799 1464 2856 videlicet
1519 2799 1780 2854 humana

117 2888 395 2958 conditio,
430 2888 720 2945 omnibus
748 2887 1114 2943 vestimentis
1162 2891 1334 2942 exuta
1391 2891 1633 2953 naturai,
1683 2904 1778 2942 ca-

119 2991 247 3032 rens
270 2976 1003 3045 amictuimmortalitatis,
1022 2980 1078 3032 et
1095 2976 1438 3032 innocentiae
1460 2976 1672 3048 spolita
1690 2993 1779 3031 ve-

113 3065 352 3122 lamine.
379 3067 478 3122 Nu
493 3065 604 3121 dus
625 3070 715 3122 est
734 3065 888 3121 enim
910 3065 1008 3137 qui
1033 3069 1266 3136 peccato
1290 3065 1545 3120 nudatur
1561 3069 1616 3120 et
1650 3064 1777 3120 cul-

113 3170 203 3225 pa.
220 3155 507 3227 Denique
529 3151 627 3209 ille
645 3153 872 3224 primus
893 3153 1077 3208 nostri
1100 3153 1330 3225 generis
1380 3157 1663 3225 peccator,
1691 3157 1776 3207 at-

111 3259 221 3315 que
236 3243 484 3300 utinam
506 3242 1009 3314 solus,antequam
1021 3242 1537 3314 peccaret,nudum
1557 3258 1617 3296 se
1647 3257 1776 3296 esse

108 3349 222 3387 non
246 3333 448 3388 sensit
475 3351 495 3400 ;
533 3336 914 3403 posteaquam
947 3330 1220 3402 peccavit,
1250 3330 1476 3385 nudum
1534 3346 1599 3385 se
1649 3346 1778 3384 esse

1895 2090 2073 2161 (Cant.
2111 2111 2148 2158 1,
2178 2093 2234 2164 6)
2271 2111 2284 2160 ;
2318 2117 2346 2142 »
2379 2095 2574 2166 ipsum
2606 2113 2844 2152 causam
2869 2097 3160 2167 desiderii,
3185 2100 3379 2172 ipsum
3402 2119 3538 2159 cau-

1890 2195 2019 2235 sam
2051 2180 2263 2236 lavacri
2293 2182 2406 2238 sibi
2436 2200 2564 2239 esse
2595 2201 3087 2254 commemorans,
3121 2187 3271 2243 sicut
3317 2190 3497 2247 habes
3523 2207 3535 2246 :

1893 2268 2080 2324 Fusca
2108 2286 2241 2324 sum
2272 2274 2328 2326 et
2356 2272 2583 2338 decora,
2619 2273 2740 2328 ﬁlia
2770 2274 3121 2343 Jerusalem,
3154 2279 3220 2330 ut
3274 2278 3541 2335 taberna-

1890 2355 2022 2412 cula
2049 2357 2253 2426 Cedar,
2288 2363 2353 2414 ut
2381 2359 2561 2430 pelles
2591 2362 2921 2418 Solomonis
2949 2364 3133 2434 (Ibid.,
3167 2365 3241 2436 4).
3276 2386 3305 2416 ››
3351 2366 3539 2425 Habes

1891 2461 2127 2501 causam
2163 2463 2279 2518 qua
2320 2448 2542 2504 ratione
2574 2467 2635 2505 se
2692 2450 2884 2506 lavare
2931 2453 3162 2523 gestiat,
3221 2453 3360 2524 quia
3414 2457 3538 2512 tus-

1891 2551 2018 2589 cam
2051 2551 2112 2590 se
2141 2551 2270 2591 esse
2297 2542 2742 2594 commemorat.
2783 2539 2930 2594 Nam
2961 2541 3128 2611 quasi
3153 2541 3535 2616 interroganti

1887 2622 2120 2691 Joanni,
2154 2641 2272 2695 qua
2301 2625 2523 2680 ratione
2543 2626 2706 2697 plebs
2737 2626 2924 2682 multa
2952 2645 3305 2686 concurrens
3357 2632 3535 2704 gesti-

1889 2715 1976 2767 ret
2005 2710 2203 2780 lavari,
2234 2714 2532 2784 respondit
2565 2733 2578 2769 :
2640 2716 2825 2770 Fusca
2856 2731 2986 2772 sum
3019 2721 3075 2771 et
3127 2718 3358 2789 decora,
3417 2720 3537 2776 tilia

1885 2800 2234 2856 Jerusalem.
2272 2825 2298 2850 ››
2331 2803 2477 2866 Quia
2506 2807 2613 2871 est,
2648 2802 2826 2859 lavari
2861 2805 3150 2860 desiderat
3188 2823 3201 2874 ;
3242 2807 3382 2878 quia
3436 2808 3537 2864 de-

1888 2904 2022 2944 cora
2052 2892 2159 2956 est,
2193 2890 2373 2946 videri
2404 2890 2562 2946 nuda
2593 2908 2708 2947 non
2739 2891 2968 2947 metuit.
3003 2916 3030 2942 ‹‹
3065 2892 3272 2961 Nolite,
3322 2893 3535 2966 inquit,

1887 2977 2144 3049 aspicere
2174 2995 2285 3046 me,
2319 2979 2459 3050 quia
2487 2980 2770 3035 offuscata
2799 2997 2952 3047 sum,
2980 2981 3119 3051 quia
3164 2999 3277 3038 non
3307 2987 3398 3038 est
3455 2983 3540 3038 in-

1884 3066 2071 3122 tuitus
2101 3083 2193 3122 me
2221 3067 2308 3122 sol
2340 3067 2496 3138 (Ibid.
2529 3068 2605 3137 5).
2642 3089 2670 3116 ››
2715 3068 2860 3139 Ergo
2917 3070 3239 3136 fuscamur,
3302 3072 3535 3142 quando

1887 3173 2001 3210 non
2031 3156 2298 3210 videmur
2328 3173 2360 3209 a
2391 3155 2618 3210 Christo
2653 3173 2665 3222 ;
2700 3157 2800 3210 sed
2833 3157 3068 3227 quando
3099 3156 3386 3231 videmur,
3446 3159 3532 3214 al-

1885 3244 2200 3299 bescimus.
2232 3244 2392 3298 Vidit
2433 3255 2569 3315 ergo
2599 3260 2726 3298 eam
2777 3242 2876 3298 ille
2905 3244 2999 3298 cui
3057 3244 3216 3299 nuda
3246 3249 3386 3300 sunt
3415 3263 3535 3301 om—

1885 3331 2002 3396 nia,
2027 3336 2082 3387 ct
2112 3333 2343 3388 interna
2375 3331 2624 3404 pectoris
2653 3331 2881 3387 occulta
2910 3347 3038 3388 esse
3069 3348 3184 3387 non
3237 3339 3482 3404 possunt
3515 3351 3528 3388 :

101 3421 245 3477 vidit
277 3439 293 3489 ;
328 3425 390 3476 et
425 3421 570 3476 ideo
601 3419 915 3492 tegendum
947 3419 1082 3474 folis
1111 3419 1354 3491 putavit,
1387 3418 1526 3490 quia
1556 3419 1780 3473 nudum
1813 3407 1854 3474 C
1888 3424 2180 3476 scrutator
2211 3424 2298 3476 est
2325 3421 2518 3476 cordis
2548 3424 2604 3475 et
2635 3436 2842 3475 renum
2879 3436 2890 3475 :
2925 3419 3072 3474 nihil
3102 3419 3239 3476 huic
3285 3425 3528 3490 tectum,

103 3526 164 3565 se
193 3528 332 3566 esse
361 3509 670 3583 cognovit.
708 3509 918 3564 Factus
948 3512 1036 3564 est
1067 3509 1246 3580 igitur
1277 3507 1373 3562 ille
1403 3506 1513 3562 sibi
1559 3507 1774 3574 nudus,

97 3603 517 3672 posteaquam
547 3598 736 3653 factus
766 3601 855 3653 est
882 3611 1018 3653 reus
1049 3597 1251 3668 culpae.
1313 3597 1374 3650 In
1407 3595 1505 3650 illo
1560 3596 1780 3652 nudata

96 3694 186 3744 est
215 3689 432 3744 omnis
479 3687 746 3742 humana
777 3687 1053 3752 conditio,
1087 3701 1190 3757 per
1220 3685 1651 3742 successionem
1681 3701 1779 3740 na-

95 3782 242 3833 ture
281 3797 295 3846 ;
330 3795 462 3834 non
501 3776 693 3833 solum
726 3775 928 3848 culpae,
963 3776 1064 3831 sed
1095 3775 1270 3832 etiam
1301 3791 1575 3829 aerumnae
1606 3774 1781 3829 obno-

89 3867 204 3922 xia.
239 3868 412 3941 Ergo
449 3864 557 3921 ille
590 3881 651 3920 se
682 3864 908 3919 nudum
938 3862 1123 3919 sensit
1153 3867 1210 3917 et
1238 3863 1385 3918 vidit
1417 3879 1428 3917 :
1491 3861 1647 3917 unde
1701 3862 1782 3916 ita

89 3961 183 4011 est
205 3955 424 4012 omnis
458 3957 669 4011 nostra
697 3951 977 4019 conditio,
1011 3956 1076 4007 ut
1106 3952 1205 4022 qui
1267 3968 1328 4006 se
1377 3951 1604 4005 nudum
1666 3967 1778 4020 pu-

81 4046 332 4114 taverit,
372 4043 624 4100 nudum
656 4047 713 4098 et
741 4041 934 4097 videat
965 4045 1021 4096 et
1077 4041 1310 4096 sentiat.
1370 4039 1630 4110 Denique
1681 4039 1780 4110 qui

84 4133 336 4190 divitias
393 4130 793 4204 concupiscit,
850 4130 1046 4185 nudus
1103 4133 1237 4184 est:
1290 4127 1391 4200 qui
1439 4128 1777 4194 contemnit,

73 4223 436 4295 opulentus
473 4224 586 4278 est.
619 4221 774 4276 Adeo
801 4235 944 4274 suus
993 4217 1204 4289 cuique
1256 4233 1466 4273 sensus
1521 4233 1784 4272 aerumna

75 4316 191 4380 est,
231 4317 298 4368 et
333 4327 465 4368 sua
499 4309 713 4380 cuique
742 4309 927 4363 virtus
958 4321 1162 4379 expers
1208 4305 1436 4377 injuriae
1468 4309 1573 4360 est.
1632 4306 1782 4378 Ergo

70 4400 448 4458 humanam
485 4396 881 4453 conditionem
911 4397 1102 4468 primo
1133 4411 1236 4468 per
1262 4394 1451 4466 legem
1483 4394 1597 4449 sibi
1628 4393 1786 4449 Chri-

69 4496 212 4547 stus
248 4492 318 4546 in
360 4488 540 4546 722
570 4486 911 4558 conjugium
939 4483 1274 4551 vindicavit,
1307 4499 1485 4555 quam
1518 4482 1786 4554 repudia-

60 4577 149 4635 vit
184 4584 456 4652 postea.
497 4575 661 4630 Unde
690 4579 744 4630 et
777 4574 857 4629 ait
887 4590 900 4627 ε
938 4596 965 4623 ‹‹
999 4573 1138 4638 Quis
1161 4573 1307 4628 liber
1333 4570 1555 4643 repudii
1580 4570 1786 4626 matris

58 4671 320 4732 vestrae,
365 4679 510 4736 quo
541 4660 739 4717 dimisi
771 4677 899 4716 eam
930 4661 1060 4733 (Isa.
1095 4678 1144 4727 L,
1180 4661 1230 4730 1)
1289 4660 1315 4712 ?
1349 4682 1374 4708 »
1435 4663 1552 4714 Hoc
1609 4658 1788 4731 igitur

53 4769 308 4828 genere
335 4751 637 4809 Christus
679 4747 966 4804 familiam
1025 4765 1196 4804 suam
1254 4747 1474 4802 nudam
1533 4748 1697 4814 vidit,
1733 4753 1788 4802 et

54 4844 369 4900 amavit:
439 4844 608 4896 amat
637 4838 790 4894 enim
853 4843 1117 4894 sanctam
1175 4836 1443 4892 Christus
1501 4837 1783 4891 animam.

129 5008 266 5077 ('20)
299 5001 648 5077 Quidquid
681 4999 1058 5077 inter_voce_s,
1118 4997 1668 5077 cicuciis__desti_tuta,
1695 5001 1787 5077 “et

43 5067 638 5145 illas,'Qitwreinus
677 5067 802 5143 quae
833 5073 937 5145 ista
965 5072 1054 5138 sit,
1107 5068 1495 5145 concluditur,
1527 5068 1585 5123 in
1643 5067 1782 5145 edit.

36 5139 242 5207 Rom'.
291 5139 804 5221 praetermissum
838 5141 1046 5221 fuerat,
1081 5158 1211 5196 cum
1243 5139 1461 5221 in‘aliis
1515 5139 1788 5221 omnibus

35 5223 206 5278 edit.
251 5211 326 5277 et
365 5231 545 5272 mss.
579 5214 883 5270 habeatur.
936 5211 1172 5268 Illorum
1232 5215 1425 5267 autem
1478 5213 1786 5266 verborum

32 5294 186 5349 loco
224 5287 702 5346 tantummodo
733 5284 989 5356 reposita
1019 5285 1249 5339 fuerant
1281 5283 1394 5338 ista
1414 5283 1619 5356 A:_Vidtt
1662 5298 1788 5350 ergo

31 5364 250 5422 David
287 5359 634 5418 mulierem
687 5353 904 5412 mutam
949 5357 1225 5410 lavantem
1279 5371 1353 5410 se.
1413 5353 1788 5408 Manil'estuu‘i

31 5454 192 5493 vero
235 5437 359 5490 est.
399 5432 774 5484 memoratas
808 5425 994 5482 lineas
1023 5424 1238 5480 idcirco
1272 5425 1450 5480 fuisse
1481 5426 1552 5479 ab
1602 5427 1788 5479 edito-

31 5509 238 5565 ribus
282 5499 618 5566 Romanis
649 5503 962 5560 resecatas,
1004 5514 1075 5552 ne
1103 5495 1318 5552 veritas
1376 5496 1628 5551 historiae
1688 5497 1789 5551 de-

31 5579 487 5640 strueretur.
529 5570 743 5627 Verum
774 5585 908 5626 cum
939 5569 1034 5624 hic
1065 5571 1267 5623 auctor
1291 5584 1470 5638 supra
1499 5584 1559 5640 c.
1584 5571 1703 5632 2,n,
1726 5569 1790 5640 5;

31 5639 75 5708 ξ,
118 5655 194 5719 3,
242 5665 325 5703 ῃ,
369 5646 452 5707 7,
498 5641 562 5696 15
589 5646 647 5696 et
677 5643 762 5719 t6,
796 5657 846 5719 c_.
882 5641 1000 5719 in.
1032 5641 1211 5719 2t,_et
1237 5655 1285 5694 c.
1410 5655 1467 5692 n.
1503 5639 1592 5719 31,
1657 5639 1791 5719 facti

32 5709 428 5782 reritatern
505 5711 964 5784 expressissimis
1020 5709 1213 5784 verbis
1266 5710 1596 5784 astrunerit,
1659 5711 1792 5784 quis

32 5780 230 5853 iutet
271 5799 473 5846 eum
509 5780 949 5856 inflampaucis
978 5781 1223 5856 pagellis
1246 5780 1356 5856 sibi
1381 5782 1523 5836 adeo
1547 5781 1795 5852 turpiter

31 5852 543 5926 ioutradicere
571 5855 598 5909 ?
620 5855 700 5912 lta
722 5852 900 5928 igitur
920 5852 1080 5911 hunc
1099 5852 1294 5909 locum
1317 5852 1790 5924 interpretamur,

1888 3508 2032 3564 nihil
2064 3514 2152 3564 est
2180 3507 2524 3564 involutum.
2557 3508 2715 3563 Vidit
2742 3507 3060 3564 Ecclesiam
3092 3524 3260 3564 suam
3287 3510 3528 3581 nudam,

1887 3601 1944 3653 et
1970 3598 2132 3664 vidit,
2164 3600 2221 3653 et
2251 3597 2487 3653 amavit.
2522 3597 2681 3651 Vidit
2711 3597 2930 3652 nudam
2961 3595 3256 3667 dilectam,
3291 3601 3348 3654 et
3395 3614 3532 3670 qua-

1889 3687 1937 3742 si
1971 3686 2130 3742 tilius
2159 3685 2459 3742 charitatis
2488 3685 2799 3740 adamavit.

1958 3776 2047 3830 1:3.
2078 3774 2280 3831 Videte
2319 3775 2815 3846 quemadmodum
2869 3774 3082 3845 videat,
3141 3776 3332 3831 videte
3387 3791 3530 3848 quo-

1890 3863 2266 3919 madmodum
2299 3866 2477 3918 vocet.
2511 3863 2637 3918 Non
2668 3862 2761 3918 hic
2780 3862 3048 3918 adulterii
3071 3863 3404 3934 opprobria,
3427 3865 3529 3920 sed

1893 3951 2168 4024 mysteria
2193 3952 2476 4007 castitatis
2507 3955 2663 4007 sunt.
2699 3953 2897 4006 «Tota
2925 3967 3008 4017 es,
3035 3949 3252 4022 inquit,
3278 3952 3533 4008 formosa

1891 4039 2080 4095 amica
2110 4056 2259 4106 mea,
2292 4039 2557 4110 proxima
2585 4054 2734 4108 mea,
2767 4043 2823 4093 et
2866 4038 3241 4109 reprehensio
3272 4055 3388 4094 non
3444 4043 3534 4096 est

1891 4129 1951 4183 in
1985 4133 2058 4183 te.
2093 4128 2242 4183 Ades
2277 4127 2390 4182 huc
2432 4144 2465 4181 a
2496 4126 2734 4193 Libano,
2769 4142 3003 4197 sponsa,
3043 4126 3180 4182 ades
3209 4126 3324 4181 huc
3351 4144 3386 4183 a
3444 4128 3534 4183 Li-

1892 4219 2066 4287 bano,
2109 4215 2389 4271 transibis
2420 4219 2477 4270 et
2519 4213 2904 4286 pertransibis
2964 4231 2998 4268 a
3053 4215 3342 4286 principio
3398 4215 3534 4272 ﬁdei

1893 4307 2075 4375 (Cant.
2114 4324 2185 4360 Iv.
2217 4307 2248 4360 7
2279 4306 2355 4375 8).
2393 4327 2420 4355 »
2455 4305 2523 4358 Et
2579 4304 2724 4357 bene
2755 4320 2789 4357 a
2838 4301 3121 4373 principio
3177 4303 3333 4359 ﬁdei.
3385 4305 3534 4377 Ergo

1894 4395 1994 4451 ubi
2028 4395 2200 4450 ﬁdem
2232 4393 2434 4458 habes,
2470 4391 2823 4448 adulterium
2879 4391 3083 4446 timere
3138 4407 3253 4447 non
3309 4393 3487 4450 debes
3519 4411 3532 4462 ;

1895 4485 2040 4540 fides
2071 4483 2229 4538 enim
2271 4481 2526 4552 conjugii
2583 4484 2692 4548 est,
2727 4481 2886 4535 fraus
2946 4478 3239 4535 adulterii.
3303 4480 3414 4536 Sed
3471 4484 3540 4537 ut

1896 4573 2101 4628 adesse
2132 4571 2316 4642 possit
2336 4589 2367 4624 «ι
2392 4570 2633 4632 Libano,
2660 4572 2794 4623 ante
2822 4567 3103 4640 praemisit
3124 4567 3326 4624 dicens
3350 4585 3363 4623 :
3389 4591 3416 4618 ‹‹
3437 4569 3538 4626 Ex.

1897 4678 2092 4734 surge,
2125 4659 2276 4730 veni,
2309 4658 2572 4732 proxima
2617 4672 2768 4722 mea,
2801 4657 3059 4711 formosa
3086 4673 3236 4725 mea,
3269 4657 3540 4714 columba

1899 4767 2048 4817 mea,
2083 4749 2336 4820 perfecta
2365 4764 2494 4802 mea
2522 4746 2697 4816 (Cant.
2733 4763 2793 4810 ιι,
2822 4747 2929 4816 10).
2955 4767 2982 4796 ››
3017 4745 3306 4817 Proxima,
3337 4747 3538 4818 utique

1897 4839 2032 4894 fidei
2063 4837 2351 4893 desiderio
2377 4855 2389 4904 ;
2419 4835 2694 4899 formosa,
2720 4834 2924 4889 decore
2940 4833 3172 4889 virtutis
3197 4853 3208 4902 ;
3243 4833 3536 4901 columba,

1897 5005 1960 5052 ut
1990 4995 2563 5071 historiamquidem
2583 5008 2967 5071 nequaquam
2993 4995 3185 5071 neget.
3221 4989 3321 5071 sed
3355 4989 3538 5071 multo

1897 5068 2085 5124 magis
2117 5059 2532 5120 attendendum
2566 5059 2767 5117 doceat
2797 5059 2866 5116 ad
2890 5059 3145 5116 historiae
3173 5059 3452 5124 animam,
3476 5065 3540 5115 ut

1898 5141 1982 5195 sic
1998 5131 2344 5208 loquamur,
2379 5136 2434 5188 id
2464 5138 2572 5201 est,
2605 5133 2676 5208 ad
2710 5133 3014 5208 mysticam
3065 5131 3534 5208 intelligentiam,

1898 5227 2074 5282 quam
2089 5201 2177 5263 'ad
2210 5209 2338 5282 ejus
2363 5222 2596 5282 corpus,
2630 5205 2737 5282 hoc
2773 5201 2883 5282 est,
2915 5201 3540 5282 litteralemﬁarratiof

1902 5272 2054 5337 dem.
2089 5281 2212 5345 Qua
2236 5272 2416 5333 etiam
2448 5272 2668 5331 ratione
2700 5274 2809 5330 loci
2843 5274 3172 5346 complures
3222 5272 3543 5346 (ipsiusmet

1898 5344 2188 5409 Ambrosii
2223 5347 2571 5405 conciliandi
2605 5352 2762 5413 sunt,
2797 5351 2862 5402 ut
2904 5344 3042 5418 puta
3071 5345 3169 5418 lib.
3205 5344 3319 5418 Ide
3369 5344 3539 5418 Abre-

1901 5427 2028 5481 ham
2057 5441 2180 5495 cap.
2217 5420 2478 5491 ejusdem
2541 5416 2933 5495 ιιιιιιιιειοηξῖτἶ
2991 5421 3046 5495 et
3093 5417 3192 5495 lib.
3239 5416 3305 5471 de
3349 5416 3543 5495 Josgih

1903 5432 2028 5481 ham
2057 5441 2180 5495 cap.
2217 5432 2478 5491 ejusdem
2541 5433 2783 5472 numero
2839 5432 2930 5484 δί,
2991 5432 3046 5472 et
3093 5432 3192 5472 un.
3239 5432 3305 5471 ae
3349 5432 3541 5542 ,σοδῗιη

1903 5499 2054 5552 Patr.
2089 5511 2137 5550 c.
2177 5496 2225 5560 1,
2259 5506 2543 5546 numerus
2573 5491 2605 5543 li
2639 5505 2772 5543 cum
2803 5488 2936 5542 libri
2968 5488 3233 5558 ejusdem
3262 5503 3413 5560 cap.
3484 5488 3541 5554 Ο,

1902 5585 2064 5623 num.
2102 5567 2185 5621 l3.
2220 5570 2362 5619 Item
2396 5561 2496 5617 lib.
2528 5561 2593 5616 de
2624 5560 2783 5614 Tobia
2814 5576 2862 5614 c.
2897 5561 2952 5625 3,
2985 5576 3042 5612 ιι.
3075 5560 3145 5613 57
3174 5562 3230 5613 et
3256 5559 3347 5625 58,
3407 5573 3542 5613 cum

1901 5639 2166 5710 ejusdem
2197 5636 2331 5691 libri
2365 5651 2490 5710 cap.
2523 5637 2576 5698 2,
2613 5648 2775 5685 num.
2909 5633 2965 5710 et
2994 5627 3394 5710 sequentibus,
3443 5628 3543 5710 ιν).

1903 5698 2057 5765 (ι”ειεὶε
2091 5710 2264 5764 etiam
2299 5698 2660 5779 praemissam
2682 5720 2715 5759 ιι
2743 5700 2908 5758 nobis
2940 5698 3374 5757 huic‘traetatui
3427 5698 3540 5752 Ad-

1903 5781 2305 5837 monitionem.
