3894 6208
176 410 280 496 949

1305 420 1698 489 APOLOGIA
1746 420 1986 488 DAVID
2034 424 2370 490 ALTERA.

3423 388 3545 486 ese

175 560 363 619 clesia:
392 580 420 610 «
449 554 609 623 Veni,
642 555 818 615 frater
845 573 1034 628 meus,
1065 559 1402 616 excaminus
1441 560 1498 613 in
1557 575 1784 631 agrum,
1814 556 1872 625 Α
1902 566 2167 617 mortuus
2199 561 2373 619 fuerit
2402 559 2504 629 vir,
2536 557 2727 618 soluta
2768 562 2858 617 est
2916 573 2950 617 a
2978 556 3107 634 legi
3153 554 3319 615 virie.
3361 555 3546 630 Igitur

168 649 570 723 requiescamus
600 646 659 702 in
700 646 975 715 castellis,
1038 646 1296 703 diluculo
1356 664 1668 720 surgamus
1725 646 1784 701 in

166 739 357 802 vineas,
383 736 680 792 videamus
709 736 757 791 si
792 735 990 792 ﬂoruit
1018 736 1151 790 vitis
1173 736 1352 804 (Cant.
1383 754 1478 803 vn,
1506 736 1591 803 Η,
1622 735 1729 805 l2).
1759 757 1786 784 »

164 828 271 884 Non
295 824 473 881 solum
495 823 675 895 igitur
706 824 876 892 lavat,
911 826 1013 879 sed
1048 826 1225 880 etiam
1257 825 1554 880 Christum
1596 825 1665 879 ad
1726 840 1787 880 se

163 916 335 970 venire
362 916 628 986 provocat
680 916 737 967 et
802 912 1012 968 invitat
1067 913 1309 969 dicens:
1380 933 1401 961 ι
1454 912 1584 969 Tibi
1634 912 1788 968 dabo

164 1003 320 1059 ubera
366 1018 489 1057 mea
520 1001 678 1073 (Ibid.
705 1002 743 1073 ).
781 1022 809 1050 »
840 1001 955 1057 Nec
985 1018 1095 1057 sua
1146 1006 1400 1067 tantum,
1452 1002 1552 1057 sed
1609 1002 1786 1056 etiam

165 1107 292 1147 nova
317 1107 377 1145 ac
403 1094 617 1157 vetera,
649 1088 976 1161 pollicetur,
1007 1089 1162 1146 sicut
1192 1091 1412 1146 habes:
1463 1113 1490 1140 ‹‹
1524 1090 1680 1147 Nova
1731 1079 1790 1143 et

161 1183 343 1244 vetera,
401 1178 576 1233 frater
632 1194 821 1248 meus,
882 1180 1105 1234 servavi
1164 1178 1269 1233 tibi
1299 1178 1465 1247 (Ibid.
1504 1179 1611 1249 13).
1652 1200 1677 1226 ››
1720 1178 1788 1248 Et

161 1270 303 1340 quasi
335 1266 543 1323 amoris
574 1267 888 1339 impatiens
922 1267 1131 1339 quaerit
1181 1266 1613 1322 adminiculum
1681 1265 1784 1321 ali-

158 1357 322 1428 cujus,
353 1373 385 1411 a
438 1371 552 1427 quo
582 1354 851 1411 Christus
900 1361 1136 1428 rogetur
1190 1360 1254 1410 ut
1312 1355 1522 1411 veniat.
1582 1354 1786 1409 Videte

159 1448 493 1509 aestuantem,
528 1444 716 1499 videte
772 1444 1250 1500 desiderantem:
1313 1467 1339 1492 ‹‹
1402 1443 1543 1509 Quis
1598 1443 1781 1523 dabit,

157 1532 340 1604 inquit,
370 1534 441 1599 te,
486 1533 666 1587 frater
722 1546 909 1596 meus,
972 1530 1289 1588 laetantem
1350 1532 1529 1587 ubera
1582 1531 1785 1586 matris

156 1637 276 1677 mea;
303 1620 474 1691 (Cant.
509 1637 630 1689 VIII,
664 1620 768 1691 l)?
790 1643 818 1669 »
848 1621 919 1675 Et
939 1638 1056 1693 qua
1088 1620 1563 1693 rationequazrat,
1585 1625 1640 1677 et
1661 1637 1779 1693 qua

153 1709 315 1782 gratia
368 1708 591 1780 invitet,
648 1714 706 1764 et
763 1710 1259 1781 quemadmodum
1317 1711 1505 1781 possit
1563 1715 1780 1791 tenere,

153 1798 524 1854 demonstrat:
568 1799 1065 1870 quemadmodum
1107 1798 1249 1854 foris
1304 1803 1631 1855 morantem
1686 1816 1779 1854 ex-

1898 651 2121 707 vivente
2154 652 2295 719 viro,
2327 651 2624 707 vocabitur
2667 648 2953 719 adultera,
3008 648 3058 705 si
3109 648 3316 721 juncta
3372 644 3548 703 fuerit

1897 738 2060 795 alteri
2087 740 2246 795 viro:
2281 740 2328 796 si
2359 745 2552 796 autem
2594 744 2863 796 mortuus
2915 738 3091 794 fuerit
3147 737 3236 793 vir
3290 737 3438 809 ejus,
3470 733 3547 790 li-

1896 828 2096 884 berata
2125 832 2213 883 est
2242 846 2275 884 a
2306 827 2431 900 lege
2461 829 2567 883 viri
2603 848 2615 884 :
2652 829 2734 885 ita
2763 833 2829 884 ut
2868 846 2983 885 non
3043 826 3120 882 sit
3177 825 3437 882 adultera
3495 824 3545 882 si

1897 915 2071 971 fuerit
2099 933 2230 971 eum
2265 916 2375 972 alio
2406 908 2549 971 viro.
2585 918 2731 989 Ergo
2754 934 2902 972 .non
2961 914 3227 971 adultera
3273 914 3545 970 humanas

1898 1005 2215 1059 conditioni
2249 1006 2383 1077 (27),
2419 1023 2545 1076 qua;
2576 1005 2712 1060 licet
2757 1006 2866 1060 sub
2920 1004 3047 1076 lege
3095 1003 3289 1071 fuerit,
3346 1005 3545 1057 tamen

1896 1093 2110 1148 abolita
2141 1094 2576 1165 quodammodo
2603 1093 2971 1148 observantia
3000 1092 3165 1164 legis,
3207 1091 3267 1146 in
3298 1091 3545 1164 gratiam

1893 1182 2184 1237 vindicata
2213 1186 2318 1237 est.

1966 1273 2050 1325 49.
2117 1270 2284 1342 Legis
2336 1274 2530 1325 autem
2589 1271 3021 1326 observantiam
3082 1285 3197 1325 non
3282 1266 3547 1324 Christus

1894 1358 2160 1413 abolevit.
2219 1359 2381 1413 Unde
2408 1362 2464 1412 et
2494 1358 2688 1415 Uriam
2748 1375 2862 1414 non
2919 1357 3099 1413 David
3158 1356 3389 1424 occidit,
3445 1344 3547 1412 sed

1894 1447 2078 1501 occidi
2111 1464 2144 1502 a
2173 1446 2558 1503 bellatoribus
2591 1462 2803 1519 passus
2845 1451 2933 1501 est
2952 1465 2970 1500 .·
3031 1445 3136 1500 hoc
3194 1450 3302 1515 est,
3354 1444 3547 1516 profa-

1893 1535 2018 1590 nari
2052 1535 2231 1590 ritum
2262 1534 2639 1591 observantia:
2699 1551 2769 1590 ex
2793 1534 2919 1606 lege
2948 1534 3254 1601 venientis,
3313 1549 3416 1605 per
3464 1531 3549 1586 in-

1891 1624 2222 1680 cursionem
2267 1623 2656 1679 Barbarorum
2686 1627 2742 1678 et
2762 1623 3154 1695 captivitatem
3207 1622 3545 1678 Judaaorum

1892 1729 2100 1784 passus
2127 1714 2215 1768 est
2244 1712 2532 1767 Christus.
2561 1711 2826 1782 Denique
2856 1711 3046 1776 Urias,
3076 1709 3176 1765 lux
3208 1726 3337 1766 mea
3401 1708 3545 1765 dici-

1889 1804 2003 1866 tur,
2037 1818 2165 1872 quae
2217 1805 2410 1855 autem
2466 1800 2685 1855 Christi
2733 1799 2851 1867 lux,
2886 1798 2999 1855 nisi
3031 1799 3123 1855 lex
3174 1801 3231 1854 et
3286 1799 3541 1870 Evange-

152 1890 365 1985 spectet,
395 1887 657 1985 ostendit
686 1904 697 1941 :
728 1891 784 1942 et
814 1890 876 1942 ut
909 1888 1153 1985 domum
1197 1904 1386 1985 suam.
1412 1887 1781 1985 ingrediatur
1809 1921 1856 1985 B
1888 1887 2035 1944 lium
2063 1889 2091 1943 ?
2111 1912 2138 1938 ‹‹
2174 1888 2233 1945 Si
2266 1889 2421 1944 enim
2476 1888 2792 1985 crederetis
2852 1888 3059 1985 Moysi,
3119 1887 3433 1943 crederetis
3488 1888 3546 1985 et

150 1973 397 2047 implorat
436 1974 674 2029 dicens:
708 1997 736 2024 «
798 1974 1107 2030 lnveniens
1163 1979 1219 2030 te
1280 1975 1421 2030 foris
1471 1975 1781 2031 osculabor

148 2065 212 2128 te,
240 2079 527 2119 assumam
557 2067 633 2129 te,
670 2067 727 2118 et
757 2063 1047 2119 adducam
1079 2067 1135 2119 te
1174 2062 1233 2118 in
1284 2064 1523 2120 domum
1573 2064 1778 2127 matris

148 2168 290 2221 mea,
316 2152 450 2207 etin
483 2155 777 2207 secretum
832 2152 961 2223 ejus
993 2169 1120 2224 quae
1171 2154 1438 2225 concepit
1465 2169 1557 2208 me
1615 2153 1774 2222 (Ibid.

147 2239 210 2310 2).
240 2238 406 2296 Vides
424 2240 927 2311 quemadmodum
964 2240 1122 2296 nuda
1153 2241 1252 2307 sit,
1285 2258 1411 2312 quae
1443 2258 1558 2296 non
1589 2246 1779 2313 potest

144 2331 340 2384 tectum
371 2328 588 2384 habere
620 2329 1286 2393 secretumintemeratae
1316 2331 1520 2401 utique
1534 2335 1776 2397 naturae,

145 2420 406 2472 secretum
480 2417 702 2472 intimaa
757 2418 1146 2487 conscientiae,
1213 2436 1330 2474 non
1406 2419 1776 2492 designatum

144 2502 322 2576 aliqua
348 2506 675 2562 temeritate
700 2505 996 2561 vitiorum.
1049 2506 1262 2562 Hortus
1321 2505 1481 2562 enim
1538 2505 1777 2561 clausus

144 2599 221 2648 est
247 2593 498 2651 Ecclesia
531 2597 754 2660 sancta,
786 2599 844 2651 et
874 2595 1265 2650 immaculata
1293 2594 1618 2668 virginitas,
1651 2612 1779 2666 quae

142 2681 257 2738 ideo
285 2682 429 2739 hanc
461 2683 719 2756 gratiam
752 2688 1019 2739 meretur
1048 2683 1340 2751 aChristo,
1375 2683 1513 2755 quia
1532 2684 1777 2739 verbum

143 2768 228 2825 Dei
256 2771 543 2843 quaesivit,
567 2771 937 2839 desideravit,
969 2772 1205 2839 invenit,
1267 2770 1592 2844 advigilans
1646 2775 1779 2827 ante

142 2858 275 2915 ostia
303 2860 626 2933 sapientiae,
661 2860 811 2916 sicut
845 2860 972 2930 ipsa
1002 2861 1172 2915 dicit:
1209 2884 1235 2910 ‹‹
1280 2861 1491 2915 Beatus
1536 2861 1623 2915 vir
1679 2861 1777 2932 qui

141 2948 371 3004 audierit
409 2966 525 3017 me,
567 2952 623 3005 et
652 2948 829 3004 homo
861 2950 959 3021 qui
1016 2949 1139 3004 vias
1195 2965 1355 3005 meas
1415 2950 1775 3015 custodierit,

140 3036 445 3109 advigilans
477 3038 629 3094 meis
661 3037 829 3093 ostiis
861 3037 1142 3110 quotidie,
1192 3038 1527 3093 custodiens
1584 3043 1779 3109 postes

141 3125 241 3179 mei
291 3125 591 3184 introitus.
649 3127 851 3182 Exitus
933 3127 1069 3194 mei,
1158 3128 1370 3195 exitus,
1451 3132 1589 3182 sunt
1653 3128 1779 3181 vita:

142 3212 307 3280 (Prov.
339 3232 458 3282 vm,
493 3216 590 3281 34,
612 3215 723 3282 35).
761 3238 787 3264 ››

1888 1978 2033 2033 mihi
2059 1994 2071 2032 :
2105 1978 2175 2032 de
2206 1993 2299 2031 me
2331 1976 2486 2031 enim
2520 1975 2618 2031 ille
2645 1975 3091 2048 scripsit(Joan.
3116 1992 3171 2041 v,
3202 1976 3313 2047 46).
3340 1997 3367 2023 ››
3400 1975 3547 2041 Quia

1886 2065 1986 2120 lux
2042 2064 2260 2120 Christi
2316 2064 2375 2119 in
2438 2063 2563 2136 lege
2621 2063 2937 2135 praecessit,
3000 2065 3171 2135 cujus
3230 2068 3429 2134 postea
3486 2063 3545 2118 in

1886 2153 2181 2226 Evangelii
2211 2151 2400 2226 gratia
2428 2151 2597 2224 quasi
2628 2151 2687 2208 in
2736 2152 3085 2224 heptamyxo
3156 2150 3366 2223 spiritu
3413 2151 3543 2206 uni-

1886 2260 2054 2298 versa
2082 2244 2195 2313 (28)
2229 2241 2440 2296 mundi
2471 2240 2655 2311 hujus
2696 2239 2978 2312 implevit.
3039 2239 3183 2295 Iline
3237 2250 3380 2311 ergo
3429 2239 3543 2312 legi

1887 2341 2121 2387 carnem
2180 2329 2422 2386 sustulit
2478 2329 2568 2385 vel
2624 2328 2945 2385 Ecclesiam
3005 2332 3062 2383 et
3118 2327 3229 2383 sibi
3294 2328 3541 2399 junxit:

1887 2422 2059 2490 cujus
2106 2418 2253 2491 legis
2310 2417 2509 2473 lumen
2598 2416 2852 2489 populus
2914 2415 3147 2472 hostilis
3222 2415 3542 2481 imminuit,

1888 2508 2121 2581 quando
2156 2507 2299 2580 legis
2328 2510 2534 2562 sancta
2564 2504 2818 2560 violavit.
2878 2505 3201 2560 Imminuta
3258 2520 3395 2578 ergo
3442 2504 3543 2560 lux

1887 2596 1989 2651 Dei
2019 2601 2109 2651 est
2136 2596 2195 2650 in
2226 2593 2441 2667 populo
2469 2594 2827 2659 Judzeorum,
2851 2593 2991 2665 quia
3023 2593 3254 2649 caecitas
3283 2609 3351 2649 ex
3380 2597 3542 2665 parte

1886 2686 1945 2741 in
1979 2683 2154 2741 Israel
2188 2683 2448 2755 contigit,
2480 2682 2661 2738 donec
2686 2681 2985 2753 plenitudo
3045 2681 3311 2755 gentium
3358 2681 3541 2738 intra-

1888 2781 1993 2843 ret,
2028 2778 2084 2830 et
2113 2774 2195 2829 sic
2226 2772 2418 2828 omnis
2451 2770 2626 2828 Israel
2658 2770 2855 2827 salvus
2885 2771 3069 2826 fieret.

2553 2877 2783 2932 CAPUT
2812 2876 2876 2931 Χ.

1893 2973 2164 3027 Renovato
2193 2969 2509 3031 attentione,
2544 2965 2720 3021 altius
2773 2967 3099 3031 mysterium
3157 2967 3217 3019 in
3270 2964 3540 3020 adulterio

1960 3041 2212 3097 Davidico
2225 3038 2692 3101 latcns,nimirum
2720 3037 2946 3092 Verbum
2964 3037 3143 3091 divini
3161 3052 3283 3092 cum
3296 3037 3541 3091 humana

1958 3116 2161 3168 natura
2180 3110 2614 3181 conjunctionem
2633 3110 2925 3163 scrutatur.
3241 3124 3253 3135 ν

1958 3221 2047 3274 50.
2111 3219 2389 3289 Superest
2444 3197 2635 3269 adhuc
2698 3219 2754 3268 et
2812 3216 3088 3285 quartum
3170 3212 3537 3285 mysterium,

202 3302 283 3356 48.
314 3304 405 3359 Sic
436 3302 712 3359 Ecclesia:
770 3321 889 3359 suae
943 3304 1209 3360 Christus
1260 3304 1511 3375 speciem
1565 3321 1776 3360 coneu-
1809 3286 1851 3352 (ἶ
1891 3309 2067 3381 quod,
2093 3286 2313 3378 quaeso,
2337 3301 2894 3377 placidisaccipiatis
2918 3301 3181 3367 auribus,
3207 3305 3264 3356 et
3280 3304 3534 3356 mentem

141 3388 270 3461 pivit
293 3396 348 3446 et
379 3391 608 3464 paravit
649 3392 759 3447 sibi
817 3410 944 3448 eam
997 3410 1235 3447 uxorem
1268 3393 1610 3448 adsciscere.
1662 3393 1773 3448 Sed

140 3479 266 3550 quia
293 3485 418 3537 erat
446 3480 564 3537 sub
598 3481 720 3553 lege
748 3481 885 3551 (sub
916 3481 1041 3554 lege
1072 3481 1228 3537 enim
1256 3481 1772 3549 Petrus,.loannes.

144 3567 278 3623 725
308 3570 624 3641 eaeterique
655 3569 957 3641 apostolici
986 3570 1137 3641 viri),
1199 3569 1360 3640 prius
1419 3586 1523 3625 nos
1580 3571 1776 3625 obser-

139 3656 332 3712 vantiae
389 3657 715 3731 corporalis
770 3658 1022 3714 vinculis
1106 3657 1449 3714 relaxandos
1535 3657 1775 3729 putavit.

140 3745 400 3823 Quamvis
431 3746 592 3803 enim
624 3745 716 3802 lex
738 3746 1031 3819 religiosa,
1065 3745 1151 3803 lex
1191 3748 1364 3819 iusta,
1427 3747 1581 3802 sicut
1635 3746 1780 3801 Uria;

140 3835 725 3903 personainducitur,
768 3836 869 3907 qui
927 3840 1047 3891 tam
1106 3834 1413 3907 religiosus
1470 3840 1527 3890 et
1583 3839 1782 3890 castus

140 3921 259 3988 fuit,
290 3928 354 3979 ut
382 3940 693 3998 regressus
723 3940 753 3979 e
785 3923 936 3980 bello
970 3941 1208 3980 uxorem
1242 3941 1354 3980 non
1409 3939 1781 3996 recognosce-

141 4014 238 4078 ret,
270 4029 373 4069 nec
398 4014 652 4069 intraret
697 4014 769 4069 ad
818 4029 987 4080 eam;
1049 4018 1244 4069 tamen
1302 4012 1440 4085 quia
1497 4012 1663 4068 Urias
1722 4012 1783 4066 in

141 4098 332 4169 David,
357 4101 471 4158 hoc
500 4106 615 4167 est,
646 4101 766 4157 viro
797 4101 1030 4167 humili,
1063 4100 1333 4174 copulam
1365 4102 1632 4174 cognovit
1680 4102 1783 4156 Ec-

142 4186 317 4244 clesia
374 4193 514 4264 (26),
551 4207 583 4246 a
637 4196 952 4263 Synagogae
1012 4190 1425 4261 conjunctione
1459 4190 1785 4255 discedens,

140 4275 320 4335 locum
354 4280 575 4336 futuris
608 4279 831 4351 nuptiis
862 4280 1227 4352 praeparavit.
1262 4279 1423 4334 Unde
1448 4282 1504 4334 et
1531 4279 1788 4334 Joannes

141 4369 333 4438 typum
365 4368 595 4440 accepit
625 4366 791 4440 legis,
823 4367 921 4438 qui
974 4366 1241 4438 quamvis
1294 4371 1447 4423 esset
1506 4383 1574 4421 ex
1607 4367 1790 4422 Patri-

140 4454 265 4521 bus,
304 4457 504 4528 parari
539 4456 660 4511 vias
692 4455 921 4512 Domini
956 4455 1247 4511 nuntiavit
1276 4460 1331 4509 et
1382 4455 1644 4511 Ecclesiae
1690 4472 1788 4509 co-

141 4542 331 4614 pulam
394 4545 817 4617 prophetebat:
881 4548 938 4599 et
1002 4543 1129 4599 ideo
1188 4544 1417 4599 occisus
1470 4544 1791 4611 inducitur,

1886 3402 2164 3461 nostram,
2207 3410 2319 3448 non
2345 3393 2522 3448 verba
2550 3390 2856 3463 pendatis;
2892 3407 3005 3444 non
3038 3389 3195 3445 enim
3248 3389 3308 3444 in
3359 3388 3534 3445 verbo

1888 3490 1976 3541 est
2006 3500 2250 3555 regnum
2288 3483 2404 3548 Dei,
2439 3482 2535 3536 sed
2572 3480 2629 3533 in
2660 3480 2889 3534 virtute.
2916 3477 3282 3534 Adulterium
3316 3477 3534 3533 factum

1890 3579 1999 3641 est,
2031 3577 2088 3628 et
2117 3570 2501 3626 homicidium
2535 3568 2776 3623 factum.
2808 3568 2925 3623 Hoc
2964 3571 3053 3623 est
3100 3566 3256 3639 quod
3314 3566 3537 3623 dictum

1891 3667 1979 3720 est
2032 3661 2101 3717 ad
2128 3660 2511 3732 prophetam:
2537 3681 2563 3705 ‹‹
2593 3663 2767 3712 Sume
2817 3656 2921 3712 tibi
2949 3655 3224 3713 baculum
3255 3655 3537 3713 nucinum

1891 3753 2107 3825 (Jerem.
2138 3767 2178 3819 1,
2209 3748 2310 3818 1|).
2345 3770 2371 3797 ››
2407 3748 2475 3801 Et
2504 3745 2642 3801 alibi
2674 3746 2897 3818 virgam
2948 3745 3224 3801 nucinum
3264 3745 3538 3819 legimus,

1895 3858 1996 3913 per
2026 3854 2200 3912 quam
2251 3834 2765 3907 intelligimusjus
2796 3833 3090 3904 quoddam
3131 3838 3189 3890 et
3243 3849 3541 3889 summam

1896 3927 2234 4001 prophetiae,
2268 3941 2395 3995 quae
2431 3940 2592 3978 more
2624 3923 2791 3977 nucis
2824 3922 2968 3977 foris
2998 3938 3199 3977 amara
3228 3922 3288 3976 in
3332 3921 3546 3977 cortice

1895 4018 2042 4072 dura
2063 4016 2119 4069 in
2149 4013 2339 4068 medio
2373 4016 2539 4077 testa,
2566 4016 2762 4065 tenera
2789 4009 2950 4065 intus
2980 4014 3069 4065 est
3114 4013 3172 4064 et
3228 4009 3542 4065 fructuosa.

1896 4104 2018 4162 Etsi
2048 4100 2311 4175 igiturin
2357 4099 2601 4155 historia
2658 4098 2947 4153 amariora
2992 4096 3233 4164 auditio,
3292 4096 3352 4152 in
3409 4101 3547 4170 typo

1898 4195 2046 4249 dura
2075 4187 2465 4263 cognoscitis;
2492 4192 2724 4259 sperate
2752 4191 2949 4242 tamen
2981 4186 3040 4240 in
3093 4186 3369 4259 mysterio
3428 4186 3547 4241 fru-

1899 4289 2122 4339 ctuosa.
2154 4276 2543 4342 Adulterium,
2580 4275 2844 4346 inquam,
2885 4273 3125 4346 in_typo
3160 4275 3312 4331 726
3343 4273 3551 4330 salutis

1900 4376 1989 4428 est
2020 4370 2272 4424 fructum
2299 4383 2310 4420 :
2347 4382 2461 4419 non
2494 4364 2650 4419 enim
2692 4362 3042 4418 adulterium
3060 4379 3232 4419 omne
3265 4363 3550 4419 damnan-

1902 4461 2043 4515 dum
2094 4460 2201 4511 est.
2266 4452 2524 4524 Denique
2571 4452 2642 4507 ad
2703 4450 3051 4523 Prophetam
3138 4451 3361 4507 dictum
3434 4454 3549 4505 est:

1914 4570 1937 4601 ιι
1979 4546 2154 4613 Vade,
2205 4542 2399 4614 accipe
2431 4541 2532 4596 tibi
2587 4556 2826 4595 uxorem
2903 4539 3273 4596 fornicariam
3334 4539 3486 4609 (Osce
3516 4556 3552 4604 1,

140 4637 201 4688 ut
253 4633 552 4689 defectum
601 4632 872 4706 legitimae
940 4633 1363 4688 observationis
1437 4634 1788 4688 ostenderet.
1828 4655 1868 4720 D
1901 4642 1976 4701 2).
2008 4659 2034 4685 ››
2068 4632 2349 4689 Dominus
2379 4630 2485 4685 hoc
2516 4630 2684 4699 jubet
2715 4646 2845 4683 cum
2881 4645 2947 4683 ea
2978 4646 3105 4700 qua:
3139 4629 3422 4685 fornicata
3443 4628 3559 4683 fue-

142 4720 429 4778 Lexenim
461 4728 522 4778 et
552 4722 844 4794 propheta:
906 4738 1091 4792 usiue
1149 4722 1219 4776 ad
1279 4722 1582 4777 Joannem.
1643 4722 1791 4793 Ergo

134 4807 252 4878 jam
286 4810 459 4868 Urias
528 4811 759 4867 occisus
789 4814 878 4866 est
909 4811 964 4865 in
998 4815 1132 4882 typo
1162 4810 1327 4883 legis,
1380 4815 1443 4864 ut
1490 4812 1796 4882 Synagoga

138 4895 280 4970 legis
329 4900 565 4972 laqueis
616 4899 954 4967 solveretur,
989 4899 1268 4971 quoniam
1327 4916 1453 4970 quae
1511 4899 1620 4953 sub
1675 4899 1795 4952 viro

141 4993 226 5043 est
256 4988 498 5055 mulier,
530 4987 744 5043 viventi
775 4987 915 5055 viro,
958 4987 1137 5061 ligata
1185 4994 1274 5043 est
1317 4986 1467 5058 legi;
1502 4987 1549 5041 si
1602 4992 1796 5041 autem

211 5101 320 5173 ('26)
356 5103 610 5176 Impedit.
635 5118 860 5176 omnes,
891 5119 957 5158 ac
988 5103 1155 5176 pauci
1177 5120 1332 5176 uss.
1366 5101 1551 5157 Codex
1600 5102 1799 5176 'l‘or_n.,

143 5180 323 5228 tamen
355 5175 462 5229 ubi
495 5175 624 5231 Uria
656 5175 955 5245 interfecto,
988 5173 1205 5240 'David,
1264 5175 1360 5230 hoc
1398 5177 1499 5241 est,
1561 5175 1646 5227 vir
1702 5173 1801 5226 Icu-

140 5246 288 5299 milis
345 5246 606 5316 copulam
658 5248 908 5315 cognovit
973 5247 1241 5301 Ewlesizc.
1326 5245 1540 5300 Theod.
1621 5249 1801 5299 tamen

146 5315 237 5370 ubi
266 5318 385 5371 veri
411 5315 611 5384 David,
646 5317 747 5373 hoc
782 5320 881 5382 est,
941 5320 1049 5371 viri
1105 5318 1333 5372 humilis
1393 5317 1644 5389 capulum
1716 5331 1802 5370 co-

146 5389 327 5443 enavit
376 5388 640 5443 Ecclesia.
731 5387 844 5441 Alii
876 5393 1146 5443 quatuor.
1206 5391 1387 5443 tamen
1479 5388 1573 5442 ubi
1654 5387 1810 5443 Urius

1697 5404 1794 5441 Γῖαέ

140 5458 338 5524 David,
370 5460 477 5513 hoc
504 5463 599 5525 est,
636 5458 997 5515 virihu‘milis
1025 5459 1275 5531 capulum
1320 5460 1586 5529 cognovit,
1638 5459 1812 5513 Eccle-

139 5389 327 5459 gtiovz't
376 5388 640 5443 Ecclesia.
731 5387 844 5441 Alii
876 5393 1146 5459 quatuor,
1206 5391 1387 5443 tamen
1452 5387 1573 5442 'ubi

140 5530 262 5593 size,
293 5533 409 5583 etc.

212 5600 331 5671 (27)
405 5599 575 5655 Rom.
662 5600 837 5669 Edit.,

220 5600 331 5671 :27)
405 5600 575 5655 Rom.
662 5600 837 5669 Edit.,
914 5603 1166 5657 adultera
1223 5600 1463 5655 humana
1540 5600 1815 5667 conditio;

142 5670 272 5725 alia
303 5670 443 5726 dua:
477 5687 540 5726 ac
588 5688 730 5729 mss.
764 5690 990 5739 omnes,
1049 5673 1309 5729 humanae
1326 5671 1660 5733 conditioni;
1714 5689 1819 5727 nec

142 5740 324 5812 male,
364 5740 416 5797 si
451 5758 651 5800 vocem
684 5744 954 5815 adultera,
988 5745 1059 5801 de
1093 5742 1349 5801 Ecclesia
1378 5743 1596 5801 dictam
1658 5742 1824 5800 intel-

1903 4727 1997 4793 rit,
2053 4738 2181 4779 esse
2239 4720 2618 4792 conjugium:
2689 4719 2860 4789 cujus
2921 4718 3201 4791 conjugii,
3263 4722 3326 4773 ut
3382 4733 3562 4788 supra

1905 4814 2160 4871 diximus
2193 4812 2391 4881 (Supra
2439 4825 2559 4879 cap.
2617 4808 2672 4875 9,
2737 4806 2899 4878 hujus
2956 4808 3159 4877 libri),
3211 4812 3413 4878 partus
3473 4809 3564 4861 est

1906 4902 2191 4958 Christus.
2256 4898 2520 4968 Namque
2577 4896 2694 4951 tilio
2741 4896 2841 4967 qui
2895 4913 2963 4950 ex
3012 4894 3395 4950 fornicatione
3476 4909 3562 4957 es,

1909 4994 2161 5053 natus,a
2191 4986 2434 5039 Domino
2468 5000 2677 5040 nomen
2741 4983 3083 5053 impositum
3132 4985 3221 5037 est
3275 4979 3567 5036 Jezrahelt

1911 5107 2082 5163 ligas.
2115 5099 2577 5156 Rursusibidem
2609 5097 2745 5153 edit.
2782 5098 2909 5152 Era.
2943 5101 3001 5152 et
3033 5113 3175 5152 mss.
3205 5096 3343 5163 duo,
3386 5102 3569 5150 tamen

1913 5121 1949 5161 ll
1998 5121 2082 5159 δε.
2118 5121 2340 5156 NUISUS
2361 5121 2577 5155 ιυιαθῐῐι
2609 5121 2745 5153 θαιι.
2784 5121 2909 5152 mra.
2943 5121 3001 5152 ει
3033 5121 3175 5152 ωδθ.
3205 5121 3343 5163 υυυ,
3386 5121 3557 5150 ιαῖηυη

1908 5121 2074 5234 obglita
2132 5168 2785 5251 est_li’gz's_qiiodamrnodo
2833 5169 3024 5251 (r_nss.,
3080 5166 3557 5239 quemadmodum)

1916 5245 2261 5305 observantia
2290 5243 2422 5310 legis
2453 5242 2512 5294 in
2542 5242 2802 5311 gratiam,
2831 5243 2940 5294 etc.

1990 5320 2098 5389 (28)
2123 5315 2263 5370 Mss.
2296 5306 2709 5389 aliquot,'edi_t.
2743 5311 2871 5389 Era.
2907 5327 2974 5365 ac
3004 5308 3138 5389 Cill.
3167 5309 3231 5389 _in
3282 5306 3570 5389 margine,

1921 5393 1975 5446 in
1996 5380 2335 5459 ‘lchtamyxo
2365 5380 2672 5459 septi/omni
2721 5383 2948 5459 _spiri_t_u.
2967 5453 2982 5459 _
3005 5383 3076 5459 At
3127 5380 3446 5459 glossema:
3460 5384 3566 5459 est.

1920 5462 2044 5517 Non
2074 5450 2321 5512 dubium
2386 5450 2579 5525 autem
2637 5450 2777 5525 quin
2828 5450 3158 5525 alludatur'
3181 5452 3253 5509 ad
3303 5450 3571 5507 candela-

1926 5534 2096 5589 brum
2128 5527 2335 5583 veteris
2364 5525 2531 5597 legis,
2563 5524 2621 5579 in
2654 5523 2768 5597 quo
2817 5528 2981 5597 erant
3020 5523 3268 5597 lucernae
3326 5526 3573 5597 septem,

1928 5604 2144 5677 quibus
2177 5595 2530 5672 septiformis
2561 5596 2750 5669 gratia
2801 5595 2985 5652 sancti
3016 5596 3270 5669 Spiritus
3310 5595 3576 5666 designa-

1930 5680 2065 5734 batu
2077 5692 2118 5729 r.
