3894 6208
364 392 479 457 951

1827 398 1894 458 s.
1940 395 2320 483 assensu

367 526 521 599 quod
554 524 750 583 divina
778 530 863 609 cpt
894 528 1209 599 generatio.
1241 525 1301 585 Si
1332 543 1467 599 ergo
1516 527 1609 600 pia
1642 527 1741 583 iila
1806 528 2015 601 copula
2045 532 2091 601 Α
2124 525 2322 595 Jesus,
2351 526 2501 586 sicut
2528 527 2785 597 Jndcos,
2809 524 3031 603 perisse
3054 524 3415 609 parentant
3467 526 3798 596 infames,

365 614 706 683 {emicat-ise,
739 616 910 671 eti-im
958 617 1066 671 ista
1098 618 1299 688 utique
1356 617 1447 689 pia
1500 618 1795 673 societatis
1844 618 2011 673 adulo

362 706 497 762 tera:
528 704 735 777 copula
779 710 885 760 est.
919 706 1027 760 Sed
1061 705 1163 760 illa
1220 708 1290 760 de
1348 706 1588 761 Judmis.
1649 708 1725 762 De
1801 707 2013 763 divinis

361 800 554 850 autem
589 811 700 850 non
746 794 949 859 audeo,
1006 794 1139 850 licet
1188 797 1377 868 pium,
1409 796 1761 851 adulterium
1826 797 2013 850 nomi-

362 900 521 952 nare,
555 899 626 938 ne
656 899 828 954 quem
876 884 961 937 vel
988 901 1169 939 sonus
1204 886 1493 939 sermonis
1554 886 1835 952 otIendat,
1883 884 2017 940 licet

359 989 570 1028 sensus
606 971 994 1028 venerationis
1029 974 1085 1028 in
1142 979 1415 1046 promptu
1450 974 1563 1028 sit:
1621 975 1777 1045 quod
1828 978 2017 1045 potest

361 1064 555 1117 tamen
589 1060 821 1115 cautius
852 1061 989 1125 dici,
1022 1062 1127 1115 etsi
1163 1078 1276 1116 non
1314 1063 1670 1132 expressius,
1702 1078 1772 1117 ex
1816 1062 2017 1134 dispa-

361 1148 525 1204 ribus
554 1148 782 1221 copulis
812 1150 1263 1204 contubernium
1296 1151 1454 1220 pium
1489 1150 1711 1205 factum
1745 1155 1855 1214 est,
1881 1166 2014 1205 cum

360 1237 619 1294 Verbum
652 1254 786 1291 caro
818 1238 1033 1291 factum
1068 1244 1177 1292 est.
1211 1238 1333 1292 Non
1369 1242 1505 1291 sunt
1535 1237 1690 1292 enim
1748 1237 2013 1308 legitima

364 1327 657 1385 consortia
713 1326 1037 1380 divinitatis
1097 1332 1151 1379 et
1209 1326 1433 1380 carnis:
1490 1342 1591 1381 nec
1650 1330 1713 1380 ut
1760 1327 2014 1398 quodam

364 1413 575 1470 {cadere
615 1414 967 1470 conveniunt
999 1419 1237 1479 naturm,
1271 1431 1403 1468 caro
1460 1415 1670 1469 animae
1726 1418 1781 1469 et
1820 1415 2020 1468 anima

363 1502 544 1570 carni,
604 1501 685 1557 ita
741 1503 915 1557 etiam
962 1502 1238 1557 divinitas
1286 1507 1343 1556 et
1399 1519 1532 1556 caro
1577 1502 1726 1574 justi
1786 1517 2025 1573 servant

363 1590 797 1664 quodammodo
828 1590 977 1645 thori
1006 1590 1212 1663 legem.
1248 1590 1517 1663 Suscepit
1548 1608 1784 1646 carnem
1844 1590 2022 1661 Deus,

360 1680 687 1752 assumpsit
714 1679 998 1745 animam,
1031 1695 1133 1751 per
1167 1679 1507 1735 inusitatam
1540 1696 1645 1735 nec
1694 1679 2020 1752 legitimam

368 1767 831 1825 incarnationem
865 1767 1225 1824 consortium
1257 1769 1394 1825 fecit
1423 1784 1554 1825 esse
1585 1768 1934 1841 legitimum,
1958 1771 2023 1823 ut

375 1858 453 1915 sit
478 1862 627 1912 Deus
658 1857 856 1914 omnia
884 1856 941 1912 in
969 1857 1265 1913 omnibus.

2120 635 2219 673 eos
2248 635 2381 674 vero
2412 636 2559 689 quos
2590 624 2721 691 post
2758 624 3008 675 mortem
3074 619 3281 681 ascivit
3338 619 3400 681 in
3458 634 3799 683 numerum

2122 707 2399 777 ﬁliorum,
2431 723 2607 781 regno
2637 722 2765 764 esse
2796 712 3076 765 servatos.
3108 707 3270 769 [Inde
3315 707 3494 777 juxta
3525 706 3643 767 hoc
3675 722 3803 779 my-

2124 796 2370 852 sterium
2403 798 2671 852 convenit
2692 796 2848 868 quod
2881 796 3111 868 primus
3133 795 3196 851 in
3213 796 3435 853 Iudaeis
3452 794 3645 855 fuerit
3660 811 3802 867 par-

2122 890 2219 941 tus
2248 885 2522 940 inﬁrmus
2546 902 2560 951 ;
2586 889 2649 942 ut
2675 890 2873 958 postea
2903 884 2962 940 in
2980 883 3330 953 Christianis
3358 883 3532 943 ﬁeret
3554 882 3803 943 Icuctus

2124 976 2401 1033 cici-nus.

2776 1077 3008 1137 CAPUT
3034 1078 3136 1135 XI.

2124 1168 2397 1223 Parabola
2433 1168 2649 1222 Nalhan
2677 1169 3027 1239 μωροῦ-ὄιν,
3057 1174 3222 1239 atque
3382 1182 3619 1227 meum
3676 1182 3797 1223 m-

2198 1240 2397 1303 ralem,
2428 1238 2749 1311 moxqueod
2776 1238 3135 1310 allegoriam
3161 1238 3511 1307 traducitur.

2195 1344 2287 1399 5!.
2322 1344 2435 1399 Sed
2458 1344 2587 1415 jam
2616 1345 2687 1399 ad
2716 1345 2988 1400 nuntium
3048 1348 3448 1407 tumemus.
3478 1343 3635 1401 Nam
3691 1360 3798 1401 suo

2129 1431 2458 1507 perioribus
2485 1432 2695 1488 diebus
2728 1437 3012 1491 tractatus
3042 1432 3213 1490 nobis
3239 1432 3313 1489 de
3340 1430 3443 1493 illo
3498 1430 3797 1489 invidioso

2130 1519 2422 1577 adulterio
2450 1524 2509 1576 et
2536 1520 2855 1579 homicidio
2884 1520 3065 1585 David
3096 1520 3395 1593 propheta
3422 1518 3558 1585 fuit,
3590 1519 3801 1582 decur-

2131 1609 2331 1680 sisque
2361 1609 2657 1681 mysteriis
2686 1625 2801 1669 non
2836 1608 3027 1685 solum
3054 1608 3205 1669 nihil
3232 1609 3394 1681 quod
3424 1608 3796 1669 condemns.-

2130 1702 2311 1763 retur,
2342 1698 2445 1757 sed
2473 1697 2649 1754 etiam
2679 1697 2834 1770 quod
2852 1697 3214 1765 laudaretur,
3240 1695 3602 1759 invenimus.
3622 1695 3799 1755 Nunc

2130 1788 2413 1843 tractatus
2466 1784 2673 1858 incipit
2721 1800 2853 1847 esse
2911 1785 2985 1847 de
3040 1784 3250 1847 nuntio
3319 1799 3498 1856 quem
3552 1784 3797 1847 dum-si

2051 1902 2101 1971 Β
2133 1872 2344 1971 psalmi
2391 1872 2614 1971 titulus
3356 1872 3638 1971 estelidit.
3698 1873 3795 1929 Sic

433 1947 524 2003 51.
548 1944 805 2017 Denique
829 1949 889 1999 ut
922 1944 1075 2000 scias
1096 1961 1223 2000 esse
1249 1946 1618 2017 mysterium,
1644 1946 2004 2019 interpretari

2191 1962 2286 2019 ιὶω
2318 1966 2449 2021 est:
2484 1986 2509 2009 «ε
2547 1944 2819 2023 Psalmus
2846 1944 3025 2023 David
3066 1944 3180 2032 (ἐς)
3233 1959 3589 2028 intellectus.
3654 1976 3790 2023 cum

370 2032 670 2090 vocabula.
734 2033 910 2089 David
973 2032 1130 2090 enim
1188 2033 1404 2104 accipis
1482 2034 1540 2089 in
1589 2038 1725 2107 typo
1782 2032 2023 2113 Christi,

364 2122 683 2179 Bethsabee
711 2122 833 2178 filia
867 2122 1128 2190 Sabbati,
1174 2126 1237 2176 ut
1269 2121 1386 2179 illia
1418 2122 1608 2195 plena,
1667 2120 1753 2177 vel
1809 2126 2025 2194 puteus

362 2211 578 2267 dicitur
602 2209 950 2267 Juramenti.
985 2210 1134 2275 Quid
1189 2210 1372 2283 igitur
1426 2209 1785 2282 expressius,
1841 2224 2019 2281 quam

360 2300 515 2372 quod
566 2298 685 2354 lilia
738 2298 981 2353 Sabbati
1038 2316 1174 2355 caro
1234 2297 1451 2354 Christi
1475 2304 1608 2355 est:
1668 2299 1810 2371 quia
1863 2298 2023 2354 misit

358 2386 515 2444 Deus
539 2385 747 2442 Filium
780 2404 953 2442 suum
990 2386 1208 2443 factum
1259 2404 1326 2443 ex
1354 2386 1621 2451 muliere,
1659 2388 1875 2443 tactum
1908 2387 2018 2442 sub

356 2475 481 2549 lege
509 2475 538 2531 7
566 2475 779 2531 Eadem
814 2474 1007 2548 plena,
1041 2476 1178 2548 quia
1211 2476 1266 2531 in
1302 2476 1575 2550 passione
1598 2476 1729 2548 ejus
1758 2473 1902 2548 legis
1930 2479 2019 2530 est

353 2563 678 2638 plenitudo,
709 2563 796 2620 vel
859 2565 999 2638 quia
1031 2565 1203 2637 plena
1252 2565 1444 2639 gratia
1499 2564 1757 2638 Spiritus
1805 2563 2013 2622 sancti.

349 2653 525 2710 Jesus
556 2653 711 2708 enim
745 2653 954 2726 plenus
987 2654 1207 2727 Spiritu
1242 2658 1445 2711 sancto
1483 2669 1789 2728 regressus
1837 2656 1930 2708 est
1982 2670 2018 2710 a

348 2742 625 2800 Jordane.
649 2742 862 2798 Eadem
896 2743 1072 2798 etiam
1106 2747 1319 2815 puteus
1348 2742 1699 2811 Juramenti,
1734 2741 1843 2797 hoc
1901 2744 2012 2807 est,

354 2830 655 2901 religionis
685 2834 743 2885 et
776 2830 929 2886 lldei.
964 2831 1032 2885 Et
1080 2831 1226 2887 bene
1249 2830 1647 2904 puteus,quia
1669 2830 1915 2886 ﬂumina
1943 2830 2016 2885 de

356 2923 558 2975 ventre
588 2919 717 2989 ejus
749 2918 934 2973 ﬂuent
964 2935 1129 2991 aqua:
1159 2919 1317 2974 vivae.
1354 2919 1516 2973 lianc
1538 2934 1674 2993 ergo
1706 2934 2016 2974 assumens

366 3006 477 3063 sibi
510 3006 664 3063 Deus
692 3005 971 3074 Verbum,
1002 3005 1271 3080 copulam
1312 3007 1443 3064 fecit
1472 3024 1599 3065 esse
1645 3006 2010 3081 legitimam:

366 3096 519 3167 quod
582 3095 923 3168 mysterium
980 3094 1089 3151 illa:
1146 3096 1362 3169 nuptiis
1419 3096 1823 3169 designarunt,
1882 3112 2011 3169 qua:

364 3187 503 3241 sunt
533 3183 588 3239 in
618 3184 868 3242 Canticis
899 3184 1281 3252 canticorum,
1314 3186 1531 3257 quibus
1560 3186 1790 3242 Christo
1820 3184 2012 3241 Eccle-

363 3272 469 3340 sia,
514 3278 569 3329 et
601 3272 829 3347 spiritui
861 3290 995 3331 caro
1027 3275 1216 3331 nubit.
1251 3276 1319 3331 Et
1349 3276 1477 3331 ideo
1507 3274 2008 3331 circumcursabat
2037 3265 2081 3333 C

360 3363 738 3436 etquerebat
769 3362 987 3436 ubique
1019 3363 1116 3421 Dei
1173 3363 1453 3430 Verbum,
1497 3364 1636 3437 quia
1686 3362 2008 3427 vulnerata,

360 3452 501 3525 quia
548 3452 727 3522 nuda,
801 3453 938 3526 quia
992 3451 1260 3511 adultera
1318 3453 1375 3509 in
1405 3453 1702 3520 omnibus,
1734 3452 1841 3510 etsi
1899 3451 2010 3513 im-

360 3540 655 3599 maculata
683 3539 741 3599 in
772 3541 1019 3612 Christo,
1053 3543 1351 3617 quaerebat
1381 3560 1513 3600 caro
1545 3542 1760 3601 misera
1789 3541 2013 3599 redem-

361 3635 607 3702 ptorem.

431 3719 522 3774 52.
558 3718 717 3775 Hanc
747 3718 857 3776 sibi
888 3719 1155 3777 Christus
1204 3721 1422 3793 junxit,
1455 3726 1520 3777 ut
1567 3719 2008 3778 immaculatam

362 3806 664 3864 redderet:
718 3806 868 3865 hanc
914 3808 1171 3876 sociavit,
1208 3813 1274 3866 ut
1323 3809 1576 3866 auferret
1631 3807 2005 3866 adulterium.

360 3897 430 3957 Et
477 3895 617 3969 quia
646 3896 756 3955 sub
806 3895 931 3970 lege
962 3901 1103 3964 erat,
1138 3896 1503 3959 moriendum
1534 3898 1663 3969 fuit,
1698 3902 1764 3957 ut
1792 3897 2003 3954 libera-

360 3988 521 4042 retur
546 4002 580 4042 a
618 3984 765 4063 lege,
800 3990 863 4041 ut
895 4003 996 4058 per
1025 3984 1182 4042 illam
1217 3989 1463 4042 mortem
1497 3986 1654 4043 velut
1710 3991 2006 4061 quoddam

360 4073 508 4147 legis
538 4078 595 4131 et
634 4074 828 4131 carnis
885 4074 1327 4132 matrimonium
1387 4074 1727 4134 solveretur.
1779 4078 2007 4137 Mortua

358 4168 447 4237 est
489 4163 667 4235 igitur
699 4164 754 4219 in
786 4163 1013 4220 Christo
1045 4180 1198 4229 caro,
1256 4169 1321 4220 ut
1366 4180 1471 4219 nos
1501 4165 1835 4223 mortificati
1893 4167 2005 4245 legi

359 4268 460 4325 per
490 4269 701 4325 corpus
749 4250 986 4317 Christi,
1048 4253 1198 4309 sicut
1257 4251 1570 4324 Apostolus
1626 4254 1773 4311 dixit
1830 4256 2001 4327 (Rom.

356 4357 455 4411 vn,
487 4342 561 4413 ἦ),
596 4358 861 4399 essemus
891 4340 1129 4399 alterius
1162 4340 1260 4414 qui
1293 4356 1361 4398 ex
1394 4343 1642 4401 mortuis
1670 4347 2001 4415 resurrexit,

356 4433 415 4489 et
442 4430 744 4503 passiones
776 4430 1243 4502 cupiditatesque
1266 4429 1478 4503 carnis,
1510 4436 1568 4488 et
1626 4433 2005 4505 cogitationes

357 4523 726 4591 peccatorum
787 4536 913 4593 qua:
967 4536 1065 4593 per
1107 4520 1295 4593 legem
1354 4524 1517 4575 erant
1584 4520 1649 4593 in
1722 4523 2005 4581 membris

2130 2050 2388 2135 venisset
2417 2050 2491 2107 ad
2524 2066 2659 2108 enm
2692 2050 2920 2111 Nathan
2960 2049 3266 2123 propheta,
3320 2065 3457 2109 cum
3513 2048 3799 2115 inin-aet

2129 2139 2201 2208 ad
2232 2139 2550 2197 Bethsabeo
2576 2139 2747 2209 (aut.
2779 2155 2832 2207 1.,
2868 2138 3028 2209 1,2).
3142 2194 3145 2195 ,

2199 2228 2290 2284 55.
2326 2229 2529 2300 Itaque
2559 2232 2617 2287 ct
2645 2227 2766 2286 hac
2804 2243 2943 2300 pars
2995 2224 3258 2289 historic)
3304 2225 3618 2289 retexenda
3674 2231 3793 2294 est,

2129 2332 2256 2391 quas
2295 2314 2637 2387 hujusmodi
2694 2319 2805 2373 est.
2855 2314 3050 2383 Dives,
3080 2314 3280 2387 inquit
3305 2316 3380 2385 (11
3408 2315 3531 2384 Rea.
3577 2331 3684 2385 an,
3738 2316 3793 2381 ι,

2125 2404 2202 2475 2),
2232 2408 2289 2459 et
2318 2420 2539 2476 pauper
2566 2403 2721 2465 intra
2777 2419 2958 2465 unum
3016 2407 3183 2463 emat
3233 2401 3552 2468 civitatem.
3612 2402 3795 2461 Diviti

2127 2492 2314 2549 multa
2342 2495 2628 2561 armenta,
2660 2491 2861 2549 multa
2882 2507 3048 2561 oves;
3081 2491 3325 2564 pauperi
3354 2508 3474 2553 una
3498 2492 3628 2553 ovis
3658 2509 3792 2569 qua

2127 2582 2197 2639 de
2228 2597 2379 2655 pane
2407 2585 2467 2638 et
2491 2581 2625 2641 vino
2655 2580 2930 2653 pauperis
2968 2579 3257 2650 alebatur,
3306 2584 3366 2639 ot
3400 2579 3457 2643 in
3486 2580 3627 2641 sinu
3654 2582 3793 2654 ejus

2123 2666 2546 2740 requiescebat.
2581 2666 2755 2725 Venit
2770 2665 2990 2740 hospes
3009 2666 3367 2736 sddivitem;
3398 2666 3562 2731 dives
3592 2685 3791 2741 neque

2121 2756 2193 2814 de
2223 2761 2491 2817 armento
2520 2772 2651 2826 suo,
2683 2772 2872 2828 neque
2918 2756 2992 2821 de
3036 2755 3319 2829 gregibus
3375 2757 3503 2821 suis
3556 2756 3781 2835 uiguid

2121 2844 2388 2913 abstulit,
2424 2844 2522 2900 sed
2557 2860 2734 2902 unam
2764 2859 2927 2901 ovem
2958 2844 3238 2917 pauperis
3266 2845 3502 2911 ρωὶᾶίι.
3527 2845 3648 2907 Hoc
3678 2845 3779 2903 ubi

2120 2933 2390 3006 cognovit
2429 2931 2636 2990 David:
2677 2933 2975 3003 Morietur,
3031 2934 3245 3005 inquit,
3278 2932 3367 2991 vir
3417 2932 3624 3002 ille,ot
3686 2951 3778 2991 re-

2120 3022 2327 3081 stituet
2352 3020 2770 3094 quadruplum.
2806 3020 3130 3094 Respondit
3157 3019 3241 3076 illi
3274 3021 3505 3081 Nathan
3531 3040 3544 3078 :
3576 3023 3663 3079 Tu
3693 3039 3775 3085 es.

2120 3110 2338 3167 Deinde
2364 3110 2593 3183 aperuit
2619 3111 2670 3168 ei
2702 3109 2934 3171 cceleste
2962 3110 3337 3176 mandatum,
3368 3110 3573 3175 dicens
3613 3128 3773 3173 Insn-

2120 3200 2292 3256 dasse
2324 3199 2630 3256 Dominum
2662 3199 2819 3271 quod
2852 3197 3145 3256 multailli
3175 3199 3350 3269 bona,
3382 3198 3440 3255 id
3490 3203 3606 3267 est,
3634 3217 3772 3273 opes

2119 3288 2330 3362 regias,
2364 3288 2595 3344 sublato
2619 3288 2691 3344 de
2717 3290 3017 3361 pastorum
3078 3302 3347 3355 numero,
3402 3287 3767 3355 contulisset,

2120 3378 2396 3451 quodque
2417 3377 2477 3434 in
2507 3391 2644 3435 eum
2676 3392 2846 3434 suam
2867 3376 3334 3443 misericordiam
3366 3376 3723 3450 protudisset
3754 3395 3768 3441 ς

2119 3470 2177 3523 et
2205 3467 2334 3523 ideo
2392 3466 2670 3538 quoniam
2701 3470 2938 3539 peccato
2995 3470 3402 3539 βωρθπωδθι
3434 3465 3764 3534 Dominum,

2119 3555 2462 3613 abducenda
2489 3555 2620 3627 ejus
2650 3555 2868 3621 omnia,
2902 3554 3184 3627 rapienda
3222 3554 3299 3613 ab
3356 3553 3650 3623 hostibus,
3702 3554 3770 3615 de

2117 3645 2515 3719 populandam
2546 3645 2816 3703 domum.
2848 3644 3012 3707 Tunc
3026 3643 3112 3702 ait
3134 3641 3270 3703 ille:
3294 3665 3323 3703 μ
3357 3642 3593 3703 Peccavi
3614 3643 3765 3715 (Ibid.

2119 3735 2229 3806 13).
2260 3755 2288 3785 n
2337 3734 2407 3790 Et
2436 3732 2739 3806 respondit
2767 3732 3034 3797 Nathan:
3065 3731 3351 3799 Quoniam
3404 3747 3682 3805 peccasse
3717 3735 3767 3787 te

2118 3822 2436 3891 conﬁteris,
2470 3822 2734 3883 remittet
2784 3821 2891 3883 tibi
2924 3820 3210 3889 Dominus
3257 3824 3606 3894 peccatum;
3666 3820 3761 3883 sed

2117 3910 2277 3973 illius
2306 3915 2447 3969 tuus
2474 3910 2575 3983 qui
2607 3915 2783 3967 natus
2812 3913 2902 3975 est
2941 3925 3011 3969 ex
3068 3908 3413 3976 Bethssboe,
3473 3908 3764 3973 morietur.

2117 4000 2232 4065 [loc
2262 3999 2380 4059 ﬁlio
2409 4002 2741 4072 aegrotante,
2773 3996 2953 4071 David
2985 3996 3164 4064 ﬂavit,
3198 3998 3364 4063 humi
3418 3998 3635 4070 jaeuit,
3687 3998 3762 4053 oi-

2114 4088 2249 4145 licio
2272 4104 2337 4153 se
2362 4087 2615 4160 operuit,
2640 4085 2969 4158 jejunavit:
3002 4085 3100 4144 ubi
3132 4090 3435 4159 mortuum
3462 4087 3761 4160 loognovit,

2115 4176 2385 4244 surrexit,
2418 4175 2578 4242 lavit,
2611 4175 2878 4242 coenavit,
2909 4173 3059 4255 alios
3088 4176 3428 4235 consolatus
3467 4178 3558 4239 est
3612 4175 3760 4247 (Ibid.

2180 4355 2270 4410 56.
2307 4354 2450 4421 Vide
2501 4368 2677 4425 quam
2738 4352 2943 4413 multa.
3005 4351 3196 4415 Primo
3254 4351 3551 4421 omnium,
3621 4352 3758 4425 quod

2116 4441 2265 4499 Deus
2295 4440 2428 4513 pius
2456 4446 2512 4499 et
2543 4438 2879 4505 misericors
2907 4443 3018 4508 est,
3049 4444 3108 4501 et
3137 4455 3269 4512 qua:
3294 4439 3469 4505 nobis
3524 4440 3761 4509 adversa

2113 4529 2480 4603 contingunt,
2524 4544 2627 4602 pro
2668 4528 2854 4600 pretio
2913 4527 3097 4597 nostri
3154 4529 3372 4593 erroris
3429 4528 3758 4602 excipimus.

356 4608 592 4707 nostris,
626 4607 684 4663 in
716 4605 814 4663 illa
847 4612 1031 4707 morte
1081 4611 1448 4707 morerentur
1469 4625 1487 4662 :
1507 4625 1625 4707 .nos
1681 4613 1875 4707 autem
1910 4629 2081 4707 so-.D
2112 4618 2436 4687 Didicimus
2462 4617 2642 4689 igitur
2662 4615 3052 4688 captivitatem
3082 4616 3343 4688 pretium
3373 4631 3505 4681 esse
3528 4616 3759 4691 peccati;

355 4693 463 4751 luti
501 4711 533 4752 a
566 4693 688 4769 lege
721 4695 945 4763 mortis,
982 4698 1147 4769 quasi
1184 4713 1329 4753 nova
1388 4696 1596 4755 Christi
1654 4698 1884 4771 copula,
1945 4701 2004 4757 in
2035 4693 2075 4707 ’”
2114 4707 2238 4764 haec
2267 4706 2425 4775 enim
2456 4705 2790 4767 decernitur
2827 4721 3001 4778 pm
3055 4722 3161 4778 pro
3218 4705 3492 4777 culmine.
3553 4705 3761 4773 Deinde

355 4783 608 4840 novitate
639 4783 885 4858 spiritus
915 4801 1372 4858 rcsurgcremus.

418 4873 509 4939 53.
545 4874 613 4931 Et
643 4877 839 4931 tamen
892 4872 991 4947 qui
1018 4873 1204 4946 legem
1237 4872 1296 4929 in
1350 4873 1564 4931 Christi
1599 4892 1770 4933 carne
1819 4876 2001 4934 solve-

352 4966 507 5031 runt,
540 4980 785 5035 eamque
834 4968 1185 5036 putaverunt
1237 4978 1366 5019 esse
1395 4963 1747 5033 violandam,
1797 4982 2002 5025 omnes

340 5051 514 5121 jussu
550 5051 724 5107 David
760 5070 793 5108 a
824 5051 1204 5107 bellatoribus
1264 5051 1597 5123 interempti
1657 5057 1814 5109 sunt.
1877 5057 1999 5121 Quo

349 5137 564 5197 indicio
594 5139 924 5195 ostenditur
956 5140 1036 5207 id,
1097 5138 1248 5212 quod
1301 5138 1622 5214 posteriora
1676 5140 1999 5215 docuerunt

348 5244 476 5284 esse
507 5228 828 5300 signatum,
857 5228 1013 5301 quod
1041 5244 1239 5287 eorum
1273 5227 1374 5302 qui
1406 5226 1701 5285 Christum
1762 5228 1997 5287 interfe-

348 5320 571 5383 cerunt,
609 5318 747 5374 I21
790 5316 988 5376 nullus
1019 5317 1300 5375 evaserit:
1334 5316 1508 5388 idque
1563 5314 1996 5383 evidentissima

349 5402 651 5472 reveletur,
707 5422 805 5464 eos
863 5424 1012 5481 quos
1064 5411 1197 5463 ante
1255 5408 1505 5462 mortem
1592 5412 1996 5479 assumpserat

346 5702 383 5745 ς
417 5627 532 5699 ('29)
566 5627 727 5685 Rom.
775 5636 912 5717 odit.
948 5635 1116 5720 sola,-
1150 5640 1403 5723 Paulinus
1456 5643 1627 5726 David
1686 5646 1740 5725 in
1799 5645 1987 5770 finem.

347 5700 455 5757 sed
492 5712 763 5769 magnam
819 5706 1000 5763 fuisse
1046 5708 1183 5766 011m
1244 5729 1302 5768 in
1343 5712 1639 5770 Psalterus
1683 5719 1792 5770 titu
1820 5732 1987 5770 orum

347 5700 455 5757 Sed
492 5712 763 5769 magnam
819 5706 1000 5763 fuisse
1046 5700 1183 5766 olim
1244 5712 1302 5768 in
1343 5712 1639 5772 Psalteriis
1683 5700 1987 5773 titulorum

2114 4795 2255 4855 illud
2281 4795 2642 4857 advertimus
2660 4794 2827 4866 quod
2860 4808 3108 4867 regnum
3143 4794 3373 4867 lapsus,
3395 4811 3566 4868 pinna
3584 4811 3756 4869 popu-

2112 4884 2302 4949 lorum
2334 4884 2430 4941 sit.
2460 4883 2624 4940 Sicut
2652 4882 2809 4941 enim
2840 4899 3043 4948 conum
3072 4882 3289 4946 virtuts
3318 4899 3648 4961 sternamur,
3683 4885 3754 4939 ita

2110 4974 2285 5030 etiam
2347 4990 2540 5039 errore
2596 4971 3013 5045 periclitamur.
3072 4972 3235 5033 Unde
3276 4973 3602 5046 optandum
3672 4976 3753 5033 est

2109 5061 2301 5132 nobis,
2334 5067 2396 5116 ut
2427 5078 2621 5139 regem
2667 5060 2999 5134 gloriosum
3047 5064 3223 5135 atque
3281 5061 3603 5136 perfectum
3657 5060 3748 5121 ba-

2108 5151 2241 5213 bere
2273 5150 2593 5223 possimus.
2629 5149 2749 5206 Nos
2783 5166 2919 5225 ergo
2951 5148 3049 5227 qui
3093 5166 3287 5225 regem
3346 5148 3627 5224 volumus
3654 5150 3751 5213 ba:

2106 5238 2242 5299 here
2266 5241 2610 5311 perfectum,
2644 5237 2961 5298 Dominum
2992 5237 3273 5299 nolumus
3308 5235 3527 5307 habere
3572 5240 3742 5312 perfe-

2103 5328 2312 5383 ctum?
2341 5332 2429 5381 An
2460 5344 2593 5387 vero
2633 5325 2719 5382 illi
2775 5331 3027 5399 possunt
3076 5324 3222 5383 velle
3274 5326 3576 5395 hominem
3630 5342 3743 5383 esse
3856 5354 3857 5361 η

2102 5414 2446 5488 perfectum,
2483 5414 2583 5493 qui
2606 5414 2789 5479 Deum
2820 5413 3029 5488 nolunt
3075 5429 3203 5485 esse
3262 5414 3634 5490 perfectum?
3686 5411 3739 5479 ll-

2099 5645 2498 5797 givsergiltittem
2547 5646 2673 5719 jam
2730 5661 2910 5721 supra
2949 5646 3343 5721 observatum,
3404 5644 3478 5715 ad
3535 5642 3727 5715 colossi

2140 5736 2174 5781 ﬂ
2220 5760 2231 5773 .
2374 5759 2391 5778 ο

2140 5736 2391 5781 ﬂﬂ.111o
