3894 6208
1311 406 1700 472 APOLOGIA
1741 405 1978 470 υΑνιι)
2022 407 2356 471 ALTMA.

3410 403 3530 468 95d

109 537 225 604 iud
260 539 443 604 etiam
477 539 723 606 breviter
752 541 1251 615 textusoperatur
1275 537 1557 609 historiae,
1589 545 1655 596 ut
1683 541 1780 597 ad-
1807 542 1864 608 Α
1893 540 2238 602 dormiebat.
2271 537 2495 598 Nostris
2550 537 2708 598 enim
2757 535 3042 597 utebatur
3092 535 3412 605 alimentis,
3467 534 3528 595 in

109 634 632 703 uernulas-quam
664 629 778 692 cito
819 629 996 706 venias
1043 646 1187 702 spes
1231 633 1444 690 secuta
1499 629 1594 685 sit.
1653 629 1778 686 Non

117 719 431 774 mediocre
461 723 680 785 autem,
711 719 864 790 quod
897 719 1124 780 Nathan
1154 719 1520 776 denuntiavit
1565 717 1640 784 ei,
1671 717 1781 775 hoc

116 811 238 876 est,
275 806 521 870 inferior
548 807 852 878 propheta.
885 807 1086 866 Gravis
1120 808 1270 865 728
1299 806 1456 863 enim
1502 823 1778 863 verecun-

118 897 226 954 dia
259 896 570 969 pudorque
599 895 816 964 delicti,
850 896 923 954 ab
947 895 1223 954 inferiore
1281 895 1648 970 reprehendi.
1682 896 1782 950 Vi-

122 984 289 1042 detis
319 985 477 1056 quod
508 983 684 1056 culpa
705 984 960 1056 gratiam
991 985 1238 1044 minuat.
1271 985 1501 1042 Sciebat
1525 983 1779 1052 Nathan,

122 1075 292 1146 quod
370 1072 548 1130 David
607 1073 944 1130 nesciebat:
1003 1073 1147 1129 adeo
1203 1071 1492 1145 caligabat
1547 1072 1782 1128 animus

121 1161 528 1225 obumbratus
557 1161 812 1236 quadam
872 1161 1026 1220 nube
1054 1160 1352 1218 vitiorum.
1413 1160 1631 1217 Deinde
1687 1160 1782 1215 hic

122 1255 221 1306 est
253 1249 513 1317 Nathan,
545 1249 644 1320 qui
675 1248 734 1306 in
779 1249 1184 1320 superioribus
1238 1249 1420 1306 David
1476 1252 1780 1320 acceptum

123 1339 386 1403 Domino
414 1337 780 1410 prophetavit
813 1356 824 1393 :
859 1342 924 1394 ut
954 1337 1179 1396 doleret
1207 1338 1408 1395 eodem
1430 1338 1780 1410 redarguen-

121 1433 185 1484 ts
230 1430 560 1499 peccatum,
619 1442 734 1498 quo
791 1425 1198 1498 prophetante,
1261 1427 1535 1488 meritum
1595 1425 1784 1482 fuerat

121 1515 517 1588 praedicatum
529 1557 541 1569 .

161 1662 168 1668 _
197 1605 295 1660 57.
330 1603 440 1667 Sed
461 1604 587 1674 jam
615 1602 959 1676 mysterium
993 1603 1382 1675 requiramus,
1439 1626 1466 1652 «
1521 1607 1660 1669 Duo,
1695 1602 1781 1657 in-

123 1691 286 1764 quit,
314 1689 423 1748 viri
447 1691 701 1754 erantin
733 1708 853 1754 una
901 1691 1151 1758 civitate,
1183 1686 1339 1748 unus
1367 1691 1550 1758 dives,
1582 1695 1641 1747 et
1697 1689 1782 1745 al-

125 1785 220 1845 ter
252 1795 478 1852 pauper
505 1779 580 1848 (ll
607 1781 734 1851 Reg.
767 1797 865 1840 xu.
899 1781 973 1846 4).
1008 1779 1156 1846 Quid
1185 1785 1295 1847 est,
1326 1779 1424 1837 hic
1453 1779 1633 1845 dives,
1685 1783 1786 1835 aut

125 1884 384 1942 pauper,
414 1867 528 1933 nisi
559 1867 706 1926 forte
736 1885 891 1928 unus
923 1867 1178 1941 populus
1205 1868 1566 1936 Judaorum,
1597 1872 1655 1923 et
1700 1867 1782 1922 a1-

125 1955 906 2029 terpopulustlhristianus
935 1956 962 2012 ‘I
991 1955 1091 2012 Ille
1119 1957 1280 2014 dives
1307 1955 1366 2012 in
1422 1956 1568 2028 lege,
1628 1955 1789 2011 dives

127 2044 349 2116 elogiis
395 2043 497 2110 Dei
549 2045 667 2108 sibi
702 2044 959 2114 creditis,
1002 2044 1168 2104 dives
1224 2044 1568 2116 prophetiis,
1629 2044 1790 2099 dives

126 2132 395 2194 oraculis
425 2151 438 2190 :
471 2132 566 2194 hic
594 2150 728 2192 vero
755 2150 994 2206 pauper.
1028 2134 1139 2190 Sed
1187 2131 1370 2190 nolite
1427 2132 1578 2189 hanc
1637 2132 1788 2188 refu-

128 2237 276 2296 gere
304 2225 727 2294 paupertatem,
778 2238 957 2293 quam
997 2221 1270 2293 sequ-itur
1321 2237 1564 2294 regnum
1623 2219 1790 2277 cmlo-

129 2326 293 2386 tum.
329 2308 617 2382 Scriptum
649 2312 739 2368 est
771 2309 928 2374 enim
964 2325 976 2364 :
1003 2332 1030 2362 «
1063 2309 1222 2367 Beati
1241 2324 1527 2381 pauperes
1557 2309 1788 2381 spiritu,

131 2397 422 2470 quoniam
451 2398 830 2470 ipsorumest
859 2413 1105 2470 regnum
1138 2397 1412 2460 caelorum
1464 2398 1670 2469 (Matth.
1730 2415 1784 2465 v,

129 2488 214 2556 3).
247 2508 278 2538 ››
317 2485 476 2552 Bona
535 2491 868 2559 paupertas,
927 2503 1055 2558 quis
1103 2487 1269 2558 quod
1326 2485 1618 2554 habuerit,
1675 2503 1788 2543 non

136 2574 384 2631 amittit.
419 2579 578 2630 Bona
606 2579 941 2646 paupertas,
974 2592 1101 2647 quas
1133 2575 1182 2630 si
1213 2575 1522 2631 thesauros
1553 2591 1669 2632 non
1691 2575 1794 2631 ha-

136 2665 240 2726 bet
260 2663 734 2737 pecuniae,habet
758 2668 952 2728 tammi
979 2664 1288 2726 thesauros
1320 2664 1577 2732 scientias
1607 2668 1783 2737 atque

143 2751 465 2826 sapientia.
499 2751 706 2820 Nolite,
738 2752 865 2819 ﬁlii,
895 2752 1065 2824 quasi
1095 2752 1266 2816 vilem
1298 2753 1597 2825 despicere
1654 2770 1794 2826 pau-

143 2845 456 2916 pertatem.
500 2863 528 2908 (ς
581 2841 692 2904 Iste
748 2857 972 2913 pauper
1025 2840 1318 2908 clamavit,
1375 2846 1432 2914 et
1508 2842 1793 2898 Dominus

146 2930 445 2992 exaudivit
473 2946 607 2998 eum
640 2931 810 3002 (Psal.
843 2947 1042 2998 xxxiii,
1072 2932 1150 3001 7).
1187 2953 1208 2982 ιι
1244 2929 1432 2990 Nolite
1463 2929 1631 3002 quasi
1675 2947 1794 2986 ma-

148 3019 288 3092 gnis
317 3019 574 3086 invidere
603 3017 821 3080 divitiis
854 3035 867 3074 :
901 3041 928 3070 ιι
963 3019 1181 3076 Divites
1207 3023 1494 3091 eguerunt
1548 3023 1605 3074 et
1660 3035 1794 3074 esu-

147 3107 378 3176 rierunt
399 3108 562 3179 (Ibid.
595 3108 706 3179 11).
742 3130 766 3162 ι
803 3107 914 3169 Sed
945 3107 996 3172 si
1027 3105 1202 3168 vultis
1233 3107 1446 3166 habere
1475 3107 1648 3174 bona,
1683 3109 1793 3164 Do-

149 3196 702 3272 minumquaarite:
750 3219 778 3244 α
837 3196 1204 3269 inquirentes
1263 3197 1420 3255 enim
1452 3197 1791 3268 Dominum,

1892 631 2076 688 nostri
2107 631 2359 702 pectoris
2389 629 2610 704 gremio
2644 629 2998 702 quiescebat.
3032 629 3178 685 Nam
3209 629 3268 683 in
3305 627 3533 694 Judaao-

1891 736 2021 775 rum
2053 719 2186 775 sinu
2219 719 2519 790 quiescere
2553 735 2614 775 se
2645 736 2762 776 non
2819 734 2989 792 posse
3039 716 3388 773 memoravit
3441 716 3528 770 di-

1890 824 2028 864 cens
2062 825 2075 864 :
2113 830 2140 858 ‹‹
2172 807 2354 864 Filius
2384 808 2642 865 hominis
2673 825 2784 863 non
2817 807 2994 863 habet
3022 806 3122 861 urbi
3153 809 3328 878 caput
3354 821 3530 860 suum

1891 896 2130 952 reclinet
2157 897 2306 968 (Luc.
2339 914 2416 963 rx,
2449 897 2562 969 58).
2600 919 2628 945 υ

1958 986 2050 1051 59,
2082 985 2152 1040 Et
2179 983 2337 1040 venit
2363 984 2599 1056 hospes,
2627 984 2837 1056 inquit,
2869 984 2942 1039 ad
2995 983 3186 1039 virum
3217 981 3384 1038 illum
3443 981 3532 1037 di-

1889 1073 2088 1128 vitem.
2121 1073 2262 1138 Quis
2292 1076 2382 1129 est
2411 1073 2522 1128 iste
2555 1072 2789 1144 hospes,
2824 1071 2938 1130 nisi
2968 1070 3300 1136 miserabile
3329 1086 3544 1146 pecca-

1891 1166 2015 1216 tum
2055 1160 2083 1214 ?
2113 1161 2340 1216 Etenim
2367 1161 2540 1233 culpa
2581 1161 2639 1214 in
2691 1160 2848 1215 hunc
2905 1159 3194 1214 mundum
3249 1163 3532 1229 tanquam

1891 1248 2104 1320 hospes
2135 1248 2390 1316 intravit,
2423 1248 2614 1304 aliena
2645 1254 2856 1304 nostrae
2892 1253 2949 1303 et
2998 1247 3306 1320 peregrina
3359 1250 3531 1302 natu-

1890 1354 1988 1393 rae.
2024 1338 2222 1409 Itaque
2250 1354 2364 1392 non
2396 1338 2468 1392 de
2491 1338 2614 1393 suis
2637 1337 2916 1409 gregibus
2963 1335 3218 1391 hostiam
3275 1334 3486 1390 obtulit
3519 1352 3533 1402 ;

1893 1426 1995 1482 sed
2028 1426 2250 1497 accepit
2279 1425 2566 1482 oviculam
2611 1425 2907 1497 pauperis,
2964 1430 3022 1480 et
3079 1424 3290 1479 occidit.
3347 1423 3532 1478 illam.

1890 1515 2070 1586 Cujus
2118 1514 2352 1586 quidem
2387 1514 2582 1586 passio
2640 1513 2776 1569 licet
2831 1512 3183 1585 quibusdam
3215 1513 3284 1568 ad
3317 1511 3536 1570 sacriﬁ-

1893 1603 2050 1659 cium
2069 1603 2328 1658 salutare
2357 1603 2470 1674 (30)
2501 1601 2810 1675 profecerit
2842 1619 2855 1668 ;
2888 1606 3083 1658 tamen
3128 1600 3360 1656 videtur
3415 1598 3536 1655 illis

1894 1692 1985 1748 sui
2014 1691 2198 1747 fuisse
2227 1691 2446 1746 luroris
2477 1689 2844 1758 alimentum,
2877 1694 2935 1747 et
2963 1691 3134 1746 cibus
3171 1689 3380 1762 culpa,
3442 1689 3536 1743 in—

1893 1780 2306 1851 centivumque
2337 1779 2577 1851 peccati.
2615 1779 2874 1850 Denique
2902 1777 3086 1834 Judas
3136 1795 3346 1850 panem
3376 1793 3538 1833 acce-

1895 1866 1983 1938 pit
2011 1883 2045 1922 a
2074 1865 2323 1934 Christo,
2357 1871 2414 1920 et
2441 1871 2580 1921 tunc
2611 1865 2800 1939 magis
2829 1865 3088 1938 repletus
3119 1869 3208 1921 est
3253 1864 3488 1920 diabolo
3524 1881 3538 1932 ;

1897 1955 2035 2027 quia
2063 1971 2180 2010 non
2212 1954 2435 2026 accepit
2461 1971 2532 2009 ex
2561 1955 2690 2024 ﬁde,
2719 1955 2819 2026 qui
2865 1959 2988 2010 tam
3019 1953 3296 2026 hospitali
3352 1952 3544 2010 Domi-

1898 2059 1972 2100 no
2007 2044 2157 2101 130
2189 2043 2579 2116 proditionem
2609 2044 2871 2116 parabat.

1969 2133 2062 2188 60.
2095 2133 2164 2188 Et
2192 2131 2380 2189 iratus
2410 2135 2499 2190 est
2526 2132 2705 2188 David
2738 2132 2810 2187 ad
2838 2130 3005 2187 illum
3035 2130 3246 2186 virum.
3277 2130 3541 2188 Diximus

1900 2221 2057 2294 quod
2089 2238 2191 2292 per
2218 2221 2564 2293 Prophetam
2595 2221 2931 2277 Judieorum
2980 2219 3235 2292 populus
3291 2219 3546 2275 declara-

1900 2313 2019 2376 tur,
2051 2313 2108 2364 et
2132 2307 2260 2365 ideo
2291 2309 2402 2364 sub
2425 2309 2534 2365 hac
2566 2309 2757 2381 figura
2781 2326 2846 2364 se
2875 2308 3001 2380 ipse
3041 2309 3413 2372 condemnat.
3447 2307 3544 2363 Di-

1900 2414 2053 2469 gnus
2083 2401 2170 2453 est
2201 2403 2390 2453 morte
2417 2397 2505 2452 vir
2538 2397 2636 2453 ille
2667 2397 2765 2470 qui
2795 2397 2926 2453 fecit
2981 2397 3112 2462 hoc,
3143 2401 3201 2452 et
3257 2396 3546 2453 oviculam

1901 2485 2170 2542 restituet
2199 2486 2258 2540 in
2290 2485 2713 2557 quadruplum,
2742 2485 2850 2541 hoc
2880 2490 2990 2553 est,
3009 2485 3339 2558 periturum
3373 2501 3551 2557 popu-

1899 2574 2026 2632 lum
2089 2574 2454 2644 Judworum,
2487 2574 2589 2629 sed
2645 2573 3132 2630 cumulatioribus
3189 2574 3360 2634 bonis
3404 2573 3544 2628 frui-

1901 2667 2101 2720 turum
2133 2662 2413 2736 populum
2460 2661 2910 2729 Ghristianum;
2969 2663 3110 2734 quia
3165 2661 3552 2734 prmstabilior

1901 2757 1992 2809 est.
2021 2751 2404 2825 praesentibus
2436 2756 2624 2808 status
2653 2751 2752 2823 qui
2783 2767 2852 2806 ex
2897 2751 3320 2814 resurrectione
3372 2751 3548 2808 debe-

1902 2845 2018 2897 tur.
2309 2894 2318 2898 -

1971 2931 2067 2986 61.
2107 2929 2476 3002 Propositum
2510 2929 2655 2986 mihi
2686 2929 2816 2996 fuit,
2849 2933 2914 2986 ut
2943 2929 3285 2986 meminisse
3342 2931 3548 3003 digna-

1905 3018 2071 3087 mini,
2105 3019 2383 3076 adversus
2413 3034 2512 3076 eos
2541 3019 2640 3091 qui
2665 3018 3046 3075 homicidium
3074 3018 3551 3090 adulteriumque

1905 3109 2088 3165 sanati
2120 3107 2294 3165 David
2325 3109 2689 3180 arguentium
2721 3112 2948 3180 putant,
2981 3108 3372 3181 qualicunque
3423 3125 3550 3164 meo

1907 3197 2259 3269 respondere
2289 3212 2557 3252 sermone
2599 3213 2612 3250 :
2644 3200 2702 3252 et
2721 3196 2802 3252 ita
2833 3197 3025 3254 favore
3078 3201 3282 3252 vestra
3339 3196 3550 3252 unani-

147 3303 265 3354 non
298 3285 571 3344 deﬁcient
598 3284 761 3346 omni
790 3285 945 3346 bono
977 3285 1179 3357 (Ibid).
1205 3308 1234 3334 ››
1263 3286 1414 3359 Ergo
1440 3285 1618 3342 nolite
1637 3302 1797 3342 recu-
1825 3273 1869 3342 ί]
1908 3285 2132 3342 mitatis
2162 3289 2446 3341 tractatus
2469 3285 2661 3340 nostri
2693 3301 2902 3341 cursus
2938 3285 3124 3341 evasit
3157 3301 3169 3338 :
3229 3288 3295 3340 ut
3343 3285 3549 3356 praedi-

148 3391 282 3442 sare
312 3389 542 3442 omnem
593 3390 932 3450 pauperem.
992 3374 1220 3447 Pauper
1273 3379 1398 3432 erat
1454 3375 1678 3443 Petrus,
1735 3379 1795 3431 et

147 3479 326 3536 quem
357 3463 618 3532 donaret,
651 3462 1030 3532 nummulam
1057 3480 1175 3520 non
1205 3463 1460 3534 habebat
1491 3482 1504 3519 :
1538 3465 1642 3520 sed
1664 3479 1794 3536 pre-

147 3553 450 3620 tiosiorem
481 3551 642 3616 omni
672 3553 924 3624 pecunia
949 3553 1208 3616 donabat
1231 3552 1510 3611 salutem.
1570 3555 1797 3628 Pauper

147 3641 249 3700 ille
279 3645 402 3710 erat
431 3643 680 3712 Lazarus
711 3642 772 3704 in
804 3642 1116 3716 Evangelia
1156 3643 1313 3714 (Lua.
1372 3659 1486 3714 xvi,
1517 3643 1631 3715 20),
1692 3645 1794 3703 sed

147 3731 250 3790 ille
277 3731 374 3803 qui
407 3734 542 3798 ante
571 3729 630 3797 iu
659 3734 816 3794 ostro
846 3730 1008 3794 dives
1031 3731 1270 3802 jaeebat
1299 3735 1357 3788 et
1386 3748 1666 3804 purpura,
1701 3749 1796 3804 op-

147 3820 312 3889 tabat
339 3824 478 3892 post
504 3819 723 3882 exitum
754 3820 908 3886 vitae,
967 3818 1229 3880 stillante
1284 3819 1467 3893 digito
1522 3821 1796 3892 pauperis

146 3908 477 3981 refrigerari
507 3908 662 3978 (Ibid.
696 3909 782 3972 19,
814 3909 926 3979 2t).
960 3907 1236 3972 Quamvis
1262 3907 1360 3965 ille
1390 3912 1550 3980 ostro
1588 3926 1794 3981 super-

147 3999 264 4066 bus
289 3997 448 4072 regio
476 4001 536 4054 et
559 3996 900 4070 purpuratis
927 3997 1188 4056 vestibus
1219 3996 1463 4056 vulnera
1518 3998 1795 4070 pauperis

147 4087 310 4150 dives
335 4086 673 4148 fastidiosus
701 4085 1015 4152 horruerit,
1043 4085 1332 4146 tamenin
1365 4085 1612 4146 infernis
1641 4085 1793 4144 loca-

144 4181 248 4244 tus
276 4175 516 4247 optabat
544 4191 610 4236 eo
642 4174 751 4236 loci
792 4174 979 4234 fuisse
1003 4190 1120 4246 quo
1154 4175 1428 4233 Lazarus.
1488 4176 1614 4240 Quo
1671 4175 1795 4232 loco

142 4264 315 4332 lectio
345 4280 460 4321 non
488 4264 720 4328 videtur
748 4262 1129 4336 pecuniarum
1159 4263 1398 4325 divitem
1448 4280 1794 4336 pauperem-

150 4369 266 4426 que
293 4351 616 4421 describere
647 4369 661 4420 ;
695 4352 795 4414 sed
825 4367 963 4407 eum
993 4367 1308 4423 pauperem
1340 4351 1442 4423 qui
1473 4368 1578 4424 pro
1610 4353 1727 4411 lida
1741 4358 1798 4411 et

151 4441 455 4510 devotione
481 4440 724 4502 vulnera
753 4439 1016 4514 corporis
1049 4457 1164 4500 non
1225 4440 1536 4508 horruerit,
1571 4442 1788 4498 famem

140 4530 555 4602 jejuniumque
584 4529 867 4597 toleravit.

1904 3375 2128 3434 candus
2158 3391 2255 3431 ore
2285 3375 2550 3430 omnium
2588 3374 2901 3444 videretur,
2958 3390 3134 3446 quem
3193 3373 3551 3446 putabamus

1904 3481 2022 3520 non
2052 3481 2224 3537 posse
2249 3463 2500 3519 defendi.
2532 3464 2640 3520 Sed
2690 3462 2967 3536 quoniam
3026 3467 3225 3519 nostro
3280 3462 3369 3518 vir
3423 3480 3554 3519 san-

1905 3557 2034 3611 ctus
2065 3552 2427 3624 auxiliolnon
2458 3552 2698 3626 indiget,
2741 3554 2868 3625 jam
2925 3553 3052 3626 ipse
3106 3553 3270 3609 vobis
3328 3568 3431 3624 pro
3489 3569 3553 3608 se

1903 3641 2199 3715 loquatur,
2265 3647 2324 3700 et
2389 3642 2606 3699 factum
2675 3658 2850 3700 suum
2917 3642 3106 3716 ipsius
3159 3642 3314 3699 diota
3352 3641 3546 3698 defen-

1905 3732 2067 3789 dant.

2511 3838 2764 3895 -GAPUT
2823 3839 2943 3895 XII.

1905 3927 2082 3984 David
2107 3932 2388 4000 peccatum
2417 3943 2577 3984 suum
2607 3929 2711 3984 Deo
2740 3929 3045 3999 conﬁtetur,
3077 3929 3370 3998 composito
3398 3928 3552 3995 psal-

1974 4015 2063 4072 mo
2094 3997 2144 4065 tl,
2174 4000 2330 4070 cujus
2351 3997 2440 4054 hic
2469 4016 2653 4055 versus
2682 3997 2913 4072 aliquot
2935 3997 3302 4071 explicantur,
3365 4000 3558 4072 impri-

1977 4070 2082 4134 mis
2111 4069 2336 4140 quaesit
2366 4087 2569 4142 magna
2598 4069 3216 4142 ηιίεθνίεονιιίαίᾳιιετυθ
3261 4069 3555 4130 multitudo

1975 4142 2414 4214 miserationum,
2461 4141 2781 4214 inquiritur
2917 4141 3039 4196 tum
3079 4141 3320 4206 docetur,
3379 4142 3558 4214 solum

1976 4211 2145 4266 Deum
2185 4213 2504 4284 iniquitates
2536 4211 2748 4267 uestras
2795 4211 2992 4284 delere,
3051 4228 3170 4283 qua!
3227 4228 3349 4284 cum
3390 4211 3560 4284 latere

1976 4299 2088 4338 non.
2115 4282 2346 4352 possint,
2376 4284 2622 4353 exemplo
2655 4282 2828 4339 David
2871 4285 3000 4337 sunt
3055 4282 3397 4353 conﬁtenda}.
3456 4283 3557 4338 De-

1976 4356 2407 4486 mummlriangs
2438 4357 2497 4410 iu
2527 4354 2956 4412 Manichaeorum
2976 4356 3307 4426 impietatem
3341 4354 3555 4410 recede-

1978 4443 2038 4484 re
2066 4443 2099 4486 ρ
2161 4443 2292 4486 num
2367 4434 2406 4482 ι.

1978 4443 2038 4484 re
2062 4434 2292 4498 planum
2330 4434 2406 4490 tu.

1977 4534 2068 4587 62.
2107 4553 2133 4582 «
2166 4531 2458 4598 Miserere,
2492 4531 2704 4603 inquit,
2738 4531 2873 4599 mei,
2933 4531 3196 4598 Domine,
3233 4533 3557 4588 secundum

339 4619 481 4710 Cum
511 4618 692 4710 igitur
727 4618 970 4710 haberet
1026 4617 1301 4710 populus
1333 4617 1672 4688 Judaaorum
1732 4621 1793 4678 in
1827 4645 1877 4710 ι)
1911 4638 2186 4710 magnam
2222 4620 2687 4710 misericordiam
2713 4625 2874 4676 tuam
2907 4621 3077 4693 (Psal.
3114 4639 3162 4688 L,
3195 4621 3273 4693 3).
3302 4643 3329 4671 »
3378 4621 3554 4689 Nova,

145 4707 272 4777 suis
301 4706 893 4780 gregibusplurimas
921 4705 1119 4778 copias
1149 4705 1477 4767 hostiarum
1515 4727 1528 4765 :
1574 4713 1793 4768 tamam
1828 4705 1866 4710 ⁷
1911 4710 2025 4768 nisi
2058 4709 2247 4778 fallor,
2281 4709 2489 4766 fratres
2517 4709 2876 4776 charissimi,
2908 4711 3244 4780 conjunctio
3274 4710 3388 4768 ista
3435 4727 3558 4766 ser-

146 4812 330 4865 unam
357 4796 647 4862 ovioulsm
675 4813 851 4869 quam
887 4795 1137 4869 populus
1180 4795 1278 4864 ille
1334 4813 1562 4869 pauper
1613 4798 1794 4856 habe-

150 4887 275 4956 bat,
311 4885 550 4958 eripuit,
601 4885 874 4959 gloriosis
932 4883 1096 4947 illam
1155 4885 1476 4956 subjiciens
1533 4887 1794 4958 passioni

153 4973 257 5036 Vis
283 4973 432 5041 seire
449 4991 628 5048 suam
658 4991 822 5039 ovem
853 4975 880 5029 ?
911 4997 941 5026 «
984 4974 1149 5036 Sicut
1179 4973 1304 5048 ovis
1362 4975 1434 5030 ad
1492 4975 1792 5033 victimam

146 5063 359 5132 ductus
388 5068 477 5131 est
505 5065 634 5134 (Isti.
666 5080 782 5126 un,
811 5065 893 5134 7),
927 5085 954 5113 »
984 5062 1087 5134 qui
1109 5078 1272 5134 pano
1302 5062 1578 5136 pauperis
1607 5063 1795 5122 aleba-

125 5155 519 5229 turhetpotu
552 5151 824 5226 pauperis
853 5151 1147 5222 utebatur,
1178 5155 1238 5210 et
1263 5151 1323 5208 in
1355 5151 1488 5211 sinu
1520 5153 1794 5225 pauperis

221 5294 333 5367 (30)
360 5294 797 5367 Godeerheod.
841 5311 944 5367 pro
975 5293 1044 5366 ad
1100 5291 1461 5367 sacrificium,
1493 5294 1654 5351 solus
1712 5294 1790 5367 le-

193 5361 238 5421 it
265 5361 334 5421 ad
361 5361 686 5438 sacrarium.
731 5367 796 5421 Et
841 5361 1102 5434 quatuor
1157 5361 1398 5438 vocibus
1448 5365 1787 5438 interjectis.

201 5453 279 5492 ra.
312 5453 379 5492 ac
410 5435 568 5506 Gill.,
609 5437 730 5493 illis
757 5438 928 5506 fuisse
955 5435 1613 5508 furatumgalimentumf
1649 5439 1786 5496 Cod.

151 5509 348 5576 Tum,
381 5509 500 5564 illis
528 5509 624 5565 sui
650 5510 791 5579 furti
816 5506 1162 5564 alimentum.
1195 5506 1363 5562 Rom.
1417 5508 1556 5563 edit.
1587 5513 1647 5565 et
1675 5527 1787 5567 ms.

1906 4800 2123 4866 monis,
2158 4804 2221 4855 ut
2250 4815 2466 4872 magna
2498 4800 2898 4858 misericordia
2943 4801 3254 4857 diceretur.
3288 4801 3412 4856 Non
3470 4799 3555 4854 fa-

1905 4888 2014 4944 cile
2043 4887 2185 4945 alibi
2216 4888 2434 4944 lectum
2462 4888 2701 4945 memini
2737 4906 2749 4944 :
2783 4894 2840 4944 et
2869 4889 2997 4945 ideo
3029 4906 3157 4962 quae
3211 4889 3288 4944 sit
3343 4903 3558 4959 magna

1906 4976 2328 5046 misericordia,
2371 4994 2486 5042 non
2517 4977 2684 5034 facile
2736 4977 3058 5034 dixerimus
3087 4978 3221 5045 (3t).
3283 4975 3555 5047 Legimus

1904 5068 2100 5120 tamen
2135 5081 2409 5138 magnam
2445 5067 2540 5121 Dei
2574 5065 2870 5126 virtutem.
2907 5066 2975 5120 Et
3004 5066 3132 5122 ideo
3183 5064 3553 5120 consideran-

1902 5157 1992 5210 tes
2038 5169 2166 5225 quaa
2207 5169 2420 5224 magna
2485 5153 2564 5210 sit
2629 5154 2832 5222 virtus,
2866 5153 3151 5225 conjicere
3208 5149 3557 5225 poterimus,

1903 5296 2032 5370 bus.
2072 5295 2429 5370 Rom_.vero,
2463 5300 2519 5354 et
2571 5296 3160 5370 ms._Theod.,HQu.r_
3231 5298 3299 5360 sit
3357 5313 3558 5368 magna

1900 5365 2283 5440 misericordia
2339 5366 2594 5423 debemus
2638 5368 2935 5424 advertere.
2964 5365 3234 5424 It'am'etsi
3289 5365 3552 5440 magnam

1897 5438 2333 5512 misericordiam
2366 5456 2474 5512 nou
2502 5441 2669 5512 [scite
2700 5441 3016 5512 legeremus,
3045 5441 3260 5512 etc.At
3287 5438 3414 5512 qua:
3461 5439 3556 5498 hic

1899 5511 2100 5592 addita
2131 5514 2290 5592 sunt,
2326 5510 2494 5592 nobis
2521 5511 2717 5583 potius
2748 5510 3022 5592 videntur
3051 5510 3394 5592 conjecto—ris
3452 5530 3553 5592 cu-

149 5579 521 5657 Theod._,__ilte
543 5582 640 5657 sui
666 5581 838 5657 [uisse
892 5579 1110 5657 furoris
1153 5587 1528 5647 augmentum.
1580 5580 1789 5638 Melius
1892 5583 2135 5657 jusdam
2167 5579 2547 5656 periphrasis,
2585 5600 2760 5655 quam
2792 5583 3045 5648 auctoris
3079 5579 3266 5657 ipsius
3306 5601 3440 5640 vera
3469 5584 3551 5639 lo-

151 5668 247 5710 sex
274 5649 714 5723 Gallicanicod.
749 5649 900 5723 quos
919 5649 1113 5723 secuti
1141 5665 1368 5705 sumus.

221 5724 328 5796 (3i)
359 5723 454 5780 Sic
488 5722 623 5778 edit.
661 5721 785 5778 Era}
819 5725 876 5779 et
904 5721 1036 5779 Gill.
1071 5737 1204 5777 cum
1242 5737 1385 5777 mss.
1425 5723 1540 5778 fere
1597 5725 1786 5780 omni-

1900 5654 2077 5710 cutio.
