3894 6208
300 457 421 527 957

1483 462 1872 528 APOLOGIA
1924 461 2109 527 DAVI
2124 467 2165 526 D
2214 468 2256 529 Α
2271 464 2551 531 LTERA.

3610 473 3731 541 988

300 601 498 656 forma
526 596 808 668 virtutis;
865 615 983 657 non
1038 596 1097 656 in
1150 598 1369 657 tabulis
1420 598 1690 673 lapideis,
1751 600 1852 655 sed
1908 600 1967 653 in
2000 601 2053 667 Α
2084 602 2454 661 innocentem
2484 608 2542 661 te
2571 600 2833 664 asseris?
2887 604 3012 665 Non
3063 611 3153 665 est
3206 605 3389 683 igitur
3440 610 3732 668 maximus

299 687 527 745 tabulis
580 689 776 746 cordis
832 688 1188 746 carnalibus.
1250 689 1359 746 Sed
1423 698 1552 762 qua";
1612 688 1767 745 bona
1825 693 1967 744 sunt

301 794 424 833 non
456 783 784 835 atramento
814 779 1174 844 scribuntur,
1216 779 1318 835 sed
1378 778 1590 851 spiritu
1649 778 1747 834 Dei
1810 776 1962 834 vivi:

300 882 435 936 quae
464 871 663 923 autem
696 868 923 935 vitiosa,
965 867 1210 941 graphio
1260 868 1442 925 ferreo
1486 872 1545 924 et
1595 883 1790 939 ungue
1826 866 1963 922 ada-

300 956 577 1013 mantino
661 958 870 1028 (Ibid.).
930 957 1090 1013 Talis
1149 958 1574 1030 propemodum
1650 955 1963 1028 scriptura,

301 1043 502 1115 qualis
553 1050 643 1103 est
692 1064 864 1119 pmna
918 1046 1160 1119 peccati.
1223 1045 1516 1103 Scribitur
1563 1044 1665 1101 illa
1722 1042 1966 1117 graphio

300 1132 512 1202 ferreo,
546 1134 654 1190 hoc
684 1136 842 1207 virga
872 1136 1059 1191 ferrea
1088 1139 1405 1201 coercetur,
1465 1135 1620 1190 sicut
1676 1133 1966 1205 scriptum

299 1225 436 1277 est:
472 1244 500 1272 «
535 1223 721 1294 Reges
754 1241 854 1280 eos
882 1224 942 1280 in
971 1225 1137 1297 virga
1159 1224 1347 1280 ferrea
1376 1224 1548 1295 (Psat.
1575 1242 1637 1284 ii,
1670 1224 1748 1293 9).
1783 1245 1811 1270 »ι
1843 1220 1968 1276 Alia

296 1318 396 1368 est
423 1312 527 1368 illa
549 1313 712 1384 virga
738 1319 911 1378 recta,
963 1314 1127 1387 virga
1157 1314 1316 1387 regni
1352 1314 1437 1369 tui
1470 1315 1645 1381 (Psal.
1688 1329 1835 1378 XLIV,
1866 1313 1921 1381 7)
1949 1326 1961 1363 :

298 1401 428 1457 haec
459 1402 747 1475 supplicio
777 1408 999 1459 coercet
1031 1402 1253 1469 noxios,
1295 1402 1397 1458 illa
1426 1403 1693 1458 innoxios
1751 1402 1962 1474 guber-

297 1497 410 1547 nat
436 1491 858 1565 imperio.Ergo
887 1490 1107 1563 scripta
1135 1495 1227 1547 est
1255 1490 1428 1563 culpa
1452 1508 1464 1546 :
1498 1491 1808 1546 videamus
1841 1488 1961 1544 ubi.

298 1580 431 1635 Non
456 1580 618 1646 feris,
650 1581 753 1636 sed
783 1581 943 1637 intus
976 1580 1034 1635 in
1065 1581 1238 1636 corde
1268 1584 1369 1636 tuo
1400 1584 1457 1635 et
1488 1580 1546 1634 in
1580 1583 1814 1651 pectere
1839 1583 1959 1633 tuo.

298 1670 469 1725 Sicut
497 1670 651 1726 enim
683 1684 861 1742 prope
889 1673 979 1725 est
1041 1669 1283 1725 verbum
1341 1668 1400 1724 in
1449 1685 1548 1724 ore
1606 1672 1727 1737 tuo,
1785 1671 1843 1722 et
1901 1666 1961 1721 in

296 1759 479 1815 corde
507 1762 645 1815 tuo:
678 1758 764 1813 sic
793 1757 1132 1814 infidelibus
1164 1758 1223 1813 in
1254 1759 1382 1829 ipso
1411 1758 1583 1814 corde
1620 1756 1965 1828 exprimitur

296 1847 496 1919 figura
518 1848 758 1919 peccati,
791 1852 849 1902 et
877 1847 1092 1902 erroris
1121 1846 1365 1918 effigies.
1426 1847 1589 1901 Intus
1643 1846 1824 1918 igitur
1871 1849 1962 1901 est

296 1935 498 2007 culpa,
531 1936 693 1992 intus
720 1940 776 1991 et
804 1935 1013 2001 virtus,
1044 1937 1114 1991 Et
1144 1935 1273 1992 ideo
1323 1935 1638 1991 Dominus:
1673 1958 1700 1983 ‹‹
1736 1934 1956 2001 Sentio,

296 2023 518 2096 inquit,
552 2025 622 2080 de
654 2039 747 2079 me
803 2023 1075 2079 virtutem
1108 2024 1297 2080 exisse
1330 2025 1478 2095 (Luc.
1513 2040 1635 2091 VIII,
1670 2023 1793 2090 46):
1830 2044 1858 2071 »
1893 2025 1957 2077 ut

296 2113 638 2169 ostenderet
676 2128 808 2184 quae
844 2113 999 2168 bona
1027 2116 1186 2178 sunt,
1221 2113 1293 2167 de
1341 2112 1616 2168 interiore
1649 2111 1958 2184 procedere

294 2206 362 2257 et
388 2205 589 2257 contra
617 2218 743 2273 quae
775 2201 931 2257 mala
946 2200 1480 2268 sunt,deinteriere
1506 2199 1755 2272 prodire.
1781 2223 1808 2249 ‹‹
1831 2199 1955 2254 Non

297 2291 467 2347 enim
499 2291 652 2362 quod
684 2290 886 2355 intrat,
920 2290 1132 2362 inquit,
1191 2291 1249 2345 in
1285 2307 1371 2357 es,
1405 2290 1745 2361 coinquinat
1770 2287 1958 2345 hemi-

295 2395 464 2442 nem,
497 2379 595 2435 sed
638 2380 794 2451 quod
852 2380 968 2434 exit
1016 2380 1089 2435 de
1135 2395 1232 2435 ore
1287 2378 1494 2447 (Matth.
1527 2395 1616 2444 xv,
1646 2379 1755 2449 tl).
1794 2400 1821 2427 ››
1878 2378 1958 2434 De

296 2468 642 2524 oordeenim
674 2472 776 2523 tuo
794 2467 1171 2540 cogitationes
1199 2469 1552 2539 procedunt;
1576 2473 1633 2523 et
1662 2468 1792 2523 ideo
1822 2483 1957 2523 cave

296 2573 375 2613 ne
396 2557 469 2612 de
487 2557 662 2614 corde
683 2560 785 2612 tuo
816 2557 980 2611 male:
1004 2557 1386 2628 cogitationes
1410 2556 1712 2628 prodeant,
1747 2572 1872 2627 qua:
1902 2561 1957 2611 te

291 2645 621 2718 posteriore
649 2650 913 2715 tempore
943 2650 1195 2715 arguant
1224 2649 1282 2700 et
1314 2648 1611 2700 accusent.
1644 2644 1767 2699 Non
1800 2643 1956 2699 enim

290 2739 452 2789 Deus
482 2732 833 2790 testimoniis
865 2733 935 2790 ad
990 2733 1406 2789 revincendum
1458 2738 1516 2788 te
1569 2734 1958 2805 argumentis-

288 2838 411 2895 que
435 2823 691 2895 indiget:
743 2827 845 2878 tua
870 2826 926 2878 te
954 2823 1084 2894 ipsa
1112 2821 1286 2894 culpa
1317 2826 1553 2878 accusat
1581 2826 1638 2878 et
1669 2822 1882 2894 prodit.

364 2913 456 2966 67.
492 2912 707 2967 Deinde
747 2911 897 2967 bene
953 2910 1012 2966 in
1073 2910 1181 2965 hoc
1233 2910 1465 2967 Psalme
1524 2910 1700 2966 David
1763 2911 1950 2967 dicit:

287 3022 323 3049 «
357 3000 429 3055 Et
465 2998 743 3055 delictum
772 3014 970 3054 meum
1029 2985 1232 3055 contra
1262 3014 1354 3054 me
1385 3003 1475 3054 est
1522 3015 1754 3070 semper
1784 2999 1951 3067 (Psal.

286 3105 346 3158 ι,
377 3088 455 3160 5).
493 3111 521 3139 ››
547 3088 642 3143 V33
671 3087 829 3144 enim
863 3087 1008 3143 mihi
1041 3087 1194 3158 quod
1239 3087 1417 3143 latere
1448 3087 1641 3160 cupio,
1669 3091 1727 3143 et
1774 3086 1955 3144 latere

285 3193 413 3232 non
444 3177 720 3249 possum!
754 3177 1054 3243 Quomodo
1088 3176 1244 3232 enim
1276 3176 1488 3244 latebo,
1521 3177 1621 3247 qui
1669 3175 1955 3249 inscripta

284 3265 354 3321 in
388 3269 619 3336 pectore
649 3281 779 3322 meo
836 3282 972 3337 gero
1004 3281 1271 3322 meorum
1302 3264 1519 3321 indicia
1552 3265 1898 3321 delictorum
1933 3270 1956 3323 Ρ

2081 693 2459 750 erubescendi
2492 694 2674 764 locus,
2707 697 2941 769 quando
2989 714 3123 755 cum
3182 696 3455 771 plurimis
3513 699 3729 773 peccati

2080 781 2257 837 mista
2285 784 2579 839 consortia
2606 792 2781 849 sunt;
2817 787 2867 842 si
2897 803 3219 859 sequamur
3241 792 3432 844 tamen
3465 788 3727 845 studium

2079 870 2426 941 corrigendi.
2459 876 2655 943 Neque
2690 891 2892 929 rursus
2949 890 3179 947 paveas,
3243 892 3314 931 ne
3352 874 3533 949 culpae
3592 892 3729 932 cen-

2078 956 2253 1012 fessio
2287 961 2552 1013 teneatur
2572 960 2642 1013 ad
2705 977 2955 1031 poenam.
2991 962 3186 1018 Bonus
3215 963 3373 1017 enim
3404 968 3461 1019 et
3502 963 3730 1019 miseri~

2078 1061 2208 1100 cors
2240 1051 2387 1100 Deus
2418 1063 2532 1101 non
2567 1048 2756 1103 solum
2788 1048 2992 1121 culpas
3050 1050 3346 1123 ignoscere
3402 1052 3728 1108 conﬁtenti-

2081 1134 2211 1193 bus.
2258 1135 2360 1189 sed
2418 1137 2593 1191 etiam
2651 1139 2891 1209 praemia
2949 1139 3378 1211 corrigentibus
3431 1140 3730 1213 impertire

2078 1224 2376 1279 consuevit
2400 1243 2413 1293 ;
2439 1224 2488 1280 si
2520 1231 2715 1282 tamen
2743 1227 3147 1299 unusquisque
3165 1228 3277 1283 sibi
3310 1228 3514 1284 donari
3540 1234 3725 1302 petat,

2077 1312 2233 1383 quod
2286 1313 2557 1384 intelligit
2602 1331 2715 1370 non
2747 1314 2945 1371 latere.
2987 1340 3007 1365 α
3045 1316 3148 1372 Dic
3195 1333 3332 1389 ergo
3390 1317 3732 1389 iniquitates

2076 1406 2229 1466 tuas,
2263 1405 2325 1456 ut
2370 1402 2717 1471 justiﬁceris
2745 1406 2872 1471 (Isa.
2925 1422 3082 1472 xuii,
3115 1405 3229 1477 26).
3266 1427 3294 1454 ››
3325 1405 3423 1461 Dei
3464 1422 3568 1462 vox
3618 1406 3730 1461 ista

2073 1493 2162 1544 est
2210 1489 2459 1546 volentis
2512 1490 2847 1563 ignoscere:
2881 1492 2981 1548 Dei
3011 1509 3121 1548 vox
3172 1494 3285 1549 ista
3339 1499 3429 1550 est
3486 1494 3727 1566 promit-

2074 1577 2274 1645 tentis,
2306 1579 2461 1649 quod
2484 1583 2652 1635 tuum
2683 1579 2822 1635 velit
2850 1580 3043 1636 delere
3080 1588 3405 1652 peccatum.

2143 1667 2232 1723 69.
2256 1668 2421 1723 «Tibi
2454 1668 2739 1739 peccavi,»
2772 1669 2950 1723 David
2980 1669 3178 1736 dicit,«
3196 1675 3252 1724 et
3268 1668 3491 1724 malum
3523 1687 3722 1726 coram

2072 1758 2129 1810 te
2160 1756 2288 1811 feci.
2328 1779 2348 1804 ι
2389 1757 2502 1812 Hoc
2530 1762 2638 1823 est,
2671 1756 2781 1813 etsi
2813 1757 3083 1813 homines
3114 1774 3230 1813 non
3263 1758 3476 1827 vident,
3511 1759 3613 1815 sed
3663 1764 3726 1815 tu

2070 1843 2269 1899 vides:
2303 1845 2409 1901 etsi
2460 1845 2728 1901 homines
2761 1861 2854 1901 me
2901 1845 3224 1917 dijudicare
3285 1864 3399 1901 non
3458 1853 3727 1920 possunt,

1990 1967 2037 2031 Β
2070 1933 2208 2031 quia
2239 1934 2554 2031 participes
2584 1934 2930 1990 delictorum
2989 1940 3165 2031 sunt:
3201 1941 3261 1990 tu
3321 1940 3518 1991 tamen
3540 1937 3724 2008 judex

2066 2038 2129 2076 es
2158 2021 2549 2093 singulorum,
2583 2023 2723 2095 quia
2751 2040 2954 2096 expers
2986 2041 3048 2078 es
3077 2022 3447 2081 delictorum.
3512 2024 3726 2088 Quam-

2067 2109 2209 2165 libet
2236 2109 2296 2165 in
2338 2111 2512 2166 corde
2563 2110 2771 2167 intime
2803 2110 3184 2183 cogitationes
3238 2111 3425 2166 noxiae
3484 2110 3726 2179 lateant,

2067 2214 2263 2273 coram
2293 2204 2351 2254 te
2382 2203 2577 2255 tamen
2611 2204 2772 2265 sunt,
2806 2200 2907 2271 qui
2938 2204 3103 2273 potes
3134 2199 3362 2256 dicere:
3403 2220 3425 2247 ι
3460 2200 3609 2265 Quid
3641 2217 3730 2258 co-

2067 2270 2264 2357 gitatis
2297 2289 2452 2343 mala
2503 2289 2560 2343 in
2616 2270 2893 2345 cordibus
2943 2270 3159 2345 vestris
3188 2288 3395 2359 (Matth.
3428 2306 3506 2356 1x,
3561 2290 3664 2362 4)?
3700 2312 3721 2341 ι

2069 2375 2287 2447 Nempe
2315 2376 2581 2432 Christus
2612 2376 2722 2432 hoc
2752 2377 2910 2433 dicit.
2946 2376 3054 2442 Qui
3084 2392 3223 2449 ergo
3266 2377 3428 2433 nevit
3467 2377 3608 2450 quid
3665 2377 3726 2433 in

2067 2464 2238 2519 corde
2268 2464 2347 2519 sit
2376 2466 2683 2536 scriptum,
2720 2469 2910 2537 potest
2930 2466 3122 2521 delere
3153 2464 3439 2539 quidquid
3463 2464 3523 2520 in
3554 2467 3726 2523 corde

2067 2553 2462 2625 conscriptum
2494 2558 2601 2609 est.
2637 2554 2742 2608 Cui
2774 2570 2837 2611 se
2869 2555 3119 2611 fateatur
3149 2558 3347 2610 noster
3374 2554 3554 2610 David
3609 2571 3724 2611 non

2067 2640 2257 2696 solum
2291 2641 2347 2696 in
2379 2642 2594 2714 seipse,
2627 2643 2727 2698 sed
2758 2642 2933 2698 etiam
2968 2644 3025 2698 in
3076 2642 3265 2715 primo
3298 2642 3534 2698 homine
3593 2659 3722 2715 pec-

2066 2745 2247 2799 casse,
2269 2730 2410 2785 dum
2442 2735 2731 2804 praecepta
2752 2732 2949 2786 divina
2982 2735 3361 2787 temerantur.

2133 2822 2222 2874 70.
2284 2822 2406 2886 Quo
2492 2820 2623 2875 licet
2677 2822 2993 2888 advertere,
3055 2821 3266 2876 fratres
3324 2820 3722 2889 dilectissimi,

2067 2909 2565 2979 quemadmodum
2588 2925 2793 2965 omnes
2812 2908 3089 2977 haereses,
3106 2910 3247 2964 dum
3263 2926 3324 2965 se
3348 2908 3719 2982 impugnaut,

2064 2996 2125 3051 in
2157 3014 2220 3053 se
2261 3003 2589 3055 recurrunt.
2623 2999 2847 3069 Itaque,
2872 2997 3073 3054 Ariani
3115 2999 3256 3054 dum
3288 2998 3478 3055 Patris
3507 3002 3566 3054 et
3593 2997 3722 3054 Filii

2065 3092 2339 3158 separant
2372 3090 2734 3158 potestatem,
2768 3087 2825 3141 in
2857 3103 2990 3142 eum
3025 3087 3242 3143 furiose
3263 3086 3484 3143 exitum
3518 3087 3721 3159 dispu-

2064 3176 2302 3230 tationis
2331 3175 2639 3230 incurrunt
2666 3180 2730 3230 ut
2745 3192 2879 3230 cum
2900 3175 3233 3231 Manicbaais
3250 3170 3454 3231 eorum
3478 3192 3720 3231 concur-

2064 3267 2153 3318 rat
2184 3264 2469 3332 assertio;
2503 3263 2585 3318 illi
2620 3265 2778 3319 enim
2810 3263 3014 3319 dicunt
3041 3264 3289 3320 alterum
3348 3265 3532 3321 Deum
3590 3281 3721 3322 esse

284 3332 623 3409 Nudabitur
653 3355 712 3409 in
740 3332 1071 3423 ille'judicii
1106 3353 1199 3409 die
1230 3354 1695 3425 uniuscujusque
1726 3360 1953 3426 pectus,
1986 3332 2027 3399 (ἶ
2066 3353 2295 3417 veteris,
2329 3353 2576 3409 alterum
2610 3352 2743 3407 novi
2777 3353 3158 3408 Testamenti.
3197 3354 3380 3418 Quam
3409 3351 3715 3425 profanam

284 3441 697 3498 testimonium
732 3442 1013 3501 reddente
1042 3442 1318 3513 omnibus
1349 3442 1706 3499 conscientia
1739 3459 1869 3509 sua,
1897 3449 1953 3497 et

284 3531 537 3586 invicem
565 3530 981 3587 accusantibus
1010 3528 1487 3602 cogitationibus,
1519 3533 1622 3585 aut
1651 3529 1827 3585 etiam
1858 3531 1953 3586 de-

284 3618 684 3686 fendentibus,
717 3618 775 3673 in
800 3619 894 3674 die
924 3635 1041 3690 qua
1066 3618 1359 3691 judicabit
1379 3619 1665 3674 Dominus
1720 3617 1950 3675 occulta

284 3707 619 3763 hominum.
654 3707 795 3771 Quis
852 3707 1041 3779 pudor
1097 3707 1214 3774 ille,
1262 3724 1396 3763 cum
1457 3707 1620 3779 prodi
1670 3708 1947 3763 omnibus

284 3795 529 3868 coeperit
556 3798 711 3868 quod
748 3796 1103 3868 putabamus
1148 3796 1441 3852 occultum
1478 3814 1490 3863 ;
1538 3813 1673 3851 cum
1723 3796 1947 3867 aperire

283 3900 353 3940 se
385 3883 625 3956 coeperit
680 3885 1153 3957 uniuscujusque
1186 3884 1381 3955 imago
1414 3884 1631 3951 delicti,
1668 3889 1731 3939 ut
1760 3900 1942 3939 unus-

283 3972 542 4044 quisque
573 3973 662 4027 sui
697 3971 962 4028 criminis
992 3971 1141 4027 serie
1171 3972 1553 4028 revincatur?
1582 3972 1722 4039 Quis
1753 3972 1945 4044 pudor

281 4076 423 4116 cum
477 4059 643 4116 illum
730 4076 905 4132 quem
932 4060 1348 4132 despicabilem
1380 4060 1440 4116 in
1472 4061 1582 4116 hoc
1608 4060 1819 4116 saeculo
1841 4061 1938 4131 ju-

279 4150 548 4217 dicabas,
602 4149 815 4205 videris
879 4163 1009 4205 esse
1056 4148 1390 4222 praelatum;
1451 4148 1618 4205 illum
1703 4165 1938 4204 servum

280 4245 477 4306 tuum,
509 4236 674 4294 illum
708 4253 881 4311 quem
928 4239 1102 4311 juxta
1176 4237 1373 4294 saeculi
1433 4237 1613 4308 hujus
1692 4238 1938 4294 astutias

280 4327 551 4398 ineptum
591 4331 649 4382 et
703 4325 1024 4382 inhabilem
1077 4325 1481 4392 arbitrabaris,
1537 4325 1936 4398 simplicitatis

278 4432 404 4471 suae
425 4413 645 4470 divitiis
675 4414 1014 4483 cognoveris
1040 4413 1392 4469 honoratum
1413 4415 1441 4468 ’ἲ
1488 4415 1632 4487 Ergo
1662 4415 1802 4470 dum
1851 4414 1934 4469 vi-

276 4504 498 4572 vimus,
531 4503 942 4576 confugiamus
974 4503 1045 4558 ad
1076 4519 1212 4558 eum
1243 4501 1341 4574 qui
1370 4507 1563 4574 potest
1590 4502 1782 4560 delere
1808 4516 1937 4575 pec-

277 4598 502 4649 catum.
558 4591 673 4648 Nec
743 4608 975 4648 vereare
1030 4591 1185 4663 quod
1238 4591 1481 4663 graphio
1538 4591 1722 4648 ferreo
1784 4594 1933 4651 732

2064 3442 2445 3498 assertionem
2477 3441 2734 3497 Ecclesia
2765 3447 2967 3496 sancta
2983 3442 3352 3508 condemnat,
3378 3457 3506 3513 quas
3529 3458 3711 3498 unum

2060 3529 2244 3585 Deum
2278 3530 2448 3603 legit;
2473 3524 2612 3602 quia
2641 3552 2668 3580 ‹‹
2706 3546 2860 3586 unus
2890 3529 3046 3585 Deus
3076 3530 3238 3585 Pater
3267 3546 3336 3586 ex
3358 3546 3474 3602 quo
3492 3531 3711 3599 omnia,

2057 3622 2113 3673 et
2143 3636 2248 3674 nos
2280 3620 2337 3673 in
2369 3619 2562 3691 ipsum
2590 3636 2602 3674 :
2634 3623 2693 3674 et
2722 3635 2878 3674 unus
2908 3618 3193 3675 Dominus
3211 3619 3385 3675 Jesus
3416 3636 3517 3692 per
3537 3636 3710 3692 quem

2056 3708 2273 3769 omnia,
2303 3713 2361 3764 et
2390 3725 2495 3763 nos
2534 3724 2637 3781 per
2665 3708 2862 3780 ipsum
2895 3710 2941 3779 (I
2970 3709 3090 3764 Cor.
3125 3724 3250 3777 vui,
3283 3709 3359 3779 6).
3418 3733 3444 3758 ‹‹
3502 3708 3713 3782 Utique

2054 3797 2424 3869 omnipotens
2455 3802 2711 3870 potestas
2743 3802 2799 3852 et
2831 3814 2946 3853 una
2968 3797 3155 3853 Patris
3212 3804 3269 3854 et
3299 3797 3424 3852 lilii
3456 3797 3712 3854 declara-

2054 3888 2169 3951 tur,
2230 3889 2295 3940 ut
2351 3898 2454 3941 nec
2510 3886 2739 3941 Patrem
2798 3902 2832 3942 a
2888 3884 3029 3941 Novi
3085 3886 3440 3942 Testamenti
3524 3888 3713 3959 gratia

2052 3989 2455 4040 secernamus,
2485 3990 2590 4030 nec
2623 3991 2829 4030 rursus
2886 3975 2958 4029 ab
3016 3973 3445 4030 instauratione
3505 3975 3710 4030 mundi

2052 4060 2264 4117 Filium
2306 4079 2664 4133 separemus.

2116 4151 2206 4205 7l.
2243 4150 2500 4221 Denique
2529 4152 2970 4206 consideremus
2994 4156 3192 4205 utrum
3220 4149 3375 4205 idem
3407 4149 3562 4206 Deus
3592 4151 3707 4221 (45)

2044 4238 2357 4310 utriusque
2387 4239 2465 4294 sit
2500 4239 2765 4293 conditor
2810 4239 3194 4293 Testamenti.
3221 4236 3443 4308 Nempe
3501 4254 3707 4295 omnes

2043 4326 2099 4381 in
2136 4327 2323 4399 primo
2355 4326 2592 4382 homine
2623 4327 3012 4399 peccavimus,
3046 4330 3103 4381 et
3152 4342 3255 4398 per
3283 4333 3507 4381 natura
3565 4344 3708 4383 suc-

2043 4415 2367 4472 cessionem
2397 4415 2580 4487 culpae
2611 4431 2842 4488 queque
2872 4415 2944 4471 ab
2987 4430 3102 4470 uno
3135 4414 3194 4469 in
3252 4431 3460 4471 omnes
3516 4418 3708 4471 trans-

2044 4505 2174 4560 fusa
2230 4505 2548 4570 successio,
2606 4508 2711 4561 est.
2776 4505 2840 4560 In
2903 4520 3079 4577 quem
3139 4520 3276 4577 ergo
3337 4504 3586 4574 peccavi,
3644 4505 3701 4559 in

2043 4594 2291 4660 Patrem,
2326 4611 2399 4649 an
2426 4594 2484 4649 in
2513 4593 2770 4649 Filium?
2820 4593 3032 4666 Utique
3086 4593 3146 4648 in
3202 4609 3334 4649 eum
3396 4593 3498 4666 qui
3555 4593 3703 4649 mihi

276 4680 567 4754 scriptum
599 4685 706 4746 est,
738 4685 795 4736 et
824 4696 1020 4753 ungue
1046 4678 1423 4735 adamantine
1449 4679 1600 4752 (34);
1633 4680 1729 4735 hic
1776 4681 1931 4737 enim
1964 4698 2010 4761 ι)
2041 4682 2309 4751 credidit,
2345 4683 2498 4754 quod
2558 4698 2672 4738 non
2723 4683 3007 4738 servando
3052 4682 3305 4753 peccavi.
3358 4681 3701 4738 Mandatum

276 4776 482 4844 portas
507 4770 724 4826 ferreas
770 4769 1301 4840 adamantinasque
1332 4769 1636 4842 confregit,
1698 4787 1803 4825 nec
1861 4771 1933 4825 ti-

275 4876 445 4916 meas
475 4858 708 4931 culpam
742 4858 931 4914 fateri.

349 4950 442 5002 68.
491 4948 808 5004 Confessus
865 4950 953 5002 est
1012 4946 1213 5014 David,
1266 4945 1504 5017 agnovit
1561 4946 1931 5018 iniquitatem

273 5053 474 5101 suam,
516 5036 750 5109 agnovit
779 5050 1075 5100 errorem;
1130 5039 1187 5089 et
1217 5034 1344 5089 ideo
1403 5033 1521 5088 ait:
1557 5057 1584 5084 «
1642 5034 1930 5101 Quoniam

274 5123 652 5195 iniquitatem
684 5139 874 5178 meam
903 5137 1153 5195 agnosco
1184 5121 1364 5193 (Ibid).
1395 5144 1422 5170 »
1447 5121 1621 5177 David
1645 5122 1930 5195 agnoscit,

275 5219 341 5270 et
370 5217 435 5268 tu
468 5228 584 5268 non
610 5210 927 5283 agnoscis?
958 5209 1135 5266 David
1192 5209 1427 5274 fatetur,
1485 5214 1543 5265 et
1592 5214 1655 5266 tu
1710 5211 1933 5283 negas?

275 5299 498 5359 Paulus
528 5317 590 5357 se
629 5303 932 5356 nocentem
982 5298 1199 5355 clamat
1239 5301 1290 5368 (Ι
1337 5300 1470 5355 Tim.
1521 5316 1563 5368 1,
1594 5299 1702 5369 45),
1766 5305 1824 5355 et
1867 5305 1929 5355 tu

349 5496 463 5567 (34)
495 5496 619 5552 Non
652 5496 970 5551 obscurum
1002 5500 1090 5552 est
1119 5494 1380 5552 alludere
1402 5497 1712 5552 Auctorem
1736 5496 1808 5551 ad
1830 5494 1931 5551 illa

274 5568 530 5634 Hierem,
563 5585 613 5634 c,
660 5569 722 5623 17
758 5584 770 5623 :
826 5570 1118 5639 Peccatum
1153 5567 1311 5625 Judw
1356 5571 1625 5639 scriptum
1653 5572 1733 5623 est
1786 5568 1929 5639 style

270 5645 476 5713 ferreo,
534 5641 591 5694 in
652 5654 836 5713 ungue
891 5638 1270 5713 adamantina,
1331 5643 1397 5694 ut
1450 5638 1621 5713 Vulg.
1673 5638 1924 5713 praefert.

274 5710 409 5767 Haec
440 5715 637 5766 autem
666 5710 845 5766 verba
883 5727 1017 5766 cum
1075 5710 1482 5769 desiderentur
1537 5710 1597 5767 in
1653 5710 1781 5768 LXX
1841 5711 1927 5766 in-

273 5788 479 5854 terpr.,
512 5798 750 5839 necesse
780 5780 956 5837 fuerit
985 5784 1050 5837 ut
1078 5784 1309 5848 Auctor,
1343 5781 1634 5856 siquidem
1684 5782 1925 5840 Ambro-

2043 4776 2132 4827 cst
2163 4772 2409 4839 homini,
2441 4776 2507 4827 ut
2535 4772 2607 4828 ab
2639 4772 2916 4828 omnibus
2945 4778 3210 4845 gustaret
3240 4788 3367 4844 qua:
3416 4775 3584 4827 erant
3640 4770 3700 4825 iu

2044 4862 2335 4934 paradiso,
2368 4862 2469 4917 sed
2500 4860 2726 4933 lignum
2784 4862 3037 4917 scientia:
3100 4860 3235 4916 boni
3273 4865 3331 4917 et
3387 4858 3526 4914 mali
3585 4875 3698 4914 non

2042 4954 2308 5021 tangeret
2335 4950 2489 5018 (Gen.
2524 4968 2584 5017 ιι,
2620 4951 2727 5017 l7).
2758 4951 2945 5005 Adam
2978 4965 3114 5021 ergo
3145 4949 3203 5003 in
3248 4947 3497 5020 singulis
3528 4947 3698 5003 nobis

2042 5043 2150 5091 est.
2188 5039 2247 5091 In
2283 5038 2382 5093 illo
2413 5039 2569 5094 enim
2600 5038 2855 5093 conditio
2914 5038 3176 5092 humana
3233 5035 3498 5107 deliquit,
3559 5036 3700 5108 quia

2041 5141 2143 5196 per
2174 5142 2357 5180 unum
2390 5128 2447 5181 in
2481 5142 2685 5200 omnes
2715 5125 3092 5195 pertransivit
3131 5128 3455 5197 peccatum.
3518 5124 3698 5180 Video

2040 5230 2337 5269 summam
2371 5215 2516 5270 mihi
2548 5206 2853 5281 creditam,
2885 5213 3052 5269 video
3084 5230 3214 5286 quae
3273 5212 3694 5284 praevaricatio-

2041 5302 2135 5357 nis
2164 5319 2277 5358 aera
2309 5303 2459 5359 733
2511 5300 2925 5370 contraxerim,
2976 5303 3119 5357 dum
3174 5300 3348 5357 vetita
3398 5306 3456 5357 et
3512 5302 3695 5358 inter—

2038 5498 2162 5569 sius
2192 5496 2289 5553 illc
2316 5497 2412 5565 sit,
2439 5501 2539 5554 aut
2566 5498 2940 5569 cjus‘suppar
2967 5494 3143 5569 aetati,
3185 5512 3254 5552 ea
3309 5495 3570 5553 citaverit
3626 5513 3690 5555 ex

2039 5567 2153 5642 alio
2179 5569 2443 5642 interpr.,
2477 5574 2577 5642 aut
2609 5570 2755 5623 forte
2785 5567 2854 5624 ex
2884 5568 3147 5642 versione
3186 5570 3508 5639 communi,
3563 5587 3690 5642 quae

2038 5639 2191 5713 varie
2221 5639 2358 5695 oliui
2410 5640 2733 5711 legebatur,
2778 5645 2831 5695 et
2890 5639 2947 5695 in
3007 5657 3332 5713 quamnon
3380 5639 3689 5713 pauca—ex

2037 5711 2169 5768 aliis
2199 5713 2563 5769 versionibus
2600 5713 2824 5768 fuerant
2858 5711 3151 5777 congesta.
3185 5711 3430 5769 Consule
3489 5713 3686 5777 etiam,

2038 5783 2087 5841 si
2119 5788 2303 5854 vacat,
2336 5802 2510 5859 super
2536 5784 2643 5841 hoc
2684 5785 2807 5841 loco
2840 5783 3157 5842 Nobilium.
