3894 6208
335 403 466 466 ’959

1808 403 1874 463 S.
1920 401 2294 466 AMBROSll

341 541 496 599 dicta
525 539 790 614 degusto.
825 536 969 593 Hinc
989 532 1508 594 debeocommissaa
1526 533 1702 594 sortis
1722 551 1987 604 usuram,
2019 543 2074 608 Α
2105 538 2258 594 784
2316 536 2641 610 majestatis
2707 543 2883 613 atque
2927 537 3164 599 virtutis
3211 541 3567 602 Trinitatem
3615 563 3717 605 esse

341 629 478 703 quia
508 627 790 685 creditum
824 627 1235 682 mandatorum
1278 625 1600 682 caelestium
1663 626 1854 682 faenus
1911 626 1998 682 in-

339 724 618 775 temerata
655 717 799 772 ﬁdes
831 732 1059 772 servare
1091 733 1206 771 non
1256 715 1463 788 potuit.

403 809 496 863 72.
553 804 912 878 Agnovimus
983 804 1296 873 creditum,
1355 820 1748 876 agnoscamus
1819 804 1996 860 etiam

335 896 701 952 creditorem.
733 893 1054 951 Creditoris
1090 909 1300 965 nempe
1321 894 1424 964 jus
1455 897 1543 948 est
1575 897 1639 948 ut
1695 892 1891 966 exigat
1945 897 2002 948 et

336 985 587 1052 relaxet;
620 988 676 1040 et
700 984 831 1039 ideo
864 983 1018 1038 idem
1053 982 1292 1048 relaxat,
1341 981 1442 1053 qui
1480 983 1585 1051 jus
1643 982 1821 1037 habet
1878 981 1998 1036 exi-

334 1074 532 1147 gendi.
569 1073 715 1128 Cum
757 1071 938 1144 igitur
990 1071 1047 1125 in
1109 1071 1421 1144 Evangelio
1470 1070 1741 1126 Christus
1791 1071 2002 1126 dixerit

335 1162 480 1218 mihi
507 1181 520 1217 :
547 1186 574 1210 «
599 1162 867 1217 Remissa
890 1166 1026 1215 sunt
1059 1161 1161 1214 tibi
1200 1165 1433 1230 peccata
1465 1164 1566 1213 tua
1590 1162 1738 1228 (Luc.
1764 1177 1816 1226 v,
1848 1161 1998 1230 20);»

333 1267 528 1306 nonne
559 1251 830 1306 eumdem
870 1248 1134 1320 intelligo
1192 1248 1496 1303 dominum
1556 1247 1752 1313 sortis,
1801 1264 1996 1319 quem,

334 1340 620 1406 arbitrum
652 1338 832 1392 veniae
865 1353 1210 1408 recognosco
1231 1341 1256 1389 .9
1282 1342 1401 1390 Aut
1465 1335 1510 1390 si
1546 1335 1713 1391 Pater
1755 1335 2001 1391 credidit

333 1435 389 1484 et
418 1428 600 1484 Filius
630 1425 925 1492 relaxavit,
956 1442 1070 1481 non
1105 1443 1204 1498 per
1235 1425 1542 1490 unitatem,
1605 1429 1666 1478 ut
1697 1441 1803 1480 nos
1861 1425 2001 1480 dici-

333 1534 504 1585 mus;
539 1516 640 1572 sed
672 1519 736 1571 ut
767 1514 963 1570 Ariani
998 1520 1289 1581 asserunt,
1335 1531 1436 1585 per
1465 1513 1807 1569 distantiam
1842 1518 2002 1585 pote-

331 1605 528 1672 statis:
580 1604 729 1660 alius
769 1619 905 1677 ergo
946 1604 1100 1658 Deus
1158 1603 1425 1667 credidit,
1460 1601 1614 1658 alius
1675 1602 1999 1658 relaxavit?

325 1696 492 1753 Unde
522 1695 852 1759 incurrunt,
888 1696 952 1748 ut
997 1692 1452 1748 Manichaeorum
1514 1692 1820 1763 perfidiam
1881 1709 1994 1747 non

331 1784 596 1849 evadant.
633 1781 848 1836 Deinde
881 1797 1062 1836 unum
1092 1781 1340 1836 dicendo
1372 1781 1594 1836 bonum
1627 1781 1836 1846 Deum,
1896 1781 1997 1835 ad-

329 1875 557 1929 vertant
587 1887 736 1944 quos
768 1871 1009 1943 laqueos
1053 1870 1358 1925 dementiae
1420 1886 1540 1924 suae
1597 1869 1878 1925 incidant.
1936 1870 1995 1925 Si

330 1962 522 2018 bonus
553 1965 662 2028 est,
696 1959 796 2032 qui
839 1958 1115 2025 credidit,
1151 1959 1448 2030 quomodo
1481 1973 1597 2013 non
1654 1963 1747 2013 est
1803 1958 1996 2013 bonus

329 2051 427 2124 qui
488 2048 812 2106 relaxavit?
872 2049 1018 2120 Ergo
1076 2063 1210 2102 cum
1270 2047 1388 2102 illis
1445 2051 1673 2118 partem
1734 2046 1990 2102 habeant

327 2139 545 2208 Ariani,
595 2139 654 2194 in
706 2154 956 2210 quorum
1017 2135 1398 2192 assertionem
1457 2135 1802 2207 perveniunt
1852 2136 1986 2204 (36).

329 2228 446 2296 Nec
478 2227 693 2292 mirum
727 2226 774 2282 si
806 2227 858 2281 is
890 2225 991 2298 qui
1024 2223 1203 2280 semel
1238 2224 1469 2279 deviare
1514 2223 1686 2296 coepit
1741 2241 1776 2278 a
1829 2240 1984 2292 vero,

331 2317 580 2378 nexibus
608 2331 672 2378 se
703 2313 874 2371 alieni
908 2312 1122 2369 erroris
1158 2311 1432 2368 involvat.

399 2403 489 2468 73.
523 2404 593 2458 Et
622 2402 751 2458 ideo
781 2419 901 2457 una
929 2410 1017 2457 est
1056 2402 1367 2469 sententia,
1401 2417 1526 2473 quae
1582 2400 1983 2457 haereticorum

329 2492 593 2549 omnium
628 2490 933 2547 machinas
965 2490 1248 2556 destruat,
1296 2494 1360 2545 ut
1417 2490 1594 2546 unius
1653 2490 1981 2563 potestatis,

401 2634 511 2705 (35)
543 2634 674 2700 Era,
707 2635 766 2688 et
814 2631 948 2705 Gil].
985 2648 1119 2692 cum
1158 2636 1328 2705 parte
1378 2648 1524 2705 mss.
1586 2631 1984 2705 comitia-angus

325 2702 618 2778 utrumque
643 2720 767 2769 cum
805 2704 946 2760 idem
1007 2702 1172 2764 Deus.
1227 2703 1376 2759 Edit.
1441 2703 1608 2758 Rom.
1668 2719 1801 2759 cum
1869 2702 1983 2758 alia

325 2782 490 2850 parte
521 2779 586 2850 ut
625 2779 804 2850 tex_t_u.

397 2849 508 2920 (37)
543 2849 628 2902 lta
656 2846 794 2902 edit.
845 2846 972 2920 Era.
1034 2861 1100 2900 ac
1154 2843 1290 2920 (ξω,
1343 2843 1697 2920 quibuscum
1756 2844 1981 2902 faciunt

324 2915 499 2983 mea,
518 2923 755 2990 excepto
785 2917 941 2989 quod
975 2915 1244 2990 nonnulli
1274 2915 1520 2990 habent,
1573 2933 1698 2972 cum
1749 2933 1980 2990 quorum

2107 625 2455 694 credamus;
2487 631 2545 682 et
2571 627 2703 684 ideo
2739 628 2814 685 ab
2852 645 2924 686 eo
2971 631 3130 702 quod
3175 632 3370 688 Filius
3425 633 3575 698 fecit.
3623 654 3714 693 non

2107 730 2449 786 separemus
2481 715 2708 772 Patrem
2763 718 2916 789 (37);
2971 735 3082 775 «nec
3123 721 3198 776 ab
3253 738 3325 778 eo
3378 724 3533 795 quod
3582 725 3717 782 Peter

2109 803 2430 872 mandavit,
2461 803 2671 861 Filium
2702 821 3100 880 segregemus.
3131 809 3218 866 Ita
3246 811 3406 866 enim
3435 812 3712 878 deumnon

2109 890 2357 948 alterum
2404 897 2584 949 Deum
2616 895 2846 962 veteris,
2887 896 3176 954 alternum
3209 899 3346 954 novi
3404 901 3714 961 'I‘estanmti
3796 927 3797 950 ι

2109 979 2462 1038 inducamus
2489 999 2502 1048 ;
2536 984 2639 1040 sed
2667 1000 2771 1056 per
2799 985 3082 1042 unitatem
3115 989 3428 1059 potestatis
3465 997 3520 1044 et
3565 992 3711 1049 Filius

2111 1069 2166 1124 in
2203 1069 2387 1138 Patre,
2419 1077 2476 1126 et
2505 1075 2677 1128 Pater
2705 1072 3063 1147 intelligatur
3091 1076 3148 1130 in
3174 1076 3344 1147 Filio,
3371 1083 3429 1133 et
3457 1078 3620 1136 Filius
3641 1082 3713 1136 fcr-

2110 1164 2346 1216 nerelur
2378 1160 2434 1214 in
2465 1161 2654 1228 Patre,
2686 1165 2744 1217 et
2795 1162 2963 1228 Pater
3017 1163 3236 1220 relaxet
3279 1166 3338 1221 in
3387 1167 3545 1222 Filio.
3595 1170 3707 1224 Nam

2108 1251 2165 1301 et
2193 1247 2362 1303 Pater
2390 1249 2637 1305 dimittit
2666 1256 2966 1322 peceatum
2991 1268 3004 1306 :
3059 1251 3272 1309 Filium
3306 1255 3586 1312 dimisist-
3609 1259 3707 1327 jam

2107 1335 2386 1393 diximus.

2179 1427 2267 1479 74.
2301 1425 2541 1498 Aceipet
2578 1427 2717 1498 quia
2769 1428 3013 1484 dimittit
3077 1435 3135 1484 et
3191 1430 3436 1488 Palem:
3491 1433 3704 1490 Dimitte.

2108 1511 2320 1584 inquit,
2354 1515 2525 1578 nobis
2553 1515 2751 1571 debita
2773 1520 2995 1584 nostra,
3035 1517 3189 1574 sicut
3247 1524 3306 1574 et
3347 1537 3454 1576 nos
3502 1522 3704 1578 dimitti-

2112 1618 2243 1657 mus
2271 1603 2636 1661 debitoribus
2663 1604 2879 1661 nostris
2900 1605 3114 1673 (Matth.
3157 1623 3236 1673 v1,
3290 1607 3401 1677 42).
3461 1632 3488 1656 ν
3537 1609 3702 1671 Etione

2107 1707 2176 1746 ex
2205 1706 2456 1763 persona
2484 1698 2687 1749 nostra
2711 1695 2822 1756 hoc
2846 1693 3028 1750 Filius
3059 1695 3214 1752 Patri
3247 1696 3409 1753 dicit.
3454 1697 3560 1754 Nec
3604 1700 3700 1754 ideo

2106 1778 2265 1847 dicit,
2299 1781 2466 1852 quasi
2498 1781 2798 1840 dimittere
2823 1782 2952 1856 ipse
2997 1799 3113 1840 non
3167 1786 3408 1857 possit:
3461 1787 3556 1846 sed
3599 1787 3700 1844 ideo

2108 1867 2267 1938 dicit,
2303 1874 2367 1924 ut
2397 1873 2458 1924 tu
2493 1869 2774 1926 unitate
2806 1872 3108 1943 potestatis
3135 1872 3453 1947 intelligas.

2173 1959 2262 2013 75.
2297 1958 2561 2031 Denique
2607 1960 2658 2015 si
2711 1960 3120 2018 auctoritatem
3175 1963 3394 2034 qunris
3447 1963 3504 2019 in
3555 1964 3696 2020 Filio:

2106 2068 2135 2094 α
2163 2046 2296 2102 Jam
2325 2064 2450 2111 vos,
2486 2048 2696 2120 inquit,
2727 2049 2931 2106 mundi
2951 2050 3098 2106 estis
3153 2056 3396 2124 propter
3415 2069 3693 2110 sermonem

2099 2151 2274 2207 quem
2308 2134 2538 2194 loeutus
2567 2153 2700 2193 sum
2731 2137 2896 2194 vobis
2925 2140 3103 2208 (Joan.
3149 2141 3378 2211 M542).
3422 2164 3452 2194 ι
3497 2142 3696 2199 Dimittit

2098 2239 2391 2295 sermone,
2424 2225 2672 2282 dimittit
2697 2226 2943 2298 imperio
2977 2243 2990 2284 :
3039 2228 3142 2284 sed
3204 2245 3340 2287 eum
3379 2231 3584 2287 unone
3627 2229 3692 2286 di-
3796 2263 3797 2302 ξ

2097 2311 2280 2370 mittit
2332 2313 2536 2370 dicens
2567 2331 2582 2368 :
2617 2335 2649 2366 α
2678 2315 2854 2384 Vade,
2881 2320 2939 2371 et
2967 2316 3217 2388 posthac
3234 2318 3363 2378 vide
3413 2335 3485 2374 ne
3532 2334 3691 2391 pecces

2091 2401 2275 2471 (Joan.
2307 2419 2360 2469 ν,
2395 2404 2509 2470 tl).
2545 2425 2573 2453 υ
2631 2402 2821 2469 Habes
2876 2404 3309 2474 auctoritatem,
3361 2405 3494 2478 quis
3539 2409 3690 2464 vetera

2094 2489 2333 2554 donavit
2362 2491 2581 2550 :habes
2602 2492 2918 2564 judicium,
2949 2494 3092 2566 quis
3121 2495 3321 2552 futura
3365 2495 3684 2568 praecipe“.
3796 2575 3797 2580 η

2165 2632 2276 2690 Sed
2306 2634 2497 2706 potior
2519 2634 2748 2706 videtur
2776 2638 2977 2699 nostra
3003 2633 3196 2702 lectio,
3218 2653 3351 2698 cum
3380 2636 3524 2700 haud
3546 2635 3682 2690 dubie

2092 2705 2394 2782 auctorad
2427 2705 2483 2760 id
2517 2705 2810 2782 respiciat,
2844 2707 2998 2779 quod
3031 2723 3212 2782 supra
3243 2708 3476 2778 dixerat,
3521 2723 3680 2762 omnes

2092 2775 2342 2832 haereses
2370 2776 2430 2832 in
2463 2793 2525 2833 se
2555 2775 2803 2834 invicem
2832 2775 3152 2834 recurrere.

2161 2848 2274 2931 (ξεῖ)
2331 2847 2482 2903 Edit.
2536 2849 2667 2904 Em.
2723 2865 2790 2905 ac
2835 2849 3028 2931 Rem...
3084 2853 3139 2905 et
3176 2849 3675 2931 ’Μακραὶ-Νέας

2088 2919 2236 2991 [βρῦν
2269 2934 2396 2991 mn
2462 2935 2776 2991 separauit;
2810 2937 2846 2978 a
2891 2923 3076 2989 Patro,
3135 2927 3250 2978 etc.
3307 2919 3433 2978 Gill.
3471 2926 3521 2977 et
3549 2935 3676 2991 mss.

322 2991 624 3062 assertione
659 2987 1010 3062 perveniunt.
1073 2987 1235 3044 Unde
1289 2987 1455 3062 forte
1492 2988 1656 3044 Rom.
1717 2987 1853 3062 edit.
1923 2992 1981 3044 et

2089 2989 2359 3062 Theod,..
2390 2989 2858 3062 non—separemus
2910 2994 3146 3052 Parem.
3195 2995 3269 3048 At
3319 3008 3500 3049 veram
3545 2989 3677 3054 istius

325 3078 470 3126 mss.
508 3061 750 3130 Thoo’d.,
792 3077 918 3116 cum
974 3075 1205 3132 quorum
1260 3061 1554 3116 assertione
1625 3061 1974 3118 conveniunt.

2089 3059 2200 3117 loci
2233 3061 2538 3118 lectionem
2573 3059 2716 3127 mss.
2749 3062 2998 3120 aliorum
3019 3064 3330 3120 consensui
3360 3065 3620 3119 debemus.

530 3400 536 3404 ’
635 3415 750 3501 ΙΝ
808 3413 965 3499 XII
1026 3408 1745 3503 PSALMORUM
1808 3413 2663 3510 ENARRATIONES
2724 3413 3403 3510 ADMONITIO.

387 3790 595 3848 Divum
624 3785 1003 3848 Ambrosium
1033 3785 1436 3858 superioribus
1465 3784 1631 3842 libris
1661 3785 2050 3859 expositiones
2081 3785 2450 3853 Paulinorum
2481 3786 2711 3859 aliquot
2738 3787 3058 3850 inseruisse
3070 3789 3200 3860 jam
3235 3793 3369 3846 ante
3398 3804 3501 3855 non
3526 3781 3664 3842 semel

313 3879 710 3937 indicavimus
740 3875 1063 3948 (Admonit.
1101 3874 1158 3929 in
1190 3874 1290 3930 lib.
1323 3874 1389 3938 de
1421 3875 1600 3942 Tobz’a,
1632 3873 1733 3936 lib.
1780 3875 1848 3933 de
1875 3876 2154 3948 Interpell.
2206 3877 2258 3932 el
2287 3876 2508 3953 Apolog.
2538 3876 2756 3948 David),
2789 3893 2856 3942 ac
2902 3880 3180 3951 praeterea
3237 3877 3404 3938 etiam
3458 3874 3508 3930 in
3558 3871 3662 3932 sub-

313 3968 584 4042 sequenti
617 3965 918 4022 volumine
948 3963 1681 4035 animadvertemus(0rat.
1718 3963 1787 4020 de
1818 3963 1970 4021 Obit.
2017 3964 2352 4037 Theodos.).
2411 3965 2611 4028 Tanta:
2669 3963 2893 4023 scilicet
2945 3965 3242 4034 utilitatis,
3303 3965 3414 4028 imo
3463 3978 3574 4020 vero
3622 3963 3664 4014 et

314 4057 688 4126 necessitatis
719 4071 848 4112 csse
877 4054 1129 4116 ducebat
1159 4051 1501 4125 hujusmodi
1533 4053 2005 4110 enarrationibus
2029 4051 2312 4128 populum
2337 4069 2512 4110 suum
2544 4044 2853 4112 instituere
2879 4053 2890 4108 ι
2917 4069 3031 4110 non
3067 4052 3184 4110 alia
3199 4069 3422 4126 quoque
3439 4047 3570 4109 haud
3589 4047 3663 4104 du-

312 4148 406 4204 bie
434 4163 616 4204 causa
644 4145 924 4202 inductus
954 4144 1025 4205 ad
1059 4142 1237 4208 hosce
1267 4160 1347 4199 xu
1377 4141 1640 4200 Psslmos
1673 4141 2082 4204 edisserendos
2111 4141 2339 4217 appulit
2367 4140 2801 4206 mentemJllos
2821 4141 3184 4214 temporibus
3208 4138 3659 4207 occasionibusque

311 4236 559 4293 diversis
593 4235 806 4307 partim
838 4231 1258 4298 concionando,
1293 4231 1505 4304 partim
1537 4230 1834 4301 dictando,
1869 4248 2002 4289 cum
2035 4231 2315 4298 nimirum
2339 4231 2464 4308 jam
2498 4230 2729 4304 publica
2756 4231 2932 4294 verba
2963 4230 3148 4288 facere
3181 4229 3291 4290 sibi
3317 4245 3411 4303 per
3433 4222 3656 4287 valetudi-

311 4342 450 4381 nem
483 4341 597 4381 non
630 4324 847 4392 liceret,
879 4322 1231 4394 explanavit.
1266 4320 1446 4382 Istbic
1475 4325 1672 4377 autem
1702 4320 1966 4378 Psalterii
2001 4320 2211 4386 seriem
2241 4324 2481 4384 secutus
2511 4336 2624 4376 non
2657 4324 2767 4387 est,
2800 4318 3276 4394 quandoquidem
3332 4316 3520 4378 ultimo
3563 4311 3654 4367 loco

312 4413 676 4470 elucubravit
706 4411 920 4468 Psalmi
954 4428 1088 4472 xum
1111 4410 1689 4468 commentationem.
1727 4409 1890 4468 Unde
1912 4409 2206 4486 intelligas
2230 4409 2381 4475 hanc
2402 4409 2866 4474 qusalmorum
2889 4407 3287 4466 collectionem
3317 4421 3482 4480 quam
3495 4415 3656 4458 secun-

313 4503 456 4558 dum
498 4501 764 4568 ordinem
797 4517 939 4557 mss.
975 4504 1307 4560 nostrorum
1340 4498 1708 4564 exhibemus,
1734 4499 2027 4555 Ambrosii
2055 4514 2191 4568 esse
2220 4514 2338 4562 non
2369 4514 2559 4573 posse.
2592 4497 2878 4558 Fortassis
2911 4496 3071 4558 illam
3103 4493 3509 4558 concinnaverit
3533 4488 3651 4561 quis-

312 4591 472 4664 piam
502 4606 534 4646 e
564 4587 871 4661 discipulis
902 4589 1050 4660 ejus,
1084 4591 1258 4660 atque
1289 4588 1430 4646 adeo
1452 4588 1737 4648 Paulinus
1766 4587 1911 4660 ipse,
1936 4587 2154 4662 quippe
2174 4587 2275 4660 qui
2299 4587 2572 4654 ultimum
2603 4587 2868 4662 ejusdem
2899 4587 3322 4652 enarrationem
3345 4583 3434 4640 illo
3453 4581 3653 4637 dictante

311 4678 622 4752 exceperit.
657 4677 864 4733 Utrum
892 4693 1026 4734 vero
1059 4676 1345 4748 quidquid
1378 4676 1438 4734 S.
1473 4675 1690 4749 przesul
1720 4676 1779 4731 in
1805 4676 1962 4734 idem
1995 4681 2411 4751 argumentum
2441 4693 2704 4755 unquam
2735 4677 2938 4745 edidit,
2969 4692 3037 4734 ea
3064 4675 3392 4736 collectione
3419 4667 3652 4755 contine?

311 4775 429 4836 tur,
465 4769 755 4825 incertum
788 4770 896 4822 est.
930 4765 1231 4837 Siquidem
1265 4765 1421 4838 apud
1453 4766 1901 4837 antiquissimos
1931 4771 2198 4824 auctores
2230 4766 2487 4837 (Hieron.
2520 4753 2690 4840 epist.
2722 4767 2814 4837 89,
2844 4765 2902 4822 in
2933 4765 3071 4822 edit.
3122 4782 3268 4824 nova
3320 4762 3535 4834 August
3561 4753 3648 4806 753

311 4857 573 4916 Cassiod.
608 4855 712 4922 lib.
742 4854 808 4911 dc
845 4856 965 4912 Div.
1001 4855 1087 4912 lit.
1121 4869 1247 4926 cap.
1283 4855 1337 4922 4)
1367 4853 1467 4925 qui
1500 4854 1571 4912 de
1600 4852 1709 4919 hoc
1740 4851 1962 4926 aliquid
1992 4853 2299 4928 scripsere,
2342 4854 2498 4927 quod
2545 4853 2810 4918 Psalmos
2862 4853 2962 4912 ille
3015 4851 3359 4932 exposuerit,
3414 4853 3648 4916 nusquam

313 4963 661 5020 reperimus.

378 5035 653 5092 Arbitrati
685 5040 826 5092 sunt
857 5032 1118 5091 nonnulli
1152 5048 1222 5091 ex
1249 5048 1317 5088 ea
1345 5031 1671 5088 Prefatione
1693 5048 1819 5104 quae
1853 5032 2042 5105 primo
2072 5032 2306 5094 Psalmo
2340 5033 2906 5107 praemittitur,recte
2924 5025 3645 5105 colligiDoctoremnostrum

309 5127 382 5181 de
409 5125 760 5190 illustrando
788 5122 1386 5192 commentationibus
1417 5121 1574 5178 omni
1612 5121 1892 5188 Psalterio
1925 5122 2258 5194 suscepisse
2288 5121 2622 5182 consilium.
2643 5123 2860 5180 Verum
2892 5121 3153 5184 cumrilla
3173 5117 3417 5181 Prml‘atio

311 5214 483 5269 modo
515 5212 740 5281 Basilii,
772 5215 846 5269 de
867 5231 984 5286 quo
1019 5211 1165 5270 nihil
1195 5210 1310 5269 tale
1341 5216 1722 5278 memoratur,
1755 5210 2144 5268 imitationem
2172 5212 2586 5280 contineamus
2619 5228 2887 5272 sermone
2916 5228 3036 5277 uno
3067 5211 3140 5273 ad
3178 5204 3442 5282 populum
3488 5195 3643 5292 belli“

313 5305 577 5371 constet;
609 5320 724 5374 quo
764 5285 1003 5375 quidem
1034 5302 1134 5358 ille
1163 5300 1531 5357 Psalmorum
1566 5302 1627 5357 in
1658 5317 1870 5374 genere
1896 5299 2101 5357 laudes
2117 5301 2460 5375 ampliﬁcat,
2483 5301 2584 5358 sed
2605 5305 2882 5376 praeterea
2911 5299 3059 5358 nihil
3089 5297 3286 5370 recipit
3323 5309 3379 5348 se
3415 5285 3642 5376 praestitu-

314 5403 446 5448 rum
480 5405 494 5442 :
527 5405 644 5452 non
675 5391 928 5450 multum
960 5407 1166 5465 urgere
1196 5389 1366 5450 nobis
1395 5389 1625 5446 videtur
1653 5407 1721 5450 ea
1751 5388 1921 5454 ratio.
1954 5388 2104 5446 Hinc
2132 5388 2304 5462 paulo
2342 5375 2686 5454 validiorem
2737 5389 2869 5459 duci
2929 5405 3099 5466 posse
3135 5383 3504 5448 existimamus
3546 5375 3638 5466 ίυπξ

315 5475 472 5547 quod
501 5475 800 5532 Psalmum
833 5453 999 5534 xxxvi
1029 5453 1345 5537 cnucleans
1375 5479 1803 5538 enarrationem
1836 5453 1949 5540 tvu
1980 5453 2542 5552 polliceatur-(num.
2574 5480 2686 5553 32),
2719 5457 2899 5554 quam
2927 5453 3044 5536 non
3073 5472 3335 5548 reliquit:
3364 5474 3474 5527 tum
3521 5453 3634 5554 Clu"d

317 5581 453 5619 xuii
483 5563 776 5641 integrum
807 5567 1112 5636 explanare
1146 5583 1261 5621 non
1291 5566 1558 5633 valuerit,
1591 5567 1784 5623 ultimi
1806 5569 1899 5623 sui
1940 5567 2130 5624 morbi
2161 5566 2590 5625 conﬂictatione
2619 5552 2996 5641 prmpadiiaﬂ.
3053 5558 3435 5628 Pulcherrima
3484 5552 3634 5608 autem

321 5648 403 5702 illi
434 5647 765 5704 Praefationi
798 5651 898 5706 Vir
929 5658 1166 5709 sanctus
1197 5653 1370 5725 primi
1403 5654 1617 5710 Psalmi
1650 5658 2071 5729 expositionem
2102 5658 2381 5724 continua
2411 5655 2564 5723 serie
2589 5657 2928 5730 comit;
2963 5662 3030 5714 ut
3083 5671 3149 5712 ea
3195 5643 3504 5708 ιηηιὶίὶοιθ
3548 5644 3632 5730 φξ

324 5735 472 5792 inter
503 5751 559 5792 se
591 5735 700 5792 illas
725 5739 1089 5811 copulantur,
1109 5723 1512 5812 intelligimus.
1547 5743 1656 5799 Sed
1681 5723 1822 5800 illud
1846 5748 2223 5820 quoqueistic
2248 5723 2766 5806 animadvertimus
2795 5723 2988 5822 ipsum
3011 5747 3070 5805 in
3100 5738 3445 5804 Ecclesium
3465 5731 3511 5785 et
3536 5723 3630 5797 Ροεί
