3894 6208
167 271 276 330 961
915 269 1522 331 ENARRATIONES
1570 270 1647 329 ΙΝ
1696 269 2054 332 PSALMOS
2101 270 2230 330 XII.
2264 304 2340 316 —
2370 272 2830 334 ADMONITIO.
3455 279 3573 338 962

163 404 482 458 consuetos
509 400 880 458 Psalmorum
909 403 1130 458 cantus
1148 415 1480 458 sermonem
1513 399 1789 458 habuisse
1815 421 1828 470 ;
1861 417 1965 458 nec
1995 419 2109 458 non
2144 419 2257 458 una
2288 419 2422 459 cum
2453 403 2582 460 aliis
2612 403 2983 461 auditoribus
3027 406 3363 464 interfuisse
3420 413 3572 466 cate-

163 489 516 548 chumenos.
549 491 714 558 Quod
747 489 893 547 forte
932 507 1048 546 non
1075 489 1230 546 male
1259 491 1456 563 arguit
1484 490 1756 546 eumdem
1786 506 1887 562 per
1915 483 2434 563 Quadragesimam
2467 508 2595 548 esse
2627 491 3090 564 pronuntiatum.
3124 497 3305 567 Cujus
3352 509 3572 554 annum

165 579 279 636 etsi
313 584 470 636 certo
498 597 616 636 non
641 573 1172 652 deprehendamus,
1201 582 1410 635 tamen
1429 579 1501 634 ad
1524 575 1683 635 illius
1718 579 2107 652 cognitionem
2142 581 2410 637 accedere
2443 585 2759 654 utcumque
2793 600 3130 655 possumus.
3167 577 3392 640 Etenim
3445 603 3575 642 eam

167 668 513 726 concionem
546 685 662 737 non
692 671 921 724 tantum
952 667 1120 724 libris
1149 670 1223 724 De
1249 670 1401 724 obitu
1435 669 1633 739 fratris
1665 667 1852 741 Satyri
1881 685 1946 724 ac
1976 669 2048 723 De
2065 669 2169 739 ﬁde
2201 671 2613 726 resurrectionis
2644 670 2743 742 qui
2776 670 2834 726 in
2867 673 3069 728 eadem
3127 673 3400 742 citantur,
3442 691 3576 731 con-

167 762 294 815 stat
318 757 698 830 posteriorem
729 773 860 813 esse
882 775 898 825 ;
929 756 1320 814 verumetiam
1336 760 1466 830 post
1480 756 1824 830 popularem
1845 760 2085 812 cantum
2111 756 2170 812 in
2189 755 2446 813 Ecclesia
2467 757 2887 815 Mediolanensi
2925 760 3258 817 institutum
3291 761 3572 820 habitam.

165 846 427 919 Coepisse
457 847 617 903 enim
649 845 848 920 populi
880 850 1117 902 cantum
1153 845 1500 919 priusquam
1531 835 1623 901 hic
1655 837 1922 902 Psaimus
1945 845 2018 900 ab
2040 845 2344 902 Ambrosio
2374 847 2780 919 explicaretur,
2806 849 2928 920 ipse
2948 850 3091 906 satis
3113 850 3406 920 declarat;
3440 869 3576 909 cum

166 940 304 1010 post
345 934 1102 1004 memoratam-mulierum,
1133 933 1451 1008 virginum,
1492 951 1724 1000 senum,
1775 935 2346 1008 infantium,regum,
2380 936 2646 992 miletum
2679 937 3067 1010 psalmodiam
3105 941 3184 996 ita
3217 941 3528 1016 subjungit
3560 960 3574 999 :

168 1028 310 1082 Cum
335 1025 590 1080 Psalmis:
620 1025 841 1096 legitur,
875 1025 993 1097 ipse
1017 1025 1127 1080 sibi
1154 1025 1371 1098 eﬂ‘ector
1399 1028 1476 1081 est
1494 1024 1927 1081 sitentii.0mnes
1949 1025 2264 1096 loquuntur,
2297 1033 2348 1080 et
2372 1041 2526 1082 nemo
2559 1026 2812 1096 obstrepit
2844 1023 3090 1094 (Praefat.
3129 1047 3289 1085 num.
3330 1029 3408 1102 9).
3443 1024 3578 1097 Quae

167 1129 314 1169 sane
347 1111 504 1168 haud
535 1112 779 1168 obscure
808 1111 1120 1185 designant
1149 1111 1347 1168 studia
1375 1111 1623 1169 recentis
1645 1111 1895 1169 instituti
1918 1112 2110 1168 adhuc
2137 1109 2418 1169 ferventia
2451 1130 2465 1180 ;
2500 1113 2652 1168 unde
2683 1112 2746 1168 tit
2780 1119 2841 1168 ut
2871 1116 3136 1173 eamdem
3156 1118 3406 1190 opellam
3426 1111 3582 1179 ultra

169 1217 399 1258 annum
429 1215 602 1255 cccxc
635 1197 1008 1271 rejiciendam
1041 1216 1156 1256 non
1189 1203 1484 1271 putemus.

244 1289 464 1346 Psalmi
496 1305 642 1344 xxxv
670 1293 728 1344 et
756 1288 943 1345 alioru
962 1288 1284 1361 mquinque
1307 1290 1679 1370 sequentium
1703 1289 2102 1346 enarrationes
2124 1292 2393 1346 eumdem
2415 1291 2694 1347 orationis
2713 1292 3101 1350 characterem
3135 1313 3248 1368 prae
3280 1313 3345 1354 se
3365 1297 3580 1356 ferunt.

167 1381 352 1436 Extra
382 1377 838 1434 controversiam
869 1382 960 1434 est
987 1395 1086 1434 eas
1117 1393 1322 1434 omnes
1353 1379 1430 1434 ad
1458 1379 1741 1451 populum
1777 1378 1955 1434 fuisse
1988 1379 2429 1452 pronuntiatus;
2465 1379 2571 1435 hoc
2603 1380 2756 1435 enim
2792 1384 3101 1454 Scriptura:
3124 1402 3252 1457 quae
3294 1386 3352 1441 in
3384 1387 3583 1445 Eccleo

167 1472 266 1525 sia
321 1468 538 1524 eodem
584 1467 677 1522 die
719 1466 866 1522 lecta
896 1465 1084 1522 fuerat
1111 1465 1459 1539 priusquam
1490 1466 1708 1523 diceret
1735 1467 2102 1535 Ambrosius,
2135 1468 2408 1540 frequens
2441 1467 2659 1524 mentio
2690 1469 2832 1524 satis
2859 1472 3112 1528 ostendit
3139 1474 3219 1544 (in
3241 1475 3389 1531 Psal.
3415 1494 3579 1546 xxxv,

171 1577 230 1614 n.
267 1559 379 1625 20;
405 1559 466 1613 in
490 1556 642 1612 Psal.
675 1573 870 1626 χχχνι,
899 1573 955 1611 n.
984 1559 1019 1609 2
1046 1561 1102 1611 et
1126 1555 1310 1624 alibi).
1346 1555 1492 1612 Cum
1520 1559 1718 1612 autem
1749 1555 1880 1629 pius
1908 1561 2105 1629 pastor
2136 1556 2304 1612 unice
2333 1557 2528 1629 gregis
2560 1556 2649 1611 sui
2711 1559 3028 1629 profectum
3083 1560 3140 1616 in
3199 1564 3581 1623 concienibus

164 1645 654 1720 spectaret-suis;
693 1645 908 1701 idcirco
941 1645 998 1700 in
1032 1644 1123 1700 his
1152 1645 1448 1718 praecipua
1477 1645 1731 1717 quadam
1763 1662 1904 1700 cura
1934 1644 2212 1700 moralem
2266 1661 2504 1700 sensum
2545 1645 2792 1716 vestigat
2833 1652 2888 1702 et
2938 1652 3328 1722 prosequitur.
3381 1655 3581 1714 Sicubi

168 1743 382 1793 tamen
408 1733 638 1808 mystici
675 1733 973 1790 evolvendi
1003 1738 1271 1789 occurrat
1307 1733 1629 1799 locus,eum
1659 1733 1770 1789 sibi
1802 1733 2044 1789 minime
2075 1733 2465 1789 omittendum
2490 1737 2678 1806 putat.
2715 1735 3149 1795 Vcrumtamem
3173 1757 3300 1813 quae
3321 1760 3431 1800 sua
3456 1762 3580 1803 mo-

168 1824 370 1880 destia
398 1827 506 1892 est,
541 1822 682 1878 dum
708 1822 767 1877 in
803 1826 1049 1892 utroque
1069 1837 1250 1878 sensu
1281 1821 1530 1878 aliorum
1564 1821 1792 1894 placitis
1819 1839 1988 1878 suam
2017 1839 2248 1894 quoque
2290 1821 2490 1893 adjicit
2548 1823 2921 1893 sententiam,
2973 1827 3308 1887 auditorum
3361 1833 3582 1904 judicio

169 1913 465 1985 quidnam
497 1915 773 1982 praestare
803 1911 1089 1979 videatur,
1123 1927 1427 1983 nunquam
1461 1928 1576 1967 non
1609 1911 1918 1984 permittit.
1973 1911 2117 1966 llinc
2167 1910 2443 1982 praeclara
2499 1909 2634 1966 illa:
2693 1912 2943 1968 Nostrum
2999 1919 3080 1970 est
3133 1919 3283 1974 enim
3339 1937 3586 1993 quaret“:

170 2005 494 2070 ueritatem,
535 2006 698 2056 tuum
725 2009 806 2056 est
834 2000 1038 2071 eligere
1063 1999 1193 2074 quid
1221 2001 1468 2072 sequaris
1499 2000 1579 2071 (in
1603 2001 1754 2056 Psat.
1788 2017 2022 2069 xxxviii,
2056 2018 2112 2054 n.
2145 2002 2257 2070 22).
2290 2002 2363 2055 At
2393 2016 2524 2055 vero
2556 1999 2672 2055 illic
2705 2019 2818 2057 non
2851 2001 3044 2059 solum
3077 2021 3269 2064 mores
3293 2010 3378 2065 ad
3398 2010 3586 2068 virtu-

168 2097 294 2148 tem
328 2081 689 2147 inl'ormandi
712 2085 978 2145 studium
1007 2088 1233 2157 elucet;
1265 2105 1503 2146 summa
1532 2089 1772 2161 insuper
1800 2089 2113 2145 adhibetur
2145 2088 2468 2161 diligentia,
2506 2093 2569 2144 ut
2603 2095 2827 2148 mentes
2859 2091 3195 2150 orthodoxe
3248 2097 3384 2152 fidei
3441 2099 3582 2174 dog;-

169 2180 356 2237 matis
388 2180 752 2235 imbuantur.
785 2179 866 2234 Ea
891 2178 960 2234 de
989 2195 1170 2234 causa
1198 2177 1388 2235 varios
1419 2177 1746 2246 haereticos,
1779 2183 1839 2233 ut
1871 2183 2012 2250 puta
2041 2177 2264 2244 Novati,
2295 2177 2709 2250 Appollinaris,
2745 2196 2809 2234 ac
2841 2179 3215 2252 potissimum
3243 2186 3366 2241 Arii
3399 2194 3584 2247 secta-

166 2276 343 2328 tores
365 2269 694 2340 impugnat.
729 2267 950 2323 Ibidem
980 2266 1156 2324 etiam
1187 2269 1507 2324 non-modo
1539 2267 1860 2324 Trinitatis
1894 2270 2067 2338 atque
2098 2265 2522 2322 incarnationis
2583 2267 2860 2340 mysteria
2897 2270 3112 2327 enodat
3165 2277 3222 2328 et
3278 2277 3588 2335 conﬁrmat

166 2356 467 2432 singulari
498 2355 913 2429 perspicuitate
937 2373 950 2411 ε
985 2356 1087 2412 sed
1101 2355 1461 2430 etgeminam
1480 2355 1693 2413 Christi
1727 2355 2082 2412 voluntatem
2113 2359 2290 2427 atque
2317 2355 2714 2428 Operationem
2743 2355 2824 2412 ita
2843 2357 3092 2431 explicat
3113 2362 3192 2433 (in
3214 2364 3362 2420 Psal.
3391 2383 3584 2437 χχχιχ,

165 2468 227 2506 n.
268 2439 340 2503 16
355 2451 414 2502 et
441 2445 626 2514 alibi),
660 2448 724 2500 ut
754 2443 846 2499 vix
871 2445 1246 2516 praestantius
1281 2445 1607 2517 quidquam
1640 2445 1773 2517 post
1801 2448 2030 2499 exertos
2077 2443 2491 2499 Monothelitas
2548 2451 2931 2518 exspectares.
2993 2448 3154 2506 Facit
3211 2457 3407 2511 autem
3467 2455 3587 2514 haec

168 2537 528 2612 mysterium
560 2539 682 2590 tam
710 2533 1058 2590 sublimium
1089 2533 1395 2606 expositio,
1431 2538 1492 2589 ut
1523 2534 1573 2590 ei
1603 2531 1760 2590 solos
1792 2531 2129 2589 interfuisse
2154 2532 2480 2606 baptizatos
2511 2533 2933 2604 existimemus;
2967 2537 3216 2597 Maxime
3273 2559 3409 2600 cum
3457 2545 3601 2602 istic-

167 2625 328 2684 nihil
363 2625 725 2690 observetur,
756 2622 914 2695 quod
943 2625 1080 2696 apte
1106 2623 1179 2678 ad
1206 2617 1660 2679 catechumenos
1693 2625 1868 2694 queat
1897 2621 2116 2677 referri.
2150 2619 2434 2678 Caeterum
2468 2639 2572 2678 nec
2605 2622 2682 2679 ibi
2714 2641 2815 2695 pro
2840 2627 3142 2685 occasione
3198 2632 3588 2702 praetermittit

161 2717 346 2773 tritas
377 2713 664 2787 quasdam
698 2712 1006 2768 retundere
1034 2711 1477 2768 idololatrarum
1509 2711 1972 2769 criminationes.

244 2803 533 2876 Quisquis
553 2801 789 2858 easdem
821 2801 1368 2872 commentationes,
1391 2799 1685 2874 imprimis
1715 2804 1909 2857 autem
1942 2800 2626 2873 ipsarumexordiainter
2647 2819 2708 2859 se
2731 2820 2842 2860 non
2867 2805 3254 2875 perfunctorie
3284 2825 3586 2885 compara.

164 2895 349 2961 verit,
376 2895 607 2948 tantum
636 2889 698 2946 in
728 2890 813 2946 eis
839 2889 1259 2946 cohaerentiam
1288 2889 1816 2962 cognationemque
1843 2889 2262 2962 deprehendet,
2313 2895 2376 2946 ut
2405 2892 2628 2948 detecto
2664 2897 2884 2965 quotus
2929 2911 3121 2952 annus
3171 2899 3270 2952 uni
3329 2899 3586 2974 cuipiam

165 2982 423 3049 inscribi
455 2981 682 3049 debeat,
713 2979 1045 3035 crediturus
1076 2980 1154 3036 sit
1181 2983 1411 3037 etatem
1451 2979 1716 3035 omnium
1749 2978 1862 3034 sibi
1895 2995 2022 3034 esse
2049 2978 2599 3050 exploratissimam.
2635 2979 2837 3053 Itaque
2866 2980 2998 3039 illas
3029 3001 3157 3040 non.
3185 2986 3296 3042 nisi
3329 2994 3460 3060 post
3487 3006 3586 3046 VIII

169 3075 318 3130 ldus
349 3071 510 3142 Sept.
543 3067 680 3125 anni
709 3069 814 3122 393
872 3066 1209 3125 lucubratas
1240 3072 1342 3124 aut
1371 3071 1671 3140 peroratas
1701 3066 1882 3123 fuisse
1913 3066 2067 3122 haud
2104 3084 2316 3140 magno
2347 3069 2578 3140 negotio
2619 3085 3078 3142 cognoscemus;
3117 3090 3251 3129 cum
3274 3076 3590 3135 evidentis-

165 3163 404 3221 simum
424 3159 503 3214 sit
528 3157 889 3214 mentionem
913 3155 975 3212 in
1005 3155 1234 3214 Psalmo
1265 3155 1582 3212 xxxvxfieri
1620 3155 1870 3212 victorias
1901 3156 2121 3226 (Enarr.
2169 3159 2230 3212 in
2282 3157 2431 3222 Psat,
2487 3174 2678 3222 χχχνι,
2730 3175 2894 3214 num.
2933 3160 3018 3230 19)
3051 3177 3226 3232 quam
3268 3179 3334 3220 eo
3356 3165 3448 3222 die
3479 3183 3587 3239 ope

168 3248 380 3306 divina
409 3249 480 3303 de
511 3245 767 3318 Eugenio
789 3249 1035 3317 tyranno
1066 3243 1380 3318 reportavit
1407 3244 1788 3300 Theodosius.
1822 3245 1890 3298 Et
1919 3244 2069 3298 hanc
2103 3243 2382 3315 temporis
2415 3244 2812 3301 definitionem
2846 3247 3354 3308 confirmanttene
3377 3254 3584 3310 multa.

167 3338 446 3395 Primum
476 3333 634 3390 enim
661 3335 909 3389 Sanctus
940 3331 1035 3388 hic
1065 3335 1262 3416 noster
1289 3331 1361 3389 de
1389 3331 1776 3388 Sarmationis
1813 3349 1880 3387 ac
1910 3330 2244 3387 Barbatiani
2303 3331 2619 3388 defectione
2650 3350 2685 3388 a
2741 3334 3062 3390 monastico
3121 3336 3362 3394 instituo
3417 3342 3586 3412 quasi

167 3427 248 3482 de
283 3441 346 3481 re
377 3423 621 3480 minime
651 3421 867 3478 recenti
900 3419 1163 3493 loquitur
1185 3431 1208 3476 :‘
1230 3420 1467 3486 Dudum,
1501 3419 1696 3493 inquit
1724 3419 1912 3492 (Enar.
1937 3421 1998 3474 in
2023 3420 2172 3474 Psat.
2208 3437 2394 3488 xxxvi,
2426 3435 2590 3475 num.
2645 3422 2758 3492 49),
2789 3421 2854 3477 de
2907 3427 3255 3481 monasteriis
3310 3430 3584 3486 exierunt.

168 3517 403 3572 Horum
435 3517 631 3568 autem
653 3515 1056 3583 apostathrdm
1089 3507 1288 3583 fugam
1311 3506 1386 3565 ad
1415 3513 1636 3564 annum
1696 3510 1801 3564 389
1852 3508 2026 3565 refert
2083 3509 2412 3565 accuratior
2465 3509 2825 3582 supputatio.
2875 3509 3094 3568 Deinde
3123 3514 3221 3570 ubi
3252 3515 3429 3573 dicit:
3485 3520 3589 3574 Ex.

165 3608 438 3662 stiterunt
467 3603 666 3657 Ariani
695 3600 872 3670 regali
900 3600 1129 3655 subniri
1151 3601 1415 3670 potentia,
1449 3601 1546 3671 qui
1585 3600 1849 3670 templum
1881 3599 2103 3654 Domini
2146 3606 2408 3670 putarent
2453 3600 2562 3653 sibi
2615 3615 2727 3654 esse
2781 3600 3130 3674 tradendum,
3159 3609 3588 3675 persecutionem

166 3694 378 3751 acerba
404 3693 720 3746 minitantes
745 3690 966 3760 (Enarr.
1001 3690 1061 3743 in
1090 3689 1239 3743 Psal.
1271 3704 1488 3758 xxxvu,
1513 3701 1675 3743 num.
1711 3685 1777 3742 19
1807 3701 1862 3742 et
1893 3703 2057 3742 num.
2089 3687 2178 3758 ⁵13)
2205 3703 2218 3754 ;
2245 3689 2624 3758 nequaquam
2648 3687 2965 3744 obscurum
3006 3696 3092 3746 est
3125 3694 3587 3764 persecutionem

164 3781 425 3841 Justinus
456 3778 768 3851 designari.
802 3777 1013 3845 Tertio,
1047 3793 1237 3832 nonne
1258 3775 1653 3832 Theodosium
1693 3776 1766 3831 ab
1795 3774 2406 3831 Thessalonicensium
2439 3775 2657 3831 caedem
2705 3777 3018 3834 admonere
3051 3779 3276 3837 videtur
3305 3783 3423 3840 illis
3461 3802 3585 3840 ver-

167 3873 309 3929 bis:
371 3869 694 3936 Imitamini,
730 3869 1104 3939 imperatores,
1135 3865 1450 3938 exmplum
1483 3865 1754 3932 diuinum,
1789 3868 1897 3920 etc.
1933 3865 2017 3935 (In
2065 3865 2214 3922 Psat.
2247 3881 2336 3936 χι,
2370 3875 2534 3920 num.
2562 3865 2700 3936 38)?
2743 3866 2852 3923 Sed
2904 3884 3092 3940 neque
3143 3870 3310 3927 nobis
3347 3873 3586 3929 absurdi

171 3965 382 4018 notam
417 3958 622 4014 merito
653 3957 968 4029 quisquam
1000 3955 1298 4026 inusserit,
1331 3954 1726 4010 si‘diXet-imus
1754 3943 1972 4009 ibidem
2003 3967 2132 4009 esse
2160 3951 2461 4025 nonnulla,
2492 3970 2619 4026 quae
2668 3955 2811 4011 scite
2866 3955 2927 4011 in
2981 3957 3244 4028 ejusdem
3307 3962 3587 4034 principis

169 4063 489 4120 nunquam
521 4045 664 4103 satis
695 4045 990 4101 laudatam
1016 4043 1416 4116 paenitentiam
1448 4043 1680 4100 cadant.
1733 4043 1863 4098 Haec
1894 4047 2089 4098 autem
2119 4042 2316 4098 omnia
2345 4046 2478 4098 ante
2509 4060 2731 4100 annum
2777 4045 2883 4100 389
2913 4045 3174 4101 evenisse
3224 4047 3279 4102 in
3322 4051 3587 4107 confesso

169 4142 287 4196 est.
313 4137 613 4193 Postremo
644 4132 1062 4190 commentaria
1091 4131 1280 4189 suain
1310 4131 1523 4189 Lu'cam
1555 4131 1696 4188 citat
1717 4130 1886 4203 quasi
1919 4145 2034 4186 non
2067 4131 2148 4186 ita
2176 4131 2403 4202 pridem
2433 4132 2757 4203 composita
2811 4133 2899 4204 (in
2926 4133 3076 4188 Psal.
3133 4151 3362 4202 xxxviii,
3419 4154 3585 4194 num.

172 4230 230 4299 1)
263 4245 277 4295 ;
330 4223 804 4299 quandoquidem
832 4221 1138 4280 memorati
1169 4221 1281 4278 loci
1311 4221 1731 4294 expositionem
1759 4219 1987 4292 repetit,
2021 4227 2079 4275 ut
2111 4235 2288 4290 quam
2317 4220 2652 4275 auditorum
2683 4219 2897 4276 animis
2944 4221 3210 4295 desperet
3238 4224 3429 4281 adhuc
3458 4243 3586 4284 esse

174 4319 558 4390 praesentem.
2663 4333 2667 4336 ~

173 4409 319 4472 Quis
352 4421 487 4459 cum
519 4403 604 4460 sic
645 4402 916 4470 habeant,
945 4401 1360 4458 existimamus
1384 4399 1506 4456 fore
1545 4398 1838 4456 neminem
1873 4398 1973 4471 qui
2004 4398 2239 4454 easdem
2261 4397 2660 4454 enarrationcs
2690 4397 2762 4454 ad
2819 4398 3067 4457 Justinm
3123 4403 3585 4474 persecutionem

169 4491 536 4552 obstinatius
568 4491 903 4547 referendas
934 4499 1062 4546 esse
1085 4489 1420 4546 contendas.
1452 4487 1578 4544 Non
1609 4487 1950 4561 ignoramus
1993 4491 2190 4543 tetrica
2221 4486 2915 4559 Ripamontiutn‘,-!Iistor.
2972 4489 3187 4546 Mediol.
3225 4508 3257 4547 a
3313 4509 3376 4548 se
3432 4494 3586 4550 beati

169 4580 369 4640 Caroli
393 4581 568 4652 jussu
600 4580 889 4636 editarum
917 4578 1132 4634 decade
1163 4595 1201 4646 ι,
1234 4578 1528 4634 affirmare
1555 4578 1665 4634 sub
1696 4577 1851 4632 idem
1883 4581 2117 4649 tempus
2147 4575 2346 4648 praelia
2377 4575 2644 4647 quaidam
2696 4576 2847 4632 inter
2877 4577 3228 4635 orthodoxos
3253 4584 3309 4637 et
3344 4582 3587 4638 Arianos

163 4687 304 4729 esse
333 4669 672 4737 commissa,
706 4669 766 4723 in
807 4667 1026 4740 quibus
1071 4665 1258 4722 multa
1314 4665 1370 4721 in
1405 4665 1668 4738 priorum
1699 4664 1950 4738 gratiam
1984 4663 2264 4720 miracula
2295 4663 2386 4720 his
2419 4681 2544 4736 quae
2575 4665 2633 4719 in
2683 4665 2914 4722 Psalmo
2943 4684 3017 4721 χχ
3036 4684 3131 4722 XVI
3151 4669 3585 4741 describuntur,

170 4759 355 4833 plane
384 4756 605 4815 similia
632 4755 1001 4828 contigerint.
1035 4754 1252 4811 Verum
1285 4753 1463 4826 hujus
1492 4754 1746 4810 auctoris
1776 4769 1910 4809 cum
1932 4770 2046 4809 non
2089 4751 2202 4809 nisi
2233 4752 2524 4809 veteribus
2554 4753 2914 4826 quibusdam
2943 4755 3231 4827 iconibus,
3256 4758 3587 4832 inscriptio-

173 4849 380 4917 nibus,
408 4853 510 4903 ειη
540 4845 795 4918 denique
843 4847 1138 4900 certorum
1167 4841 1427 4898 iocorum
1460 4841 1954 4914 appellationibus
1983 4841 2226 4908 nitatur,
2254 4841 2572 4898 auctoritas
2601 4859 2715 4898 non
2749 4847 2838 4898 est
2884 4843 3050 4913 tanti,
3111 4849 3174 4900 ut
3232 4847 3585 4920 scriptorum

173 4935 450 4994 omnium
481 4933 590 4991 soli
622 4932 770 4990 bello
796 4923 855 4988 in
891 4931 1212 5006 Eugenium
1239 4937 1554 5004 tyrannum
1580 4932 1745 5003 gesto
1794 4931 1995 4986 eadem
2041 4930 2307 5003 prodigia
2339 4930 2727 4987 tribuentium
2786 4933 3098 4988 consensui
3155 4940 3588 5007 anteponantur

171 5027 342 5084 Nam-
361 5023 515 5096 quod
548 5027 788 5079 sanctus
817 5011 918 5077 Vir
944 5019 1288 5093 petitionem
1320 5019 1670 5074 Arianorum
1693 5035 1818 5089 quae
1841 5016 2063 5089 aliquot
2091 5023 2223 5073 ante
2253 5035 2438 5075 annos
2460 5021 2612 5076 facta
2633 5022 2841 5090 fuerat,
2875 5028 3308 5091 commemoret,
3341 5023 3399 5080 id
3432 5025 3588 5082 certe

175 5131 298 5170 non
331 5112 522 5185 magis
553 5109 769 5166 mirum
799 5108 980 5166 videri
1009 5107 1200 5178 debet,
1234 5123 1413 5180 quam
1437 5105 1592 5180 quod
1625 5103 1910 5160 librorum
1932 5105 1997 5160 de
2025 5107 2362 5163 Ptenitentia
2395 5107 2581 5164 multo
2613 5109 3012 5182 antiquiorum
3043 5111 3126 5182 (in
3164 5113 3314 5168 Psal.
3374 5131 3463 5184 χι,
3525 5133 3583 5171 n.

170 5203 292 5274 24),
325 5201 442 5257 imo
469 5204 526 5258 et
571 5203 814 5255 eventus
840 5196 1150 5269 cujusdam
1196 5211 1372 5268 quem
1435 5210 1581 5268 puer
1636 5193 1829 5251 adhuc
1895 5194 2020 5266 ipse
2077 5200 2479 5266 conspexerat,
2536 5199 2895 5256 mentionem
2954 5198 3293 5273 neutiquam
3351 5207 3584 5276 praeter-

174 5289 432 5348 miserit.

248 5380 418 5436 Nunc
446 5377 753 5435 veniamus
783 5374 854 5432 ad
885 5373 1332 5447 explicationem
1364 5361 1581 5430 Psalmi
1612 5389 1771 5438 me,
1803 5371 1959 5444 quod
1983 5389 2052 5427 ex
2083 5372 2357 5443 operibus
2387 5372 2651 5430 Doctoris
2711 5377 2893 5432 nostri
2945 5377 3218 5435 ultimum
3277 5386 3386 5436 est;
3447 5371 3584 5438 Eam

170 5468 274 5527 ille
322 5467 567 5526 Paulino
603 5466 847 5523 diacono
873 5481 980 5521 suo
1010 5468 1186 5536 atque
1216 5461 1561 5520 amanuensi
1594 5462 1798 5534 paucis
1829 5464 2142 5534 antequam
2195 5460 2312 5517 fato
2347 5461 2706 5534 iungeretur,
2751 5465 2958 5522 diebus
3012 5463 3271 5536 dictavit,
3295 5470 3422 5542 jam
3474 5478 3585 5528 Deo

174 5575 293 5632 quo
327 5573 509 5631 prope
554 5557 712 5612 diem
743 5553 1042 5628 potiturus
1070 5557 1213 5622 erat,
1247 5553 1456 5625 plenus
1492 5553 1596 5619 ;ut
1623 5549 1823 5624 clypeo
1843 5549 2034 5624 igneo,
2065 5565 2240 5623 quem
2272 5548 2446 5621 capiti
2468 5551 2596 5622 ejus
2639 5551 2788 5607 idem
2827 5553 3102 5611 Paulinus
3149 5557 3584 5631 impendentem

172 5648 341 5715 vidit,
363 5645 844 5722 portendebatur.
871 5643 934 5700 In
964 5642 1074 5700 hac
1105 5641 1360 5716 profecto
1389 5639 1794 5698 lucubratione
1829 5638 2155 5714 singularia
2202 5639 2469 5714 quaedam
2526 5639 2808 5700 virtutum
2839 5643 3166 5716 specimina
3222 5647 3586 5722 consignavit

172 5738 424 5817 (Paulin.
449 5738 513 5796 in
550 5736 667 5798 Vita
693 5733 1054 5808 Ambrosii);
1087 5745 1193 5793 nec
1222 5729 1379 5792 enim
1409 5733 1640 5790 tantum
1671 5729 2020 5792 modestiam
2052 5727 2368 5794 maximam
2398 5727 2594 5807 prodit
2622 5743 2756 5788 eum
2788 5729 2848 5788 in
2875 5730 3233 5806 explicandis
3262 5735 3581 5813 Scripturis
