3894 6208
166 312 289 377 965

1334 312 1791 377 ENARRATIO
1837 314 1910 376 IN
1958 308 2337 377 PSALMUM
2382 313 2426 375 Ι.

3457 308 3585 373 966

172 463 308 502 sum
338 444 600 501 hominis
630 442 838 501 habuit
870 462 883 511 ;
927 445 998 500 ad
1061 444 1291 517 lapsum
1350 446 1507 503 enim
1565 448 1816 520 speciem
1850 458 1903 522 Α
1931 464 2062 503 cum
2102 448 2225 501 suis
2256 447 2521 518 copiis,in
2558 449 2782 517 majora
2809 445 3111 517 ingenium
3143 444 3417 501 attollens
3474 462 3577 501 su-

172 533 486 608 praetendit
515 537 759 589 naturae.
793 533 1165 590 Delectarunt
1191 534 1347 589 enim
1379 551 1555 607 opera
1583 553 1692 591 sua
1710 537 1822 591 Do-

172 623 405 678 minum
440 622 852 677 :delectarunt
882 620 1068 694 prima
1112 626 1336 677 natura:
1385 623 1639 692 exordia,
1697 641 1824 696 qua:

169 712 383 768 videns
411 708 697 767 Dominus
725 710 808 766 ait
839 726 853 764 :
886 732 915 759 «
948 711 1107 766 Bona
1135 709 1300 766 valde
1330 711 1522 783 (Gem,
1556 730 1593 778 1,
1620 713 1732 785 31).
1769 734 1796 762 ››

244 802 302 854 2.
335 799 603 855 Laudant
631 798 821 872 angeli
866 798 1203 865 Dominum,
1237 799 1499 872 psallunt
1549 802 1601 857 ei
1660 805 1826 874 pote-

174 893 363 945 states
409 886 711 955 ecelorum,
764 890 824 943 et
881 892 1015 943 ante
1073 887 1269 960 ipsum
1327 888 1563 944 initium
1619 889 1826 944 mundi

173 976 496 1033 Cherubim
513 981 571 1032 et
588 975 894 1048 Seraphim
916 976 1155 1047 (2),cum
1179 976 1464 1033 suavitate
1485 994 1707 1033 canorae
1727 995 1828 1033 vo-

176 1067 266 1121 cis
288 1083 407 1122 sua
430 1065 670 1120 dicunt:
697 1087 724 1114 ‹‹
750 1065 1020 1133 Sanctus,
1039 1069 1302 1130 sanctus,
1325 1071 1566 1121 sanctus
1599 1066 1722 1138 (Isa.
1745 1083 1824 1133 v1,

175 1156 257 1225 3).
295 1177 322 1202 ››
348 1155 662 1229 Innumera
693 1153 844 1209 ηδ
877 1153 1217 1225 angelorum
1251 1153 1436 1209 millia
1451 1153 1830 1218 assistunt,et

178 1243 447 1300 seniores
476 1245 533 1297 et
562 1243 733 1297 turba
763 1257 977 1314 magna
1007 1242 1159 1298 sicut
1183 1259 1351 1298 voces
1373 1259 1659 1315 aquarum
1683 1241 1833 1299 mul-

179 1337 378 1387 tarum
400 1330 719 1386 concinunt
736 1330 976 1385 Alleluia
1002 1330 1208 1402 (Apoc.,
1232 1347 1347 1397 χιχ,
1374 1332 1426 1396 1,
1446 1332 1504 1398 4,
1529 1332 1604 1404 6).
1630 1331 1830 1403 Ipsum

181 1436 351 1475 axem
383 1419 512 1474 coeli
542 1421 654 1474 iert
681 1418 1010 1491 expressior
1056 1435 1249 1474 sermo
1281 1419 1354 1489 (3)
1410 1436 1543 1475 cum
1577 1421 1831 1492 quadam

180 1507 452 1582 perpetui
501 1513 829 1562 concentus
878 1508 1162 1563 suavitate
1234 1509 1473 1573 veisari,
1533 1514 1598 1563 ut
1653 1525 1833 1564 sonus

183 1599 319 1669 ejus
344 1586 621 1653 eitremis
652 1601 936 1651 terrarum
967 1597 1233 1667 partibus
1265 1598 1567 1652 audiretur
1591 1599 1688 1665 (εἰ),
1733 1599 1830 1652 ubi

185 1692 329 1741 sunt
359 1685 626 1755 quaedam
650 1691 873 1739 secreta
904 1690 1145 1738 naturae.
1182 1685 1295 1739 Nec
1327 1685 1380 1739 id
1418 1686 1488 1739 ab
1516 1702 1623 1741 usu
1660 1692 1833 1740 natu-

186 1792 264 1830 raa
302 1774 564 1829 alienum
623 1772 896 1839 videtur;
948 1774 1426 1844 quandoquidem
1485 1791 1592 1829 vox
1649 1774 1833 1829 missa

184 1861 441 1934 gratiore
471 1860 681 1932 plausu
712 1877 743 1915 e
772 1860 1111 1917 nemoribus
1169 1860 1427 1927 resultet,
1463 1866 1564 1916 aut
1620 1864 1831 1918 monti-

184 1953 322 2017 bus,
354 1958 409 2004 et
437 1949 701 2005 suaviore
729 1965 872 2004 sono
903 1949 1152 2004 reddant
1181 1950 1337 2021 quod
1370 1951 1717 2021 acceperint.
1768 1950 1833 2005 In

188 2037 455 2111 scopulis
484 2054 717 2109 quoque
748 2037 893 2108 ipsis
918 2042 977 2092 et
1004 2037 1299 2110 lapidibus
1355 2038 1570 2109 reperit
1625 2043 1837 2094 natura

191 2128 349 2200 quod
377 2123 710 2182 delectaret.
750 2124 1012 2181 Aliorum
1068 2125 1326 2198 specula,
1385 2126 1633 2182 aliorum
1695 2144 1836 2182 usus

191 2214 445 2271 delectat
473 2219 575 2270 aut
603 2214 811 2286 gratia.
863 2214 1016 2270 Ferae
1069 2213 1234 2287 ipsis,
1294 2218 1473 2286 atque
1532 2231 1668 2270 aves
1725 2215 1837 2270 loci

193 2302 534 2360 ammnioris
618 2306 719 2357 aut
774 2301 1180 2357 modulatioris
1247 2302 1404 2358 vocis
1457 2301 1838 2359 delectatione

192 2391 550 2448 mulcentur.
584 2390 952 2447 Lactentibus
982 2407 1216 2463 quoque
1254 2392 1512 2464 parvulis
1542 2395 1645 2447 aut
1675 2406 1841 2448 seve-

194 2483 338 2536 ritas
366 2480 573 2535 terrori
604 2483 714 2547 est,
746 2483 848 2535 aut
878 2478 1174 2535 blanditias
1206 2479 1511 2552 voluptati.
1546 2478 1839 2535 Naturalis

194 2568 379 2641 igitur
405 2566 712 2623 delectatio
743 2572 851 2623 est.

262 2658 319 2713 3.
354 2655 519 2712 Unde
549 2660 606 2712 et
630 2655 810 2711 David
857 2660 1118 2721 sanctus,
1153 2656 1255 2728 qui
1314 2657 1640 2712 adverteret
1687 2657 1842 2713 unde

193 2745 396 2812 homo,
428 2747 484 2799 et
514 2760 632 2815 qua
655 2748 810 2800 esset
840 2743 1044 2800 fraude
1072 2744 1333 2816 dejectus
1355 2746 1515 2816 (nam
1547 2745 1597 2799 si
1617 2746 1840 2801 tenuis-

194 2836 285 2890 set
314 2831 572 2888 infusam
604 2831 718 2887 sibi
747 2849 783 2887 a
811 2832 1057 2888 Domino
1087 2837 1310 2888 aeternae
1342 2831 1503 2888 illius
1559 2832 1841 2889 cmlestis-

196 2938 312 2993 que
340 2919 747 2976 delectationis
775 2920 1048 2992 gratiam,
1086 2937 1192 2976 nec
1221 2920 1601 2978 saecularibus
1638 2926 1846 2994 captus

196 3008 500 3066 amisisset
554 3006 867 3077 illecebris,
930 3025 1235 3081 nunquam
1281 3013 1402 3065 tam
1469 3008 1844 3077 miserabilis,

198 3113 474 3154 aerumnae
516 3096 797 3159 subiisset
842 3097 1133 3168 injurias),
1163 3096 1360 3169 itaque
1390 3114 1660 3170 reparare
1715 3115 1845 3155 eam

1865 1822 1913 1887 B

1932 552 2029 590 um
2064 535 2226 606 (quia
2270 537 2495 606 majora
2550 536 2776 591 viribus
2834 535 2957 590 suis
2988 537 3176 591 fuerat
3225 533 3576 604 assecutus),

1934 624 2229 679 canticum
2278 625 2524 680 Domino
2556 623 2763 679 cecinit
2811 622 3186 695 triumphale.
3223 622 3405 679 Maria
3434 637 3578 694 quo-

1935 728 2050 783 que
2078 716 2425 784 tympanum
2472 729 2712 768 sumens
2766 713 2956 782 (Exod.
3020 730 3114 776 xv,
3164 714 3278 781 20),
3340 716 3580 766 caeteras

1934 799 2279 855 hortabatur
2308 800 2507 856 dicens
2542 816 2554 855 :
2590 823 2617 850 «
2651 804 2962 855 Cantemus
2987 800 3230 855 Domino
3262 816 3275 854 :
3329 797 3580 871 gloriose

1934 887 2093 943 enim
2115 887 2536 944 honoriﬁcatus
2565 894 2675 955 est,
2708 905 2922 960 equum
2957 892 3015 944 et
3048 903 3414 943 ascensorem
3446 902 3583 957 pro-

1932 976 2074 1047 jecit
2098 976 2155 1030 in
2191 993 2351 1032 mare
2381 977 2561 1048 (Ibid.,
2600 978 2672 1048 1).
2710 999 2737 1026 ››
2771 978 2896 1048 ipse
2925 980 3100 1032 etiam
3161 976 3389 1048 Moyses
3447 990 3583 1030 cum

1935 1062 2124 1135 legem
2156 1064 2385 1118 Domini
2418 1063 2677 1136 legisset,
2713 1082 2827 1135 quo
2858 1065 2986 1134 ejus
3023 1064 3366 1119 memoriam
3388 1069 3584 1134 pecto-

1939 1150 2104 1206 ribus
2123 1151 2408 1225 afﬂigeret
2436 1153 2825 1215 audientium,
2879 1168 2983 1223 per
3009 1152 3301 1207 canticum
3356 1150 3593 1207 locutus

1942 1246 2033 1296 est
2061 1240 2261 1296 dicens
2292 1257 2306 1297 :
2346 1263 2373 1291 «
2404 1243 2575 1305 Audi,
2603 1242 2900 1303 coelnm,et
2927 1240 3171 1311 loquar';
3205 1244 3591 1311 exspectetur

1941 1328 2095 1385 sieut
2120 1328 2318 1401 pluvia
2347 1329 2647 1402 eloquium
2680 1347 2898 1396 meum,
2932 1338 2990 1383 et
3021 1330 3389 1384 descendant
3437 1328 3592 1385 sicut

1942 1434 2037 1473 ros
2065 1419 2240 1473 verba
2268 1436 2417 1483 mea,
2450 1420 2605 1473 sicut
2638 1418 2827 1490 imber
2878 1435 3056 1487 super
3111 1434 3374 1489 gramen,
3435 1417 3591 1472 sicut

1944 1505 2041 1560 nix
2071 1522 2247 1577 super
2276 1506 2495 1561 frenum
2519 1508 2696 1571 (Deut.
2729 1524 2904 1560 xxxn.
2944 1508 3076 1573 1-2).
3112 1528 3139 1555 »

2020 1597 2073 1651 5.
2125 1582 2456 1651 Delectatur
2509 1594 2691 1667 igitur
2740 1596 2963 1649 cantico
3020 1595 3169 1650 Deus
3227 1612 3343 1650 non
3396 1593 3589 1651 solum

1942 1687 2190 1753 laudari,
2224 1686 2323 1740 sed
2376 1685 2550 1739 etiam
2605 1684 2981 1739 reconciliari.
3046 1684 3183 1738 inde
3248 1689 3305 1739 et
3362 1684 3590 1757 Moyses

1943 1785 2085 1834 tunc
2113 1774 2365 1830 maxime
2394 1773 2618 1829 cantico
2652 1790 2792 1827 usus
2824 1777 2930 1835 est,
2966 1774 3200 1843 quando
3232 1772 3442 1828 ccelum
3500 1778 3593 1828 te-

1945 1865 2314 1922 stiiicabatur
2337 1866 2395 1916 et
2426 1866 2639 1917 terram
2679 1880 2691 1928 ;
2754 1868 2817 1915 ut
2874 1859 3122 1916 salutem
3155 1877 3324 1916 suam
3345 1862 3597 1918 caelestis

1945 1971 2088 2011 sono
2119 1950 2315 2026 gratiae
2347 1950 2749 2005 concinentem
2788 1949 3016 2003 avidius
3048 1949 3307 2004 mundus
3337 1949 3589 2016 audiret,

1943 2050 2000 2101 et
2028 2058 2205 2098 sacra:
2235 2040 2520 2095 suavitate
2552 2038 2877 2093 dulcedinis
2907 2038 2966 2092 in
2997 2043 3278 2093 aeternum
3308 2036 3455 2111 legis
3485 2039 3589 2093 ob-

1949 2128 2239 2188 servantia
2270 2127 2567 2182 mentibus
2595 2126 2839 2181 inoleret
2868 2125 3167 2181 humanis.
3202 2125 3465 2198 Denique
3514 2126 3594 2182 le-

1948 2220 2040 2293 gis
2071 2216 2283 2273 tabulae
2316 2216 2658 2289 priusquam
2683 2214 2908 2269 cantico
2941 2216 3335 2283 firmarentur,
3371 2230 3473 2286 per
3500 2215 3589 2269 in-

1948 2305 2345 2379 dignationem
2387 2303 2602 2375 Moysis
2646 2302 2839 2357 fractae
2898 2307 2956 2356 et
3003 2302 3375 2358 comminutae
3436 2306 3594 2359 sunt.

1953 2396 2057 2452 Ubi
2086 2410 2222 2449 vero
2251 2391 2354 2446 tali
2385 2390 2687 2463 signaculo
2714 2393 3061 2447 consecratae
3120 2395 3279 2458 sunt,
3341 2391 3601 2448 humana

1949 2485 2142 2540 locum
2173 2483 2261 2537 ira
2286 2496 2399 2535 non
2432 2480 2658 2547 habuit,
2686 2480 2826 2551 quia
2854 2480 3241 2535 sanctificatio
3271 2495 3399 2535 eam
3422 2496 3600 2537 sacrae

1951 2570 2257 2628 suavitatis
2288 2566 2552 2623 exclusit.
2584 2567 2888 2623 Canticum
2922 2567 3126 2639 itaque
3156 2568 3389 2624 Domini
3449 2570 3604 2625 sicut

1968 2676 2065 2716 ros
2096 2655 2328 2714 mollior
2357 2655 2659 2712 descendit
2688 2672 2718 2711 e
2749 2654 2976 2724 ccelo,et
3006 2655 3178 2711 ﬁdem
3201 2655 3506 2713 hominum
3530 2658 3605 2713 si-

1952 2754 2051 2805 cut
2078 2762 2319 2820 gramen
2343 2744 2530 2801 imbre
2561 2745 2815 2817 quodam
2848 2744 3045 2817 gratiae
3095 2744 3386 2816 spiritalis
3443 2746 3599 2801 infu-

1953 2838 2058 2894 dit.
2092 2836 2217 2890 Duo
2248 2833 2429 2907 igitur
2457 2834 2576 2889 haec
2608 2834 2836 2888 cantica
2867 2833 2926 2887 in
2984 2832 3152 2888 libris
3209 2833 3427 2905 Moysis
3484 2838 3602 2889 tan-

1954 2941 2131 2998 quam
2163 2925 2277 2978 duo
2327 2921 2532 2977 mundi
2564 2920 2740 2987 oculi,
2796 2920 3044 2993 ccelique
3100 2920 3348 2990 lumina,
3408 2927 3602 2978 totum

1955 3029 2166 3084 corpus
2196 3010 2388 3082 operis
2417 3009 2544 3080 ejus
2573 3009 2892 3065 illustrant.

2024 3103 2078 3155 6.
2105 3102 2177 3155 At
2206 3115 2338 3156 vero
2369 3097 2545 3153 David
2579 3098 2981 3170 principaliter
3008 3116 3043 3153 a
3084 3099 3331 3156 Domino
3362 3101 3434 3156 ad
3492 3100 3601 3156 hoc

200 3186 450 3242 studens
497 3201 563 3242 ac
595 3186 910 3242 reiormare
958 3185 1242 3258 psallendi
1275 3202 1536 3265 munere,
1595 3186 1845 3245 ccelestis
1875 3183 1919 3250 (ζ’.
1958 3205 2175 3245 munus
2205 3187 2423 3243 eiectus
2448 3192 2537 3242 est
2568 3204 2581 3254 ;
2616 3191 2682 3242 ut
2711 3187 2863 3258 quod
2896 3187 2955 3242 in
2989 3187 3124 3243 aliis
3163 3206 3359 3244 rarum
3428 3206 3604 3261 prase-

202 3275 376 3331 nobis
403 3274 595 3329 instar
623 3272 1078 3329 conversationis
1105 3272 1384 3329 instituit.

274 3364 332 3419 4.
366 3362 595 3418 Etenim
616 3361 750 3418 licet
778 3361 969 3417 omnis
1001 3362 1304 3434 Scriptura
1333 3362 1531 3419 divina
1587 3364 1685 3419 Dei
1716 3381 1848 3437 gra-

198 3451 350 3508 tiam
370 3449 865 3524 spiret,praacipue
885 3455 1075 3505 tamen
1096 3450 1285 3506 dulcis
1311 3451 1676 3507 Psalmornm
1697 3454 1848 3509 789

195 3540 349 3595 liber
382 3538 898 3611 ;quandoquidem
925 3538 1049 3609 ipse
1081 3538 1308 3609 Moyses
1339 3540 1436 3610 qui
1474 3539 1651 3611 plano
1683 3547 1848 3611 gesta

194 3628 494 3699 majorum
517 3643 788 3682 sermone
816 3626 1146 3698 descripsit,
1173 3627 1270 3682 ubi
1299 3630 1496 3683 tamen
1529 3644 1632 3699 per
1688 3645 1848 3685 mare

195 3716 466 3772 Rubrum
494 3713 776 3787 populum
807 3721 1040 3786 patrum
1073 3714 1437 3771 memorabili
1459 3716 1847 3774 admiratione

194 3802 551 3872 transduxit,
583 3803 921 3858 demersum
953 3802 1243 3875 aspiciens
1264 3819 1458 3876 regem
1483 3803 1843 3860 Pharaonem

268 3920 357 3991 (2)
392 3912 652 4044 An‘gplos
681 3923 815 4000 ante
839 3918 1034 3990 ipsum
1080 3917 1284 3973 mundi
1339 3918 1572 3974 initium
1621 3923 1845 3975 creatos

268 4007 356 4044 em
388 3991 495 4044 Am
542 4005 733 4044 roslus
764 3989 866 4044 11b.
900 4006 918 4043 1
944 3991 1205 4044 Hexaem.
1258 4006 1385 4044 can.
1414 3991 1469 4044 5.
1527 4007 1691 4044 num.
1756 3992 1843 4044 19.

192 3989 356 4046 idem
388 3989 733 4061 Ambrosius
764 3989 875 4044 lib.
900 4006 918 4043 1
944 3991 1205 4061 Hexaem.
1258 4006 1385 4061 cap.
1414 3991 1469 4056 5,
1527 4007 1691 4045 num.
1756 3992 1843 4055 19,

99 4093 110 4102 -
188 4064 319 4118 iam
351 4061 646 4117 docuerat.
681 4060 747 4116 Et
776 4064 926 4116 certe
956 4060 1078 4117 hinc
1124 4060 1298 4116 etiam
1340 4060 1466 4116 fuit
1524 4062 1843 4118 multorum

242 4137 440 4188 atrum
473 4148 605 4187 cum
632 4131 984 4199 Graecorum,
1017 4135 1143 4187 tum
1167 4131 1510 4188 Latinorum
1531 4133 1841 4189 sententia.

195 4203 362 4285 pede
393 4219 528 4285 cum
560 4202 823 4285 videatur
842 4203 1199 4285 contrarium
1216 4202 1398 4285 ρο,ρὶιὶ
1430 4203 1619 4285 primo
1669 4205 1844 4261 Cone.

196 4275 323 4348 Lat.
357 4274 468 4329 sub
505 4275 701 4348 innoc.
733 4274 809 4329 Ill
836 4273 1107 4348 celebrati
1137 4273 1468 4339 definitum,
1496 4274 1648 4330 hanc
1673 4291 1845 4348 syno-

195 4346 254 4401 di
289 4350 550 4400 mentem
581 4344 763 4401 fuisse
794 4345 1147 4401 credendum
1179 4349 1286 4411 est,
1312 4350 1378 4400 ut
1428 4361 1529 4402 eos
1585 4344 1843 4401 tantum-

186 4416 376 4489 modo
406 4431 655 4489 censura
684 4416 1017 4489 contigeret,
1049 4417 1154 4489 vel
1192 4416 1293 4488 qui
1352 4415 1645 4489 spiritales
1694 4419 1845 4489 sub-

196 4487 450 4543 stantias
480 4486 718 4560 omnino
748 4486 1419 4560 creatasinﬁciarentur,
1462 4487 1573 4560 vel
1605 4488 1706 4560 qui
1763 4488 1846 4544 ita

196 4540 1578 4631 esseaa*aiieaaa£,"t?ia‘eam'"sectae
1611 4540 1706 4615 1an
1733 4540 1846 4615 eis:
1878 4540 1923 4606 D

195 4629 331 4683 dem
365 4628 578 4710 patrati
609 4629 970 4713 affirmarent
998 4628 1232 4685 condita
1287 4628 1664 4713 postmodum
1720 4647 1845 4713 cor-

193 4715 362 4826 ﬂora,
398 4701 457 4754 in
468 4716 615 4826 Tque
645 4706 926 4772 tanquam
957 4701 1014 4755 in
1058 4716 1320 4756 carceres
1378 4701 1842 4758 detruderentur.

246 4770 345 4825 inc
376 4770 435 4825 S.
518 4771 727 4827 bomas
759 4777 908 4828 nart.
944 4788 982 4828 1.
1016 4777 1221 4828 quiest.
1254 4771 1344 4828 61.
1375 4777 1482 4827 art.
1516 4773 1572 4828 3.
1604 4780 1841 4828 senten-

193 4787 345 4826 111nc
376 4787 435 4825 δ.
469 4787 727 4827 '1'nomas
758 4787 908 4844 part.
944 4788 982 4839 1,
1016 4787 1221 4845 quiest.
1254 4787 1344 4837 οι,
1375 4787 1482 4827 art.
1516 4787 1572 4838 :5,
1604 4787 1841 4828 senten-

193 4843 340 4914 tiam
375 4858 578 4897 eorum
620 4843 719 4914 qui
751 4841 988 4914 angelos
1038 4859 1172 4899 cum
1204 4843 1426 4900 caeteris
1455 4844 1708 4899 universi
1741 4862 1841 4900 na-

192 4913 348 4969 turis
380 4917 604 4969 creatos
634 4913 1030 4981 defenderent,
1063 4932 1178 4970 non
1209 4919 1423 4970 certam
1458 4914 1557 4969 sed
1589 4919 1844 4970 tantum—

192 4985 373 5040 modo
406 4984 851 5055 probabiliorem
884 4991 1067 5041 vocat.
1101 4985 1265 5040 Hunc
1295 4984 1466 5041 etiam
1496 4984 1690 5039 licebit
1705 5002 1841 5040 con-

191 5055 600 5126 sulasropusc.
622 5057 713 5120 23,
745 5073 859 5113 non
890 5073 1060 5112 secus
1092 5073 1158 5112 ac
1188 5056 1327 5112 Sixt.
1363 5057 1703 5125 Senensem,
1737 5055 1838 5112 lib.

188 5143 228 5181 v
257 5125 520 5182 Biblio’th.
558 5134 783 5184 samem.
817 5128 1016 5184 adnot.
1041 5130 1096 5183 5.

266 5197 347 5269 (3)
376 5196 463 5252 Ita
489 5197 627 5270 edit.
654 5201 930 5270 vet,wcum
961 5214 1105 5254 mss.
1143 5197 1393 5270 Remig.,
1418 5197 1621 5270 Long,
1655 5196 1837 5266 Valc.,

190 5266 423 5341 Th’uan.
450 5272 512 5341 et
539 5268 678 5341 Reg.
723 5266 899 5334 ;Vat.
927 5275 1120 5326 autem
1266 5266 1375 5340 [εῆ
1399 5266 1672 5341 empto—sior
1724 5284 1840 5323 ser-

189 5356 282 5394 mo
314 5358 339 5403 ;
367 5338 527 5425 C‘olb'.
559 5338 692 5425 vero
714 5344 771 5395 et
796 5341 950 5425 Χῖαι...
980 5359 993 5425 ξ
1024 5341 1203 5425 Ipsam
1232 5338 1481 5425 maxime
1501 5340 1704 5425 calum,
1732 5344 1839 5422 [ert

188 5425 371 5492 sermo
398 5412 539 5482 foris
567 5410 678 5492 Sed
712 5411 851 5483 quid
882 5412 995 5494 sibi
1026 5409 1196 5468 vellet
1253 5409 1422 5479 illud,
1451 5426 1625 5466 sermo
1678 5409 1836 5492 leris,

189 5497 307 5537 mei
345 5481 493 5538 forte
526 5479 620 5537 hlc
648 5482 803 5539 1dem
860 5487 960 5540 sit.
992 5499 1058 5539 ac
1112 5498 1303 5539 sermo
1357 5484 1707 5540 exterorum.
1760 5499 1836 5538 s1-

189 5497 307 5537 nisx
345 5497 493 5538 1orte
526 5497 620 5537 mc
648 5497 803 5539 mem
860 5497 960 5549 sit,
992 5499 1058 5539 ac
1112 5498 1303 5539 sermo
1357 5497 1707 5552 eXterorum,
1760 5499 1836 5538 s1-

189 5567 259 5609 ve
290 5569 324 5609 a
350 5552 466 5636 ﬁde
497 5550 1017 5636 alienorum_,“put_a
1046 5553 1305 5636 Platonis
1333 5553 1839 5636 ejusquesectato-

189 5641 345 5699 rumJ
378 5625 457 5699 de
481 5624 706 5699 quibus
729 5624 790 5682 in
815 5623 916 5699 lib.
949 5625 1014 5683 de
1068 5623 1377 5696 Abraham,
1396 5623 1522 5699 cap.
1554 5625 1610 5699 8,
1671 5640 1835 5683 num.

189 5641 319 5682 rum
378 5640 452 5681 ne
481 5640 700 5696 qu1nus
729 5640 916 5682 1n11o.
949 5640 1014 5683 ae
1068 5640 1364 5696 sarcinam,
1396 5640 1463 5680 ca
1510 5667 1522 5680 .
1554 5640 1610 5699 δ,
1671 5640 1834 5683 num.

183 5698 277 5777 5t,
310 5668 581 5775 Denique
618 5696 754 5759 edit.
817 5696 1009 5774 30111.,
1066 5699 1173 5779 fert
1217 5640 1580 5777 quorumdam
1633 5710 1834 5772 sermo,

1959 3277 2180 3334 minere
2201 3276 2424 3347 reliquo
2447 3291 2619 3347 opere
2648 3275 2896 3341 videtur,
2928 3275 2986 3329 in
3031 3275 3140 3330 hoc
3178 3278 3320 3348 juge
3340 3282 3397 3332 et
3418 3279 3601 3332 conti-

1958 3382 2141 3422 nuum
2178 3363 2506 3436 refulgeret.
2538 3362 2727 3417 Unum
2760 3363 3052 3418 canticum
3079 3362 3330 3435 legimus
3361 3365 3420 3419 in
3452 3364 3602 3421 libro

1954 3456 2228 3511 Judicum
2258 3452 2488 3524 (ludia,
2528 3469 2581 3516 v,
2613 3452 2691 3523 2),
2724 3451 2969 3523 reliqua,
2997 3451 3253 3507 historiae
3287 3468 3468 3519 more,
3502 3453 3602 3509 de-

1957 3560 2148 3611 cursa,
2182 3542 2396 3615 quibus
2428 3557 2702 3612 expressa
2732 3546 2872 3595 sunt
2900 3546 3065 3613 gesta
3087 3542 3600 3613 majorum.Unum

1960 3632 2143 3686 Isaias
2175 3630 2466 3685 canticum
2502 3627 2737 3699 scripsit
2768 3630 2900 3698 (lsa.
2960 3645 3062 3698 χιι,
3096 3629 3172 3701 1),
3234 3646 3349 3701 quo
3410 3632 3604 3703 legen-

1953 3719 2103 3775 tium
2131 3719 2307 3775 corda
2346 3716 2673 3784 mulceret;
2735 3716 2794 3772 in
2851 3716 3093 3790 reliquis
3150 3720 3394 3774 terribili
3457 3721 3603 3776 tuba

1955 3807 2335 3880 correptionis
2368 3807 2684 3862 infremuit.
2718 3807 3019 3862 Canticum
3051 3808 3102 3862 ei
3137 3808 3337 3879 neipsi
3362 3809 3599 3880 quidem

1954 3926 2079 3989 Qua
2106 3926 2301 3978 autem
2334 3922 2555 3977 ratione
2596 3920 2919 3978 conciletur
2949 3921 3041 3977 hic
3075 3922 3236 3977 locus
3294 3940 3425 3978 cum
3474 3923 3606 3980 aliis

1957 3994 2211 4050 auctoris
2243 3994 2449 4058 nostri,
2481 3993 2788 4048 docuimus
2820 3993 2921 4047 lib.
2954 3995 3019 4048 de
3074 3995 3225 4048 Isaae
3279 4004 3329 4048 ct
3386 3996 3603 4061 Anima,

1953 4082 2081 4135 cap.
2112 4068 2168 4130 7,
2190 4070 2327 4119 nota
2359 4064 2429 4118 ad
2465 4080 2595 4135 pag.
2627 4065 2731 4119 377
2775 4064 3073 4135 adjuncta.

2071 4109 2081 4119 .
2114 4082 2168 4130 ‘1,
2190 4082 2327 4119 nona
2359 4082 2429 4118 an
2465 4082 2595 4135 pag.
2627 4082 2728 4119 au
2775 4082 3073 4134 adjuncta.

2025 4082 2101 4207 (’4)
2133 4136 2299 4207 Rom.
2353 4134 2518 4201 edit.,
2550 4137 2611 4189 ut
2664 4137 2713 4189 si
2764 4134 3051 4207 assuetudo
3100 4135 3460 4205 permitteret.
3515 4153 3604 4192 so-

1952 4205 2149 4262 nuLs....
2182 4205 2483 4261 audiretur.
2520 4209 2648 4271 Vet,
2685 4208 2743 4260 et
2773 4205 2905 4274 cod,
2962 4221 3131 4271 mss.,
3184 4213 3244 4260 ut
3298 4222 3602 4264 sonus......

1953 4278 2245 4333 audiretur
2274 4297 2291 4343 ,-
2321 4280 2438 4331 vat.
2471 4292 2626 4341 vero,
2657 4279 2708 4329 et
2731 4291 3040 4332 sonum.....
3072 4276 3276 4331 audiri.

2025 4349 2103 4420 (5)
2132 4349 2397 4404 Plano...
2424 4361 2695 4420 sermone,
2754 4346 2884 4408 πεζῷ
2911 4345 3060 4410 λόγῳ,
3093 4348 3150 4401 id
3182 4353 3293 4414 est,
3349 4348 3607 4420 pedestri

1955 4436 2058 4476 seu
2086 4418 2264 4503 prosa
2291 4418 2549 4503 oratione
2574 4435 2587 4484 ;
2621 4424 2687 4503 yt
2716 4421 3056 4503 oppppatur.
3075 4420 3309 4503 poeticae
3342 4418 3605 4503 sreuhnu-

1956 4488 2134 4548 meris
2166 4491 2435 4556 astrictae,
2468 4506 2596 4561 quas
2621 4488 2798 4561 ἔπρχός
2829 4488 2972 4550 λόγος
3002 4488 3323 4558 dicebatur,
3355 4490 3489 4546 Fuit
3520 4490 3598 4546 si-

1958 4563 2195 4634 quidem
2220 4560 2550 4635 communis
2583 4560 2957 4635 antiquorum
2991 4562 3187 4634 opinio
3219 4560 3417 4635 plures
3449 4562 3603 4635 scri-

1956 4631 2142 4706 pturas
2173 4638 2366 4706 partes
2399 4631 2766 4706 maximeque
2797 4631 3141 4702 psalterium,
3175 4631 3237 4688 et
3261 4633 3460 4689 omnia
3491 4634 3607 4689 fer-

1956 4703 2048 4761 ine
2094 4703 2314 4760 Caiitica
2368 4703 2633 4758 versibus
2678 4703 2970 4768 constare,
3028 4712 3089 4760 ut
3147 4706 3313 4761 docet
3363 4711 3606 4760 sanctus

1954 4775 2342 4848 Hieronymus
2390 4777 2724 4848 Prw/ctione
2751 4777 2812 4829 in
2859 4776 3068 4848 librum
3123 4778 3264 4845 Job;
3328 4793 3430 4831 nec
3488 4793 3618 4831 non

1950 4847 2517 4918 Auctor’poslerioris
2548 4847 2818 4918 Apologia
2864 4847 3037 4904 David
3066 4848 3297 4903 videtur
3355 4848 3598 4902 innuero

1951 4935 2081 4988 cap.
2116 4936 2154 4984 1,
2189 4934 2352 4973 num.
2389 4918 2439 4971 2.
2474 4917 2572 4972 ubi
2604 4918 2891 4973 Psalmum
2921 4937 2954 4974 ι.
2981 4919 3242 4973 divinum
3271 4933 3334 4971 ac
3366 4934 3600 4972 sacrum

1952 4987 2184 5042 carmen
2220 4989 2455 5059 vocitat.
2486 4992 2701 5043 Verum
2735 5004 2865 5042 cum
2924 4989 3057 5043 huic
3108 4987 3368 5059 Opinioni
3405 4988 3597 5059 refra-

1951 5063 2164 5184 gentur
2193 5058 2459 5114 nonnulli
2492 5059 2871 5119 recentiores,
2903 5061 3103 5129 planus
3130 5058 3328 5123 Sermo,
3367 5058 3485 5111 sive
3514 5076 3606 5130 pe-

1991 5129 2165 5184 estris
2195 5130 2351 5184 sumi
2374 5129 2549 5184 etiam
2581 5134 2774 5184 potest
2801 5145 2903 5184 nro
2935 5129 3144 5184 humili
3195 5145 3262 5183 ac
3318 5128 3598 5184 demisso.

1991 5129 2165 5185 estris
2192 5130 2351 5199 sumi
2374 5129 2549 5184 etiam
2581 5134 2774 5199 potest
2801 5128 2912 5199 pro
2935 5129 3144 5185 humili
3195 5145 3262 5183 ac
3318 5128 3598 5199 demisso,

1950 5205 2016 5256 ut
2047 5198 2225 5255 nobili
2259 5216 2325 5254 ac
2355 5198 2668 5270 magnifico
2721 5198 3069 5270 opponatur,
3132 5200 3230 5270 qui
3264 5198 3493 5255 solutus
3525 5200 3602 5256 li-

1950 5280 2061 5339 cet,
2090 5270 2354 5342 poeticus
2392 5275 2652 5342 tamen‘a
2709 5271 2906 5341 probis
2952 5270 3291 5342 nominatur
3342 5272 3597 5342 auctori-

1947 5339 2273 5415 bus—Unde
2304 5339 2650 5415 Fabiusglib.
2682 5339 2738 5410 χ)
2762 5356 2886 5413 cap.
2924 5359 2962 5405 1,
2992 5340 3253 5415 Platonis
3291 5340 3461 5415 negat
3493 5360 3595 5415 pn-

1947 5414 2198 5469 destrem
2230 5428 2358 5468 esse
2389 5412 2713 5483 orationem
2747 5429 2760 5478 ;
2793 5412 2851 5467 et
2894 5416 2996 5483 qui
3028 5412 3294 5468 Psalmos
3356 5412 3599 5470 Davidi-

1947 5500 2044 5541 cos
2075 5483 2352 5541 carminis
2381 5482 2657 5559 vocabulo
2688 5482 3037 5555 insigniunt,
3071 5484 3439 5559 itaexplicari
3466 5504 3595 5559 pos-

1948 5562 2105 5634 sunt,
2139 5560 2205 5611 ut
2236 5570 2439 5612 eorum
2495 5553 2959 5634 dictionem—non
2993 5560 3113 5613 tam
3147 5553 3407 5634 vinctam
3433 5553 3596 5634 p‘edi-

1947 5627 2078 5707 bus,
2111 5643 2290 5701 quam
2333 5625 2636 5707 grandem,
2685 5624 3062 5707 patheti‘cam,
3122 5632 3297 5707 atque
3340 5627 3409 5687 ad
3433 5624 3598 5691 ἐξω-

1946 5703 2073 5760 tum
2094 5698 2540 5761 accommodem
2569 5698 2703 5761 esse
2728 5698 3082 5777 signiﬁcent.
