3894 6208
196 325 322 390 969

1364 324 1816 387 ENARRATIO
1861 325 1938 385 IN
1984 321 2359 388 PSALMUM
2406 326 2454 386 Ι.

3467 363 3474 372 ι
3494 320 3615 384 970

200 473 406 514 vocem
447 456 747 515 emiserit?
776 459 1049 530 Magnum
1074 459 1242 534 plane
1266 459 1510 514 unitatis
1536 457 1852 526 vinculum,
1886 465 1939 527 Α
1970 457 2078 514 rito
2112 459 2288 531 igitur
2314 459 2460 516 tanti
2491 459 2833 516 ministrum
2865 457 3126 514 muneris
3160 455 3446 511 Dominus
3485 453 3611 538 lau-

201 549 266 604 in
300 565 485 602 unum
511 546 756 603 chorum
778 548 957 602 totius
979 565 1290 602 numerum
1329 547 1512 620 plebis
1533 547 1712 620 coirel
1736 546 1859 601 Dis-

202 651 385 709 pares
416 635 650 690 citharae
685 635 843 690 nervi
873 638 1033 702 sunt,
1083 636 1181 691 sed
1230 653 1345 691 una
1398 635 1765 707 symphonia.
1795 635 1858 690 In

209 722 598 796 paucissimis
648 723 882 780 chordis
931 741 1082 796 saepe
1129 729 1326 779 errant
1374 724 1542 797 digiti
1595 723 1858 789 artificis,

203 813 310 868 sed
345 812 403 867 in
436 811 650 886 populo
682 813 930 884 spiritus
979 811 1187 870 artifex
1237 812 1425 868 nescit
1453 828 1663 868 errare.
1700 799 1858 866 Psal-

199 917 344 956 mus
377 901 647 956 nocturni
679 901 871 972 operis
904 902 1342 968 commercium,
1381 901 1603 957 diurnae
1636 899 1859 972 requiei

199 989 286 1060 (9)
302 981 680 1061 stipendium,
714 987 1005 1045 institutio
1033 988 1856 1061 incipientium,perfectorum

203 1076 595 1132 conﬁrmatio.
628 1075 981 1149 Angelorum
1036 1077 1456 1143 ministerium,
1492 1076 1699 1132 militia
1747 1093 1857 1130 cm-

197 1162 396 1231 lestis,
427 1165 621 1221 hostia
652 1165 953 1238 spiritalis.
989 1166 1286 1221 Psalmum
1337 1172 1395 1222 et
1442 1183 1581 1222 saxa
1619 1183 1858 1237 respon-

169 1328 172 1330 V
204 1255 352 1310 dent
384 1272 396 1310 :
430 1253 694 1326 psalmus
724 1254 977 1320 canitur,
1009 1258 1065 1309 et
1095 1255 1222 1325 ipsa
1251 1254 1425 1311 etiam
1463 1272 1671 1310 saxosa
1721 1271 1858 1326 pec-

207 1347 342 1398 tora
397 1341 761 1398 molliuntur.
813 1338 1094 1398 Videmus
1154 1343 1288 1397 ﬂere
1337 1342 1656 1415 praeduros,
1709 1341 1859 1397 ﬂecti

204 1420 726 1506 immisericordesp.

287 1521 376 1574 1οέ
408 1519 601 1577 Certat
629 1518 688 1578 in
721 1517 948 1592 psalmo
979 1519 1247 1576 doctrina
1277 1535 1410 1575 cum
1443 1520 1629 1591 gratia
1660 1519 1858 1574 simul.

206 1611 490 1667 Cantatur
535 1608 607 1664 ad
653 1606 1120 1673 delectationem,
1170 1606 1416 1662 discitur
1464 1609 1532 1663 ad
1583 1608 1858 1662 eruditio-

208 1713 371 1752 nem.
404 1697 550 1750 Nam
580 1694 928 1752 violentiora
971 1700 1256 1768 praecepta
1298 1712 1414 1750 non
1462 1700 1805 1768 permanent
1846 1711 1858 1749 :

207 1785 369 1857 quod
401 1788 596 1839 autem
629 1801 761 1838 cum
795 1783 1078 1840 suavitate
1110 1784 1460 1856 perceperis,
1496 1784 1554 1839 id
1596 1784 1859 1839 infusum

207 1871 398 1928 semel
447 1871 783 1942 prmeordiis
831 1888 946 1926 non
997 1872 1296 1928 consuevit
1346 1872 1514 1927 elabi.
1567 1872 1715 1938 Quid
1777 1876 1863 1928 est

209 1961 372 2034 quod
406 1975 518 2015 non
541 1959 646 2015 tibi
669 1964 934 2016 occurrat
956 1959 1213 2031 psalmos
1243 1960 1496 2032 legenti?
1529 1962 1589 2014 In
1622 1960 1714 2016 his
1734 1960 1862 2033 lego

209 2048 520 2105 Canticum
552 2064 655 2121 pro
687 2048 894 2103 dilecto
918 2050 1087 2119 (Psal.
1122 2065 1270 2114 xuv,
1303 2049 1378 2119 l),
1414 2055 1469 2103 et
1500 2066 1674 2104 sacrae
1705 2049 1863 2104 desi-

209 2138 378 2194 derio
407 2137 708 2192 charitatis
739 2136 1090 2202 inﬂammor,
1123 2137 1182 2192 iu
1215 2137 1307 2193 his
1338 2137 1652 2194 torcularia
1681 2138 1861 2192 divini

209 2225 481 2298 mysterii
528 2240 878 2296 recognosco
909 2226 1079 2294 (Psal.
1111 2242 1233 2292 VIII,
1275 2227 1294 2278 1
1333 2233 1383 2280 el
1421 2225 1613 2296 alibi);
1663 2226 1720 2279 in
1770 2225 1864 2281 his

213 2313 639 2370 revelationum
669 2314 942 2386 gratiam,
977 2314 1422 2369 resurrectionis
1463 2330 1732 2369 recenseo
1779 2318 1862 2368 te-

213 2401 520 2469 stimonia,
556 2401 1028 2472 repromissionis
1088 2418 1332 2458 munera
1386 2404 1554 2473 (Psal.
1618 2421 1669 2470 L,
1726 2404 1760 2457 3
1815 2407 1867 2457 et

213 2491 392 2562 3a).);
441 2490 497 2544 in
547 2487 638 2543 his
683 2488 841 2544 disco
874 2489 1056 2544 vitare
1089 2494 1410 2561 peccatum,
1445 2491 1680 2545 dedisco
1714 2491 1863 2547 742

214 2578 565 2634 erubescere
623 2575 1023 2648 paenitentiam
1083 2577 1454 2633 delictorum.
1489 2580 1712 2634 Tantus
1744 2595 1864 2646 rex,

213 2671 420 2722 tantus
452 2664 732 2737 propheta
762 2681 868 2721 suo
900 2681 992 2720 me
1024 2666 1354 2737 provocavit
1379 2666 1664 2738 exemplo,
1683 2671 1746 2720 ut
1766 2671 1867 2721 aut

215 2754 607 2812 commissum
643 2754 912 2809 studeam
957 2757 1266 2809 extenuare
1289 2758 1729 2825 peccatum,aut
1751 2772 1865 2809 non

216 2843 605 2900 commissum
637 2857 858 2897 cavere.

289 2934 379 2986 11.
404 2931 552 2997 Quid
585 2930 763 3002 igitur
791 2929 1077 3002 psalmus,
1112 2930 1224 2986 nisi
1255 2930 1537 2986 virtutum
1583 2937 1671 2987 est
1700 2948 1866 3003 orga-

216 3020 549 3091 num,quod
582 3018 765 3074 sancti
787 3017 1037 3090 Spiritus
1060 3017 1278 3091 plectro
1304 3035 1561 3091 pangens
1585 3019 1870 3093 Propheta

214 3107 588 3176 venerabilis,
621 3107 872 3165 caelestis
902 3107 1130 3163 sonitus
1163 3107 1294 3163 fecit
1318 3108 1376 3162 in
1413 3110 1575 3163 terris
1606 3107 1868 3163 dulcedi-

1970 547 2117 602 dans
2148 547 2227 602 ait
2260 566 2272 602 :
2310 548 2505 603 Inveni
2535 548 2716 604 David
2746 539 3068 604 secundum
3102 563 3199 602 cor
3231 560 3449 601 meum.

2041 635 2314 691 12.Aiunt
2345 635 2750 704 etiam,eorum
2783 635 2883 707 qui
2932 635 3155 690 cithara
3192 636 3412 688 canunt
3457 631 3615 706 peri-

1970 724 2147 780 tiores
2202 724 2360 780 intus
2406 742 2611 780 canere
2638 726 2770 797 (11),
2804 728 2871 779 ut
2919 723 3113 779 ferunt
3145 721 3357 778 fabulae
3398 721 3470 776 de
3515 722 3619 781 As-

1969 812 2178 883 pendio
2212 812 2542 880 citharista;
2585 830 2794 870 causas
2843 829 3076 884 quoque
3125 810 3618 878 modulaminum,

1968 903 2025 955 et
2051 901 2317 971 quaedam
2349 902 2603 957 claustra
2635 901 3040 973 rhythmorum
3065 900 3122 956 in
3141 893 3439 971 superiore
3454 902 3620 971 parte

1968 1004 2096 1043 esse
2126 988 2407 1062 psalterii.
2442 990 2647 1045 Docuit
2675 1005 2810 1062 ergo
2842 989 3020 1044 David
3054 988 3214 1044 intus
3255 1004 3362 1044 nos
3410 1001 3618 1042 canere

1968 1079 2250 1147 oportere,
2285 1078 2445 1133 intus
2477 1076 2742 1150 psallere,
2778 1076 3274 1147 quemadmodum
3297 1075 3542 1132 canebat
3562 1075 3619 1128 et

1967 1161 2203 1236 Paulus,
2229 1166 2432 1221 dicens
2463 1183 2474 1219 :
2514 1188 2541 1217 «
2575 1166 2764 1221 Orabo
2795 1164 3026 1237 spiritu,
3061 1166 3236 1220 orabo
3276 1169 3332 1218 et
3379 1166 3612 1227 mente;

1969 1249 2217 1321 psallam
2241 1252 2474 1324 spiritu,
2508 1251 2756 1325 psallam
2790 1257 2846 1308 et
2876 1257 3071 1328 mente
3103 1253 3147 1324 (I
3177 1251 3297 1307 Cor.
3321 1267 3434 1318 xw,
3470 1252 3609 1318 15).»

1971 1343 2025 1392 et
2055 1341 2126 1394 ad
2159 1342 2525 1412 superiorum
2551 1342 2829 1401 intuitum
2851 1341 3029 1396 vitam
3053 1344 3313 1417 nostram
3335 1333 3617 1411 actusque

1971 1427 2240 1494 formare,
2275 1446 2344 1484 ne
2377 1430 2682 1487 delectatio
2726 1429 3052 1485 dulcedinis
3099 1429 3307 1484 excitet
3359 1427 3617 1500 corporis

1972 1515 2292 1587 passiones,
2328 1519 2545 1590 quibus
2578 1536 2690 1573 non
2723 1518 3031 1574 redimitur
3061 1523 3261 1573 nostra
3291 1516 3616 1586 anima,sed

1971 1607 2279 1674 gravatur;
2314 1623 2445 1660 cum
2497 1607 2568 1661 ad
2620 1606 3017 1678 redemptione
3064 1607 3271 1660 animas
3304 1621 3420 1660 suae
3461 1604 3618 1676 psal-

1970 1687 2086 1746 lere
2143 1709 2203 1748 se
2257 1698 2498 1750 sanctus
2551 1695 2836 1767 Propheta
2893 1695 3299 1750 memoraverit
3343 1695 3544 1749 dicens
3603 1709 3619 1749 :

1894 1828 1940 1892 B
1973 1802 1998 1826 ‹‹
2036 1779 2286 1837 Psallam
2319 1783 2423 1838 tibi
2456 1783 2513 1838 in
2547 1784 2806 1856 cythera,
2839 1784 3092 1839 Sanctus
3140 1783 3318 1838 Israel
3353 1800 3365 1838 :
3401 1784 3623 1856 gaude-

1975 1867 2115 1922 bant
2146 1869 2298 1922 labia
2325 1888 2455 1922 mea
2486 1889 2619 1922 cum
2654 1876 2960 1922 cantavero
2992 1872 3130 1922 tibi:
3165 1877 3222 1922 et
3253 1873 3448 1922 anima
3469 1887 3619 1922 mea.

2053 1875 2115 1923 nt
2146 1869 2298 1925 labia
2325 1888 2455 1926 mea
2486 1889 2619 1926 cum
2654 1876 2960 1928 cantavero
2992 1872 3130 1940 tibi;
3165 1877 3222 1927 et
3253 1873 3448 1927 anima
3469 1887 3619 1938 mea,

1973 1971 2149 2026 quam
2198 1961 2501 2015 redemisti
2554 1962 2724 2032 (Psal.
2779 1979 2904 2028 Lxx,
2955 1962 3047 2026 22,
3095 1961 3206 2031 23).
3259 1983 3287 2009 »
3338 1952 3449 2016 Sed
3495 1960 3622 2030 jam

1973 2046 2181 2114 psalmi
2225 2047 2394 2103 istius
2445 2050 2544 2120 qui
2591 2051 2924 2121 propos'tus
2972 2054 3059 2104 est
3105 2049 3292 2117 nobis,
3326 2049 3622 2121 ingredia-

1976 2149 2110 2187 mur
2138 2136 2389 2190 exordia.

2047 2223 2129 2276 i3.
2168 2225 2337 2293 (Vers.
2376 2227 2452 2294 1.)
2491 2248 2510 2274 ει
2549 2226 2782 2291 Beatus,
2815 2226 3026 2298 inquit,
3057 2225 3141 2280 vir
3174 2226 3276 2298 qui
3316 2243 3430 2282 non
3476 2221 3619 2282 abiit

1976 2308 2045 2390 in,
2066 2313 2306 2367 consilio
2335 2313 2674 2385 impiorum.
2705 2337 2730 2363 ››
2759 2317 2943 2381 Quam
2974 2319 3385 2390 aptum,quam
3410 2332 3618 2387 oppor-

1974 2389 2180 2452 tunum
2215 2400 2601 2473 principium!
2636 2403 2899 2474 Namque
2949 2389 3025 2457 ut
3061 2403 3100 2456 ii
3137 2404 3248 2477 qui
3280 2403 3485 2474 agonis
3516 2392 3620 2458 ali-

1974 2501 2147 2555 quam
2185 2488 2613 2548 solemnitatem
2645 2492 2971 2563 receperint
2998 2491 3623 2564 exhibendam,propo-

1975 2590 2110 2629 nere
2141 2579 2448 2646 praemium
2482 2579 2688 2646 solent,
2717 2581 2937 2649 jactare
2968 2595 3193 2634 coronae
3232 2579 3620 2646 nobilitatem,

1979 2678 2092 2732 quo
2125 2666 2401 2720 certaturi
2423 2666 2618 2723 studio
2651 2669 2870 2738 majore
2901 2667 3266 2733 conveniant,
3299 2667 3431 2722 nisu
3473 2661 3624 2738 quo-

1978 2767 2088 2820 que
2133 2753 2508 2824 propensiore
2553 2755 2849 2810 decertent
2902 2773 2914 2810 :
2965 2755 3047 2810 ita
3097 2754 3381 2810 Dominus
3429 2758 3629 2811 noster

1977 2839 2150 2894 Jesus
2207 2843 2368 2913 regni
2429 2843 2681 2900 cmlestis
2733 2841 3003 2916 gloriam,
3064 2848 3354 2916 perpetuae
3414 2843 3626 2916 quietis

1977 2928 2248 2997 gratiam,
2282 2931 2407 2985 vites
2441 2936 2666 2987 aeternae
2692 2932 3116 2988 beatitudinem
3151 2933 3221 2987 ad
3251 2931 3483 2988 virtutis
3512 2931 3628 2986 hu-

1980 3033 2164 3071 manae
2197 3018 2479 3074 incentiva
2511 3022 2830 3092 proposuit.
2867 3022 3186 3098 Imperator
3233 3038 3467 3093 quoque
3493 3037 3626 3077 cum

1979 3107 2347 3177 progreditur
2409 3109 2480 3164 ad
2527 3110 2771 3177 bellum,
2795 3111 3133 3165 donativum
3193 3109 3367 3172 militi
3400 3112 3534 3182 (12),
3568 3113 3626 3165 et

217 3214 360 3255 nem
409 3196 736 3253 resultare?
763 3195 952 3252 Simul
992 3213 1125 3250 cum
1157 3195 1253 3251 ille
1281 3195 1341 3250 in
1371 3196 1585 3252 ﬁdibus
1617 3202 1674 3253 et
1703 3197 1869 3252 chor-
1903 3190 1944 3256 C
1978 3195 2369 3264 promotiones
2401 3197 2753 3269 dignitatum
2784 3198 2844 3252 in
2876 3199 3139 3254 numeris
3168 3200 3318 3260 748
3350 3197 3626 3253 militari-

220 3286 337 3354 dis,
387 3285 498 3341 hoc
546 3288 635 3340 est
681 3285 739 3338 in
785 3283 1048 3355 reliquiis
1093 3285 1339 3340 mortuis
1371 3285 1730 3341 diversarum
1770 3303 1872 3342 vo-

222 3391 362 3431 cum
397 3371 734 3429 modulatus
763 3372 1123 3440 discrimina,
1152 3371 1358 3427 divinae
1399 3372 1752 3429 laudationis
1801 3374 1873 3430 ad

224 3462 489 3519 cmlestia
518 3461 792 3534 dirigeret
821 3460 1169 3516 cantilenam
1197 3477 1209 3527 ;
1247 3458 1442 3515 docuit
1472 3462 1671 3533 utique
1710 3462 1874 3534 prius

226 3551 402 3606 nobis
433 3554 670 3622 peccato
700 3565 827 3605 esse
859 3548 1250 3616 moriendum,
1283 3552 1339 3602 et
1366 3554 1507 3604 tunc
1539 3551 1776 3605 demum
1813 3551 1871 3605 in

222 3641 338 3696 hoc
367 3656 609 3711 corpore
636 3639 867 3693 diversa
886 3654 1063 3709 opera
1083 3636 1548 3694 discriminanda
1566 3639 1870 3703 virtutum,

219 3729 442 3800 quibus
474 3727 546 3782 ad
578 3727 894 3782 Dominum
923 3725 1252 3781 devotionis
1284 3731 1494 3781 nostrae
1526 3727 1715 3798 gratia
1745 3744 1873 3799 per-

212 3817 442 3873 veniret
517 3816 652 3887 (10),
711 3819 776 3869 ut
820 3813 1118 3886 occupatis
1176 3813 1495 3869 intentione
1552 3815 1874 3872 caelestium

214 3905 384 3961 nulla
413 3905 692 3976 irreperet
714 3908 1082 3960 terrenorum
1131 3902 1318 3958 libido
1365 3902 1661 3970 vitiorum,
1697 3905 1873 3960 simul

217 3995 463 4050 animus
510 3992 764 4050 caelestis
812 3993 1012 4066 gratiae
1065 3990 1349 4046 suavitate
1402 3992 1729 4048 nitesceret.
1767 3994 1877 4049 Me-

297 4110 377 4192 (9)
413 4111 496 4164 lta
527 4109 665 4190 edit:
712 4113 822 4192 vet.
865 4123 937 4192 ac
988 4124 1132 4192 mss.
1187 4123 1410 4192 omnes.
1452 4108 1630 4190 .Rom.
1681 4113 1874 4192 autem

219 4178 413 4247 ediit.,
457 4181 684 4251 pavoris
729 4181 1012 4244 solatium,
1045 4179 1235 4251 diurni
1283 4178 1486 4232 laboris
1536 4181 1765 4251 requies.
1811 4181 1879 4235 Et

223 4248 858 4321 sane.Basilius,quem
891 4254 1130 4304 sanctus
1163 4248 1255 4321 hic
1279 4255 1476 4304 noster
1498 4248 1724 4304 videtur
1750 4251 1879 4306 imi-

219 4328 407 4390 tatus,
439 4321 597 4378 hom.
642 4319 719 4376 in‘
751 4321 903 4377 Psal.
953 4339 968 4375 ι
1013 4321 1133 4376 haec
1165 4319 1342 4374 habet
1374 4337 1386 4374 :
1422 4327 1613 4392 ψαλμός
1643 4328 1795 4378 ὅπλον
1827 4329 1878 4377 ἐν

226 4401 392 4465 φόϐῳς
464 4401 806 4465 -ωυκτερινοῖῢ,
855 4399 1122 4465 ἀγάπαυςις
1176 4399 1362 4465 ⁸ῃῷτεων
1440 4401 1700 4463 ἡμερινῶν.
1766 4393 1877 4448 Sed

225 4461 378 4519 nihil
427 4469 584 4519 vetat
614 4461 1008 4520 ‘Ambrosium
1056 4461 1256 4517 Basilii
1305 4461 1485 4517 voces
1528 4461 1594 4518 ac
1644 4469 1876 4519 senten-

226 4537 344 4591 tias
420 4551 535 4589 non
604 4533 911 4604 serviliter,
979 4534 1078 4588 sed
1145 4533 1410 4600 liberius,
1479 4540 1535 4588 et
1600 4536 1744 4590 forte
1812 4552 1878 4591 ex

225 4606 517 4686 memoria
572 4603 942 4686 reddidisse;
979 4605 1197 4686 Neque
1245 4605 1419 4686 etiam
1453 4685 1456 4686 ν
1495 4603 1689 4686 ειῑιθιῂ
1733 4607 1888 4686 idem

226 4677 503 4733 imitatus
561 4680 650 4748 est
709 4675 853 4730 illud
891 4675 1126 4748 Basilii,
1175 4681 1366 4748 ψαλμὸς
1413 4685 1470 4730 τὸ
1525 4687 1624 4731 τῶν
1670 4685 1892 4748 ἀγγέλων

224 4750 397 4813 ἔργον,
456 4749 512 4794 τὸ
559 4745 785 4811 οὐράνιον
826 4745 1113 4809 πολίτευμα,
1161 4747 1216 4792 τὸ
1264 4749 1590 4806 πνευματικὸν
1658 4745 1889 4810 Θυνμίαμα,

229 4824 345 4874 etc.

335 4889 422 4960 10)
454 4888 591 4943 Mss.
626 4888 1010 4960 dUOLLIWOHO
1043 4893 1242 4943 nostrae
1265 4891 1466 4957 gratiw
1491 4889 1817 4960 perveniret.

331 4959 416 5025 11)
448 4959 740 5016 Asconius
771 4959 1057 5025 Praedian,
1093 4960 1151 5014 in
1185 4962 1310 5012 Act.
1346 4960 1379 5012 3
1423 4959 1534 5014 Cic.
1567 4960 1626 5012 in
1656 4959 1891 5014 Verrem

227 5029 375 5102 quid
402 5029 486 5102 sit
517 5033 667 5102 intus
694 5047 912 5095 canere,
947 5029 1201 5100 exponit,
1230 5029 1518 5102 docetque
1560 5030 1713 5087 idem
1767 5047 1894 5085 esse

236 5099 306 5157 ac
337 5100 461 5156 sola
491 5101 731 5158 sinistra
760 5103 906 5157 fides
938 5099 1195 5172 carpere,
1225 5099 1308 5172 ita
1339 5104 1402 5154 ut
1424 5099 1612 5158 sonus
1660 5105 1891 5172 tantum

238 5173 312 5246 ad
346 5173 645 5246 proximos
675 5173 979 5246 perveniat
999 5190 1011 5227 :
1040 5171 1172 5246 cum
1207 5171 1659 5246 citharmdorum
1681 5171 1894 5246 vulgus

229 5243 537 5316 dexteram
556 5245 627 5299 ad
648 5243 886 5316 easdem
905 5244 1052 5300 fides
1069 5244 1286 5316 plectro
1306 5259 1476 5314 percu
1487 5243 1715 5316 tiendas
1736 5243 1896 5298 adhi-

231 5315 789 5386 beatLAspendium
821 5322 1017 5371 autem
1069 5312 1444 5386 'citharistam
1498 5315 1606 5370 hac
1662 5312 1719 5368 in
1774 5318 1896 5370 arte

230 5384 606 5458 excelluissc.
643 5387 819 5458 Porro
847 5386 1179 5458 Aspendius
1212 5385 1508 5458 Stephano
1558 5386 1761 5442 civitas
1796 5389 1898 5458 est

230 5455 766 5538 inHPaympthia:
808 5455 1038 5538 Vidésis
1087 5458 1215 5538 Era.
1270 5455 1331 5510 in
1376 5456 1542 5513 Prov.
1595 5456 1898 5529 Aspendius

230 5475 293 5512 in
352 5475 751 5591 raympnsna.
819 5475 1038 5513 Viaesis
1089 5475 1215 5538 rara.
1270 5475 1328 5510 in
1376 5475 1542 5513 rrov.
1595 5475 1894 5529 aspenaws

229 5528 549 5584 citharista.
659 5529 1153 5600 uodgautemrait
1205 5542 1216 5580 ε
1270 5543 1464 5584 causas
1528 5544 1737 5600 quoque
1777 5545 1894 5585 mu-

230 5600 610 5666 dulaminum,
645 5604 752 5655 etc.
786 5598 842 5656 id
876 5599 1184 5656 manifeste
1231 5598 1550 5669 sumptum
1591 5598 1820 5656 videtur
1869 5617 1900 5656 θ

228 5670 550 5738 Basilianis
598 5669 715 5728 illis
762 5688 775 5728 :
823 5680 888 5731 Τὸ
918 5678 1190 5748 ψαλτήριον
1224 5676 1275 5730 δὲ
1305 5679 1450 5734 τοῦτο
1478 5681 1578 5732 τῶν
1618 5679 1902 5754 ἁρμρνικῶν

569 5798 835 5866 Panem.
879 5797 1018 5868 XIV

1983 3281 2091 3336 bus
2123 3282 2443 3353 pollicetur,
2478 3290 2540 3340 ut
2579 3303 2711 3357 spes
2760 3286 3051 3340 commodi
3099 3286 3327 3340 furetur
3371 3285 3620 3356 labores,

1981 3375 2037 3424 et
2085 3376 2310 3426 metum
2359 3374 2678 3429 abscondat
2729 3373 2992 3445 periculi.
3029 3372 3196 3428 Velut
3224 3389 3410 3444 prisco
3443 3374 3623 3446 igitur

1983 3459 2179 3530 magni
2213 3458 2582 3532 imperatoris
2613 3467 2849 3518 sanctus
2879 3462 3057 3517 David
3090 3461 3362 3518 hortatur
3385 3461 3621 3539 milites,

1983 3547 2231 3604 athletas
2280 3555 2460 3614 vocat,
2497 3553 2805 3623 praemium
2845 3551 3119 3623 exprimit
3149 3551 3349 3606 dicens
3380 3569 3392 3606 :
3432 3575 3460 3602 ‹‹
3493 3553 3632 3608 Bea-

1982 3640 2080 3691 tus
2103 3636 2187 3691 vir
2215 3637 2314 3708 qui
2348 3656 2461 3694 non
2493 3639 2638 3695 abiit
2669 3641 2725 3695 in
2761 3639 3008 3696 concilio
3043 3639 3472 3713 impiorum.»A
3493 3658 3638 3714 pras-

1985 3724 2101 3779 mio
2135 3725 2324 3796 cmpit,
2362 3732 2425 3781 ut
2452 3729 2682 3799 pondus
2726 3729 2908 3784 futuri
2963 3729 3303 3785 certaminis
3351 3729 3637 3803 elevaret;

1986 3815 2314 3868 mercedem
2347 3817 2650 3886 praemisit,
2678 3823 2743 3872 ut
2787 3819 3221 3890 unusquisque,
3256 3819 3640 3890 praesentium

1985 3918 2182 3956 rerum
2213 3902 2644 3961 sollicitudines
2693 3923 2761 3961 ac
2810 3905 3040 3962 labores
3071 3906 3243 3960 corde
3283 3893 3639 3973 transiliens,

1986 3990 2056 4043 ad
2091 3991 2464 4046 emerendam
2489 3993 2915 4050 beatitudinem
2944 3995 3275 4048 futurorum
3298 3994 3466 4050 avida
3487 3989 3642 4050 festi-

1987 4103 2178 4166 ῥυθμῶν
2219 4104 2402 4153 ἄνωθεν
2451 4107 2554 4172 ἔχει
2600 4111 2682 4166 τὰς
2728 4108 2969 4171 ἀφορμὰς,
3003 4107 3085 4154 ἵνα
3126 4108 3209 4154 καὶ
3253 4107 3389 4168 ἡμεέ
3433 4110 3494 4155 τὰ
3541 4109 3642 4155 ἄνω

1987 4174 2146 4232 ζητεῖν
2177 4175 2476 4237 μελετῶμεν,
2508 4180 2589 4224 καὶ
2621 4182 2690 4240 μὴ
2717 4177 2780 4240 τῇ
2811 4178 2966 4242 ’ἡδονῇ
3003 4181 3088 4225 τοῦ
3131 4177 3307 4239 μέλους
3348 4177 3424 4225 ἐπὶ
3461 4181 3519 4226 τὰ
3558 4182 3644 4239 τῆς

1988 4247 2166 4307 σαρκὸς
2197 4247 2327 4305 πάθη
2355 4249 2754 4312 καταφερώμεθα.

2061 4317 2480 4392 (l2)rQbserva_t
2507 4320 2558 4374 J.
2597 4319 2852 4392 Lipsius;
2882 4318 2981 4392 lib.
3030 4337 3067 4392 v
3111 4321 3186 4374 De
3215 4321 3421 4392 militia
3468 4323 3642 4389 Rom.,

1991 4388 2132 4462 dial.
2172 4390 2255 4454 16,
2283 4389 2536 4462 amplius
2571 4388 2683 4445 ccc'
2720 4390 2890 4446 annis
2937 4391 2995 4445 in
3049 4391 3186 4462 Rep.
3224 4391 3390 4447 Rom.
3424 4388 3644 4448 milites

2001 4458 2124 4533 suis
2158 4458 2493 4531 sumptibus
2544 4462 2670 4517 sine
2716 4462 2951 4533 publico
3003 4458 3292 4533 stipendio
3341 4463 3646 4520 militasse.

2003 4530 2218 4604 Verum
2269 4530 2472 4602 postea
2521 4550 2636 4587 non
2686 4530 2973 4604 stipendia
3023 4530 3238 4600 solum,
3276 4535 3375 4589 sed
3407 4538 3462 4589 et
3489 4535 3650 4592 varia

2005 4603 2380 4679 praemiorum
2410 4603 2852 4679 genera‘eorum
2884 4605 3156 4679 acuenda:
3207 4604 3403 4679 virtuti
3435 4610 3651 4679 propo-

2004 4674 2118 4749 sita
2148 4678 2306 4728 sunt.
2345 4676 2404 4728 In
2438 4674 2528 4749 his
2561 4674 2672 4749 fuit
2698 4678 3044 4749 Donativum,
3095 4677 3150 4732 id
3196 4681 3305 4744 est,
3338 4674 3649 4749 imperato-

2005 4745 2083 4799 ris
2115 4761 2333 4818 munus
2367 4747 2519 4818 quod
2553 4747 2840 4806 militibus
2889 4748 3128 4814 viritim,
3163 4749 3314 4804 sicut
3343 4755 3400 4805 et
3424 4745 3651 4804 civibus

2007 4816 2803 4890 congiariumbividrbatur.
2837 4820 3094 4875 Fuerunt
3142 4819 3316 4874 etiam
3356 4820 3653 4890 promotio-

2002 4902 2120 4954 ηαδ,
2155 4903 2288 4971 cum
2323 4888 2718 4971 quis'virtutis
2751 4907 2928 4945 causa
2964 4888 3372 4971 adhmajor’eni
3403 4891 3651 4971 gradum

2001 4959 2442 5081 lapsumebatur.
2469 4960 2612 5016 Hinc
2646 4962 2915 5016 Lucanus
2946 4961 3016 5016 de
3047 4959 3239 5016 Scava
3267 4959 3510 5016 Caesaris
3543 4961 3654 5015 mi-

2025 5046 2038 5080 ι
2074 5045 2102 5081 e
2134 5045 2145 5081 :

2025 5045 2145 5083 ιῑθε

2823 5128 2897 5177 lbi
2927 5128 3187 5190 sanguine
3223 5127 3386 5176 multo

2131 5187 2413 5237 Promotus
2443 5188 2617 5239 Iuliam
2649 5190 2808 5255 longo
2837 5190 2972 5253 gerit
2995 5187 3182 5239 ordine
3209 5191 3393 5239 vitem.

2004 5311 2168 5386 Apud
2220 5311 3034 5386 Griecoshquoqueﬂapoparoc
3071 5313 3391 5386 dicebatur,
3442 5313 3542 5385 qui
3589 5331 3657 5371 ea

2005 5381 2228 5458 ratione
2262 5381 2680 5458 ad_r_nil_it_arcfn
2714 5381 3058 5458 dignitatem
3088 5384 3301 5458 luisset
3329 5381 3654 5458 cooptatus,

2006 5459 2071 5526 ut
2118 5455 2274 5526 idem
2327 5455 2561 5526 Lipsius
2610 5455 2803 5510 tradit
2837 5456 2938 5511 lib.
2975 5475 3033 5511 ιι.
3068 5456 3205 5511 dial.
3238 5457 3290 5510 8.
3324 5455 3520 5513 Sed'et
3550 5458 3659 5513 hoc

2005 5525 2133 5598 ipso
2182 5525 2309 5593 lib.,
2344 5525 2482 5581 dial.
2519 5528 2571 5594 4,
2599 5527 2724 5598 jam
2779 5528 3054 5584 docuerat
3096 5543 3354 5584 numeros
3401 5529 3659 5585 inferiori

2008 5614 2123 5652 aevo
2173 5601 2297 5676 tum
2348 5598 2419 5676 de
2469 5599 2832 5673 cohortibus,
2867 5604 2991 5658 tum
3043 5600 3114 5658 de
3161 5599 3492 5676 legionibus
3542 5601 3662 5658 fre-

2009 5672 2256 5748 quenter
2283 5667 2418 5745 legi.

3251 5797 3331 5881 31,
