3894 6208
362 348 475 408 971

1828 351 1895 409 S.
1938 349 2313 410 AMBROSH

3647 348 3750 411 97!

368 480 603 536 natione
632 480 1517 551 contenderet.~Beatus,inquit.
1541 481 1647 534 vir.
1674 516 1683 527 κ
1710 482 1855 544 Quid
1881 480 2013 553 plus
2040 484 2097 549 Α
2126 482 2203 536 ris
2238 482 2599 545 salubritate,
2630 480 2693 540 ﬂ
2722 482 2935 552 quibus
2958 478 3106 534 nihil
3136 488 3353 533 natura
3378 484 3471 534 est
3511 478 3749 549 bonum;

368 570 560 642 potuit
588 568 813 625 homini
845 570 1173 641 dari,quam
1208 587 1322 641 quo
1354 569 1495 623 nihil
1532 571 1787 642 amplius
1827 574 2013 639 potuit

368 658 485 715 Deo
534 660 865 730 Apostolica
912 660 1253 713 auctoritate
1302 659 1534 713 deferri.
1578 659 1788 714 Beatus
1832 660 2011 721 enim,

367 752 425 803 et
453 745 617 803 mlus
644 752 932 819 potens,et
953 766 1047 802 rex
1070 754 1399 819 regnum,et
1422 750 1697 802 Dominus
1714 749 2015 803 dominan-

370 835 518 891 tium
549 835 701 891 Deus
727 836 917 890 dictus
947 842 1035 891 est
1068 838 1111 891 ’l
1142 838 1273 889 Tim.
1304 853 1380 899 γι,
1418 839 1520 903 1:3,.
1556 836 1654 890 [ile
1698 836 1859 891 solus
1915 853 2014 907 po-

369 929 521 989 tens,
557 922 654 978 ille
685 923 803 979 Rex
832 939 1061 995 regum,
1094 923 1190 978 ille
1233 923 1516 978 Dominus
1562 924 2012 987 dominantium,

370 1010 748 1067 beatitudinis
778 1016 973 1065 tamen
1009 1029 1123 1066 non
1158 1014 1597 1081 supergreditur
1641 1018 2011 1081 potestatem.

371 1100 612 1153 Donavit
644 1100 813 1153 nobis
842 1098 1249 1170 appellationis
1280 1100 1407 1167 ejus
1440 1117 1749 1153 commune
1780 1117 2015 1153 consor-

370 1186 543 1254 tium,
572 1205 699 1258 qua:
731 1188 912 1259 digna
934 1188 1221 1242 estimata
1244 1194 1329 1243 est
1361 1188 1473 1241 bon
1489 1206 1575 1243 ire
1605 1189 1817 1243 divino.

444 1294 531 1347 14,
584 1294 1035 1349 Consideremus
1089 1312 1242 1348 nunc
1290 1312 1404 1365 qua
1459 1298 1701 1360 ratione,
1736 1320 1761 1339 τι
1808 1301 2015 1349 Beatus

370 1382 477 1445 vir,
512 1408 539 1427 ιι
568 1382 778 1437 dixerit
807 1400 821 1436 :
855 1388 909 1437 et
959 1400 1072 1437 non
1122 1384 1333 1453 magis,
1367 1384 1517 1437 beati
1563 1384 1851 1449 homines,
1882 1401 2013 1437 cum

374 1476 617 1540 uterque
648 1485 819 1525 sexus
848 1476 1083 1524 vocetur
1110 1472 1179 1524 ad
1214 1472 1789 1542 gratiam..\'umquid
1822 1490 1853 1525 a
1880 1490 2015 1526 cou-

366 1558 546 1613 sortio
589 1558 970 1614 beatitudinis
1018 1559 1262 1613 exclusit
1316 1560 1612 1629 mulieres,
1646 1562 1783 1631 quia
1828 1562 2013 1614 virum

368 1646 559 1701 solum
592 1647 828 1701 beatum
864 1649 1259 1719 nuncupavit?
1289 1650 1485 1713 Absit;
1519 1650 1655 1719 quia
1680 1667 1782 1704 nec
1816 1666 1849 1704 a
1878 1666 2015 1703 cono

368 1736 547 1791 sortio
577 1742 854 1790 creaturae
884 1737 1129 1791 exclusit
1177 1741 1327 1792 Deus
1380 1738 1648 1807 feminas,
1680 1740 1821 1810 quia
1851 1740 2014 1809 prius

369 1825 559 1879 virum
590 1824 1029 1879 condidit.I)ixit
1073 1824 1231 1879 enim
1282 1830 1433 1880 Deus
1466 1845 1478 1879 :
1514 1849 1538 1867 ιι
1578 1826 1879 1881 Faciamus
1912 1827 2014 1880 ho-
2046 1849 2092 1912 Β

368 1912 589 1968 minem
614 1914 937 1968 secundum
970 1915 1284 1985 imaginem
1318 1922 1660 1980 nostram,et
1687 1916 2009 1969 secundum

364 2000 817 2057 similitudinem
849 2006 1178 2057 nostram...
1215 2004 1279 2056 Et
1313 2004 1466 2066 fecit,
1499 2004 1709 2073 inquit,
1741 2004 1892 2058 Deus
1915 2004 2017 2057 ho-

367 2089 608 2157 minem,
641 2089 715 2143 ad
746 2090 1061 2162 imaginem
1113 2091 1211 2145 Dei
1264 2092 1397 2145 fecit
1438 2091 1629 2155 illum,
1685 2092 2011 2146 masculum

364 2182 422 2234 et
450 2178 730 2236 feminam
764 2179 900 2233 fecit
928 2196 1028 2234 eos
1058 2180 1209 2233 Ἥρη.
1246 2196 1285 2244 ι,
1317 2182 1407 2243 26,
1439 2182 1553 2249 27).
1591 2202 1617 2227 η
1670 2181 1727 2234 In
1777 2181 2013 2234 nomine

368 2272 615 2338 uterque
660 2267 974 2338 signatur:
1009 2266 1065 2320 in
1115 2268 1237 2321 viro
1287 2285 1459 2321 sexus
1503 2269 1868 2339 exprimitur.
1901 2270 2011 2323 Sed

367 2355 867 2427 quemadmodum
899 2371 1033 2409 cum
1066 2355 1243 2410 homo
1292 2357 1527 2420 dicitur,
1563 2364 1807 2427 uterque
1854 2374 2010 2411 com-

366 2442 754 2516 prehenditur
800 2459 815 2497 :
870 2444 952 2499 ita
998 2461 1131 2499 cum
1182 2445 1270 2498 vir
1312 2446 1671 2513 nominatur,
1699 2452 1755 2500 et
1805 2446 2014 2501 mulier

365 2533 537 2604 cujus
566 2531 655 2587 vir
680 2531 778 2587 ille
808 2532 905 2598 sit,
942 2532 1305 2604 intelligitur.
1347 2534 1621 2604 Denique,
1657 2558 1681 2579 α
1733 2534 1861 2589 Haec
1908 2550 2011 2589 vo—

363 2620 611 2689 cabitur,
681 2621 891 2693 inquit,
952 2621 1185 2688 mulier,
1254 2623 1534 2693 quoniam
1598 2622 1668 2677 de
1725 2622 1847 2676 viro
1906 2639 2011 2676 suo

362 2714 605 2783 sumpta.
642 2716 733 2765 est
764 2711 918 2779 (Gen.
952 2727 1010 2764 ιι.
1042 2713 1153 2781 23}.
1190 2736 1218 2758 υ
1251 2712 1491 2765 Accedit
1534 2710 1699 2776 illud,
1732 2711 2009 2781 quoniam

362 2814 616 2871 quorum
648 2802 861 2853 natura
900 2798 1127 2863 eadem,
1154 2814 1356 2853 eorum
1405 2800 1773 2870 operationes
1812 2800 2013 2870 utique

366 2901 484 2941 non
503 2889 895 2957 possuntesse
914 2884 1211 2952 discretae;
1235 2891 1291 2941 et
1319 2903 1570 2957 quorum
1597 2904 1747 2957 opus
1767 2886 2011 2958 aequale,

364 2988 570 3030 eorum
629 2973 833 3043 utique
886 2972 1132 3044 aqualis
1203 2979 1261 3028 et
1331 2990 1573 3029 merces.
1629 2974 1832 3029 Virum
1902 2975 2009 3046 igi-

366 3066 463 3117 tur
526 3059 829 3133 Scriptura.
901 3061 1167 3128 dicendo,
1222 3068 1551 3118 consortem
1609 3062 1828 3135 copula:
1897 3080 2010 3117 non

365 3149 771 3222 praetermisit;
824 3148 964 3222 quia
1008 3155 1066 3206 et.
1111 3150 1408 3206 hominem
1457 3152 1726 3218 dicendo,
1774 3168 2012 3207 consor-

364 3243 483 3295 tem
516 3254 631 3294 non
662 3237 845 3294 tacuit
878 3242 1097 3293 natura:
1123 3240 1256 3309 (13).
1284 3240 1483 3311 Itaque
1512 3240 2011 3311 quemadmodum

368 3326 489 3383 illic
514 3326 813 3384 hominem
848 3327 1067 3383 tactum
1100 3327 1372 3400 legimus,
1405 3334 1461 3383 et
1489 3345 1624 3383 cum
1657 3328 1733 3382 sit
1763 3346 1881 3384 una
1910 3345 2009 3383 na-

366 3420 519 3489 tura,
572 3421 767 3473 tamen
822 3417 1203 3489 principalem
1269 3435 1473 3473 sexum
1531 3417 1693 3490 prius
1751 3424 2009 3474 creatum

368 3521 581 3578 negare
629 3522 745 3561 non
798 3522 1161 3577 possumus:
1208 3507 1289 3563 ita
1337 3512 1395 3563 et
1441 3508 1535 3561 hic
1581 3524 1711 3562 cum
1760 3502 2051 3579 legimus“

364 3592 664 3660 virum,de
692 3594 997 3665 principali
1048 3596 1312 3667 portione
1355 3613 1557 3652 sexum
1606 3614 1840 3668 quoque
1870 3614 2008 3669 sup-

366 3696 569 3754 parem
598 3682 1090 3754 recognoscimus.
1120 3684 1285 3739 Paria
1314 3684 1493 3756 igitur
1523 3686 1715 3740 studia
1751 3685 2005 3752 virtutis,

366 3768 509 3842 quia
552 3785 659 3842 par
703 3771 1082 3842 praerogativa
1135 3776 1220 3828 est
1271 3778 1566 3828 creaturae.
1614 3774 1763 3838 Quid
1810 3778 2006 3829 autem

363 3874 569 3915 sexum
601 3858 905 3928 discutias,
940 3860 1033 3915 ubi
1069 3878 1178 3915 non
1214 3861 1473 3933 corporis
1504 3880 1538 3916 a
1566 3868 1642 3933 te,
1665 3864 1765 3917 sed
1798 3863 2005 3917 anima:

362 3947 685 4005 certamina
714 3947 1237 4021 postulantur,quzu
1270 3967 1470 4005 sexum
1506 3968 1616 4006 non
1642 3951 2005 4006 habet?Non

362 4052 500 4109 ergo
553 4035 671 4092 illic
719 4037 1018 4094 discernes
1064 4038 1366 4107 honorem,
1400 4040 1725 4095 mercedem
1756 4040 2004 4107 dividas,

308 4132 313 4139 ‘
365 4124 463 4183 ubi
496 4142 611 4182 non
637 4125 994 4182 discernitur
1022 4144 1215 4183 sexus.
1251 4132 1375 4203 Non
1427 4128 1657 4183 incaute
1706 4132 1922 4195 tamen,
1955 4127 2007 4183 si

361 4213 521 4287 prior
547 4219 783 4271 vocetur
811 4215 883 4270 ad
915 4217 1275 4283 exercitium,
1310 4217 1409 4288 qui
1460 4217 1569 4271 fuit
1616 4216 1904 4288 posterior
1932 4217 2005 4272 ad

360 4301 616 4375 lapsum.
647 4304 782 4368 Quae
814 4304 965 4360 male
994 4306 1185 4377 coepit,
1219 4306 1385 4377 sequi
1417 4306 1607 4372 debet,
1643 4323 1757 4360 non
1800 4320 2007 4377 praece-

361 4392 528 4461 dere;
564 4397 629 4448 ut
656 4392 742 4448 vel
785 4397 919 4465 post
966 4394 1429 4466 experimentum
1479 4395 1558 4450 sit
1606 4395 1999 4451 verecundior.

362 4479 509 4536 Male
540 4481 655 4536 Eva
683 4486 907 4540 naturae
936 4482 1200 4539 ordinem
1240 4483 1628 4555 praetermisit,
1672 4490 2004 4555 exspectare

2122 572 2373 641 demque
2426 587 2540 625 non
2594 568 2785 625 solum
2832 569 3061 624 facilem
3104 569 3626 623 commutationem
3660 568 3748 625 h1-

2124 660 2259 713 l-ent
2314 661 2369 712 in
2420 660 2733 719 contraria,
2777 676 2977 714 verum
3020 657 3195 712 etiam
3244 658 3643 712 ministerium
3686 659 3748 713 ad

2122 748 2354 819 cuipam
2402 749 2677 802 exhibent
2710 749 2761 802 ei
2794 748 2895 818 qui
2928 748 3008 801 uti
3042 746 3135 801 his
3164 747 3408 801 nesciat.
3438 745 3582 809 Quis
3608 746 3749 802 enim

2114 838 2316 906 justus
2350 844 2583 908 propter
2612 836 2965 908 pecuniam?
2994 836 3134 899 Quis
3164 835 3410 890 humilis
3440 836 3501 890 in
3523 840 3753 907 potestu-

2122 926 2281 979 tibus
2302 926 2329 978 ?
2360 926 2499 991 Quis
2531 927 2865 980 misericors
2911 932 3147 996 propter
3188 923 3554 979 nobilitatem
3574 927 3599 978 ἓ
3624 924 3751 992 Quis

2123 1022 2324 1068 castus
2373 1020 2609 1085 propter
2654 1014 2965 1069 decorem?
3012 1014 3355 1068 lllecebrosa
3410 1013 3531 1068 haec
3578 1013 3752 1086 magis

2124 1109 2261 1156 sunt
2294 1103 2362 1156 ad
2394 1108 2715 1174 peccatum.
2748 1121 2925 1174 quam
2957 1102 3255 1157 fructuosa
3283 1103 3357 1157 ad
3386 1101 3622 1158 virtutis
3641 1118 3753 1175 pro-

2126 1193 2363 1245 fectum.

2198 1292 2281 1342 16.
2316 1289 2461 1353 Quid
2494 1290 2603 1342 sfni
2638 1289 2847 1343 deinde
2890 1288 3013 1342 wlt
3060 1287 3215 1358 quod
3264 1287 3471 1342 maluit
3514 1288 3705 1343 dicere
3737 1303 3750 1342 :

2128 1400 2153 1423 ι·
2184 1376 2309 1430 Non
2360 1378 2522 1445 abiit,
2554 1384 2609 1431 et
2655 1394 2771 1431 non
2820 1378 2983 1431 stetit
3030 1376 3200 1430 .PsaJ.
3236 1393 3273 1441 ι,
3310 1378 3381 1441 1),
3418 1400 3444 1421 υ
3476 1377 3647 1447 quasi
3692 1378 3753 1432 de

2123 1466 2450 1535 praterito;
2502 1482 2635 1519 cum
2687 1465 2937 1536 potuerit
2984 1464 3175 1518 dicere
3224 1483 3239 1517 :
3288 1463 3501 1519 Beatus
3545 1464 3752 1537 virqui

2124 1572 2237 1608 non
2270 1555 2391 1607 abit
2420 1555 2475 1607 in
2508 1554 2749 1608 consilio
2784 1553 3118 1624 impiorum,
3150 1558 3206 1607 et
3252 1554 3311 1606 in
3360 1552 3459 1607 via
3503 1558 3753 1625 peccato-

2123 1661 2252 1696 rum
2316 1660 2429 1696 non
2489 1649 2625 1710 stat,
2684 1650 2739 1696 et
2798 1646 2854 1696 in
2912 1641 3189 1696 cathedra
3244 1640 3595 1713 pestilentia
3652 1659 3751 1698 non

2122 1732 2323 1785 sedet?
2353 1731 2494 1785 Vide
2524 1732 2773 1802 dogma;
2809 1748 2923 1785 non
2972 1732 3129 1785 enim
3178 1731 3382 1784 statim
3428 1731 3639 1786 beatus
3667 1732 3751 1804 qui

2124 1838 2236 1873 non
2268 1826 2352 1873 est
2389 1821 2607 1890 impius
2654 1825 2755 1873 aut
2798 1826 3087 1891 peccator,
3120 1824 3354 1891 propter
3399 1818 3626 1875 incerta
3651 1821 3753 1876 exi-

2121 1916 2237 1963 tus.
2272 1909 2395 1963 Non
2424 1910 2579 1962 enim
2612 1911 2793 1963 otiose
2823 1910 3106 1979 scriptum
3136 1913 3225 1963 est
3252 1924 3267 1964 :
3291 1933 3317 1955 α
3341 1912 3488 1963 Ante
3518 1914 3751 1965 mortem

2122 2015 2193 2050 ne
2252 1996 2575 2051 laudaveris
2614 1996 2868 2068 aliquem
2902 1997 3086 2066 iEcoli.
3118 2013 3198 2063 x1,
3373 2020 3399 2043 ν
3434 1997 3588 2068 Ergo
3626 1998 3752 2052 dum

2120 2085 2177 2138 in
2213 2084 2319 2137 hac
2350 2085 2464 2138 vita
2494 2085 2806 2155 quisquam
2840 2088 2951 2150 est,
2984 2101 3097 2139 non
3132 2088 3323 2156 potest
3351 2083 3601 2141 definita
3629 2101 3753 2157 pra-

2122 2174 2409 2227 dicatione
2436 2173 2684 2238 laudari,
2718 2190 2853 2228 cum
2886 2179 3080 2245 patere
3112 2172 3304 2227 adhuc
3356 2174 3547 2244 possit
3587 2175 3755 2230 errori

2122 2262 2225 2329 (11]
2253 2280 2266 2327 ;
2302 2261 2396 2315 ille
2428 2270 2621 2316 autem
2654 2263 2750 2333 qui
2781 2264 2960 2316 vitam
3010 2262 3136 2317 sine
3174 2262 3493 2317 offensione
3530 2263 3753 2318 conclu-

2121 2351 2282 2416 serit,
2309 2350 2440 2419 jure
2470 2349 2623 2403 beati
2655 2349 3047 2421 appellatione
3094 2355 3389 2415 censetur,
3428 2351 3531 2422 qui
3582 2351 3756 2406 utitur

2121 2439 2412 2493 consortio
2443 2438 2767 2492 beatorum.
3432 2426 3437 2433 ’

2190 2535 2277 2589 17.
2309 2536 2419 2589 Sed
2453 2535 2597 2589 forte
2626 2536 2788 2589 dicas
2822 2550 2836 2587 :
2870 2536 2995 2599 Qua
3022 2535 3243 2589 ratione
3262 2550 3402 2606 ergo
3427 2533 3572 2590 alibi
3602 2534 3753 2591 dixit:

2120 2646 2147 2669 α
2184 2624 2396 2677 Beatus
2426 2624 2525 2693 qui
2558 2623 2828 2694 intelligit
2857 2639 3034 2694 super
3058 2639 3309 2695 egenum
3340 2628 3400 2679 et
3448 2640 3753 2696 pauperem

2120 2713 2292 2781 (Psal.
2327 2730 2411 2777 xc,
2446 2716 2491 2779 ἐκ
2514 2712 2541 2763 ?
2568 2734 2595 2759 η
2625 2712 2749 2766 Non
2796 2712 2950 2766 enim
3002 2711 3147 2766 dixit
3199 2713 3430 2767 beatam
3460 2713 3567 2784 qui
3598 2711 3754 2768 intel-

2118 2799 2448 2865 lexerit,sed
2481 2816 2616 2853 eum
2648 2800 2746 2870 qui
2774 2800 3082 2872 intelligit;
3114 2802 3395 2872 quoniam
3424 2800 3753 2873 quibonum

2119 2894 2456 2958 operantur,
2488 2888 2545 2941 in
2577 2889 2705 2959 ipso
2734 2905 2907 2959 opere
2954 2893 3012 2943 et
3058 2904 3174 2959 quo
3223 2890 3565 2959 probentur,
3610 2889 3752 2945 invo-

2121 2976 2311 3041 niunt,
2340 2978 2865 3031 remunerationem
2911 2977 3003 3031 sui
3061 2976 3121 3030 in
3178 2977 3305 3048 ipso
3358 2992 3536 3048 Opere
3562 2992 3754 3034 conse-

2119 3069 2382 3136 quentes.
2416 3065 2719 3136 Siquidem
2760 3065 2940 3120 beatae
2987 3065 3211 3120 fructus
3257 3071 3350 3121 est
3398 3066 3754 3123 conscientia

2120 3154 2339 3208 bonum
2371 3154 2610 3208 factum.
2638 3153 2748 3216 Qui
2780 3158 2978 3208 autem
3009 3170 3045 3208 a
3072 3152 3226 3209 malo
3265 3158 3623 3226 temperant,
3652 3171 3754 3211 non

2121 3242 2169 3295 si
2202 3240 2380 3296 semel
2404 3246 2503 3296 aut
2533 3241 2621 3296 bis
2651 3240 3072 3297 declinaverint
3095 3240 3566 3314 culpam,statim
3587 3242 3751 3307 beati;

2122 3330 2224 3383 sed
2254 3330 2302 3385 si
2332 3331 2628 3401 potuerint
2656 3328 2839 3401 culpa:
2887 3331 3223 3402 contagium
3262 3347 3366 3403 per
3415 3348 3595 3388 omne
3641 3332 3754 3387 vita:

2121 3436 2239 3475 suas
2272 3423 2503 3490 tempus
2532 3420 2791 3474 evadere.

2194 3527 2278 3579 18.
2314 3525 2476 3580 Nunc
2506 3524 2649 3580 illud
2680 3526 2955 3594 occurrit,
2995 3541 3100 3580 cur
3128 3525 3364 3581 beatum
3413 3527 3611 3584 dicere
3653 3545 3758 3584 ma-

2120 3612 2315 3679 luerit,
2346 3630 2462 3668 non
2493 3629 2631 3668 eum
2659 3612 2761 3684 qui
2791 3613 3022 3684 pietatis
3052 3611 3247 3685 aliquo
3268 3612 3347 3668 sit
3376 3612 3620 3671 functus
3647 3614 3757 3671 ofﬁ-

2118 3702 2228 3769 cio,
2259 3702 2361 3755 sed
2392 3718 2526 3756 eum
2558 3702 2655 3773 qui
2688 3701 2759 3757 ab
2790 3700 3105 3773 impiorum
3131 3700 3377 3757 consilio
3405 3708 3753 3775 temperave-

2119 3790 2213 3844 rit.
2254 3789 2496 3845 Videtur
2544 3789 2702 3844 enim
2752 3790 2942 3862 magis
2996 3787 3328 3845 laudandus
3381 3790 3487 3861 qui
3535 3791 3756 3847 virtutis

2119 3895 2334 3933 munus
2385 3877 2733 3949 impleverit,
2781 3894 2962 3948 quam
3008 3877 3108 3949 qui
3155 3882 3464 3949 peccatum
3494 3880 3754 3936 evaserit.

2116 3966 2419 4043 Siquidem
2444 3982 2548 4021 nec
2577 3966 2705 4030 bos,
2736 3981 2841 4021 nec
2865 3982 3073 4037 equus,
3107 3981 3211 4021 nec
3240 3964 3393 4037 lapis
3431 3966 3494 4021 in
3533 3970 3754 4038 peccato

2115 4070 2243 4110 esse
2264 4058 2711 4122 consueverunt,
2740 4058 2842 4109 aut
2871 4054 3071 4109 sedere
3093 4054 3151 4108 in
3175 4054 3460 4110 cathedra
3488 4053 3756 4127 pestilen-

2114 4142 2227 4197 tiae.
2252 4143 2363 4198 Sed
2394 4142 2495 4197 illa
2522 4142 2902 4198 beatitudinis
2933 4158 3048 4197 non
3079 4141 3298 4197 habent
3324 4141 3613 4212 fructum,
3637 4159 3752 4214 qua

2114 4230 2347 4287 virtutis
2377 4247 2491 4286 non
2523 4231 2742 4286 habent
2766 4246 3029 4287 sensum.
3053 4231 3201 4286 Nam
3229 4231 3527 4303 quomodo
3561 4246 3751 4304 pem-

2114 4320 2286 4375 niunt
2316 4319 2388 4374 ad
2419 4319 2564 4392 legis
2594 4320 2921 4391 praemium,
2954 4336 3085 4390 quas
3110 4335 3224 4374 non
3254 4318 3478 4374 habent
3508 4335 3751 4392 sequen-

2112 4409 2198 4463 dae
2228 4408 2373 4481 legis
2399 4409 2669 4464 affectum
2687 4409 2715 4463 ‘I
2734 4413 2808 4464 De
2825 4406 3208 4463 rationalibus
3229 4422 3367 4479 ergo
3389 4409 3749 4480 propositam

2113 4497 2462 4552 sententiam
2493 4496 2676 4563 video,
2710 4498 2819 4552 hoc
2848 4500 2956 4561 est,
2989 4496 3059 4551 de
3090 4496 3278 4551 nobis.
3330 4496 3516 4551 Nobis
3564 4501 3752 4552 autem

361 4567 567 4656 debuit
594 4571 1029 4656 prazcedcntcm.
1062 4572 1265 4627 Astute
1313 4588 1553 4644 serpens
1607 4588 1641 4627 a
1689 4571 2007 4643 posteriore
2036 4575 2082 4639 D
2114 4584 2349 4640 initium
2401 4585 2712 4651 bonorum,
2770 4584 3126 4640 abstinentia
3180 4588 3561 4656 peccatorum
3621 4588 3751 4649 est;

361 4653 570 4727 coepit;
602 4655 733 4712 ideo
790 4658 1072 4729 propheta
1127 4660 1199 4713 ad
1257 4660 1617 4731 superiorem
1676 4659 2001 4729 revertitur,

358 4759 497 4801 cum
528 4743 731 4816 utique
756 4744 857 4817 qui
888 4744 1089 4818 lapsus
1120 4763 1234 4802 non
1265 4752 1441 4816 esset,
1476 4748 1589 4804 nisi
1620 4752 1773 4803 esset
1810 4752 2001 4819 poste-

359 4832 574 4890 riorem
605 4837 861 4890 secutus.

432 4941 517 4997 15.
550 4941 812 5015 Denique
841 4940 1006 5014 prius
1039 4958 1142 4997 nos
1186 4941 1474 4997 revocavit
1522 4958 1555 4997 a
1601 4941 1789 5014 lapsu,
1823 4959 1999 5014 quam

357 5030 431 5088 ad
472 5030 727 5105 palmam
771 5030 1023 5087 victoriae
1074 5030 1419 5103 provocavit.
1453 5054 1477 5080 «
1515 5030 1749 5097 Beatus,
1784 5032 1995 5103 inquit,

355 5119 445 5177 vir
480 5120 579 5192 qui
604 5137 717 5178 non
749 5119 898 5177 abiit
926 5118 986 5175 in
1018 5119 1261 5175 consilio
1293 5120 1629 5191 impiorum.
1666 5142 1693 5169 «
1724 5119 1868 5174 Vide
1900 5121 1997 5176 ubi

356 5207 562 5265 beatus
591 5208 920 5282 appelleris,
956 5224 989 5263 ο
1022 5208 1195 5263 homo
1229 5223 1242 5262 :
1279 5224 1392 5262 non
1424 5207 1482 5262 in
1514 5206 1754 5273 divitiis,
1782 5224 1897 5263 non
1937 5209 1996 5263 in

361 5298 512 5353 744
543 5297 929 5370 potestatibus
982 5303 1037 5353 et
1084 5296 1424 5365 honoribus,
1458 5313 1575 5352 non
1607 5296 1665 5351 in
1697 5296 1999 5353 nobilitate

358 5384 610 5456 generis,
644 5391 745 5442 aut
775 5387 982 5442 decore
1010 5390 1066 5441 et
1097 5384 1672 5458 pulchritudine,non
1704 5385 1764 5440 in
1794 5402 1996 5459 corpo-

432 5610 542 5692 (13)
574 5610 711 5692 Mss.
746 5614 970 5687 aliquot
999 5631 1065 5671 ac
1097 5621 1204 5673 vet.
1233 5616 1373 5674 edit.
1397 5615 1457 5673 in
1483 5620 1997 5692 marg..consortem

354 5697 470 5769 pan
496 5683 668 5744 tacuit
693 5683 982 5746 creaturae.
1544 5702 1553 5713 ·

2113 4674 2390 4745 quoniam
2420 4671 2671 4745 legimus
2705 4689 2717 4727 :
2756 4694 2784 4722 ι(
2822 4672 3058 4728 Declina
3103 4688 3137 4727 a
3182 4672 3361 4739 malo,
3405 4678 3465 4728 et
3515 4673 3609 4729 fac
3656 4674 3755 4728 bo-

2112 4779 2254 4818 num
2288 4761 2459 4832 (Psal.
2493 4778 2682 4827 xxxvr,
2714 4762 2863 4832 27).»
2896 4761 2998 4816 Hic
3028 4761 3185 4816 enim
3217 4760 3359 4816 ordo
3386 4765 3479 4817 est
3505 4758 3755 4832 discipli-

2111 4868 2222 4917 nas,
2254 4856 2319 4905 ut
2359 4850 2430 4905 ab
2475 4849 2849 4905 inferioribus
2897 4850 2968 4905 ad
3018 4849 3359 4922 perfectiora
3397 4849 3753 4915 contendas;

2111 4956 2183 4995 ne
2212 4938 2483 4994 terrearis
2516 4937 2668 4994 mole
2698 4939 3009 5009 majorum,
3042 4938 3144 5009 qui
3193 4938 3477 4993 leviorum
3522 4937 3753 4994 exordio

2107 5029 2319 5084 debeas
2347 5027 2665 5098 provocari.
2688 5026 2987 5082 Scalarum
3009 5027 3166 5082 enim
3187 5025 3442 5081 similem
3462 5042 3595 5082 esse
3617 5024 3757 5082 Scri-

2109 5123 2280 5189 ptura
2310 5132 2416 5171 nos
2446 5116 2613 5171 docet
2643 5115 2880 5187 pietatis
2910 5130 3242 5181 ascensum,
3277 5130 3383 5186 per
3412 5130 3565 5186 quas
3615 5113 3753 5169 vidit

2107 5202 2346 5277 angelos
2376 5203 2605 5259 Domini
2634 5202 3012 5259 ascendentes
3055 5206 3113 5258 et
3165 5202 3590 5281 descendentes
3622 5217 3749 5258 san-

2107 5296 2237 5349 ctus
2264 5292 2464 5359 Jacob,
2497 5291 2585 5347 vir
2612 5291 3037 5347 exercitationis
3068 5290 3179 5362 (15)
3212 5290 3365 5361 (Gen.
3398 5308 3607 5357 xxvm,
3656 5291 3754 5359 12),

2107 5381 2208 5454 qui
2239 5380 2407 5437 nobis
2436 5380 2774 5453 propositus
2803 5384 2910 5447 est,
2945 5384 3010 5435 ut
3037 5396 3139 5451 per
3166 5378 3334 5447 illum
3366 5393 3751 5457 cognoscere-

2204 5617 2289 5689 14)
2322 5616 2461 5691 Mss.
2496 5616 2641 5691 duo,
2665 5622 3032 5691 quemppertere
3058 5613 3640 5691 adhucpossz‘tierror.

2201 5684 2297 5762 15)
2325 5690 2421 5750 Vir
2459 5684 2889 5769 εκθνοίεὰιίοηίἑ,
2918 5690 2976 5748 id
3022 5694 3131 5767 est,
3181 5684 3486 5750 laboribus
3527 5684 3748 5749 exerci-
