3894 6208
79 383 172 450 913

1206 385 1659 453 ENARRATIO
1703 392 1782 453 IN
1826 392 2204 458 PSALMUM
2247 396 2294 456 Ι.

3310 401 3428 464 974

94 535 199 573 mus
216 515 432 588 gradum
450 512 681 605 virtutis
702 513 986 605 paulatim
1011 534 1115 572 nos
1143 519 1397 589 proferre
1442 521 1672 590 debere,
1703 526 1754 592 Α
1787 541 1932 596 quas
1954 524 2047 582 hic
2087 530 2362 598 putamus
2401 543 2724 600 expressas,
2785 530 3172 603 cogitationis,
3229 549 3432 605 opera-

95 611 139 661 ct
163 606 230 660 ita
255 618 409 674 posse
439 602 507 657 ab
539 600 675 657 imis
705 603 778 658 ab
809 621 1044 660 summa
1074 608 1444 676 contendere,
1477 609 1526 664 si
1583 627 1686 682 per

92 708 352 766 processus
372 690 708 762 gradiamur
733 693 972 765 exiguos
1006 695 1078 749 ad
1109 711 1176 749 ea
1225 711 1356 766 quae
1410 697 1684 752 videntur

88 783 310 836 humanae
340 777 542 833 altiora
573 784 816 835 naturae.
862 781 977 836 Has
1037 781 1144 837 tibi
1204 783 1394 839 scalas
1453 802 1685 857 semper

90 869 258 924 habeto
279 865 608 939 propositas.
642 868 722 923 Ne
753 867 984 937 timeas,
1017 885 1048 924 ο
1080 870 1276 938 homo,
1309 873 1528 942 gradus
1575 873 1684 930 hos

88 956 348 1011 ascendere
380 954 519 1010 745
552 955 897 1027 disciplinae.
932 956 1161 1013 Primus
1191 960 1409 1032 gradus
1457 960 1684 1016 vicinus

88 1047 155 1100 est
177 1049 335 1111 terrae,
365 1058 610 1113 sequens
641 1043 854 1100 similis
885 1049 973 1101 est
1001 1047 1232 1117 prioris.
1259 1047 1352 1103 Sic
1376 1065 1479 1120 per
1499 1066 1686 1121 aequa-

85 1132 152 1187 les
174 1131 365 1203 gradus
391 1133 458 1186 ad
491 1149 726 1188 summa
756 1134 1186 1190 conscenditur.
1221 1135 1302 1191 Ne
1334 1137 1630 1205 fastidias,
1651 1155 1683 1193 ο

84 1220 240 1287 homo,
268 1219 509 1291 primum
560 1219 730 1276 illum
783 1221 939 1277 velut
995 1222 1350 1280 vilissimum
1409 1227 1680 1297 gradum-

83 1307 160 1362 llle
184 1308 386 1379 primus
416 1323 694 1364 ascensus
725 1312 780 1365 te
813 1327 846 1365 a
865 1311 1035 1366 terris
1067 1317 1324 1383 separat;
1359 1329 1550 1369 aerem
1573 1313 1686 1369 cal‘

81 1412 174 1465 cas,
201 1395 287 1450 ubi
316 1396 380 1450 ab
411 1395 588 1452 humo
627 1396 938 1454 elevaveris
975 1400 1311 1471 vestigium.
1347 1401 1409 1455 In
1467 1402 1681 1457 virtute

77 1483 262 1552 positus
290 1485 573 1556 surgendo
595 1484 821 1556 liquisti
841 1491 1054 1542 terram
1080 1505 1092 1554 ;
1128 1492 1345 1544 terram
1371 1489 1678 1561 relinquis,

78 1571 114 1623 si
136 1569 338 1642 culpam
368 1572 648 1628 declinas.
684 1574 996 1629 Exordium
1029 1591 1165 1647 ergo
1188 1577 1577 1648 processionis
1608 1579 1679 1634 ad

78 1659 301 1714 virtutem
323 1665 407 1715 est
435 1662 734 1717 abstinere
766 1679 799 1717 a
829 1668 1081 1734 peccato.

131 1757 198 1810 19.
229 1755 291 1811 Ut
319 1758 571 1814 sciamus
601 1745 798 1814 autem
830 1760 977 1816 hanc
1007 1761 1380 1834 disciplinam
1412 1780 1538 1818 esse
1571 1765 1676 1820 do-

1793 614 1990 681 tionis,
2025 616 2488 686 permansionis;
2522 619 2873 690 beatumque
2903 637 3037 676 eum
3093 621 3433 692 signiﬁcari,

1795 701 1894 772 qui
1925 707 1982 757 et
2013 720 2125 757 non
2155 705 2490 775 cogitaverit
2519 707 2672 776 quod
2706 707 2928 763 malum
2958 712 3066 764 est.
3096 710 3244 765 Nam
3292 726 3440 783 quo-

1796 790 1967 844 modo
2017 793 2204 862 potest
2234 792 2438 849 beatus
2468 809 2619 862 esse,
2655 795 2754 866 qui
2812 796 2937 851 suis
2990 796 3441 870 cogitationibus

1796 879 2208 935 accusantibus
2239 880 2297 934 in
2330 880 2422 936 die
2445 882 2656 952 judicii
2677 884 3062 940 revincendus
3082 886 3210 942 est?
3230 887 3440 943 etiam-

1795 965 1844 1020 si
1878 966 2176 1022 hominem
2233 967 2455 1037 fefellit,
2505 973 2713 1026 testem
2762 973 2993 1045 refugit,
3043 978 3441 1030 accusatorem

1795 1053 2013 1121 evasit;
2049 1071 2110 1110 se
2143 1059 2337 1111 tamen
2384 1056 2475 1111 sui
2508 1063 2905 1116 accusatorem
2925 1061 3104 1117 vitare
3133 1080 3247 1118 non
3278 1065 3444 1135 pote-

1797 1142 1889 1208 rit,
1921 1158 2096 1213 quem
2119 1143 2370 1200 maxime
2400 1145 2570 1202 debet
2599 1145 2843 1216 timere;
2877 1149 3016 1220 quia
3055 1153 3112 1204 et
3142 1154 3441 1207 accusato-

1797 1247 1918 1285 rem
1940 1230 2199 1303 habebit,
2233 1237 2289 1288 et
2320 1234 2694 1290 conﬁtentem
2719 1252 2904 1291 reum.
2941 1237 3156 1294 Beatus
3186 1254 3322 1310 ergo
3352 1241 3444 1294 est

1793 1319 1975 1389 quiet
2005 1335 2120 1374 non
2177 1321 2513 1392 cogitaverit
2569 1323 2724 1393 quod
2765 1323 2990 1380 malum
3043 1329 3152 1393 est,
3213 1331 3271 1382 et
3324 1343 3440 1384 non

1794 1410 2065 1477 operatus
2088 1407 2261 1463 fuerit
2301 1415 2602 1479 peccatum
2645 1411 2804 1482 (quia
2859 1413 3152 1469 interdum
3209 1419 3268 1470 et
3315 1416 3443 1472 sine

1791 1496 2140 1567 cogitatione
2171 1496 2602 1569 delinquimus;
2630 1516 2699 1554 ex
2729 1499 3097 1573 multiloquio
3128 1503 3284 1557 enim
3324 1520 3439 1560 non

1790 1583 2102 1655 effugimus
2131 1586 2476 1657 peccatum),
2509 1590 2565 1641 et
2585 1603 2701 1643 non
2732 1590 3180 1659 perseveraverit
3217 1590 3275 1645 in
3306 1607 3441 1662 pec-

1789 1677 1937 1728 cato.
1970 1671 2074 1728 Vel
2107 1673 2226 1729 sic:
2260 1675 2360 1744 qui
2401 1680 2456 1730 et
2511 1692 2626 1730 non
2685 1677 3022 1748 cogitaverit
3079 1680 3235 1750 quod
3285 1683 3441 1736 esset

1788 1762 2022 1829 erroris,
2058 1762 2145 1818 vel
2176 1762 2235 1817 in
2267 1779 2333 1818 ea
2361 1763 2712 1835 cogitatione
2742 1781 2856 1820 non
2887 1767 3132 1832 steterit,
3172 1767 3259 1822 vel
3285 1772 3440 1824 certe

71 1844 250 1910 ctrina,
283 1847 408 1900 audi
442 1845 629 1918 legem
663 1849 952 1903 dicentem
980 1867 992 1904 :
1020 1873 1046 1898 «
1107 1850 1231 1904 Non
1290 1851 1672 1920 adulterabis,
1709 1887 1754 1950 Β
1789 1868 1903 1904 nou
1936 1851 2384 1921 perseveraverit
2413 1851 2472 1906 in
2505 1851 2578 1907 iis
2607 1854 3082 1925 cogitationibus,
3119 1857 3270 1912 740
3293 1872 3439 1928 quas

70 1949 160 1986 non
200 1932 566 1991 homicidium
600 1936 774 1993 facies
805 1938 998 2008 (Exod.
1031 1955 1122 2007 xx,
1151 1940 1236 2007 14,
1271 1941 1393 2010 15);
1450 1940 1666 2012 imper-

68 2021 198 2075 fectis
225 2021 368 2077 enim
399 2023 516 2078 ista
543 2031 828 2096 praecepta
858 2027 1258 2083 convenientia
1295 2028 1665 2084 videbantur.

66 2107 282 2180 Denique
309 2110 428 2183 ipse
458 2112 747 2168 Dominus
776 2114 952 2170 Jesus
974 2114 1164 2170 sciens
1185 2115 1610 2186 imperfectum,
1635 2134 1669 2171 a

65 2212 154 2265 quo
179 2196 629 2272 interrogabatur
653 2201 868 2272 quibus
894 2202 965 2257 ad
998 2203 1175 2257 vitam
1225 2209 1499 2258 aeternam
1531 2221 1665 2275 ope-

68 2283 200 2340 ribus
222 2288 560 2361 perveniret,
620 2289 919 2359 respondit
949 2291 998 2345 ei
1028 2309 1038 2345 :
1073 2315 1098 2341 ‹‹
1135 2292 1258 2346 Non
1289 2292 1664 2360 adulterabis,

66 2388 155 2425 non
201 2372 572 2431 homicidium
616 2377 813 2446 facies,
849 2395 961 2433 non
1025 2380 1248 2435 furtum
1310 2380 1506 2447 facies,
1555 2385 1662 2437 etc.

65 2459 229 2526 (Matth.
259 2479 366 2530 xxx,
398 2465 514 2535 18).
554 2487 581 2514 »
614 2465 833 2522 Deinde
863 2467 1078 2522 dicenti
1110 2468 1263 2539 quod
1295 2468 1530 2524 fecisset
1567 2468 1668 2524 illa

65 2549 236 2619 )mnia,
262 2552 467 2622 adjecit
504 2553 844 2624 perfectiora
875 2554 1113 2609 dicens:
1155 2576 1176 2604 α
1229 2556 1423 2610 Vende
1471 2557 1667 2612 omnia

65 2652 155 2705 ius:
181 2637 366 2707 habes,
412 2646 470 2696 et
506 2641 1298 2713 dapauperibus,ethabebis
1321 2644 1665 2700 thesaurum

72 2741 98 2777 n
123 2726 246 2781 ccelo
273 2727 425 2798 (Ibid.
447 2731 566 2797 21).
595 2752 622 2778 »
647 2731 1019 2802 Tantumque
1052 2733 1257 2787 abesse
1290 2733 1487 2787 docuit
1516 2734 1668 2788 inter

66 2812 299 2874 natorum
340 2818 815 2886 declinationem,
848 2824 904 2874 et
934 2820 1319 2875 imitationem
1379 2822 1665 2876 bonorum

66 2905 101 2954 it
125 2901 228 2958 haec
256 2905 558 2973 abnueret,
591 2907 845 2978 quiailla
866 2908 978 2964 sibi
1002 2908 1509 2979 faciliajudicabat
1529 2912 1664 2982 (16).

65 2989 139 3043 Sed
168 2993 293 3063 quia
313 3012 414 3051 nec
444 2995 552 3050 illa
581 2997 941 3065 ascenderat,
975 2997 1104 3053 ideo
1137 2998 1208 3052 ad
1234 2997 1354 3053 haec
1384 3015 1446 3053 se
1469 3003 1667 3070 aptare

65 3095 138 3133 non
177 3084 367 3152 potuit.
401 3085 554 3140 Nam
586 3085 634 3140 si
666 3083 964 3142 dilexisset
995 3087 1345 3157 proximum,
1380 3087 1666 3159 potuisset

65 3171 362 3238 )auperibus
393 3173 667 3230 subsidia
714 3174 806 3229 sui
865 3175 1197 3246 patrimonii
1253 3192 1366 3231 non
1431 3192 1660 3248 negare.

67 3255 258 3332 deoque
286 3263 541 3332 gradum
573 3263 831 3334 primum
864 3243 1010 3334 legis
1042 3264 1310 3332 ascende,
1353 3268 1416 3318 ut
1471 3243 1663 3337 possis
1694 3243 1736 3310 (ἶ

65 3344 103 3396 td
129 3346 397 3424 Evangelii
427 3350 662 3406 caeleste
692 3351 993 3424 fastigium
1027 3353 1340 3424 pervenire.
1377 3352 1535 3408 Unde
1567 3370 1661 3408 ar-

65 3430 198 3488 »itror
223 3439 372 3508 quod
402 3439 581 3514 quasi
604 3440 714 3494 sub
746 3439 872 3512 lege
895 3439 1140 3512 positus,
1172 3457 1394 3496 morem
1427 3440 1570 3513 legis
1601 3440 1662 3496 in

65 3520 203 3578 trimo
256 3527 488 3598 psalmo
543 3533 799 3596 secutus,
842 3545 911 3583 ex
958 3546 1066 3584 sua
1121 3546 1373 3602 persona
1425 3533 1664 3586 sanctus

65 3610 295 3681 ’ropheta
320 3617 516 3690 magis
547 3618 806 3674 cavenda
833 3617 1346 3690 denuntiet,quam
1362 3635 1460 3690 seq
1472 3619 1662 3674 uenda

65 3708 311 3771 imponat.
345 3706 408 3760 In
441 3706 897 3778 quadragesimo
929 3712 1123 3762 autem
1149 3707 1405 3774 Psalmo,
1439 3707 1540 3778 qui
1598 3725 1667 3763 ex

65 3803 260 3847 tersonu
287 3792 636 3850 inscribitur
680 3794 992 3852 Salvatoris
1052 3797 1220 3866 (Psat.
1282 3814 1369 3863 xc,
1431 3796 1504 3867 l),
1565 3796 1665 3851 ad-

66 3880 260 3936 .ortatio
291 3884 483 3956 magis
515 3882 750 3938 virtutis
801 3883 924 3954 fiat,
976 3901 1152 3957 quam
1185 3884 1397 3940 erroris
1430 3884 1664 3955 depres-

69 3964 142 4032 io;
206 3969 273 4024 de
325 3972 602 4042 passione
649 3971 806 4028 enim
841 3972 1159 4028 Salvatoris
1197 3971 1458 4043 loquitur
1505 3971 1662 4041 (Ibid.

75 4054 182 4125 ~13).
231 4058 296 4114 Et
344 4060 479 4116 ideo
531 4060 824 4133 Evangelii
873 4060 1244 4132 dispensator
1283 4059 1483 4124 etiam,
1517 4060 1668 4115 sicut

66 4157 326 4204 ossumus
384 4149 888 4215 aestimare,'cum
946 4149 1278 4204 audivimus
1335 4149 1663 4203 dicentem:

89 4231 228 4288 Beati
253 4236 670 4293 misericordes
702 4239 910 4309 (Matth.
945 4255 1000 4306 v,
1030 4238 1085 4307 7)
1113 4255 1125 4304 ;
1165 4259 1192 4286 ››
1223 4241 1280 4292 et
1330 4236 1389 4291 in
1437 4235 1666 4306 psalmo

73 4322 252 4390 ropriaa
283 4327 606 4396 passionis,
633 4331 689 4381 et
720 4327 777 4381 in
836 4326 1146 4397 Evangelio
1205 4325 1666 4381 misericordiam

66 4413 321 4470 oronavit.
357 4415 472 4470 Sed
509 4414 846 4470 adoriamur
887 4416 1010 4485 jam
1037 4413 1246 4486 psalmi
1305 4412 1664 4485 explanatio-

67 4513 168 4565 cm,
199 4506 252 4556 et
274 4504 553 4560 virtutem
580 4504 964 4576 inspiciamus
997 4502 1414 4574 propheticam.

92 4590 170 4641 20.
206 4595 506 4660 «Beatus,
543 4593 754 4659 innuit,
789 4593 876 4646 vir
932 4593 1028 4663 qui
1089 4609 1204 4647 non
1247 4592 1390 4646 abiit
1445 4591 1505 4646 in
1539 4608 1669 4647 con-
1708 4613 1754 4676 Β
1785 4590 2068 4656 consiliis,
2139 4594 2201 4643 ut
2262 4590 2454 4661 possis
2511 4589 2740 4645 dicere:
2805 4612 2832 4641 ‹‹

66 4674 144 4730 ilio
176 4677 524 4751 impiorum,
557 4686 614 4736 et
646 4681 702 4735 in
736 4682 828 4735 via
858 4684 1230 4752 peccatorum
1261 4696 1375 4734 non
1407 4679 1586 4744 stetit,
1621 4685 1678 4734 et

66 4767 382 4824 icathebra
429 4768 776 4842 pestilentia:
827 4785 940 4824 non
998 4767 1150 4823 sedit
1206 4768 1374 4838 (Psat.
1439 4785 1476 4835 Ι,
1538 4769 1611 4838 1).
1645 4789 1672 4817 ››

67 4869 337 4912 ossumus
381 4859 578 4913 dicere
638 4863 756 4913 tres
813 4873 941 4912 esse
1002 4855 1224 4928 species
1287 4860 1677 4927 peccatorum,

65 4979 193 5042 ltus,
231 4984 294 5060 ut
327 4985 499 5060 puta,
524 4981 746 5050 exsilio,
777 4997 908 5060 cum
942 4979 1013 5035 ob
1047 4985 1264 5060 metum
1300 4978 1494 5060 fratris
1516 4994 1676 5060 epa-

65 5062 180 5124 erna
205 5051 410 5124 _domo
471 5053 669 5124 fugere
717 5058 954 5107 coactus
1005 5057 1129 5106 est:
1189 5051 1308 5124 vita
1360 5051 1677 5124 durissima

65 5120 168 5186 pud
205 5121 515 5179 Labanum
540 5120 651 5196 per
690 5141 762 5177 xx
793 5140 977 5178 annos
1017 5126 1235 5196 exacta,
1268 5122 1337 5196 de
1386 5137 1502 5196 qua
1553 5121 1679 5196 ipse

68 5206 361 5275 en.-xxx1:
401 5196 498 5250 Die
527 5193 986 5275 doctaqueasta
1041 5193 1240 5275 urebar
1284 5195 1334 5246 et
1384 5193 1530 5275 θρίων
1586 5195 1676 5275 Ῑπξ-

65 5263 305 5336 Febatque
335 5281 564 5322 somnus
593 5269 660 5321 ab
681 5263 852 5322 oculis
875 5267 1029 5321 meis.
1063 5265 1222 5319 Adde
1252 5263 1462 5336 mentis
1483 5334 1492 5336 _
1511 5263 1676 5336 azgri-

66 5332 278 5390 :dinem
313 5336 392 5391 ob
424 5337 694 5393 violatam
729 5338 960 5405 Dinam,
995 5336 1277 5391 amissum
1302 5334 1540 5405 Joseph,
1565 5332 1674 5390 étc.

83 5407 194 5477 (I6)
226 5407 470 5463 Ultimae
500 5409 637 5464 edit.
682 5409 888 5478 Paris.,
955 5412 1013 5462 ut
1068 5423 1165 5461 nec
1211 5408 1488 5470 abnueret,
1547 5409 1680 5478 quia

65 5475 113 5552 ta
143 5475 255 5532 sibi
280 5479 488 5549 facilia
508 5481 812 5552 judicabat.
871 5475 1010 5534 Aliae
1064 5494 1397 5552 cum__mss.
1456 5475 1680 5552 uti/two

66 5546 301 5622 irrueret,
339 5553 445 5622 qui
480 5546 599 5616 illa,
658 5556 764 5607 etc.
817 5551 1150 5607 Commode.
1182 5549 1472 5622 _Namque
1529 5548 1678 5604 hanc

68 5620 362 5698 ctionem'
385 5637 598 5698 sensus
625 5696 637 5698 _
668 5624 945 5698 postulat,
980 5622 1079 5698 qui
1119 5620 1253 5679 talis
1285 5625 1392 5690 est,
1443 5625 1677 5698 tantum

75 5697 191 5751 stat
221 5692 389 5751 inter
422 5696 573 5754 mata
608 5692 882 5768 devitarc,
933 5692 1016 5753 δι’
1051 5693 1207 5752 bona
1259 5692 1556 5770 prosequi,
1613 5696 1681 5751 ut

1787 1937 1988 2009 plenas
2044 1941 2255 1995 erroris
2306 1941 2637 1996 adverterit.
2697 1943 2807 1998 Sed
2867 1943 2988 1998 haec
3027 1948 3230 2000 utrum
3286 1949 3439 2001 recte

1782 2026 2147 2095 conveniant,
2183 2027 2281 2098 qui
2315 2028 2540 2100 legerit,
2574 2031 2906 2086 estimabit.
2941 2031 3088 2088 Nam
3123 2033 3224 2105 qui
3256 2034 3438 2089 semel

1779 2115 1928 2170 male
1959 2114 2252 2187 cogitavit,
2290 2133 2394 2172 nec
2426 2121 2580 2173 stare
2611 2118 2671 2173 in
2703 2135 2769 2175 eo
2799 2119 3037 2192 debuit,
3071 2137 3176 2177 nec
3235 2137 3436 2193 perse-

1776 2218 1998 2258 verare.
2052 2204 2161 2258 Sed
2193 2205 2302 2259 etsi
2347 2221 2461 2259 non
2533 2209 2986 2277 perseveraverit
3039 2209 3170 2281 (17),
3231 2210 3436 2267 beatus

1781 2308 1908 2348 esse
1931 2308 2044 2346 non
2069 2291 2274 2362 potuit,
2310 2293 2448 2364 quia
2479 2295 2641 2350 stetit
2662 2295 2721 2349 in
2779 2312 2844 2350 eo
2875 2297 3030 2367 quod
3061 2296 3323 2368 improbe
3341 2315 3437 2354 co-

1782 2380 2004 2452 gitavit.
2039 2380 2159 2435 Etsi
2194 2397 2308 2435 non
2362 2381 2546 2450 stetit,
2588 2387 2786 2440 tamen
2839 2400 2906 2438 eo
2964 2384 3092 2456 ipso
3135 2385 3290 2456 quod
3340 2403 3436 2442 co-

1777 2468 1980 2539 gitavit
2013 2467 2181 2533 male,
2221 2473 2418 2523 utrum
2462 2469 2671 2525 habeat
2717 2471 3101 2528 beatitudinis
3143 2472 3423 2542 fructum,

1777 2555 2122 2610 clementem
2174 2556 2429 2628 aliquem
2488 2574 2744 2629 quaerere
2801 2559 2972 2616 debet
3027 2561 3430 2633 interpretem.

1777 2648 2077 2700 Postremo
2132 2645 2270 2716 quia
2331 2662 2501 2701 nemo
2578 2651 2770 2718 potest
2853 2648 3045 2704 dicere
3139 2651 3431 2706 mundum

1777 2748 1839 2786 se
1893 2731 2106 2787 habere
2164 2749 2282 2799 cor,
2332 2739 2455 2789 esto
2517 2739 2581 2788 ut
2637 2734 2942 2791 veniabilis
3005 2737 3276 2808 cogitatio
3333 2739 3431 2807 sit,

1779 2821 2066 2891 numquid
2117 2821 2421 2877 veniabilis
2481 2822 2738 2894 operatio
2794 2825 3211 2895 peccatorum?
3270 2826 3432 2883 Post-

1779 2924 1938 2962 remo
1997 2908 2044 2964 si
2100 2908 2406 2964 veniabilis
2465 2909 2662 2975 statio,
2721 2910 3011 2982 numquid
3070 2911 3250 2967 etiam
3307 2912 3430 2984 ple-

1779 3014 1853 3051 na
1938 2997 2342 3063 beatitudinis,
2413 3013 2479 3052 eo
2548 2998 2704 3068 quod
2790 3015 2906 3054 non
2985 3000 3436 3072 perseveraverit

1782 3085 1840 3139 in
1887 3084 2177 3139 crimine?
2244 3084 2460 3140 Deinde
2515 3086 2615 3156 qui
2663 3103 2778 3141 non
2829 3087 3104 3159 cogitavit
3158 3105 3284 3161 qua
3319 3089 3431 3145 im-

1776 3174 1958 3244 proba
2014 3177 2172 3239 sunt,
2232 3174 2523 3244 quomodo
2594 3174 2652 3228 in
2714 3180 2946 3246 peccato
3005 3180 3161 3231 stare
3213 3177 3425 3248 potuit,

1775 3265 1874 3316 aut
1905 3277 2269 3332 perseverare
2291 3261 2318 3314 ‘?
2348 3261 2419 3316 Ut
2447 3262 2652 3317 beatus
2683 3263 2780 3328 sit,
2823 3263 2924 3333 qui
2954 3264 3066 3318 tria
3121 3263 3242 3319 haec
3290 3266 3427 3335 jure

1775 3350 2104 3413 servaverit,
2139 3354 2292 3405 certe
2323 3350 2464 3406 ordo
2523 3351 2789 3406 diversus
2844 3354 2932 3406 est
2988 3351 3120 3422 (18).
3160 3351 3426 3410 Primum

1773 3444 1863 3493 est
1893 3437 2070 3505 enim,
2095 3442 2161 3492 ut
2192 3455 2305 3493 non
2337 3439 2785 3510 perseveraverit
2813 3438 2873 3493 in
2904 3443 3159 3511 peccato;
3211 3456 3424 3496 secun-

1775 3515 1936 3595 dum,
1982 3531 2048 3582 ut
2067 3543 2180 3582 non
2207 3527 2434 3582 steterit
2466 3527 2522 3581 in
2554 3544 2619 3583 eo
2647 3545 2659 3595 ;
2692 3527 2954 3596 tertium,
2989 3531 3054 3583 ut
3092 3545 3207 3584 non
3267 3529 3428 3602 cogi-

1774 3615 1981 3671 taverit
2009 3616 2161 3688 quod
2198 3621 2354 3672 esset
2411 3616 2647 3685 erroris,
2706 3615 2808 3689 qui
2855 3616 3011 3672 enim
3063 3634 3177 3673 nou
3228 3635 3425 3692 perse-

1775 3705 2075 3772 veraverit,
2109 3705 2296 3776 potuit
2318 3709 2512 3760 tamen
2546 3709 2699 3761 stare
2725 3724 2736 3760 :
2762 3706 2863 3778 qui
2898 3723 3012 3762 non
3032 3707 3213 3776 stetit,
3238 3707 3434 3780 potuit

1775 3795 2051 3865 cogitare,
2075 3794 2174 3865 qui
2206 3799 2397 3850 autem
2432 3811 2537 3849 nec
2571 3795 2866 3868 cogitavit,
2897 3811 3028 3851 vere
3069 3795 3275 3852 beatus
3320 3800 3433 3853 est.

1845 3884 1933 3936 21.
1968 3881 2131 3937 Unde
2161 3882 2404 3938 alteram
2437 3900 2667 3956 quoque
2705 3883 3079 3940 traditionem
3122 3902 3239 3940 non
3290 3901 3436 3956 prae-

1777 3970 2219 4026 termittendam
2253 3972 2472 4042 putavi,
2507 3988 2623 4042 quo
2654 3977 2772 4028 tres
2803 3974 3022 4044 gradus
3049 3976 3205 4027 recto
3228 3973 3437 4028 ordine

1774 4059 1956 4114 factos
1987 4074 2358 4126 asseramus;
2410 4064 2476 4114 ut
2523 4061 2624 4131 qui
2675 4061 2879 4115 beatus
2934 4059 3058 4114 vult
3105 4077 3253 4128 esse,
3313 4077 3433 4116 non

1778 4148 1945 4202 abeat
1975 4147 2034 4200 in
2063 4145 2309 4205 consilio
2340 4146 2676 4216 impiorum,
2710 4147 2818 4202 hoc
2859 4152 2966 4214 est,
3000 4148 3060 4203 in
3109 4164 3312 4204 eorum
3342 4165 3436 4204 co-

1775 4235 2159 4308 gitationibus
2190 4251 2305 4289 non
2342 4233 2641 4302 ambulet;
2672 4234 2882 4290 deinde
2913 4253 3028 4291 non
3079 4239 3193 4292 stet
3238 4235 3299 4291 in
3346 4236 3441 4292 via

1776 4328 2148 4396 peccatorum
2175 4341 2187 4377 :
2220 4323 2388 4378 tertio
2414 4340 2527 4378 non
2561 4324 2760 4379 sedeat
2788 4324 2845 4378 in
2865 4324 3141 4381 cathedra
3161 4324 3439 4398 pestilen-

1775 4413 1886 4468 tiie.
1919 4413 2002 4467 Tu
2030 4411 2210 4484 igitur
2243 4412 2340 4483 qui
2364 4412 2423 4466 in
2447 4411 2706 4468 Ecclesia
2734 4413 2922 4469 factus
2951 4430 3015 4469 es
3044 4413 3438 4496 Christianus,

1774 4501 1861 4557 vel
1895 4501 1992 4571 qui
2028 4502 2137 4571 (19)
2168 4502 2240 4556 ad
2266 4500 2518 4572 gratiam
2537 4501 2750 4574 tendis,
2777 4501 3006 4558 abstine
3027 4503 3098 4558 ab
3120 4502 3440 4575 impiorum

2890 4591 2970 4646 Ne
3037 4591 3249 4664 perdas
3304 4608 3440 4648 cum

1786 4679 2005 4751 impiis,
2034 4684 2202 4742 Deus,
2233 4679 2490 4733 animam
2522 4696 2735 4748 meam,
2777 4684 2835 4736 et
2865 4697 2999 4736 cum
3030 4680 3169 4738 viris
3199 4682 3442 4754 sangui-

1788 4785 1928 4824 num
1961 4768 2138 4824 vitam
2173 4784 2360 4823 meam
2394 4769 2562 4838 (Psal.
2594 4786 2725 4834 xxv,
2755 4770 2832 4840 9).
2865 4793 2892 4820 »
2927 4770 3042 4825 Nec
3064 4770 3284 4843 cogites
3314 4787 3442 4840 qua:

1788 4861 1927 4913 sunt
1952 4855 2149 4928 impia.
2184 4856 2317 4919 Quza
2349 4861 2489 4912 sunt
2518 4857 2638 4924 illa,
2673 4858 2786 4913 nisi
2813 4875 2938 4930 quae
2962 4858 3021 4912 in
3072 4858 3170 4912 Dei
3211 4856 3441 4927 excogi-

1788 4982 1940 5035 bona
1964 4980 2589 5054 prosequi‘recusaret,
2623 4983 2723 5054 qui
2748 4981 2902 5037 mala
2931 4981 3183 5037 devitarc
3215 4978 3436 5036 nullius

1787 5069 1916 5108 esse
1946 5051 2308 5106 difﬁcultatis
2332 5051 2656 5123 judicabat;

1885 5124 1969 5191 17)
2002 5124 2138 5193 Reg.
2174 5122 2463 5187 cod.,'Sed
2478 5126 2582 5178 etsi
2597 5125 3042 5193 perseveraverit.

1882 5194 1969 5257 18)
2029 5195 2166 5248 Mss.
2230 5199 2499 5263 quatuor,
2555 5201 2650 5248 aut
2700 5209 3063 5264 perseverare,
3117 5196 3177 5247 ut
3253 5193 3437 5248 beatus

1787 5267 1898 5320 sit?
1921 5266 2031 5333 Qui
2057 5266 2168 5320 tria
2203 5264 2324 5320 haec
2343 5265 2472 5336 jure
2494 5266 2806 5331 servaverit,
2839 5266 2928 5318 hic
2969 5265 3205 5336 profecto
3251 5264 3439 5321 beatus

1788 5339 1912 5392 erit.
1942 5339 2014 5390 Et
2045 5340 2188 5390 certe
2216 5335 2343 5390 ordo
2359 5335 2565 5390 divisus
2593 5338 2688 5390 est.

1860 5407 1987 5532 (19))
2004 5407 2149 5462 Edit.
2173 5415 2284 5461 vet.
2322 5411 2379 5460 et
2419 5408 2686 5489 quaedam
2744 5407 2924 5462 Paris.
2967 5424 3100 5490 cum
3125 5423 3276 5490 .mss.
3320 5407 3439 5463 fere

1860 5497 1945 5532 [ιω
1996 5495 2101 5532 us:
2141 5477 2218 5532 Ad
2249 5478 2545 5532 Eccleszam
2601 5479 2777 5532 factus
2820 5494 2874 5532 es
2931 5478 3294 5532 Christianus.
3353 5479 3439 5532 vel

1788 5477 2101 5534 omnibus:
2141 5477 2218 5532 Ad
2249 5477 2545 5532 Ecclesiam
2597 5479 2777 5548 factus
2820 5494 2874 5534 es
2931 5478 3294 5545 Christianus,
3353 5479 3439 5534 vel

1787 5555 1848 5606 tu
1895 5552 2010 5622 qui,
2044 5556 2151 5604 etc.
2213 5549 2394 5622 Rom.
2440 5554 2498 5604 et
2544 5549 2743 5621 plures
2789 5550 2995 5616 Paris.,
3030 5551 3251 5622 (Factus
3307 5566 3439 5619 ergo

1790 5619 2273 5696 Christianus,_vet
2326 5619 2396 5679 ad
2422 5619 2663 5696 gratiam
2691 5622 2886 5681 tendis.
2937 5621 3144 5680 Melius
3203 5622 3440 5694 Thuan.

1787 5693 1913 5754 cod.
1942 5697 2009 5753 ut
2031 5709 2137 5752 nos
2167 5692 2230 5751 tn
2260 5692 2439 5753 textu}
