3894 6208
390 344 515 405 9‘15

1837 338 1904 398 S.
1950 331 2324 399 AMBROSII

3686 328 3793 395 916

395 482 597 531 tantur
622 473 944 546 injuriam?
970 474 1161 528 Pietas
1192 474 1345 528 enim
1390 474 1577 543 prima
1608 470 1663 524 in
1716 471 1921 536 Deum,
1955 487 2043 524 se-
2076 472 2128 534 Α
2157 467 2425 537 ριόἒλὼειὶ
2454 466 2754 536 Scriptura
2776 482 2879 518 nos
2902 464 3515 529 cerviceminﬂectere,
3540 460 3791 533 viresque

395 566 591 621 cunda
638 565 697 619 in
739 570 1029 637 parentes.
1080 564 1150 617 Et
1188 562 1423 633 quidem
1486 562 1759 614 inimicus
1836 560 2039 614 inserit

396 654 727 726 frequenter
755 654 984 708 diversa
1014 652 1308 706 utentibus
1332 650 1543 705 nostris
1572 668 1585 702 :
1618 656 1674 703 et
1706 650 1832 701 ideo
1873 656 2039 701 caute

393 738 682 815 Propheta
710 742 1085 813 cogitationes
1117 740 1328 809 magis,
1363 754 1537 809 quam
1572 738 1896 792 infusiones
1932 737 2039 789 im-

393 831 653 904 provisae
683 830 907 901 putavit
946 829 1017 883 ad
1050 829 1270 883 crimen
1328 827 1630 881 tenendas.
1692 825 2040 879 Abstinuisti

392 919 616 992 πεοώ
646 917 960 989 impiorum
992 914 1298 972 consiliis?
1330 915 1541 979 Recte;
1576 931 1687 968 non
1708 919 1901 968 tamen
1926 920 2043 967 sta-

391 1006 499 1062 tim
529 1007 757 1062 beatus.
785 1004 933 1060 Cave
954 1006 1129 1059 etiam
1145 1004 1387 1058 neinvia
1400 1010 1767 1074 peccatorum
1792 1002 2041 1056 steteris.

462 1096 556 1149 22.
586 1095 814 1160 Quanto
845 1092 1111 1148 examine
1142 1091 1452 1161 Scriptura:
1487 1092 1691 1144 divina:
1739 1092 1913 1144 verba
1944 1107 2045 1159 po-

396 1184 648 1237 nuntur!
685 1182 913 1236 Etenim
945 1180 1085 1251 quia
1114 1196 1317 1234 omnes
1376 1180 1484 1232 sub
1526 1186 1756 1249 peccato
1814 1195 2043 1243 sumus,

398 1287 513 1324 non
544 1286 578 1324 a
606 1276 659 1324 te
689 1268 863 1340 exigit
894 1268 1046 1339 quod
1082 1268 1236 1322 ultra
1267 1274 1535 1321 naturam
1565 1273 1673 1331 est,
1728 1274 1789 1319 ut
1847 1282 2045 1337 pecca-

395 1364 521 1414 tum
555 1360 668 1413 non
704 1358 901 1424 facias,
933 1358 1072 1427 quia
1102 1372 1205 1410 nec
1255 1357 1431 1409 unius
1489 1356 1601 1408 diei
1662 1355 1853 1408 infans
1921 1356 2047 1407 sine

398 1452 659 1517 peccato,
688 1445 787 1500 sed
825 1450 885 1498 ut
944 1461 1056 1499 non
1120 1460 1357 1498 maneas
1408 1444 1461 1496 in
1503 1448 1735 1513 peccato
1794 1444 2047 1513 quadam

399 1533 645 1590 statione
676 1534 973 1587 diuturna.
1006 1531 1129 1586 Non
1163 1548 1363 1585 omnes
1409 1531 1571 1601 impii
1606 1538 1775 1590 sunt;
1804 1532 1928 1584 ideo
1964 1548 2047 1583 re-

394 1622 616 1678 vocaris
648 1623 719 1676 ab
768 1623 1043 1677 omnibus
1085 1622 1535 1691 cogitationibus
1593 1625 1649 1673 et
1701 1618 2049 1687 conjuratio-

398 1712 570 1766 nibus
602 1710 916 1780 impiorum
951 1727 964 1776 ;
1002 1708 1102 1763 sed
1126 1725 1329 1762 omnes
1364 1714 1731 1778 peccatores:
1769 1710 1896 1761 ideo
1949 1708 2051 1761 ad-

2148 556 2327 610 lotius
2350 555 2607 625 corporis
2632 555 2931 609 reclinare.
2950 549 3791 625 Adverteigiturproprietates.

2220 646 2309 697 ⁸24.
2346 668 2371 689 ιι
2426 643 2489 696 Et
2520 645 2575 696 in
2606 644 2698 696 via
2730 650 3095 713 peccatorum
3128 658 3243 695 non
3290 640 3477 706 stetit,
3537 643 3595 694 et
3626 639 3683 693 in
3710 655 3794 693 ca-

2150 734 2356 786 thedra
2389 732 2732 803 pestilentiae
2766 748 2881 785 non
2906 732 3076 785 sedit.
3098 756 3121 777 ‹‹
3147 730 3315 783 Viam
3338 729 3457 783 dici
3478 728 3611 782 vita
3634 728 3796 798 hujus

2151 837 2389 874 cursum
2421 862 2435 885 ,
2468 821 2525 873 in
2558 820 2803 873 dubium
2836 838 2949 873 non
2979 820 3171 883 venit;
3204 835 3338 873 cum
3361 819 3493 888 ipsa
3510 817 3797 888 Scriptura

2152 910 2339 963 dicat:
2378 932 2397 955 ι
2438 909 2494 962 ln
2528 910 2619 962 via
2650 909 2758 963 hac
2792 925 2907 980 qua
2942 908 3341 973 ambulabam,
3374 906 3799 961 absconderant

2159 998 2436 1067 laqueum
2469 997 2613 1050 mihi
2666 998 2831 1065 (Paul.
2863 1014 3011 1063 CXLI,
3060 998 3136 1065 1,.
3171 1019 3197 1044 π
3233 996 3335 1049 Et:
3399 1018 3426 1043 εί
3487 994 3625 1049 Esto
3670 1010 3800 1049 con-

2155 1088 2414 1141 sentiens
2446 1085 2776 1140 adversario
2810 1092 2909 1139 tuo
2939 1086 3074 1149 cito,
3105 1085 3249 1138 dum
3279 1100 3341 1139 es
3399 1100 3535 1138 cum
3590 1082 3690 1138 illo
3746 1083 3798 1137 in

2154 1175 2244 1229 via
2268 1173 2472 1235 (Matth.
2505 1190 2559 1241 v,
2594 1176 2706 1241 $3}.
2746 1200 2771 1219 υ
2806 1174 3031 1228 Etenim
3063 1172 3343 1245 quoniam
3375 1188 3619 1226 cursum
3675 1171 3799 1225 vita

2156 1263 2333 1332 hujus
2364 1262 2680 1326 currimus,
2714 1262 2997 1316 habemus
3029 1263 3296 1317 semitam
3328 1277 3432 1333 per
3460 1276 3642 1331 quam
3681 1276 3802 1314 am-

2158 1352 2430 1405 bulamus
2463 1352 2741 1421 quotidie,
2774 1353 2954 1405 donec
3003 1351 3416 1422 perveniamus
3472 1350 3545 1403 ad
3608 1349 3799 1404 ﬁnem.

2160 1441 2275 1495 Etsi
2313 1458 2425 1494 non
2466 1442 2729 1495 videmur
2785 1440 3159 1511 corporaliter
3215 1441 3318 1509 ire,
3380 1437 3802 1511 progredimur.

2158 1528 2301 1581 Nam
2332 1530 2481 1582 sicut
2517 1529 2573 1583 in
2602 1530 2844 1581 navibus
2904 1528 3258 1582 dormientes
3318 1528 3510 1581 ventis
3556 1531 3806 1598 aguntur

2162 1619 2217 1670 in
2264 1624 2484 1687 puitus,
2513 1618 2618 1670 etsi
2650 1616 2845 1670 nullus
2869 1618 3306 1687 quiescentibus
3328 1632 3540 1671 sensus
3587 1620 3675 1670 est
3708 1633 3807 1669 ua-

2160 1706 2413 1775 vigundi,
2452 1715 2645 1759 tamen
2682 1724 2887 1759 cursus
2911 1722 3008 1759 eos
3042 1710 3209 1775 urget
3239 1706 3310 1759 ad
3372 1706 3549 1759 ﬁnem
3608 1710 3666 1759 et
3714 1707 3807 1759 im-

397 1797 657 1855 moneris
688 1802 752 1852 ut
780 1798 1013 1852 desinas
1040 1812 1296 1868 peccare.
1330 1796 1525 1850 Fuerit
1577 1796 2051 1851 adolescentioris
2081 1832 2129 1895 Β
2165 1794 2323 1864 pellit
2357 1796 2627 1865 ignaros:
2672 1796 2754 1849 sic
2814 1795 2938 1847 vita:
2998 1800 3207 1847 nostra:
3256 1794 3447 1865 spatio
3501 1793 3802 1861 deﬂuente,

399 1887 600 1959 lapsus
630 1886 839 1951 aetatis,
871 1885 1041 1940 debet
1071 1901 1203 1938 eum
1230 1888 1318 1941 (20
1362 1884 1715 1938 maturitatis
1738 1884 2047 1938 emendare

398 1990 728 2047 processus.
772 1973 917 2046 Ergo
976 1973 1033 2026 in
1094 1972 1361 2045 graviora
1400 1990 1513 2026 non
1559 1974 1755 2036 abeas,
1788 1972 1843 2024 in
1875 1972 2048 2025 levio-

398 2064 563 2120 ribus
591 2079 705 2119 non
736 2066 875 2119 stes.
909 2061 1097 2118 Habes
1153 2062 1261 2116 hoc
1321 2066 1377 2115 et
1434 2062 1494 2114 in
1554 2061 1699 2115 lsaia
1747 2061 1967 2113 dictum
2018 2077 2051 2113 a

398 2152 692 2209 Domino:
735 2173 763 2201 ιι
799 2151 898 2205 Exi
930 2166 965 2207 a
1020 2149 1329 2221 Babylone,
1389 2150 1619 2219 fugiens
1678 2167 1711 2203 a
1765 2148 2050 2203 Chaldaeis

400 2241 528 2311 (13a.
560 2256 756 2304 ιινῐιι,
788 2238 919 2308 20);
954 2260 983 2286 ιγ
1015 2237 1123 2292 hoc
1153 2242 1280 2292 est:
1315 2237 1385 2291 Et
1416 2238 1461 2291 si
1496 2237 1723 2291 intrasti
1762 2239 1815 2290 in
1850 2238 2049 2291 contu-

401 2329 623 2384 sionem
670 2326 963 2393 vitiorum,
996 2326 1110 2381 exi.
1152 2325 1273 2380 Non
1334 2326 1592 2396 oportuit
1652 2326 1889 2389 intrare,
1949 2325 2049 2379 sed

403 2416 810 2489 ingressuses,
864 2413 1058 2469 carnis
1118 2411 1245 2485 lege
1303 2420 1564 2484 cogente,
1614 2420 1670 2468 et
1726 2415 2051 2485 captivante

404 2508 460 2559 te
484 2504 544 2559 in
566 2501 694 2576 lege
713 2502 963 2575 peccati;
995 2501 1104 2569 exi,
1137 2502 1410 2573 egredere
1441 2502 1525 2555 vel
1558 2502 1769 2566 serius,
1802 2518 1945 2557 exue
1998 2508 2052 2557 te

404 2591 638 2651 servitio
665 2590 846 2664 gravi.
882 2590 1005 2647 Non
1039 2589 1275 2661 potuisti
1318 2607 1432 2644 non
1475 2591 1713 2644 introire
1744 2591 1800 2643 in
1861 2606 2055 2661 pecca-

404 2687 531 2738 tum
582 2682 728 2736 741
765 2697 867 2752 per
900 2679 1313 2749 fragilitatem:
1346 2680 1520 2733 datur
1556 2680 1657 2732 tibi
1711 2680 1863 2733 exire
1921 2696 2051 2749 pec-

404 2774 531 2826 cato
552 2785 656 2841 per
692 2768 1084 2823 sobrietatem.
1111 2790 1137 2815 ‹‹
1173 2768 1269 2820 Exi
1294 2782 1431 2838 ergo
1454 2767 2053 2839 aliabylone,fugiens

406 2874 442 2914 ι
489 2855 793 2912 Chaldaeis.
829 2880 858 2903 ι»
907 2854 1157 2925 Babylon
1210 2856 1472 2909 confusio
1530 2862 1637 2921 est,
1688 2873 1813 2927 quze
1874 2856 2056 2911 virtu-

406 2951 536 3003 tum
562 2944 826 3000 ordinem
860 2959 973 2999 non
1028 2946 1206 3011 tenet,
1264 2944 1510 2998 confusa
1560 2945 1715 2998 enim
1766 2944 2054 2999 illecebris

408 3039 628 3102 monte,
659 3032 1077 3104 delinquimus.
1140 3031 1394 3086 Chaldaei
1443 3039 1583 3087 sunt
1633 3033 1729 3103 qui
1793 3034 2053 3089 siderum

408 3139 618 3180 cursus
657 3137 816 3177 vaure
874 3120 1067 3176 studio
1124 3120 1561 3191 superstitionis
1618 3122 1939 3192 explorant,
2000 3127 2056 3177 et

2159 1882 2229 1935 ad
2265 1884 2563 1953 proprium
2595 1884 3003 1955 unusquisque
3035 1883 3229 1951 ﬁnem,
3252 1899 3431 1938 cursu
3472 1882 3807 1947 latente,de—

2157 1972 2408 2024 ducitur.
2446 1971 2600 2025 L'nde
2634 1972 2882 2025 dicitur:
2911 1996 2937 2019 «ί
2973 1972 3157 2042 Surge
3188 1972 3287 2042 qui
3320 1971 3547 2025 dormis
3600 1971 3804 2041 (Ephes.

2156 2077 2207 2113 v.
2244 2062 2325 2129 i'i,‘
2356 2078 2369 2122 ;
2408 2086 2431 2105 »τ
2460 2067 2518 2113 tu
2553 2061 2705 2113 enim
2735 2059 2980 2127 dormis,
3010 2065 3313 2132 ettempus
3332 2064 3507 2114 tuum
3526 2059 3802 2114 ambulat:

2158 2153 2213 2203 et
2245 2150 2372 2202 vide
2406 2166 2475 2202 ne
2512 2149 2651 2202 dum
2683 2149 2784 2202 diu
2807 2148 3051 2211 dormis,
3075 2152 3381 2219 praetereat
3402 2153 3662 2221 tempus.
3681 2149 3810 2202 Ideo

2158 2239 2267 2292 etsi
2299 2238 2540 2303 dormis,
2575 2254 2673 2291 cor
2697 2244 2865 2292 tuum
2898 2236 3116 2309 vigilet,
3146 2254 3246 2292 cor
3274 2242 3443 2292 tuum
3474 2254 3592 2293 non
3648 2236 3811 2293 ferie-

2163 2332 2292 2391 tur;
2352 2327 2400 2379 si
2450 2343 2549 2379 cor
2605 2327 2862 2379 otiosum
2920 2343 3035 2380 non
3096 2326 3193 2391 sit,
3253 2342 3368 2380 non
3428 2330 3569 2381 sunt
3634 2326 3813 2381 otiosa

2161 2421 2423 2485 tempora
2455 2420 2574 2469 tua.
2610 2413 2668 2467 ln
2700 2415 2793 2468 via
2819 2431 2903 2479 es,
2936 2431 2969 2468 ο
3001 2413 3196 2480 homo,
3229 2413 3469 2470 ambula
3521 2419 3585 2469 ut
3618 2431 3812 2487 perve-

2164 2502 2291 2556 nias
2315 2521 2328 2569 ;
2354 2519 2427 2556 ne
2448 2507 2504 2557 te
2537 2520 2647 2555 nox
2677 2503 2731 2556 in
2766 2502 2858 2557 via
2883 2507 3152 2574 occupet,
3184 2519 3256 2558 ne
3282 2507 3669 2560 consumatur
3698 2503 3813 2558 dies

2161 2592 2307 2655 vitaz,
2344 2596 2655 2662 antequam
2690 2608 3075 2662 progressum
3104 2591 3338 2647 virtutis
3360 2592 3673 2647 acceleres.
3697 2590 3815 2645 Via-

2160 2684 2252 2733 tor
2284 2696 2345 2733 es
2378 2680 2504 2733 vitae
2548 2681 2751 2749 hujus:
2782 2681 2981 2734 omnia
3010 2685 3339 2747 transeunt,
3375 2682 3579 2736 omnia
3605 2686 3740 2753 post
3766 2686 3814 2733 te

2163 2770 2331 2823 fiunt.
2359 2768 2567 2821 Omnia
2602 2769 2654 2821 in
2690 2768 2796 2822 hac
2829 2770 2921 2822 via
2951 2770 3163 2837 cernis,
3195 2774 3254 2823 et
3310 2770 3552 2824 transis.
3611 2768 3813 2823 Vidisti

2164 2857 2566 2910 ammnitatem
2604 2858 2900 2921 arborum,
2926 2857 3640 2926 herbarumvireditatem,
3663 2857 3815 2930 puri-

2166 2936 2339 2999 tatem
2358 2946 2627 3010 fontium,
2644 2953 2697 3000 et
2716 2947 3459 3018 quodcunquehujusmodi
3490 2964 3606 3018 quo
3642 2946 3815 3004 delec.

2164 3033 2711 3105 tanturoculi,juvit
2755 3042 3051 3106 spectare;
3077 3034 3385 3090 delectavit
3400 3053 3722 3109 parumper
3740 3041 3812 3091 at-

2165 3122 2422 3189 tendere;
2440 3122 2577 3177 dum
2594 3125 2788 3177 attend
2800 3124 2867 3191 is,
2880 3126 2917 3179 7
2930 3124 3029 3180 48
3052 3124 3669 3195 pertransisti.lterum
3683 3128 3812 3181 dum

407 3212 605 3285 impia
650 3214 856 3268 serunt
887 3208 1188 3281 gentilatis
1221 3225 1465 3265 errores.
1498 3211 1589 3263 Ab
1645 3210 1737 3265 his
1786 3212 1937 3281 fuge.
1988 3228 2059 3266 ne
2090 3198 2131 3263 C
2171 3210 2460 3275 ambulas,
2492 3211 2749 3266 incidisti
2782 3213 3158 3285 scopulosum
3183 3218 3240 3268 et
3258 3214 3672 3287 confragosum
3700 3215 3817 3283 iter,

408 3315 467 3366 te
496 3300 749 3374 capiant,
784 3316 855 3354 ne
884 3303 936 3353 te
966 3298 1127 3372 gravi
1148 3297 1363 3370 laqueo
1386 3298 2069 3369 captivitatisinnectant.

409 3388 707 3447 Abraham
742 3386 1053 3445 Chaldaeus
1085 3386 1214 3454 fuit,
1243 3388 1342 3442 sed
1374 3387 1521 3458 fugit
1567 3404 1601 3442 a
1656 3388 1960 3455 Chaldzeis,
2018 3394 2075 3443 et

423 3483 557 3539 ante
585 3478 772 3552 legem
807 3495 821 3546 ;
862 3482 924 3531 tu
956 3478 1065 3532 sub
1124 3475 1249 3549 lege
1300 3481 1473 3531 natus
1515 3493 1577 3531 es
1623 3477 1753 3543 (2i),
1812 3477 1942 3547 fuge
1999 3476 2072 3531 ab

420 3565 640 3639 impiis.
674 3564 776 3623 llle
804 3565 1199 3621 haereditatem
1259 3570 1494 3637 patrum
1550 3566 1793 3636 respuit,
1830 3571 1892 3620 ut
1940 3563 2073 3620 ﬁdei

421 3653 783 3728 possideret:
815 3658 877 3708 tu
911 3653 1341 3709 successionem
1390 3654 1653 3724 corporis
1711 3652 2070 3726 derelinque,

419 3741 821 3801 hereditatem
852 3741 1174 3797 devotionis
1211 3743 1465 3814 acquire.

490 3832 580 3888 23.
615 3830 677 3889 Si
724 3834 920 3887 autem
952 3830 1009 3886 in
1061 3836 1293 3902 peccato
1344 3848 1457 3886 non
1510 3831 1761 3897 steteris,
1824 3849 1928 3887 nec
1986 3834 2069 3887 sic

418 3922 666 3990 beatus;
698 3919 893 3976 adhuc
924 3919 1106 3976 habes
1136 3936 1248 3992 quo
1275 3935 1469 3976 carere
1487 3920 1915 3976 debeasMultaa
1934 3926 2073 3977 sunt

418 4010 723 4082 illecebm,
755 4008 927 4067 multi
960 4026 993 4065 a
1022 4009 1234 4065 virtute
1277 4010 1532 4065 deflexus
1562 4028 1573 4066 :
1633 4012 1830 4081 gravia
1879 4011 2069 4065 irrita-

419 4102 617 4157 menta
646 4101 787 4156 sunt
815 4095 1201 4169 voluptatum,
1234 4098 1428 4169 gravis
1457 4100 1641 4153 fomes
1672 4099 1946 4165 avaritias,
1969 4116 2068 4154 cu-

417 4189 639 4263 piditas
678 4190 1055 4261 potestatum,
1084 4186 1322 4242 honoris
1353 4188 1614 4254 ambitio,
1652 4206 1776 4260 qua:
1799 4188 1953 4243 velut
1984 4206 2073 4244 ve-

419 4293 571 4334 neno
598 4275 850 4350 quodam
886 4280 1109 4331 mentes
1146 4275 1475 4344 hominum,
1528 4282 1583 4330 et
1638 4278 1891 4349 quadam
1942 4277 2069 4332 ani-

424 4382 551 4423 mas
580 4364 872 4439 pestilenti
895 4365 1170 4421 vitiorum
1203 4366 1334 4420 tabe
1365 4365 1782 4419 contaminant.
1818 4365 1946 4420 Haec
1985 4373 2068 4421 est

419 4454 696 4513 cathedra
727 4453 1065 4526 pestilentia:
1098 4470 1274 4525 super
1306 4470 1481 4525 quam
1523 4455 1800 4508 sederunt
1856 4455 2067 4509 Scribis

420 4548 480 4600 et
506 4542 803 4600 Pharisaai.
839 4543 938 4614 qui
968 4543 1282 4614 imponunt
1328 4542 1666 4597 hominibus
1724 4560 1900 4598 onera
1941 4559 2067 4615 gra-
2099 4566 2145 4629 D

412 4630 534 4697 .via,
564 4629 676 4703 ipsi
706 4635 901 4686 autem
932 4631 1114 4703 digito
1146 4630 1355 4685 nolunt
1384 4648 1451 4686 ea
1503 4647 1751 4686 movere.
1803 4631 1919 4687 Has
1976 4647 2067 4687 ca-

421 4719 660 4777 thedras
691 4718 761 4774 de
790 4718 1006 4789 templo
1039 4719 1301 4774 Salvator
1328 4719 1498 4790 ejecit
1525 4737 1727 4775 eorum
1760 4721 1857 4791 qui
1901 4738 1962 4776 se
2000 4722 2069 4776 de

404 4811 639 4868 honore
669 4807 982 4880 jactarent,
1015 4807 1301 4879 primatus
1333 4813 1659 4879 quaererent
1715 4809 2069 4881 dignitatum

418 4915 622 4956 eorum
655 4896 756 4970 qui
778 4896 1103 4953 sacerdotio
1131 4894 1217 4951 vel
1246 4896 1501 4969 primatu
1546 4896 1785 4952 honoris
1838 4903 2068 4953 uteren-

416 4994 515 5046 tur
545 4987 618 5045 ad
652 4990 962 5060 quaestum,
996 5000 1201 5051 eorum
1231 4985 1327 5057 qui
1364 4984 1734 5058 indulgentes
1765 4986 1936 5059 gulae,
1968 5004 2066 5042 ne-

416 5094 714 5152 quaquam
756 5075 1012 5132 debitam
1052 5073 1421 5130 continentiai
1482 5080 1820 5151 prrmstarent
1877 5080 2067 5130 custo-

415 5168 594 5226 diam.
627 5166 757 5223 Haec
784 5183 920 5222 vera
948 5169 1037 5221 est
1066 5163 1418 5237 pestilentia.
1479 5163 1739 5235 Denique
1788 5164 1908 5218 Heli
1963 5164 2068 5218 ﬁlii

415 5258 585 5315 erant
613 5255 718 5312 ﬁlii
739 5254 1104 5328 pestilentiae.
1134 5258 1194 5309 ln
1224 5253 1333 5309 hac
1364 5253 1617 5326 quadam
1632 5253 1766 5308 sede
1795 5253 2066 5309 vitiorum

490 5434 603 5558 ςέο)
634 5434 725 5489 Sic
753 5433 892 5515 edit.
920 5432 1218 5515 Era.,.Gil.
1261 5437 1316 5487 et
1360 5432 1525 5513 Rom.
1558 5448 1692 5486 cum
1751 5432 1875 5513 cod.
1910 5431 2062 5499 Vat.,

419 5506 496 5561 Co
523 5504 607 5571 b.,
655 5509 711 5558 et
738 5503 887 5557 Vict.
916 5521 928 5571 ;
963 5504 1145 5560 Paris.
1178 5520 1309 5559 vero
1349 5505 1510 5567 edit.,
1544 5519 1677 5557 cum
1728 5499 1860 5558 alus
1911 5503 2062 5573 cod.,

403 5573 481 5653 ,ᾖ
508 5573 693 5653 fueris
714 5574 1152 5653 adolescentioris
1182 5576 1363 5653 lapsus
1410 5576 1614 5653 (etatis,
1642 5574 1793 5653 debet
1822 5579 1894 5653 te,
1952 5579 2060 5653 etc.

419 5642 547 5731 Non
580 5642 751 5700 male.
784 5646 1001 5701 Tamen
1042 5642 1367 5718 elegantius
1421 5645 1669 5717 videtur,
1726 5651 1791 5705 ut
1835 5647 2064 5707 dicatur

2182 3316 2432 3354 concava
2460 3302 2716 3371 rupium,
2752 3308 3043 3373 prterupta
3076 3303 3389 3370 montium,
3421 3304 3608 3358 densa
3661 3303 3822 3358 silva-

2182 3406 2333 3443 rum.
2368 3389 2635 3443 Taediasti
2656 3408 2886 3461 parum,
2920 3392 3131 3446 iterum
3158 3391 3441 3446 transisti.
3496 3392 3655 3448 Talis
3712 3392 3820 3447 hac

2178 3476 2297 3531 vita
2328 3482 2435 3543 est,
2459 3478 2628 3549 cujus
2651 3496 2755 3535 nec
2776 3496 3049 3552 prospera
3072 3485 3441 3552 permanent,
3467 3498 3571 3535 nec
3596 3483 3825 3537 adversa

2181 3565 2459 3620 diuturna
2486 3571 2643 3621 sunt.
2697 3568 2846 3639 Ergo
2885 3568 3051 3639 quasi
3101 3569 3160 3622 in
3200 3567 3295 3623 via
3324 3568 3587 3625 locatum
3647 3585 3826 3641 neque

2180 3655 2435 3708 secunda
2465 3654 2757 3721 extollant,
2793 3673 2982 3727 neque
3014 3657 3257 3712 adversa
3286 3661 3340 3711 te
3375 3658 3672 3730 frangant,
3735 3674 3824 3713 uec

2179 3741 2517 3814 plausibilia
2547 3750 2932 3812 remorentur,
2968 3762 3069 3800 nec
3103 3749 3312 3803 mmsta
3354 3746 3681 3803 detineant.
3737 3746 3825 3801 Fe-

2179 3833 2334 3888 stina
2363 3849 2592 3905 semper
2623 3834 2691 3887 ad
2726 3836 2923 3900 finem,
2957 3834 3166 3890 festina
3195 3840 3257 3889 ut
3289 3836 3617 3907 pervenias.
3680 3835 3829 3908 Elige

2179 3926 2373 3976 tamen
2406 3922 2556 3976 viam
2590 3926 2905 3993 antequam
2937 3940 3137 3978 curras

2249 4012 2336 4064 :25.
2377 4017 2506 4065 Duaz
2539 4012 2640 4066 viae
2680 4017 2859 4066 sunt:
2903 4029 3020 4066 una
3042 4012 3365 4083 justorum,
3398 4013 3585 4068 altera
3640 4030 3830 4086 pecca-

2178 4104 2372 4154 torum
2410 4116 2563 4154 :una
2591 4101 2901 4171 aequitatis,
2944 4100 3126 4156 altera
3182 4100 3539 4174 iniquitatis,
3592 4104 3666 4158 de
3726 4118 3831 4173 qua

2179 4188 2321 4243 dixit
2352 4189 2675 4259 Propheta:
2710 4212 2735 4237 ‹‹
2772 4190 2839 4243 Et
2868 4189 2999 4245 vide
3029 4190 3077 4244 si
3118 4189 3211 4244 via
3259 4191 3598 4262 iniquitatis
3652 4191 3715 4246 in
3748 4205 3827 4245 me

2179 4282 2267 4332 est
2298 4278 2467 4348 (Psal.
2502 4293 2770 4344 avxxvm,
2805 4279 2916 4349 24).
2952 4301 2978 4327 ››
3010 4278 3134 4334 Non
3184 4278 3378 4334 solum
3412 4296 3551 4351 ergo
3583 4281 3710 4335 vita
3750 4295 3834 4333 no-

2177 4371 2299 4420 stra
2346 4364 2437 4420 via
2496 4371 2601 4431 est,
2671 4366 2771 4421 sed
2821 4366 2994 4421 etiam
3055 4366 3115 4421 in
3163 4367 3292 4439 ipsa
3318 4368 3439 4424 vita
3482 4374 3698 4425 nostra
3744 4370 3829 4421 aut

2176 4454 2408 4509 virtutis
2439 4454 2529 4527 via
2560 4460 2667 4525 est,
2699 4460 2801 4509 aut
2849 4454 3199 4528 iniquitatis.
3269 4456 3416 4513 Cave
3456 4457 3643 4529 igitur
3672 4475 3745 4512 ne
3781 4457 3829 4509 in

2177 4547 2232 4598 te
2262 4559 2500 4614 gressus
2531 4559 2669 4598 suos
2700 4543 2943 4599 collocet
2978 4544 3251 4615 .avaritia,
3285 4554 3339 4600 et
3378 4546 3461 4601 sis
3509 4546 3609 4601 via
3640 4544 3831 4601 crimi-

2181 4631 2311 4697 nis;
2346 4648 2417 4686 ne
2440 4631 2802 4703 improbitas,
2838 4649 2908 4688 ne
2938 4632 3138 4698 libido,
3171 4637 3228 4689 et
3249 4634 3331 4689 sis
3376 4634 3471 4688 via
3501 4631 3834 4707 iniquitatis

2179 4720 2591 4777 itinerantibus
2658 4722 2869 4776 detrita
2929 4721 3186 4795 ﬂagitiis.
3239 4722 3397 4778 Licet
3454 4722 3564 4778 tibi
3627 4725 3835 4798 eligere

2180 4825 2328 4880 quos
2359 4810 2647 4881 sequaris,
2694 4815 2795 4865 aut
2829 4811 3046 4883 justos,
3084 4815 3186 4867 aut
3214 4812 3489 4883 injustas.
3519 4815 3835 4870 Justoruui

2177 4899 2270 4953 via
2301 4898 2604 4971 angustior
2634 4904 2742 4967 est,
2774 4900 3128 4971 injustorum
3162 4900 3369 4955 latior:
3399 4900 3505 4956 Illa
3545 4903 3835 4958 sobrieta-

2176 4988 2254 5042 tis
2300 4986 2623 5060 angustior,
2667 4988 2786 5043 haec
2818 4988 3115 5044 ebrietatis
3164 4988 3354 5054 latior,
3401 4995 3465 5043 ut
3507 4991 3715 5061 possit
3762 5006 3836 5044 ca-

2179 5093 2313 5147 pere
2345 5076 2691 5131 ﬂuctuantes
2714 5077 2833 5131 haec
2864 5077 3039 5133 habet
3061 5075 3254 5133 sreculi
3286 5077 3466 5148 hujus
3498 5077 3831 5137 illecebras.

2176 5164 2272 5219 ille
2303 5163 2480 5220 habet
2511 5166 2838 5221 futurorum
2871 5166 3107 5237 praemia.
3140 5167 3201 5223 In
3232 5166 3363 5222 istis
3411 5166 3663 5225 fructus
3712 5183 3834 5241 pra:-

2177 5254 2418 5318 sentior,
2462 5253 2521 5309 in
2570 5254 2687 5309 illis
2746 5270 2882 5327 spes
2936 5255 3189 5324 tardior;
3239 5273 3367 5328 quae
3409 5255 3583 5312 enim
3644 5256 3833 5315 suavi:

2175 5432 2757 5515 perﬁconc‘e‘ssionem
2781 5432 2890 5515 hgc
2905 5446 3085 5515 sensu
3112 5434 3275 5502 :Eslo,
3306 5435 3503 5515 fuerit,
3534 5440 3660 5491 etc.

2176 5504 2193 5506 ⁷
2246 5505 2359 5577 (21)
2404 5504 2626 5560 Ultima:
2648 5505 2786 5560 edit.
2818 5504 3001 5560 Paris.
3036 5508 3094 5559 et
3124 5520 3267 5561 mss.
3303 5504 3586 5578 quatuor,
3625 5512 3691 5561 tu
3748 5504 3834 5560 sub

2174 5577 2286 5647 lege
2305 5577 2429 5649 jam
2450 5576 2743 5631 damnatus
2773 5591 2845 5632 cs.
2868 5574 3007 5632 Alite
3063 5576 3199 5633 edit.
3262 5593 3328 5634 ac
3388 5593 3557 5646 mss,
3621 5582 3690 5635 tu
3744 5574 3831 5633 sui

2172 5649 2291 5707 leue
2316 5647 2611 5707 damnatus
2635 5664 2707 5707 es.

2195 5665 2291 5725 age
2316 5664 2611 5707 damnatus
2635 5664 2707 5707 es.
