3894 6208
121 372 217 435 977
1221 366 1674 434 ENARRATIO
1715 368 1795 432 ΙΝ
1840 370 2223 437 PSALMUM
2266 370 2316 436 Ι.

3320 374 3470 443 9‘38

120 508 251 573 sunt,
292 512 399 561 non
444 498 715 557 differunt
770 497 1109 559 diuturnam
1185 505 1702 577 exspectationem,
1732 504 1789 571 Α
1817 512 1985 575 runt;
2019 523 2146 581 quas
2176 513 2372 565 autem
2402 506 2723 579 discerunt,
2753 511 2813 567 et
2840 511 3043 583 postea.
3082 512 3468 582 reverterunt,

119 596 201 654 sed
225 593 421 650 habent
446 593 786 663 pras‘entem
827 591 939 663 (22)
997 592 1491 664 perfunctionem;
1551 595 1707 665 quod

118 688 280 742 autem
334 679 541 737 serium
597 684 706 747 est,
755 679 953 737 labore
1010 683 1307 752 quaeritur,
1367 700 1433 739 eo
1489 685 1644 754 quod
1677 701 1711 738 a

116 775 253 829 beata
285 769 618 843 cogitatione
666 770 761 824 vix
808 769 1073 842 capitur:
1135 772 1274 843 quia
1329 771 1535 828 oculus
1592 788 1707 827 non

114 863 259 927 videt,
308 875 404 914 nec
458 857 617 913 auris
678 857 923 925 audivit,
982 875 1109 930 quae
1166 861 1499 931 preparavit
1556 865 1707 916 Deus

115 947 443 1021 diligentibus
472 963 550 1002 se.
583 946 829 1003 Difﬁcile
860 947 1118 1003 solemus
1147 950 1377 1004 credere
1404 965 1531 1021 quae
1591 966 1706 1004 non

111 1037 370 1093 videmus:
401 1039 455 1091 et
483 1035 611 1090 ideo
651 1035 850 1091 anima
888 1040 1114 1104 aestuat,
1139 1042 1194 1092 et
1224 1037 1337 1092 huc
1371 1043 1543 1109 atque
1571 1036 1707 1093 illuc

110 1126 236 1181 velut
260 1123 441 1180 oculos
465 1125 751 1195 quosdam
785 1125 1119 1180 circumfert
1142 1125 1523 1198 cogitationes
1545 1143 1701 1181 suas.

110 1214 241 1269 Tunc
266 1212 343 1268 illi
371 1217 671 1269 occurrent
699 1213 937 1269 diversae
977 1231 1173 1269 rerum
1232 1215 1475 1286 species,
1527 1231 1707 1287 seque

109 1303 392 1358 offundunt.
433 1302 491 1357 Si
550 1302 622 1357 ad
680 1302 1037 1374 sempiterna
1091 1303 1373 1370 intendat,
1431 1304 1705 1359 virtutem

106 1390 269 1462 eligit:
300 1390 345 1445 si
376 1391 444 1445 ad
475 1391 773 1462 presentia
810 1391 1168 1463 voluptatem
1204 1392 1505 1463 praeponit.
1527 1393 1707 1448 Grave

104 1482 150 1534 et
170 1478 411 1550 iniquum
441 1483 733 1535 certamen
783 1481 1059 1536 adversus
1096 1479 1503 1536 delectationes
1560 1497 1707 1551 prae-

101 1567 335 1623 sentium.
367 1567 467 1622 Hic
492 1567 734 1623 libertas
764 1573 853 1624 est
880 1567 1286 1640 cupiditatum,
1311 1568 1428 1623 illic
1456 1569 1706 1625 servitus

98 1655 405 1727 injuriarum
448 1656 585 1728 (23),
614 1656 798 1712 facere
829 1673 956 1729 qua:
996 1673 1112 1712 non
1150 1658 1237 1712 vis
1286 1661 1342 1712 et
1371 1658 1443 1712 ab
1475 1658 1547 1713 iis
1578 1674 1704 1729 quae

96 1744 492 1813 desideraveris,
528 1745 860 1807 abstinere;
891 1745 986 1801 hic
1043 1745 1391 1813 convivium,
1452 1745 1571 1802 illic
1622 1748 1707 1817 je-

91 1832 324 1903 junium;
376 1833 469 1889 hic
503 1834 957 1906 intemperantia
986 1834 1356 1907 gaudiorum,
1409 1834 1528 1890 illic
1576 1851 1705 1907 per-

93 1922 376 1978 severantia
402 1922 835 1996 lacrymarum:
868 1923 963 1978 hic
1009 1922 1261 1991 saltatio,
1296 1923 1413 1978 illic
1475 1924 1698 1991 oratio;

91 2008 166 2065 hic
191 2015 379 2068 cantus
409 2011 634 2077 dulces,
665 2010 783 2067 illic
813 2011 1068 2082 gemitus
1118 2028 1345 2084 graves.
1407 2012 1702 2083 Scriptum

88 2103 159 2153 est
184 2099 442 2170 quidem:
478 2122 510 2150 «
542 2100 651 2156 Cor
677 2099 1028 2171 sapientium
1064 2099 1121 2154 in
1161 2100 1332 2155 domo
1389 2099 1602 2165 luctus,
1649 2105 1705 2155 et

87 2201 167 2240 cor
190 2187 493 2244 stultorum
524 2188 585 2243 in
616 2189 788 2244 domo
818 2186 1144 2259 epularum.
1162 2187 1371 2243 Melius
1391 2192 1480 2244 est
1502 2188 1704 2245 audire

84 2273 510 2349 increpationem
544 2276 846 2349 sapientis,
879 2277 1070 2349 magis
1119 2293 1293 2348 quam
1342 2277 1533 2333 virum
1593 2294 1702 2333 au-

84 2364 308 2421 dientem
351 2367 650 2422 canticum
703 2366 1017 2422 stultorum
1077 2366 1267 2437 (Eccle.
1303 2384 1403 2434 vn,
1461 2367 1515 2432 5,
1564 2367 1641 2436 6).
1671 2388 1700 2416 »

80 2453 169 2508 Sed
198 2455 358 2522 pauci
381 2455 507 2510 hac
539 2455 807 2521 audiunt,
841 2453 1148 2526 pauciores
1177 2457 1524 2525 sequuntur.
1559 2455 1700 2509 Alli-

80 2540 145 2596 cit
169 2542 425 2600 homines
456 2544 651 2617 magis
681 2542 848 2599 dulce
878 2543 1121 2616 peccati,
1156 2544 1310 2614 quod
1342 2544 1413 2599 ad
1444 2560 1701 2615 presens

77 2629 247 2686 influit
298 2637 352 2688 et
406 2632 744 2705 impingunt
799 2632 1096 2687 audientis
1150 2632 1445 2699 affectum,
1521 2649 1699 2704 quam

71 2719 217 2775 triste
241 2721 502 2789 virtutis,
538 2738 664 2794 qua:
696 2721 827 2777 fidei
844 2737 1007 2793 spem
1034 2719 1193 2776 velut
1218 2721 1472 2792 quodam
1490 2721 1701 2776 cortice

75 2808 235 2864 amari
263 2808 481 2867 laboris
512 2810 769 2865 involvit.
797 2810 1008 2865 Beatus
1038 2825 1172 2883 ergo
1226 2813 1403 2881 atque
1459 2809 1700 2866 mirabi-

74 2894 152 2961 lis,
181 2898 274 2969 qui
305 2899 516 2954 talium
545 2899 774 2953 viarum
831 2898 1058 2969 positus
1112 2898 1168 2952 in
1229 2896 1525 2965 electione,
1582 2914 1698 2953 non

69 2985 223 3040 tuerit
273 2985 570 3044 illecebris
626 2987 943 3059 voluptatis
1001 2986 1283 3053 inflexus;
1326 2990 1393 3040 ut
1450 2987 1697 3057 gradum

70 3088 223 3129 suum
254 3091 434 3148 super
452 3077 675 3131 vadosa
695 3080 752 3130 et
779 3092 955 3147 prava
975 3075 1310 3130 constituat.
1334 3075 1459 3130 Non
1486 3076 1701 3131 dicitur

65 3161 141 3216 ei:
172 3186 197 3212 ‹‹
225 3164 317 3219 Vae
350 3166 452 3237 qui
488 3163 851 3236 dereliquisti
878 3164 1119 3219 semitas
1136 3162 1405 3232 directas,
1430 3164 1695 3221 abeundo

61 3248 110 3305 in
138 3250 252 3308 vias
276 3254 655 3309 tenebrarum
689 3253 880 3324 (Eccle.
914 3269 1028 3319 xu,
1060 3252 1168 3321 11).
1209 3272 1230 3302 ι

116 3341 199 3395 26.
230 3340 623 3415 Cognovimus
651 3341 831 3414 igitur
860 3357 987 3412 quae
1027 3341 1103 3396 sit
1154 3340 1249 3395 via
1286 3343 1699 3416 peccatorum,

58 3426 107 3481 in
139 3446 247 3501 qua
267 3431 551 3486 standum
582 3446 699 3485 non
731 3445 859 3485 esse
890 3429 1178 3500 Propheta
1223 3444 1329 3483 nos
1388 3429 1698 3497 admonet;

62 3518 149 3572 sed
175 3518 348 3576 etiam
380 3519 762 3576 Ecclesiastes
793 3519 981 3587 docet,
1023 3518 1120 3589 qui
1152 3517 1234 3573 ait
1260 3534 1272 3573 :
1306 3541 1333 3568 ‹‹
1367 3518 1495 3574 Noli
1549 3521 1702 3574 stare

56 3604 107 3659 in
136 3622 401 3664 sermone
433 3607 593 3663 malo
624 3608 811 3679 (Eccli.
845 3624 902 3673 v,
932 3609 1008 3673 2),
1045 3627 1073 3655 υ
1104 3606 1213 3661 hoc
1257 3609 1365 3674 est,
1426 3623 1543 3661 non
1575 3622 1701 3678 per.

55 3693 240 3752 sistere
261 3697 373 3769 (24)
406 3698 469 3752 in
520 3697 891 3753 sermonibus
952 3696 1103 3751 749
1165 3694 1358 3760 malis,
1421 3695 1698 3751 similiter

55 3786 101 3837 et
127 3785 398 3856 operibus
428 3784 853 3857 improbandis.
916 3783 1215 3848 Quomodo
1270 3784 1329 3837 in
1388 3784 1560 3839 bonis
1623 3783 1701 3840 sit

55 3874 335 3943 standum,
371 3877 616 3930 sanctus
647 3874 801 3929 idem
832 3872 1121 3944 Propheta
1150 3872 1412 3943 praecipit
1449 3872 1651 3927 dicens
1678 3889 1690 3926 :

55 3981 72 4008 ει
96 3961 323 4018 Stantes
355 3967 530 4019 erant
558 3962 734 4034 pedes
764 3960 947 4016 nostri
981 3960 1040 4013 in
1073 3958 1240 4015 atriis
1288 3959 1429 4026 tuis,
1463 3959 1699 4016 Jerusa.

61 4064 144 4104 em
174 4052 351 4120 (Psal.
386 4066 519 4105 exxr
550 4050 624 4120 2).
661 4072 690 4099 »
748 4049 812 4102 In
868 4046 1197 4104 Jerusalem
1254 4048 1537 4103 standum
1585 4052 1693 4114 est,

55 4137 105 4192 le
135 4137 433 4211 Babylone
463 4138 828 4211 fugiendum.
862 4137 932 4192 Et
978 4136 1161 4207 Moysi
1212 4135 1423 4191 dicitur
1457 4154 1469 4192 :
1522 4160 1551 4186 ‹‹
1609 4136 1694 4192 Tu

55 4229 225 4282 ll]th
257 4231 352 4283 sta
382 4243 615 4283 mecum
649 4228 825 4297 (Deut.
857 4243 912 4291 v,
941 4225 1053 4294 31),
1090 4246 1117 4272 ››
1179 4224 1279 4296 qui
1338 4225 1408 4279 de
1454 4224 1694 4297 {Egypto

56 4315 197 4387 'ugit,
229 4321 463 4372 etcum
502 4315 749 4371 Domino
809 4320 972 4371 stans
1027 4312 1455 4386 perseverabat.
1510 4315 1578 4367 Et
1633 4314 1693 4368 in

55 4401 365 4477 Evangelio,
402 4404 506 4476 qui
547 4407 834 4460 steterunt
875 4419 1061 4475 usque
1091 4403 1160 4457 ad
1194 4401 1399 4457 horam
1458 4402 1693 4457 undeci-

55 4506 208 4561 nam,
243 4491 539 4566 aequalem
572 4492 900 4547 mercedem
932 4489 1308 4562 operantibus
1348 4495 1696 4562 acceperunt

1818 596 2132 652 Dominicaa
2165 597 2553 653 excluduntur
2569 599 2912 657 auctoritate
2937 596 3237 658 sententia
3259 600 3466 674 (Matth.

1814 701 1945 753 xxv,
1972 687 2080 754 12).
2114 686 2441 743 Didicimus
2471 702 2608 759 ergo
2631 704 2746 743 non
2778 692 2931 744 stare
2960 689 3021 744 in
3051 690 3145 745 via
3200 694 3466 762 peceato-

1818 790 1970 837 rum,
2005 777 2158 830 stare
2178 779 2372 831 autem
2403 777 2461 830 in
2492 776 2726 832 virtutis
2757 777 2947 833 officio
2972 796 2985 847 ;
3009 779 3149 849 quia
3177 780 3467 853 scriptum

1817 866 1905 918 est
1937 879 1949 917 :
1982 883 2007 915 ι(
2037 865 2123 918 Tu
2155 868 2349 919 autem
2380 865 2493 920 fide
2524 868 2645 921 stas
2685 866 2796 938 (25)
2838 869 3009 935 (Rom.
3042 884 3122 934 x1,
3150 869 3263 940 20).
3294 890 3323 920 ››

1885 954 1973 1005 27.
2008 952 2172 1006 Nunc
2202 952 2641 1009 consideremus
2671 954 2812 1025 quid
2844 955 2953 1011 sit:
2988 977 3017 1007 «
3050 957 3120 1011 Et
3148 956 3208 1015 in
3267 958 3465 1015 cathe-

1817 1040 1922 1094 dra
1942 1039 2287 1110 pestilentiae
2314 1057 2428 1095 non
2453 1040 2624 1097 sedit.
2648 1062 2676 1091 »
2697 1044 2767 1097 Et
2788 1044 3024 1115 quidem
3047 1046 3463 1116 praemisimus,

1816 1128 1971 1199 quod
2003 1145 2118 1184 non
2150 1127 2397 1201 simplex
2448 1145 2761 1186 concessus
2804 1130 2864 1186 in
2923 1132 3263 1203 hujusmodi
3311 1135 3467 1206 quod

1816 1217 1874 1271 in
1908 1234 2016 1272 usu
2041 1222 2129 1273 est
2158 1217 2323 1285 solio,
2358 1219 2838 1289 reprehendatur.
2873 1219 3023 1284 Quid
3045 1221 3204 1277 enim
3234 1221 3466 1279 invidias

1816 1305 2054 1361 haberet
2085 1307 2156 1361 ad
2190 1305 2425 1378 culpam
2447 1306 2476 1360 ἰ)
2495 1307 2605 1362 Sed
2634 1323 2770 1362 cum
2801 1307 2952 1363 oeuli
2982 1308 3215 1365 Domini
3238 1306 3470 1382 sémper

1816 1409 1992 1465 super
2017 1394 2217 1450 ﬁdeles
2246 1398 2412 1450 terrm
2472 1394 2627 1462 sint;
2686 1399 2971 1467 tanquam
3023 1398 3134 1454 sub
3192 1403 3467 1456 consectu

1813 1482 2182 1554 imperatoris
2212 1483 2405 1551 locati,
2440 1487 2497 1538 et
2525 1483 2701 1539 veluti
2733 1484 2792 1539 in
2835 1484 3161 1540 ministerio
3210 1488 3466 1557 quodam

1815 1572 2010 1644 positi,
2047 1577 2201 1628 stare
2231 1573 2534 1628 debemus.
2569 1571 2734 1628 Miles
2764 1572 2821 1627 in
2845 1572 3144 1644 procinctu
3179 1578 3316 1641 stat,
3348 1591 3465 1632 non

1816 1662 1977 1717 sedet
2011 1680 2023 1729 ;
2057 1660 2228 1717 miles
2258 1661 2318 1716 in
2351 1661 2531 1717 armis
2563 1677 2679 1716 non
2712 1678 2774 1717 se
2822 1662 3088 1728 reﬂectit,
3121 1663 3221 1719 sed
3254 1664 3468 1720 excitat

1816 1754 1990 1822 atque
2037 1749 2225 1823 erigit.
2282 1750 2533 1821 Ideoque
2590 1748 2878 1805 militibus
2933 1749 3149 1806 Christi
3208 1750 3461 1811 dicitur:

1816 1861 1843 1888 ‹‹
1886 1838 2029 1893 Ecce
2067 1854 2222 1893 nunc
2279 1837 2602 1892 benedicite
2657 1835 2993 1903 Dominum,
3053 1853 3258 1894 omnes
3312 1839 3463 1897 servi

1814 1926 2067 1993 Domini,
2100 1926 2198 1997 qui
2248 1926 2415 1981 statis
2468 1925 2526 1980 in
2559 1926 2733 1981 domo
2768 1925 2995 1980 Domini
3019 1927 3190 1995 (Psal.
3220 1940 3456 1995 cxxxru,

1809 2015 1884 2086 4).
1914 2038 1940 2065 ››
1976 2020 2050 2069 At
2080 2019 2281 2071 contra
2310 2014 2590 2085 iniquitas
2619 2014 2679 2068 in
2711 2014 2931 2070 talento
2963 2013 3241 2086 plumbeo
3271 2017 3462 2086 sedet,

1813 2120 1878 2160 eo
1910 2104 2062 2176 quod
2094 2105 2209 2158 ﬁxa
2248 2103 2306 2157 in
2352 2106 2606 2175 peccato,
2640 2118 2703 2159 se
2760 2103 2832 2158 ab
2891 2118 2958 2159 eo
3016 2117 3287 2175 separare
3344 2120 3460 2162 non

1812 2192 2017 2265 possit.
2063 2191 2288 2247 Etenim
2348 2191 2655 2246 inveterati
2709 2190 2770 2245 in
2830 2206 3044 2262 errore,
3097 2195 3155 2247 et
3202 2191 3463 2249 studiose

1812 2280 2049 2353 ﬂagitiis
2080 2280 2448 2346 inhaerentes,
2482 2279 2683 2334 sedere
2740 2278 3036 2346 dicuntur,
3095 2279 3199 2351 qui
3256 2279 3466 2337 nolunt

1813 2385 2141 2440 assurgere,
2175 2383 2279 2422 nec
2312 2367 2512 2422 audire
2569 2367 2853 2424 dicentem
2882 2384 2896 2434 ;
2929 2390 2958 2418 «
3020 2367 3253 2440 Surgite
3302 2371 3462 2440 post-

1811 2473 1987 2528 quam
2022 2455 2290 2512 sederitis
2322 2456 2493 2523 (Psat.
2528 2472 2713 2522 cxxrv,
2745 2456 2822 2527 2).
2858 2478 2886 2505 »
2918 2456 3180 2528 Denique
3209 2456 3304 2513 hic
3334 2456 3462 2529 ipse

1810 2545 2098 2616 Propheta
2122 2543 2261 2600 alibi
2293 2543 2409 2599 ait:
2445 2566 2471 2593 ‹‹
2505 2545 2792 2600 Sederunt
2822 2544 3134 2617 principes,
3167 2549 3224 2601 et
3262 2546 3462 2602 adver-

1811 2651 1943 2691 sum
1975 2649 2069 2688 me
2100 2632 2486 2688 detrahebant
2515 2632 2627 2703 (26)
2656 2633 2829 2704 (Psal.
2879 2649 3074 2701 cxvm,
3135 2633 3247 2705 23).
3298 2655 3326 2684 ››
3375 2634 3463 2689 An

1810 2723 2151 2795 ignoramus
2183 2721 2338 2792 quod
2368 2723 2592 2776 tantam
2618 2720 2736 2776 vim
2757 2720 2971 2777 habeat
2986 2721 3309 2778 inveterata
3324 2736 3460 2781 con-

1809 2810 2057 2866 suetudo
2089 2809 2384 2881 peccandi,
2421 2812 2485 2862 ut
2512 2808 2784 2864 excludat
2814 2813 3108 2876 naturam,
3141 2824 3267 2881 quae
3324 2822 3461 2866 cum

1809 2899 1886 2954 sit
1925 2896 2289 2953 medicabilis
2357 2898 2426 2952 ad
2485 2897 2759 2962 salutem,
2816 2901 3013 2953 tamen
3072 2898 3460 2955 corroboratis

1807 2992 2068 3059 tempore
2090 2986 2465 3057 passionibus
2491 2984 2943 3041 immedicabilis
2973 2986 3087 3058 (2'7)
3116 2987 3411 3044 invenitur
3430 2987 3460 3042 Ἰ

1808 3076 1933 3131 Non
1965 3091 2100 3148 ergo
2132 3091 2584 3146 permaneamus
2613 3074 2672 3129 in
2704 3074 2903 3140 vitiis;
2932 3076 3035 3131 sed
3053 3077 3462 3149 unusquisque

1810 3163 2041 3220 etiamsi
2075 3162 2205 3229 fuit,
2240 3161 2470 3218 exsiliat
2500 3179 2534 3216 a
2561 3162 2751 3234 culpa,
2814 3162 2967 3219 sicut
3023 3164 3312 3235 scriptum
3370 3168 3461 3221 est

1729 3232 1771 3298 (ἶ
1813 3254 1994 3325 (Prov.
2026 3268 2081 3317 v,
2124 3252 2180 3318 3)
2237 3252 2309 3305 de
2366 3250 2611 3305 muliere
2658 3232 2989 3307 meretrice.
3049 3232 3461 3309 Pls—intendas

1811 3340 1872 3396 in
1905 3357 2031 3396 eam
2064 3339 2298 3395 oculum
2330 3342 2520 3404 tuum,
2554 3339 2655 3394 sed
2693 3338 2880 3406 exsili,
2941 3354 3015 3394 ne
3042 3338 3325 3407 moreris;
3358 3354 3460 3397 ex-

1813 3429 1907 3486 sili
1937 3432 2251 3500 antequam
2282 3432 2337 3482 te
2379 3427 2516 3482 anni
2564 3427 2892 3498 juventutis
2943 3426 3261 3485 inveniant.
3323 3428 3459 3495 Sed,

1813 3519 1967 3591 quod
1998 3516 2232 3590 gravius
2256 3521 2363 3583 est,
2397 3516 2655 3588 plerique
2686 3515 2978 3572 luxuriam
3037 3518 3297 3590 corporis
3353 3534 3460 3576 nec

1811 3606 2026 3663 albenti
2050 3606 2334 3662 erubuere
2364 3603 2594 3672 canitie,
2654 3607 2713 3659 et
2769 3621 2956 3677 usque
3013 3606 3086 3662 ad
3142 3606 3460 3664 senectutis

1810 3699 2037 3751 aetatem
2058 3695 2237 3750 vitam
2269 3694 2591 3766 produxere
2622 3693 3006 3750 maculosum.
3035 3693 3266 3752 Intimis
3303 3695 3460 3752 enim

1809 3788 2090 3856 concepta
2117 3782 2438 3838 visceribus
2466 3782 2592 3838 lues
2623 3782 2828 3855 culpae,
2861 3800 3140 3856 processu
3180 3785 3462 3858 temporis

1809 3874 2198 3927 coaeervatur.
2223 3870 2369 3926 Cave
2426 3869 2607 3943 igitur
2666 3871 2738 3927 ab
2798 3872 3121 3945 impiorum
3178 3873 3461 3941 consiliis,

1806 3976 1924 4014 non
1956 3962 2258 4030 penetrent
2288 3958 2631 4029 hujusmodi
2659 3958 2904 4015 consilia
2944 3963 3200 4015 mentem
3256 3963 3460 4040 tuam;

1807 4064 1879 4103 ne
1909 4047 2137 4101 dicatur
2169 4047 2238 4101 de
2268 4050 2360 4100 te:
2397 4069 2425 4096 «
2458 4045 2729 4118 Alligavit
2749 4048 2881 4118 quis
2927 4048 3123 4120 ignem
3183 4046 3245 4102 in
3300 4047 3462 4113 sinu,

1803 4134 2151 4191 vestimenta
2179 4138 2375 4189 autem
2409 4151 2525 4189 non
2571 4135 2874 4190 comburet
2932 4136 3116 4205 (Prov.
3155 4152 3232 4199 v1,
3260 4134 3403 4204 27)?
3429 4157 3458 4186 ››

1805 4223 2032 4279 Etenim
2064 4222 2163 4293 qui
2188 4220 2367 4277 semel
2399 4221 2459 4276 in
2492 4221 2626 4276 sinu
2678 4222 2892 4277 mentis
2924 4221 3131 4294 ﬂagitii
3160 4221 3460 4278 ﬂammam

1804 4311 2077 4367 ferventis
2123 4309 2457 4377 adoleverit,
2487 4309 2599 4364 cito
2643 4309 2903 4382 corporis
2960 4310 3051 4367 sui
3109 4310 3461 4367 vestimenta

1805 4400 2130 4457 comburat.
2155 4399 2226 4453 Et
2257 4402 2321 4453 ut
2352 4398 2412 4452 in
2464 4396 2746 4469 stipulam
2769 4396 2923 4469 ignis
2953 4396 3247 4466 exsiliens,
3277 4397 3459 4455 inhis-

1804 4493 1891 4546 ret
1920 4506 1985 4545 ac
2017 4491 2338 4561 permanet,
2374 4487 2554 4542 donec
2586 4501 2758 4541 omne
2798 4487 2953 4557 quod
3009 4485 3311 4559 corripuit,
3356 4488 3460 4543 ab-

55 4580 412 4651 Matlh.xx,9,
439 4580 624 4653 10).Et
652 4597 780 4651 quae
812 4581 1101 4635 steterunt
1126 4577 1382 4650 virgines
1406 4595 1593 4651 usque
1623 4580 1694 4634 ad
1726 4598 1772 4661 D
1806 4582 2004 4634 sumat
2032 4594 2043 4633 :
2075 4577 2156 4632 ita
2184 4574 2271 4631 vel
2304 4575 2511 4647 exigua
2543 4574 2654 4643 (28)
2687 4573 2942 4630 scintilla
2971 4574 3211 4648 peccati,
3265 4575 3314 4631 si
3344 4591 3460 4647 quo

55 4668 348 4726 .dveutum
383 4668 608 4742 sponsi,
644 4669 715 4724 ad
746 4669 959 4740 nuptia
993 4666 1171 4724 simul
1200 4666 1438 4722 introire
1469 4684 1695 4724 merue-

95 4828 209 4899 (22)
244 4828 429 4885 Rom.
465 4828 602 4883 edit.
637 4826 782 4893 sola,
815 4826 1092 4881 diuturna
1122 4827 1519 4899 egspectatione
1569 4841 1695 4896 per-

55 4896 405 4966 motionem,
436 4899 530 4955 sed
558 4899 754 4955 habent
768 4900 1116 4968 praesentem.
1148 4897 1218 4951 Et
1238 4896 1514 4952 continuo
1542 4901 1694 4968 post,

55 4969 122 5027 ὠὶ
156 4987 377 5027 omnes
413 4970 552 5025 edit.
584 4987 650 5025 ac
682 4968 879 5041 plures
901 4984 1071 5034 mss.,
1095 4968 1246 5041 quod
1286 4975 1472 5041 autem,
1514 4984 1699 5023 serum

55 5050 100 5096 st
130 5067 145 5106 ;
182 5043 265 5097 ibi
299 5041 439 5097 cod.
464 5041 607 5099 Vict.
642 5038 701 5095 et
728 5040 914 5106 Colb.,
967 5038 1326 5109 quod’autem
1364 5040 1569 5094 serium
1599 5047 1693 5094 est.

55 5113 259 5183 lptime
287 5131 301 5181 ;
338 5114 553 5167 serium
581 5112 738 5167 enim
770 5111 865 5165 hic
921 5109 1236 5182 opponitur
1262 5109 1539 5177 suavibus,
1573 5126 1699 5179 quae

55 5183 277 5239 avicula
310 5199 452 5238 esse
480 5185 925 5239 consueverunt.
1336 5213 1345 5223 ο

90 5256 209 5325 (23)
243 5255 420 5310 Edit.
444 5270 646 5311 omnes
676 5258 735 5309 et
791 5269 935 5308 mss.
988 5251 1231 5323 aliquot,
1274 5252 1568 5325 servitutis
1619 5252 1701 5305 in-

55 5322 222 5387 uria);
323 5328 565 5394 uatuor,
622 5326 855 5380 servitus
913 5325 1212 5393 iniuriam.
1274 5322 1500 5377 Rursus
1570 5326 1701 5394 post

59 5342 363 5451 auca.u(i)i
396 5402 614 5451 cunctae
632 5395 909 5451 edit.cum
940 5394 1130 5449 tribus
1162 5395 1434 5451 mss..Hie
1459 5394 1700 5451 saltatio.

59 5394 363 5462 auca,ubi
396 5402 614 5453 cunctae
632 5395 909 5451 edit.cum
940 5394 1130 5449 tribus
1162 5395 1434 5458 mss.,Hie
1459 5394 1700 5460 saltatio,

55 5469 145 5522 'Iic
171 5468 419 5537 oratio;
449 5483 591 5523 mss.
627 5464 817 5534 alii,...
851 5466 973 5520 illic
994 5466 1255 5537 ploratio.
1288 5466 1422 5537 Qum
1462 5465 1699 5536 quidem

55 5538 223 5606 actio,
260 5536 391 5593 etsi
421 5537 662 5595 minime
691 5538 959 5593 videatur
998 5536 1445 5603 Contemnenda,
1504 5540 1701 5591 tamen

55 5605 213 5666 riori
244 5605 535 5677 Basilius,
567 5626 635 5665 ex
666 5626 780 5681 quo
827 5607 1006 5680 petita
1035 5612 1141 5676 est,
1172 5607 1324 5662 favet
1350 5606 1443 5662 his
1469 5606 1661 5662 verbis
1686 5624 1697 5663 :

55 5690 233 5738 ’ταῦοα
268 5687 503 5751 ὄρχεσιν,
534 5688 677 5739 κάκεῖ
702 5689 1006 5755 προσευχὴν.

1804 4667 2080 4723 vitiorum
2111 4663 2314 4720 fomite
2360 4662 2533 4719 fuerit
2562 4662 2837 4731 excitata,
2871 4663 3211 4719 incendium
3241 4663 3460 4737 grande

1877 4829 1987 4897 (24)
2018 4826 2294 4891 Quaedam
2320 4822 2458 4897 edit.
2481 4822 2665 4892 Paris,
2696 4824 2805 4897 hoc
2821 4827 2920 4895 est,
2940 4824 3058 4879 noli
3071 4824 3387 4897 persistere.

1878 4830 1966 4897 (24
2018 4830 2294 4891 Quaedam
2320 4830 2458 4880 edit.
2482 4830 2665 4892 Paris,
2696 4830 2794 4879 hoc
2821 4830 2920 4895 est,
2940 4830 3058 4879 noli
3071 4830 3387 4894 persistere.

1878 4830 1987 4969 (25)
2019 4898 2166 4953 Edit.
2201 4913 2334 4969 cum
2366 4894 2557 4950 tribus
2587 4910 2732 4950 mss.
2769 4896 2842 4949 Tu
2886 4897 3071 4969 autem
3105 4893 3245 4969 vide,
3279 4891 3368 4969 vel
3397 4895 3458 4969 in

1806 4962 1910 5040 [ide
1965 4962 2067 5040 sta,
2108 4968 2433 5040 (quinque
2467 4981 2610 5021 mss.
2674 4980 2808 5019 cum
2871 4964 3148 5019 omnibus
3192 4962 3455 5033 Apostoli

1806 5035 2329 5104 exemplaril)us,..:
2361 5035 2464 5104 ﬁde
2495 5044 2625 5090 stas.

1877 5103 1989 5177 (26)
2019 5110 2158 5163 Mss.
2191 5103 2478 5171 nonnulli,
2509 5106 2796 5177 adversum
2819 5118 2906 5158 me
2933 5103 3258 5177 tractabant,

1877 5171 1991 5251 (27)
2025 5182 2111 5251 Ita
2132 5179 2258 5251 cod.
2289 5177 2666 5251 Vat.gunuset
2689 5173 2950 5251 quinque
2971 5171 3277 5251 Gallicani.
3299 5171 3450 5228 Vict.

1806 5244 2024 5319 autem,
2056 5250 2217 5305 Colb.
2252 5265 2317 5304 ac
2348 5249 2458 5302 vet.
2492 5245 2653 5319 editi.
2676 5244 2873 5319 tamen
2917 5244 3266 5319 correporata
3320 5251 3453 5299 tem-

1803 5339 1934 5394 pore
1959 5313 2305 5394 passionibus
2334 5316 2774 5394 immedicabilis.
2809 5315 2976 5371 Rom.
3010 5313 3155 5394 sola,
3194 5314 3455 5394 diuturno

1808 5385 1990 5451 tumea
2016 5395 2253 5463 tempore
2276 5388 2620 5462 passionibus
2643 5386 2962 5458 depravata,
3009 5385 3451 5454 immedicabilis,

1808 5470 1916 5521 etc.

1881 5535 1992 5607 (28)
2016 5534 2155 5589 Mss.
2182 5531 2461 5607 quinque_,
2505 5531 2570 5607 ξςι
2608 5533 2667 5607 tu
2694 5528 2957 5600 stipulam
2994 5524 3453 5607 ignishab'sumit,

1811 5600 1896 5663 ita
1919 5600 2000 5661 vel
2030 5600 2250 5676 exigua,
2284 5600 2389 5659 etc.
2424 5600 2653 5673 Reliqui
2691 5615 2757 5656 ac
2806 5613 3012 5657 omnes
3066 5601 3206 5658 edit.
3236 5606 3303 5659 ut
3346 5616 3454 5657 nos

1814 5693 2012 5751 supra.
