3894 6208
438 341 560 408 979

1903 343 1972 409 S.
2013 343 2386 408 AMBROSII

3729 342 3826 411 nso

441 481 672 537 excitat.
703 477 830 538 Noli
860 496 995 554 ergo
1029 486 1181 536 stare
1213 479 1270 535 in
1321 485 1577 552 peccato.
1627 480 1921 534 Postremo
1983 497 2081 550 μ)-
2112 482 2166 547 Α
2196 481 2349 534 enim
2385 478 2664 551 sapientis
2697 481 2753 534 in
2786 480 2973 552 capite
3000 480 3146 552 ejus.
3173 478 3338 544 Quod
3399 478 3610 535 referri
3661 485 3827 551 potest
3890 531 3891 538 η

440 570 612 628 suisti
626 570 934 643 vestigium
949 587 1126 642 supra
1137 571 1469 641 voraginem
1488 568 1807 642 culpm,cito
1821 568 1984 622 aufer
1997 583 2088 638 pe-

441 660 574 715 dem
603 679 615 726 ;
650 676 723 715 ne
753 677 928 730 supra
961 659 1219 730 plantam
1256 657 2087 728 tibiascendatpollutio,150

438 753 498 804 et
524 749 694 820 lapsu
726 748 981 804 faciliore
1011 749 1308 818 deceptus,
1341 764 1520 818 supra
1551 746 1739 800 lutum
1772 746 2048 800 resideas.

506 840 597 892 28.
629 837 888 892 Cavenda
916 852 1051 907 ergo
1092 836 1280 907 prima
1312 841 1448 889 sunt
1480 835 1636 899 vitia,
1672 852 1740 888 ne
1801 835 1856 888 in
1921 832 2087 904 plura

438 926 648 980 deinde
676 925 942 997 graviora
973 929 1334 995 proserpant.
1371 924 1592 977 Etenim
1637 923 1788 977 sicut
1818 922 1856 974 ii
1893 922 1990 991 qui
2024 937 2086 974 se

436 1013 499 1069 in
529 1012 651 1068 luto
678 1017 935 1078 versant,
966 1029 1083 1083 quo
1114 1013 1303 1083 magis
1355 1012 1709 1076 volutantur,
1745 1027 1811 1064 eo
1833 1009 2086 1080 amplius

439 1101 972 1174 inquinenturzita
1001 1101 1100 1171 qui
1164 1099 1342 1156 semel
1394 1116 1454 1154 se
1512 1099 1634 1152 luto
1695 1098 2086 1169 improbitatis

442 1191 778 1262 asperserit,
811 1189 926 1244 nisi
971 1189 1043 1243 ab
1101 1205 1166 1244 eo
1217 1188 1490 1242 velociter
1543 1186 1790 1250 exsiliat,
1852 1186 2087 1257 gravius

443 1278 887 1334 sibi'dedecoris
918 1278 1006 1332 sui
1040 1294 1268 1331 cmnum
1301 1293 1400 1346 per
1427 1275 1689 1347 singulos
1746 1275 1870 1329 dies
1929 1274 2084 1328 lutu-

441 1365 611 1423 lentae
678 1366 1068 1422 conversionis
1121 1365 1377 1420 obducit.
1441 1365 1637 1435 Itaque
1696 1364 1855 1434 gravi
1913 1364 2089 1417 odore

441 1459 606 1510 terra:
663 1454 821 1510 illius
877 1470 943 1508 ac
996 1454 1294 1525 ﬂagitiosa:
1352 1453 1645 1522 voraginis
1725 1452 2091 1506 contrahitur

438 1543 707 1615 quaedam
739 1543 1068 1598 animarum
1101 1541 1451 1614 pestilentia,
1485 1546 1873 1612 corruptaque
1930 1539 2086 1595 salu-

435 1630 631 1686 brium
661 1631 1082 1703 cogitationum
1122 1629 1460 1702 spiramine,
1524 1629 1649 1683 lues
1709 1629 2086 1683 aestuantium

434 1719 778 1791 passionum
819 1719 1155 1774 miseranda
1183 1724 1504 1790 grassatur.
1558 1718 1702 1773 Hinc
1759 1717 1971 1773 lethale
2027 1733 2088 1772 se

437 1807 736 1864 mentibus
763 1807 925 1862 virus
956 1806 1230 1872 infundit,
1291 1807 1427 1862 hinc
1486 1807 1751 1878 subrepit
1802 1805 2087 1877 aagritudo
2119 1840 2166 1905 B

435 1895 800 1968 corporibus,
857 1894 1169 1968 languores
1227 1895 1459 1950 animis.
1517 1897 1618 1949 Est
1674 1895 1830 1950 enim
1892 1894 2086 1949 malus

435 1983 703 2056 languor,
738 1983 950 2039 erroris
983 1983 1249 2056 languor,
1283 1983 1535 2038 avaritia:
1598 1983 1864 2055 languor,
1926 1983 2088 2038 inex-

436 2071 666 2145 plebilis
695 2072 1033 2144 cupiditatis
1061 2072 1328 2143 languor.
1363 2071 1487 2126 Istae
1537 2072 1747 2125 divitia:
1806 2077 1965 2138 sunt,
2025 2076 2090 2125 ut

436 2161 520 2218 ait
546 2159 963 2217 Ecclesiastes:
1001 2182 1028 2208 ‹‹
1060 2161 1159 2214 Est
1192 2160 1439 2232 languor
1496 2159 1688 2215 malus
1746 2175 1919 2230 quem
1971 2159 2087 2214 vidi

438 2250 551 2306 sub
573 2249 718 2315 sole,
750 2249 981 2304 divitias
1013 2247 1296 2303 custodiri
1330 2249 1386 2302 in
1454 2247 1676 2302 malum
1735 2248 2089 2319 possidentis

440 2338 753 2407 eas(Eccle.
790 2354 842 2404 v,
877 2339 986 2405 12).
1025 2360 1050 2384 ››
1083 2337 1185 2391 Dic
1215 2336 1381 2403 mihi,
1426 2353 1459 2391 ο
1518 2336 1916 2403 Ecclesiastes,
1976 2354 2091 2408 qua

440 2442 619 2483 causa
648 2424 841 2481 malus
873 2425 966 2480 hic
1017 2426 1263 2497 languor
1293 2425 1416 2480 sit?
1475 2425 1888 2496 Respondebit,
1951 2425 2092 2496 quia

440 2513 661 2571 multos
714 2531 885 2569 avara
927 2530 1060 2586 spes
1117 2515 1370 2570 devorat.
1425 2513 1781 2568 Insatiabilis
1833 2514 2090 2569 edacitas

439 2601 782 2675 cupiditatis
801 2607 908 2659 est.
945 2627 971 2651 ‹‹
1009 2602 1205 2658 Nescit
1235 2603 1437 2657 satiari
1471 2607 1738 2674 argento,
1795 2603 1894 2674 qui
1954 2619 2090 2658 con—

438 2691 690 2764 cupiscit
720 2695 1026 2764 argentum
1059 2691 1218 2761 (Ibid.
1249 2692 1327 2761 9).
1369 2714 1389 2738 n
1451 2691 1798 2746 Distendunt
1857 2691 2092 2756 divitia,

438 2797 556 2836 non
587 2778 821 2851 explent
853 2796 865 2834 :
901 2803 928 2828 ‹‹
962 2781 1031 2834 Et
1060 2781 1109 2836 si
1140 2779 1274 2850 quis
1316 2779 1566 2834 satiatus
1630 2779 1806 2834 fuerit
1849 2779 2090 2843 divitiis,

442 2882 562 2924 non
614 2871 722 2932 est,
783 2867 997 2938 inquit,
1075 2866 1176 2937 qui
1255 2866 1408 2921 sinat
1472 2882 1606 2921 eum
1677 2867 1950 2922 dormire.
2032 2868 2096 2922 Et

445 2955 684 3026 quidem
717 2970 922 3010 omnes
951 2955 1075 3009 dies
1099 2953 1228 3024 ejus
1259 2955 1318 3008 in
1377 2954 1653 3022 tenebris,
1688 2959 1745 3010 et
1799 2955 1981 3022 luctu,
2040 2961 2096 3010 et

449 3042 755 3099 iracundia
784 3042 991 3112 multa,
1022 3046 1078 3097 et
1135 3041 1436 3114 languore,
1482 3048 1539 3097 et
1572 3043 1658 3099 ira
1674 3045 1833 3110 (Ibid.
1853 3045 2095 3114 11,16)»

451 3130 754 3197 Quomodo
783 3131 940 3186 enim
973 3135 1162 3203 potest
1190 3130 1462 3200 dormire,
1497 3131 1596 3203 qui
1628 3131 1936 3188 sollicitam
1968 3133 2093 3187 auri

2193 570 2364 623 etiam
2400 570 2468 623 ad
2501 569 2765 624 Ecclesia:
2799 568 3278 641 praeminentes:
3310 590 3338 616 ει
3397 568 3587 625 Omne
3633 585 3734 624 cor
3783 569 3827 624 in
3890 565 3891 634 Ῐ

2196 659 2493 722 maestitia,
2527 683 2551 704 ι»
2585 660 2816 728 quando
2848 659 3110 729 sapimus
3143 675 3270 730 qua:
3302 662 3441 713 sunt
3472 657 3752 726 carnalia,
3789 664 3830 712 et

2194 747 2486 817 corporeis
2517 747 2916 818 voluptatibus
2947 748 3131 802 aciem
3169 747 3353 801 nostri
3385 747 3582 802 cordis
3635 746 3831 801 infodi-

2196 852 2349 889 mus.
2385 835 2544 890 L'nde
2575 837 2657 890 ait
2691 838 2969 890 Dominus
3013 837 3234 905 ξετερι-ΙΙ.
3258 852 3337 904 xI,
3397 835 3488 905 l9)
3519 835 3592 889 ad
3641 833 3831 906 hujus-

2195 923 2375 989 modi,
2400 925 2554 994 quod
2586 925 2811 979 dederit
2840 924 2955 979 illis
2986 941 3086 979 cor
3113 941 3413 979 carneum.

2263 1013 2352 1066 29.
2387 1015 2430 1066 A
2461 1013 2708 1084 pedibus
2740 1029 2925 1084 usque
2957 1013 3027 1068 ad
3068 1017 3244 1085 caput
3300 1013 3482 1083 serpit
3539 1012 3670 1067 lues
3723 1013 3836 1066 dira

2196 1101 2556 1166 morborum,
2615 1103 2852 1172 quando
2911 1101 3179 1156 laborant
3237 1101 3530 1173 contagio,
3608 1102 3835 1173 quando

2195 1190 2633 1260 compatiuntur
2663 1190 2813 1255 aliis,
2847 1190 2895 1244 si
2946 1190 3080 1260 quis
3137 1190 3345 1245 etl‘ectu
3409 1188 3676 1244 libidinis

2196 1277 2594 1342 defraudetur,
2625 1278 2808 1332 vidua
2844 1279 3127 1350 pudorem
3181 1293 3514 1350 expugnare
3575 1295 3694 1333 non
3753 1295 3838 1349 po-

2197 1366 2330 1432 tuit,
2369 1367 2512 1422 751
2552 1382 2757 1438 agrum
2818 1367 3124 1433 invadere;
3165 1371 3222 1420 et
3258 1382 3408 1438 aegre
3446 1366 3650 1421 cuncti
3708 1367 3839 1420 invi-

2198 1471 2322 1509 cem
2373 1454 2685 1525 languores
2737 1455 3115 1510 transierunt.
3166 1455 3400 1518 Quoties
3456 1454 3840 1527 ingemiscant

2197 1543 2458 1598 seniores
2490 1544 2644 1614 quod
2688 1543 2786 1598 diu
2848 1548 3046 1614 potare
3104 1561 3218 1598 non
3276 1543 3557 1615 possint?
3614 1543 3840 1608 Quoties

2196 1631 2394 1686 dolent
2424 1631 2578 1702 quod
2611 1632 2850 1687 scortari
2884 1631 3181 1697 desierint,
3213 1649 3346 1686 cum
3392 1633 3696 1688 scortandi
3752 1632 3845 1686 ha-

2198 1719 2374 1774 beant
2402 1718 2759 1774 voluntatem
2778 1719 2806 1773 ?
2831 1719 3064 1785 Quoties
3096 1721 3247 1774 inter
3276 1719 3507 1775 fabulas
3557 1720 3841 1775 ebriorum

2197 1807 2443 1863 virtutes
2478 1808 2686 1878 probro
2717 1813 2876 1877 sunt,
2910 1813 3145 1880 peccata
3172 1807 3353 1875 laudi,
3387 1808 3672 1864 honestas
3707 1808 3842 1864 ludi-

2195 1895 2343 1960 brio,
2377 1895 2735 1951 continentia
2766 1896 2929 1960 risui,
2982 1895 3383 1952 misericordia
3428 1898 3723 1953 vanitati!
3754 1898 3839 1953 Isti

2198 1989 2337 2039 sunt
2367 1984 2551 2039 morbi
2577 1985 2677 2054 qui
2710 1983 2864 2039 mala
2894 2002 3001 2040 sua
3032 1985 3092 2040 in
3126 1984 3344 2041 multos
3384 1987 3777 2042 transferunt.
3807 1990 3843 2041 Α

2198 2073 2401 2143 paucis
2432 2072 2761 2144 corruptela
2815 2074 2889 2128 ad
2941 2090 3144 2130 omnes
3200 2075 3482 2146 pervenit.
3548 2075 3767 2131 Sedeat
3797 2076 3845 2130 in

2199 2159 2461 2216 consiliis
2490 2161 2835 2234 derogantes
2868 2161 3100 2229 sobriis,
3152 2167 3452 2218 ructantes
3508 2156 3845 2236 crapulam:

2199 2249 2406 2304 sedent
2435 2250 2492 2303 in
2524 2249 2781 2304 tabernis
2809 2249 2879 2305 de
2908 2249 3186 2305 ebrietate
3215 2255 3526 2307 certantes.
3564 2251 3727 2308 Inter
3754 2253 3849 2306 hos

2201 2337 2473 2392 meretrix
2504 2337 2671 2408 plena
2692 2338 2847 2404 vino,
2880 2337 3013 2392 huic
3045 2339 3331 2406 arridens,
3365 2339 3536 2395 illum
3570 2342 3842 2402 adurens,

2201 2431 2256 2480 et
2286 2441 2489 2481 omnes
2518 2427 2722 2481 ardore
2753 2425 3128 2483 inﬂammans
3158 2427 3444 2483 libidinis.
3479 2428 3848 2485 \‘erecundus

2202 2515 2250 2569 si
2283 2519 2563 2581 transeat,
2596 2515 2907 2582 erubescit,
2940 2532 2975 2570 a
3013 2516 3261 2588 singulis
3293 2517 3590 2589 carpitur;
3654 2518 3708 2573 si
3762 2519 3852 2572 lla-

2203 2602 2471 2674 gitiosus,
2498 2602 2762 2657 omnium
2792 2619 2890 2658 ore
2920 2601 3214 2671 laudatur,
3263 2609 3321 2661 et
3351 2610 3644 2674 tanquam
3708 2621 3848 2661 mor-

2201 2691 2314 2746 bus
2345 2692 2558 2746 transit
2586 2691 2646 2746 in
2679 2692 2907 2747 animas
2949 2693 3357 2764 singulorum;
3423 2694 3525 2766 qui
3584 2696 3749 2750 enim
3806 2697 3849 2749 in

2204 2777 2442 2850 ﬂagitiis
2472 2779 2738 2845 celebris,
2772 2778 3056 2850 plurimos
3087 2781 3156 2835 ad
3189 2781 3584 2836 imitationem
3627 2782 3850 2837 adducit

2203 2867 2435 2922 erroris.
2469 2867 2671 2938 Itaque
2703 2868 2843 2923 dum
2878 2872 3181 2940 peccatum
3213 2869 3521 2925 imitantur
3580 2869 3850 2935 alienum,

2205 2972 2379 3011 suum
2411 2956 2631 3010 faciunt
2662 2956 2902 3012 malum.
2937 2957 3062 3012 Non
3094 2958 3298 3014 sedeas
3329 2959 3485 3014 inter
3529 2976 3660 3027 eos,
3723 2975 3851 3031 quos

2205 3048 2442 3098 sanctus
2475 3044 2761 3116 Propheta
2788 3044 3066 3117 fugiebat.
3119 3045 3290 3102 Illum
3341 3047 3600 3114 imitare,
3647 3049 3851 3120 fugies.

2206 3136 2322 3188 tem
2357 3132 2581 3204 utique,
2615 3149 2730 3188 non
2762 3134 3084 3199 sedentem,
3116 3135 3216 3205 qui
3247 3135 3358 3190 ait:
3385 3157 3413 3185 «ι
3446 3136 3576 3190 Non
3620 3137 3748 3192 sedi
3804 3137 3850 3189 in

455 3225 682 3278 exercet
711 3221 1060 3288 custodiam,
1096 3221 1194 3293 qui
1227 3222 1444 3276 damna
1477 3221 1770 3287 formidat,
1804 3222 1902 3292 qui
1937 3221 2099 3276 lucra
2127 3204 2169 3270 C
2209 3219 2453 3276 consilio
2483 3220 2957 3293 malignantium,
2989 3226 3046 3276 et
3074 3204 3207 3276 cum
3267 3223 3474 3294 iniqua
3519 3224 3852 3296 gerentibus

455 3311 692 3384 cogitat,
725 3309 824 3382 qui
857 3327 1069 3366 usuras
1117 3314 1438 3381 computat,
1471 3310 1571 3381 qui
1630 3310 1943 3381 apothecas
1997 3328 2104 3364 nu-

2217 3325 2331 3365 non
2361 3309 2611 3364 introibo
2643 3310 2811 3380 (Psal.
2844 3327 2970 3377 xxv,
3003 3312 3073 3381 αἱ).
3109 3312 3234 3374 Qua
3263 3312 3487 3367 ratione
3537 3329 3647 3369 eos
3680 3313 3853 3385 fugie-

457 3403 646 3456 merat
665 3398 826 3470 (29)?
874 3398 1063 3454 Malus
1085 3414 1222 3472 ergo
1253 3398 1500 3471 languor
1529 3398 1630 3470 qui
1656 3399 1870 3454 bonam
1919 3400 2109 3454 aufert
2215 3399 2340 3465 bas,
2372 3398 2574 3467 David,
2597 3397 2817 3470 explica
2847 3399 3033 3454 nobis.
3075 3400 3423 3456 Demonstra
3474 3401 3587 3456 has
3651 3408 3852 3473 partes.

463 3487 676 3542 mentis
707 3487 983 3559 quietem.
1018 3488 1118 3542 Est
1147 3486 1395 3558 languor
1416 3486 1608 3541 malus
1630 3487 1879 3551 luxuria,
1903 3486 2103 3555 libido,

461 3574 950 3646 concupiscentia,
974 3574 1600 3640 delectatio,sa:cularis
1657 3575 1919 3639 ambitio,
1977 3592 2104 3647 qua:

460 3662 575 3718 cito
604 3662 926 3733 corrumpit
952 3662 1203 3718 salutem
1225 3663 1791 3720 sobrietatis.0mnis
1809 3669 2105 3734 postremo

461 3750 665 3806 mundi
697 3749 874 3821 hujus
905 3750 1230 3822 corruptela
1286 3750 1620 3822 pestilentia
1673 3755 1779 3806 est.
1839 3752 1920 3806 Ne
1967 3768 2102 3824 ergo

458 3837 784 3911 tetigeritis,
819 3853 890 3893 ne
920 3838 1398 3894 attaminaveritis
1428 3856 1577 3894 eam.
1615 3840 1764 3894 Lues
1795 3844 1902 3906 est,
1961 3857 2104 3896 con-

455 3927 743 3993 taminat;
786 3927 1033 3982 morbus
1063 3930 1171 3993 est,
1216 3926 1446 3998 polluit.
1509 3949 1536 3976 ‹‹
1593 3927 1674 3982 Ne
1729 3929 2101 4000 gustaveritis

454 4032 581 4088 quis
638 4019 776 4072 sunt
813 4016 1013 4071 omnia
1042 4016 1112 4070 ad
1164 4015 1554 4088 corruptelam
1590 4015 1716 4088 ipso
1767 4033 1900 4081 usu,
1948 4041 1974 4065 ‹‹
2036 4023 2100 4073 ut

447 4102 762 4176 Apostolus
817 4103 965 4159 dixit
1006 4103 1222 4173 (Colossi.
1284 4121 1346 4169 ιι,
1402 4105 1492 4172 21,
1531 4107 1642 4174 22),
1702 4104 1801 4175 qui
1849 4109 1904 4160 et
1958 4104 2096 4159 alibi

450 4191 701 4248 clamat:
737 4213 765 4242 ι(
804 4191 986 4247 Radix
1043 4193 1307 4247 omnium
1366 4191 1655 4247 malorum
1709 4198 1800 4248 est
1855 4192 2098 4249 avaritia

449 4283 496 4351 (ι
526 4282 657 4335 Tim.
689 4297 765 4346 γι,
799 4281 916 4350 1Ο);
955 4304 982 4329 ι»
1015 4281 1250 4336 morbos
1290 4281 1521 4346 excitat,
1573 4281 1804 4336 dolores
1866 4281 2090 4337 inserit.

448 4368 709 4440 Denique
752 4369 852 4439 qui
909 4385 1037 4424 eam
1095 4368 1540 4440 appetierunt,«
1601 4368 1974 4424 inseruerunt
2030 4387 2093 4424 se

445 4456 649 4513 multis
679 4455 978 4513 doloribus
1007 4457 1206 4526 (Ibid).
1241 4458 1356 4512 Ista
1410 4461 1498 4512 est
1546 4459 1899 4528 pestilentia,
1963 4474 2089 4529 qua:

2216 3491 2281 3542 ut
2309 3492 2366 3542 ot
2397 3503 2502 3541 nos
2533 3487 2841 3559 easfugere
2859 3487 3174 3559 possimus,
3209 3488 3648 3545 neinﬁciamur
3666 3506 3851 3546 earum

2213 3575 2520 3646 contagio:
2554 3599 2582 3623 ‹‹
2615 3575 2881 3647 Corrupti
2911 3581 3070 3644 sunt,
3101 3577 3316 3648 inquit,
3372 3581 3430 3632 et
3487 3577 3854 3634 abominabi-

2213 3663 2297 3719 les
2330 3664 2462 3718 facti
2496 3668 2667 3719 sunt:
2703 3681 2817 3719 non
2850 3669 2939 3720 est
2969 3665 3070 3737 qui
3120 3666 3294 3720 faciat
3338 3666 3697 3732 bonitatem,
3757 3683 3855 3721 non

2210 3756 2300 3808 est
2330 3769 2515 3824 usque
2547 3753 2616 3807 ad
2651 3769 2834 3808 unum
2867 3752 3042 3823 (Psal.
3077 3770 3200 3819 xm,
3225 3754 3298 3823 l).
3333 3755 3710 3811 Generaliter
3737 3772 3855 3827 ergo

2211 3842 2282 3896 ad
2316 3857 2522 3896 omnes
2553 3841 2871 3912 ﬂagitiosos
2918 3845 3108 3914 potest
3159 3841 3395 3897 referri:
3455 3843 3711 3899 demum
3741 3861 3854 3915 spe.

2209 3928 2434 3985 cialiter
2448 3930 2519 3984 ad
2555 3929 2820 3985 irrisores
2849 3930 3134 3986 bonorum
3165 3947 3312 4002 quos
3340 3929 3555 4002 Aquila
3587 3941 3856 4006 χλευαστάς

2209 4017 2370 4085 dicit,
2404 4017 2560 4089 quod
2591 4018 2688 4072 isti
2747 4033 2880 4073 vere
2936 4019 3123 4074 morbi
3180 4023 3338 4086 sunt,
3399 4020 3500 4091 qui
3562 4020 3854 4078 irridendo

2207 4106 2413 4173 bonos,
2446 4105 2766 4177 plurimum
2798 4105 3012 4161 animis
3041 4113 3357 4178 operantur
3384 4123 3680 4178 errorem,
3717 4126 3855 4165 men-

2205 4199 2410 4266 tesque
2441 4200 2840 4265 corrumpunt.
2879 4196 3106 4260 Quanta
3133 4195 3279 4250 dixit
3307 4213 3341 4251 a
3371 4197 3596 4268 quibus
3663 4199 3850 4254 beatus

2202 4282 2289 4337 vir
2317 4283 2523 4338 debeat
2545 4283 2837 4337 abstinere
2861 4285 2870 4337 l
2898 4284 2966 4338 Et
2996 4283 3186 4339 adhuc
3217 4284 3420 4355 adjicit
3467 4286 3611 4340 alia.

2271 4372 2359 4426 30.
2393 4371 2578 4442 (Vers.
2608 4373 2685 4439 2.)
2724 4394 2742 4419 η
2779 4371 2890 4426 Sed
2925 4371 2981 4425 in
3013 4372 3137 4444 lege
3173 4373 3399 4428 Domini
3431 4374 3544 4428 fuit
3590 4377 3849 4431 voluntas

2199 4459 2348 4530 ejus,
2378 4465 2435 4514 et
2465 4459 2520 4512 in
2552 4457 2678 4530 lege
2703 4460 2830 4530 ejus
2889 4459 3268 4515 meditabitur
3314 4460 3406 4515 die
3451 4477 3517 4517 ac
3567 4470 3782 4523 nocte:

444 4544 790 4616 plerumque
847 4560 1034 4614 neque
1089 4544 1330 4610 calidos,
1378 4561 1566 4616 neque
1613 4544 1878 4617 frigidos,
1964 4546 2086 4614 sed,
2119 4563 2166 4627 D
2197 4546 2305 4602 hoc
2334 4551 2441 4613 est,
2477 4546 2682 4602 beatus
2712 4545 2806 4600 ille
2835 4547 2935 4617 qui
2965 4546 3086 4601 Ι]ωο
3118 4548 3289 4603 faciat
3317 4548 3591 4616 consilio,
3611 4552 3851 4613 ratione,

445 4632 602 4702 quod
623 4635 681 4686 et
709 4631 911 4687 calidis
940 4637 1029 4686 est
1065 4632 1320 4688 deterius
1349 4637 1406 4688 et
1434 4633 1680 4704 frigidis,
1727 4633 1954 4704 tepidos
2005 4635 2087 4688 fa-

443 4717 542 4784 cit,
611 4722 676 4773 ut
728 4722 1071 4774 evomantur
1118 4735 1186 4774 ex
1247 4737 1343 4774 ore
1395 4721 1625 4776 Domini
1695 4721 1858 4790 Jesu,
1940 4738 2086 4793 quos

439 4811 677 4881 prapter
705 4806 902 4878 gravia
922 4811 1158 4878 peccata
1187 4808 1468 4879 rejecerit.
1495 4809 1612 4864 Ista
1669 4813 1757 4864 est
1786 4827 1912 4880 quae
1971 4827 2084 4866 non

437 4912 782 4969 paucorum,
808 4896 907 4951 sed
929 4894 1193 4950 omnium
1213 4896 1423 4951 excitat
1444 4896 1876 4968 aegritudines.«
1902 4899 2084 4955 Omne

436 4989 612 5057 caput
640 4984 697 5040 in
731 4983 949 5052 dolore,
981 4999 1154 5040 omne
1184 4999 1284 5039 cor
1330 4985 1389 5038 in
1444 4984 1720 5040 maestitia
1750 4989 1769 5054 (
1801 4989 1904 5041 lsa.
1955 5004 1994 5054 ι,
2025 4989 2080 5054 5,

433 5075 511 5142 6).
542 5075 587 5130 A
617 5073 865 5146 pedibus
894 5087 1079 5144 usque
1111 5073 1182 5128 ad
1215 5076 1390 5144 caput
1434 5078 1805 5144 peccatorum
1862 5073 2078 5131 ulcera.

435 5186 464 5214 «
497 5162 680 5219 Omne
713 5169 888 5235 caput
926 5161 986 5218 in
1018 5161 1236 5228 dolore,
1271 5185 1298 5210 ››
1342 5161 1577 5233 quando
1630 5163 1729 5232 qui
1787 5163 2079 5234 sapientes

433 5250 818 5318 aestimantur,
879 5249 1076 5306 dolore
1131 5249 1485 5316 cruciantur,
1549 5249 1817 5316 avarius;
1869 5269 2078 5308 sensus

2197 4635 2543 4706 prudentia;
2578 4639 2768 4706 potest
2796 4634 2952 4691 enim
2974 4639 3030 4690 et
3060 4636 3337 4707 parvulus
3370 4653 3482 4692 non
3534 4654 3654 4708 per
3683 4641 3851 4694 virtu-

2196 4727 2335 4787 tem,
2377 4723 2476 4777 sed
2511 4738 2610 4794 per
2639 4723 3174 4794 impossibilitatem
3197 4730 3252 4781 et
3275 4725 3660 4782 inscientiam
3685 4729 3854 4783 delin-

2193 4810 2408 4882 quendi
2440 4810 2512 4866 ab
2540 4809 2614 4866 iis
2641 4827 2767 4881 quae
2799 4811 2955 4867 dicta
2985 4816 3140 4878 sunt,
3173 4813 3488 4869 abstinere.
3549 4815 3766 4872 Potest
3809 4831 3848 4869 et

2193 4898 2570 4954 irrationabili
2607 4900 2813 4970 pecudi
2846 4901 3174 4967 convenire,
3201 4903 3295 4956 cui
3355 4901 3519 4958 nulla
3571 4905 3675 4960 vis
3737 4922 3851 4960 con-

2192 4984 2330 5053 silii,
2363 4986 2562 5040 nullus
2595 5002 2804 5042 sensus
2827 4987 3039 5044 erroris
3060 4993 3169 5044 est.
3219 4989 3335 5044 Hoc
3359 4994 3446 5045 est
3477 5004 3630 5062 ergo
3686 5009 3845 5065 quar-

2191 5077 2316 5129 tum
2350 5075 2503 5145 quod
2538 5076 2820 5144 sequitur,
2872 5077 2928 5132 in
2979 5093 3094 5148 quo
3134 5077 3394 5133 deﬁnitio
3426 5077 3592 5134 beati
3661 5083 3772 5136 viri
3825 5097 3842 5132 ε

2190 5163 2410 5232 pecude
2441 5161 2791 5218 discernitur
2816 5181 2828 5231 ;
2863 5164 3001 5236 quia
3030 5164 3117 5220 vir
3142 5165 3376 5238 sapiens
3405 5166 3706 5226 subditus
3747 5169 3840 5239 legi

2188 5255 2278 5306 est
2332 5249 2653 5317 voluntate,
2706 5269 2820 5307 non
2879 5252 3245 5309 necessitate.
3296 5252 3638 5312 Plurimum
3703 5257 3841 5313 enim

525 5423 614 5499 29)
646 5425 813 5499 Rom.
846 5426 985 5481 edit.
1021 5426 1164 5499 sola,
1197 5428 1292 5496 qui
1325 5425 1663 5499 _l_zypolhecas
1703 5433 1976 5483 numerat.
2010 5430 2078 5484 Et
2184 5426 2426 5493 loculos,
2459 5426 2635 5483 cellas
2666 5428 2880 5499 quibus
2911 5429 3122 5486 divitiae
3153 5430 3576 5497 reconduntur,
3617 5434 3843 5491 dicatur

429 5491 660 5571 videtur
689 5496 1086 5571 favereLquod
1120 5491 1422 5569 praecedit,
1437 5498 1532 5567 qui
1559 5513 1758 5552 usuras
1781 5509 2071 5571 computat.

431 5559 646 5617 Verum
677 5565 798 5640 aliae
837 5559 975 5622 edit'.
1033 5559 1208 5638 atque
1261 5559 1466 5640 omnes
1523 5583 1663 5640 mss.
1716 5559 2071 5640 reclamant;

430 5645 534 5686 nec
593 5633 782 5689 malus
811 5651 1020 5693 sensus
1062 5633 1170 5706 est,
1223 5639 1272 5694 si
1299 5638 1598 5708 apothecas,
1631 5639 1687 5694 id
1741 5645 1830 5696 est
1885 5633 2072 5712 arcas,

2183 5516 2393 5555 avarus
2443 5515 2518 5554 nu
2528 5514 2769 5554 merare.

2256 5572 2369 5641 (30)
2403 5570 2544 5643 Reg.
2577 5571 2729 5637 cod.,
2761 5573 2811 5626 si
2837 5573 2958 5642 quis
2990 5573 3186 5642 affectu
3218 5571 3492 5628 libidinis.
