3894 6208
173 323 281 394 981

1362 322 1814 395 ENARRATIO
1857 325 1934 393 ΙΝ
1976 327 2357 398 PSALMUM
2399 327 2447 396 Ῑ.

3446 324 3571 400 98!
3600 364 3612 369 ί-

181 464 343 521 ret‘ert
371 480 385 532 ;
421 461 562 536 quia
588 461 650 522 in
683 458 984 522 voluntate
1040 464 1327 521 mercedis
1387 469 1477 519 est
1535 466 1759 519 fructus
1795 482 1807 519 :
1842 469 1895 531 Α
1924 467 2083 521 stitia
2113 468 2240 537 ejus
2271 468 2422 523 sicut
2451 467 2652 525 lumen
2682 464 2937 541 effulget.
2972 465 3285 525 Meditetur
3314 477 3450 541 ergo
3482 464 3564 523 le-

179 552 237 610 in
261 552 626 621 necessitate,
649 552 1109 626 dispensationis
1139 553 1509 626 obsequium.
1536 550 1620 608 Ita
1652 554 1808 609 enim

181 642 367 700 docuit
394 659 503 698 nos
532 641 849 715 Apostolus
878 642 1079 697 dicens
1108 658 1120 695 ε
1157 664 1185 691 ‹‹
1219 641 1278 697 Si
1309 640 1507 697 volens
1539 641 1649 696 hoc
1680 657 1811 713 ago,

179 732 494 790 mercedem
523 731 710 787 habeo
740 748 752 786 :
788 731 838 787 si
867 731 1109 797 invitus,
1142 730 1503 803 dispensatio
1529 730 1674 785 mihi
1695 747 1814 786 cre-

179 822 294 878 dita
321 823 408 876 est
437 820 485 891 (Ι
513 820 641 876 Cor.
676 837 752 875 1x.
789 821 897 888 17).
934 840 962 869 ››
995 820 1145 875 Ordo
1189 823 1383 874 autem
1439 818 1808 874 conveniens.

179 915 241 966 ut
269 910 452 982 primo
482 908 694 980 diligas
721 909 932 981 legem,
965 909 1217 964 secundo
1250 912 1315 962 ut
1353 908 1673 964 mediteris.
1705 907 1814 972 Qui

178 997 380 1071 diligit,
413 1014 483 1053 ex
511 996 809 1052 voluntate
842 998 978 1053 facit
1007 998 1287 1053 mandata
1332 996 1478 1069 legis
1511 1014 1525 1065 ;
1584 996 1684 1069 qui
1739 996 1809 1050 ti-

178 1091 312 1153 met,
337 1086 560 1142 invitus
593 1086 881 1142 observat.
930 1087 1093 1142 Hanc
1140 1085 1513 1157 disciplinam
1564 1085 1811 1141 docendi

176 1174 345 1231 etiam
367 1174 468 1229 Dei
492 1174 788 1246 justitiam
811 1173 1008 1247 inlege
1027 1174 1377 1246 accepimus.
1396 1173 1490 1228 Sic
1508 1174 1661 1228 enim
1677 1173 1814 1228 seri-

173 1266 465 1336 ptumest:
492 1262 1228 1331 «Andi,lsrael:Dominus
1268 1263 1422 1317 Deus
1448 1266 1614 1328 tuus,
1656 1262 1811 1317 Deus

174 1368 325 1407 unus
350 1354 438 1407 est
452 1351 712 1420 (Deut.v1,
732 1351 805 1422 4).
828 1372 857 1401 ››
877 1351 948 1405 Et
971 1369 1018 1407 τι
1045 1349 1263 1422 Diliges
1287 1349 1602 1405 Dominum
1626 1350 1809 1405 Deum

173 1444 338 1496 tuum
368 1456 437 1495 ex
466 1442 586 1494 toto
618 1440 789 1495 corde
817 1442 939 1505 tuo,
973 1442 1029 1495 et
1060 1455 1127 1494 ex
1154 1443 1273 1494 tota
1319 1439 1517 1493 anima
1571 1442 1691 1504 tua,
1753 1443 1810 1494 et

174 1544 243 1585 ex
268 1531 389 1583 tota
423 1528 637 1583 virtute
666 1532 787 1583 tua.
822 1528 892 1582 Et
919 1532 1090 1583 erunt
1118 1528 1295 1583 verba
1340 1527 1463 1583 haec
1520 1544 1645 1599 quas
1704 1544 1808 1599 ego

173 1616 440 1691 praecipio
469 1616 576 1671 tibi
606 1615 798 1682 hodie,
832 1617 891 1671 in
920 1616 1092 1671 corde
1124 1621 1248 1681 tuo,
1278 1619 1335 1671 et
1365 1601 1425 1670 in
1455 1614 1653 1671 anima
1673 1619 1806 1671 tua:

171 1711 230 1762 et
259 1705 684 1761 demonstrabis
712 1722 781 1761 ea
808 1704 945 1760 ﬁliis
976 1705 1117 1770 tuis,
1149 1708 1205 1760 et
1261 1703 1520 1776 loqueris
1575 1704 1659 1759 eis
1719 1720 1807 1759 se-

170 1795 315 1850 dens
344 1795 403 1849 in
435 1795 628 1893 domo,
657 1799 715 1894 et
743 1793 1054 1894 ambulans
1084 1793 1144 1892 in
1202 1792 1428 1894 itinere,
1470 1799 1525 1849 et
1558 1793 1706 1893 7.52
1750 1794 1807 1847 in
1841 1829 1889 1894 B

170 1884 385 1956 quiete,
416 1887 473 1937 et
500 1881 1306 1955 invigilia.Etalligabiseain
1323 1882 1558 1954 signum
1592 1882 1649 1935 in
1684 1898 1811 1937 ma-

174 1989 259 2028 nu
290 1975 390 2027 tua
416 1972 553 2044 (3i),
586 1974 641 2027 et
672 1976 842 2027 erunt
872 1971 1114 2027 monilia
1145 1974 1279 2026 ante
1309 1970 1511 2026 oculos
1540 1975 1674 2026 tuos
1706 1988 1722 2024 :
1755 1974 1812 2026 et

168 2060 396 2117 scribes
423 2076 491 2115 ea
519 2076 697 2132 super
726 2060 934 2115 limina
963 2059 1020 2113 in
1053 2058 1365 2114 domiciliis
1398 2059 1517 2113 tuis
1548 2063 1605 2113 et
1636 2058 1694 2112 in
1717 2060 1809 2129 ja-

169 2148 307 2205 nuis
362 2149 481 2205 tuis
513 2149 824 2221 (Ibid.5-9).
860 2171 887 2198 »
918 2150 988 2204 Et
1016 2148 1169 2203 infra
1202 2163 1214 2202 :
1250 2172 1275 2197 ‹‹
1309 2149 1379 2203 Et
1409 2164 1585 2217 nunc,
1609 2146 1807 2215 Israel,

167 2237 311 2311 quid
343 2238 449 2293 abs
477 2242 533 2293 te
562 2237 821 2309 postulat
857 2237 1143 2293 Dominus
1174 2237 1327 2292 Deus
1384 2240 1543 2304 tuus,
1577 2235 1691 2291 nisi
1748 2241 1813 2290 ut

166 2326 380 2399 diligas
410 2324 723 2382 Dominum
754 2327 937 2382 Deum
968 2330 1158 2395 tuum,
1187 2330 1244 2381 et
1273 2324 1538 2381 ambules
1567 2324 1626 2380 in
1685 2341 1807 2380 om-

166 2415 346 2472 nibus
374 2413 483 2470 viis
510 2416 639 2486 ejus
670 2415 860 2486 (Deut.
894 2432 947 2483 x,
982 2415 1071 2483 12)
1105 2436 1133 2465 ››
1166 2416 1192 2469 7
1228 2413 1527 2485 Sapientia
1577 2429 1810 2485 quoque

165 2503 313 2560 dicit
342 2520 355 2557 :
393 2525 420 2552 α
447 2503 855 2575 Concupiscite
883 2519 1020 2575 ergo
1050 2518 1352 2557 sermones
1383 2519 1567 2569 meos,
1617 2501 1808 2573 diligi-

162 2597 224 2648 te
253 2589 714 2658 illos,habebitis
744 2590 1117 2664 disciplinam
1148 2591 1303 2663 (Sap.
1336 2609 1412 2659 v1,
1442 2591 1549 2662 42).
1588 2613 1615 2640 ››
1645 2591 1812 2647 Clara

164 2683 277 2748 est,
308 2682 366 2734 et
388 2695 518 2751 quae
538 2696 842 2752 nunquam
876 2682 1199 2735 marcescat
1230 2678 1537 2751 sapientia,
1560 2683 1615 2734 et
1644 2678 1813 2734 facile

161 2768 397 2823 videtur
425 2768 497 2823 ab
527 2767 602 2823 iis
632 2768 726 2838 qui
760 2766 1012 2840 diligunt
1043 2766 1230 2833 illam,
1276 2772 1334 2822 et
1388 2767 1683 2821 invenitur
1737 2767 1808 2823 ab

163 2856 242 2911 iis
275 2856 375 2927 qui
404 2860 676 2928 quaerunt
701 2856 882 2912 illam.
916 2856 1196 2929 Legitime
1245 2871 1383 2928 ergo
1443 2856 1722 2911 docemur
1777 2873 1811 2911 a

161 2947 369 3001 sancto
398 2944 687 3016 Propheta
712 2943 1071 3000 voluntatem
1102 2945 1162 2999 in
1191 2943 1317 3017 lege
1346 2944 1582 3012 habere,
1624 2943 1807 2999 medi-

161 3032 449 3088 tationem
483 3034 807 3088 secundum
836 3032 1045 3105 legem.
1078 3032 1361 3088 Voluntas
1392 3033 1451 3086 in
1510 3031 1635 3104 lege
1692 3049 1806 3086 non

159 3119 364 3179 solum
394 3120 455 3176 in
487 3121 703 3188 studio,
737 3121 840 3177 sed
873 3122 1050 3177 etiam
1080 3121 1139 3176 in
1196 3121 1346 3176 facto
1376 3124 1483 3176 est.
1518 3120 1680 3176 Prior
1709 3137 1807 3175 vo-

1923 572 2055 626 gem
2088 555 2202 611 vita
2225 561 2444 626 nostra,
2469 557 2787 613 meditetur
2823 554 3203 626 conversatio,
3251 555 3569 613 meditetur

1920 649 2107 713 actus,
2132 645 2446 701 meditetur
2461 644 2790 701 intellectus
2808 646 3220 719 mysteriorum
3242 644 3565 702 ccelestium

1920 733 2033 790 Lex
2052 732 2206 789 enim
2230 733 2527 805 exemplar
2547 738 2635 790 est
2656 738 2710 790 et
2733 736 2944 791 umbra
2975 734 3322 800 cmlestium,
3357 734 3569 790 umbra

1922 821 2253 877 futurorum
2276 823 2585 891 bonorum,
2620 840 2747 895 quae
2782 823 2833 879 is
2871 823 2973 894 qui
3004 812 3189 879 credit
3218 823 3278 879 in
3307 822 3455 897 lege,
3505 823 3565 878 in

1920 909 2228 983 Evangelio
2260 912 2641 983 recognoscit.
2666 912 2978 967 Meditetur
3005 912 3064 966 in
3089 912 3347 967 tenebris
3368 911 3564 979 et,die,

1919 998 1979 1053 id
2010 1003 2118 1064 est,
2141 1003 2197 1053 et
2226 999 2285 1053 in
2317 1000 2577 1054 adversis
2600 1000 2847 1071 positus,
2865 1000 3246 1072 etprosperis.
3282 1000 3563 1055 Lexenim

1921 1087 2194 1159 praecepit
2225 1091 2287 1141 ut
2317 1087 2526 1160 diligas
2555 1088 2873 1143 Dominum
2904 1089 3088 1143 Deum
3120 1091 3310 1144 tuum.
3344 1087 3453 1154 Qui
3474 1087 3561 1142 di-

1920 1175 2070 1248 ligit,
2101 1176 2160 1230 in
2193 1176 2351 1231 omni
2376 1180 2535 1231 statu
2592 1193 2699 1231 suo
2758 1177 2930 1231 debet
2980 1192 3211 1232 servare
3269 1172 3562 1231 diuturnae

1922 1264 2222 1319 charitatis
2251 1263 2935 1337 affectum.Paterdiligit
2964 1263 3373 1338 ﬁlium,diligit
3391 1265 3564 1320 etiam

1921 1369 2054 1407 cum
2087 1353 2507 1425 arguit,diligit
2534 1353 2711 1408 etiam
2742 1370 2877 1408 cum
2907 1354 3173 1410 verberat
3200 1353 3407 1410 baculo
3430 1372 3442 1423 ;
3464 1353 3565 1425 qui

1919 1442 2074 1497 enim
2106 1441 2289 1513 parcit
2326 1441 2535 1497 baculo
2565 1458 2697 1510 suo,
2754 1442 2877 1497 odit
2933 1442 3147 1509 filium,
3189 1459 3388 1499 suum.
3446 1442 3565 1499 Nos

1921 1547 2152 1601 quoque
2175 1530 2457 1585 Deminus
2489 1530 2759 1602 castigat,
2792 1534 2851 1585 et
2882 1529 3094 1602 diligit.
3126 1530 3330 1602 Itaque
3387 1530 3562 1586 etiam

1919 1635 2053 1673 cum
2085 1619 2264 1691 digna
2294 1619 2637 1674 coercitione
2669 1618 3116 1686 committimus,
3140 1618 3237 1675 ille
3267 1622 3462 1675 tamen
3485 1619 3567 1674 di-

1918 1706 2066 1780 ligit,
2102 1709 2201 1779 qui
2233 1708 2409 1763 etiam
2460 1706 2668 1779 recipit
2723 1706 3032 1763 offensum.
3095 1707 3354 1780 Castigat
3408 1708 3565 1763 enim

1920 1795 2204 1852 Dominus
2233 1812 2465 1851 omnem
2499 1796 2687 1851 ﬁlium
2718 1812 2893 1868 quem
2927 1795 3151 1868 recipit.
3191 1797 3262 1851 Et
3308 1800 3372 1852 tu
3429 1812 3565 1851 cum

1920 1884 2227 1956 castigaris
2249 1883 2460 1956 dilige:
2487 1884 2624 1956 quia
2644 1883 2772 1940 ideo
2796 1884 3207 1957 castigaris,ut
3244 1883 3564 1958 recipiaris.
3625 1875 3628 1878 ’

1921 1973 2066 2028 Nam
2100 1974 2241 2045 quid
2272 1974 2494 2046 grande
2535 1977 2645 2041 est,
2677 1973 2727 2028 si
2787 1977 2927 2029 tunc
2985 1973 3197 2045 diligas
3251 1972 3564 2029 Dominum

1921 2062 2103 2117 Deum
2133 2067 2325 2130 tuum,
2359 2078 2491 2116 cum
2522 2061 2627 2116 tibi
2662 2062 2924 2118 abundat
2953 2061 3171 2128 omnia,
3217 2078 3352 2117 cum
3410 2062 3566 2117 true-

1921 2150 2001 2206 ris
2033 2150 2266 2222 Optatis,
2319 2167 2453 2205 cum
2513 2150 2855 2219 honoribus,
2914 2149 3314 2215 facultatibus,
3367 2148 3567 2207 liberis

1921 2238 2199 2310 gaudes?
2236 2239 2303 2293 Et
2358 2237 2607 2307 homini,
2663 2255 2695 2292 a
2727 2255 2841 2310 quo
2897 2239 3296 2311 acceperimus
3354 2237 3568 2294 beneﬁ-

1919 2327 2351 2399 cium,gratiam
2365 2328 2576 2382 referre
2590 2326 3570 2399 consuevimus.Deniquecumlau-

1921 2416 2160 2471 daretur
2173 2416 2281 2470 Job
2299 2414 2521 2487 judicio
2545 2415 2897 2486 coelesti,hoc
2920 2415 3117 2471 retulit
3132 2414 3435 2471 diabolus:
3459 2414 3565 2471 Mi-

1919 2505 2077 2560 nime
2107 2504 2323 2559 mirum
2356 2505 2403 2559 si
2437 2510 2640 2576 gratus
2662 2508 2817 2561 esset
2837 2505 2974 2573 Deo,
3001 2504 3094 2560 cui
3113 2507 3275 2560 tanta
3296 2507 3567 2576 suppete-

1921 2599 2007 2649 ret
2028 2593 2330 2648 afﬂuentia
2363 2609 2814 2665 prosperorum;
2869 2594 2970 2649 sed
2998 2597 3136 2648 tunc
3170 2593 3566 2665 probandum,

1920 2682 1969 2738 si
2000 2681 2101 2736 illa
2132 2682 2367 2737 amittat
2386 2681 2677 2749 universa,
2710 2687 2767 2737 et
2796 2681 2878 2754 pii
2907 2681 3152 2737 cultoris
3182 2684 3419 2754 praestet
3446 2681 3569 2737 ofﬁ-

1920 2770 2074 2826 cium
2107 2771 2242 2842 (Job.
2279 2788 2317 2836 ι,
2348 2770 2519 2841 9-H).
2554 2770 2683 2825 Haec
2716 2770 2867 2826 753
2898 2770 3077 2842 igitur
3107 2770 3299 2842 prima
3351 2769 3564 2837 virtus,

1920 2865 1985 2915 ut
2016 2876 2131 2914 non
2155 2859 2440 2931 frangaris
2462 2858 2742 2919 adversis.
2774 2876 2888 2915 non
2921 2858 3216 2914 extollaris
3267 2858 3564 2915 secundis.

1920 2949 1980 3003 Id
2015 2953 2070 3004 te
2098 2947 2188 3003 lex
2219 2948 2404 3015 docet,
2440 2951 2503 3002 ut
2532 2947 2592 3002 in
2624 2948 2940 3004 afflictione
2992 2965 3103 3003 non
3163 2946 3385 3003 relaxes
3442 2947 3553 3019 (33)

1918 3037 2325 3103 intentionem,
2381 3053 2485 3090 nec
2543 3037 3011 3119 desperationem
3069 3036 3328 3103 induas;
3385 3035 3569 3092 victor

1920 3141 2035 3181 non
2066 3126 2229 3181 dicas
2263 3144 2275 3180 :
2311 3147 2338 3173 ‹‹
2371 3124 2572 3179 Virtus
2604 3141 2733 3180 mea
2761 3130 2819 3181 et
2849 3125 3127 3180 fortitudo
3159 3140 3292 3180 mea
3319 3124 3441 3180 haec
3458 3124 3564 3180 tri-

159 3209 389 3274 luntas,
421 3209 683 3266 secunda
712 3209 991 3280 operatio.
1032 3208 1293 3281 Denique
1321 3214 1378 3264 et
1406 3208 1686 3264 Dominus
1719 3208 1805 3263 di-
1838 3190 1882 3255 (ἶ
1919 3214 2047 3269 buit
2077 3214 2222 3268 mihi
2254 3214 2437 3284 (Deut.
2469 3229 2591 3279 VIII,
2630 3213 2716 3284 17)
2752 3231 2764 3280 ;
2802 3234 2830 3262 ››
2861 3213 2963 3268 sed
2993 3212 3193 3269 omnia
3220 3212 3453 3268 noveris
3483 3212 3565 3268 di-

159 3297 324 3354 centi
355 3297 465 3355 sibi
498 3314 511 3353 :
546 3320 574 3347 «
596 3298 655 3353 Si
672 3298 778 3365 vis,
810 3301 973 3370 potes
996 3297 1395 3353 me'mundare
1443 3296 1649 3363 (Matth.
1684 3314 1806 3365 VIII,

155 3387 244 3459 2),
271 3409 292 3435 ι
318 3386 652 3460 respondit:
682 3385 895 3457 «Volo,
919 3387 1205 3442 mundare
1227 3385 1384 3457 (Ibid.
1416 3386 1472 3456 3)
1495 3402 1509 3452 ;
1530 3402 1685 3456 »quo
1716 3403 1808 3441 os-

156 3475 435 3532 tenderet
453 3474 888 3547 operationibus
911 3474 1128 3531 nostris
1156 3475 1266 3545 (32)
1288 3472 1648 3529 voluntatem
1672 3491 1812 3545 prae-

153 3563 322 3621 viam
354 3580 481 3620 esse
508 3564 737 3620 debere.
771 3562 1033 3635 Denique
1060 3562 1152 3618 lex
1178 3561 1537 3618 voluntarios
1567 3562 1807 3634 quaerit;

155 3652 311 3725 quia
341 3651 430 3709 lex
457 3651 686 3708 Domini
717 3650 1245 3723 irreprehensibilis
1301 3656 1410 3719 est,
1470 3655 1812 3707 convertens

154 3740 470 3798 animam:
498 3755 670 3796 nemo
694 3744 890 3796 autem
924 3740 1297 3807 convertitur,
1330 3738 1442 3794 nisi
1476 3738 1578 3811 qui
1607 3738 1810 3795 volun-

152 3832 290 3884 tate
320 3827 696 3884 convertitur.
728 3827 1108 3883 Voluntarius
1137 3831 1334 3883 autem
1393 3827 1700 3883 abscondit
1756 3831 1814 3883 et

152 3933 415 3975 sensum
446 3917 675 3972 furatur
702 3915 940 3973 laboris.

238 4007 335 4060 31.
369 4004 620 4078 Ideoque
645 4005 737 4061 die
767 4009 823 4061 et
854 4009 1018 4061 nocte
1048 4005 1109 4059 in
1148 4004 1274 4077 lege
1329 4004 1649 4059 meditatur
1681 4022 1694 4072 ;
1753 4004 1813 4058 in

153 4110 290 4168 quo
322 4110 437 4149 non
469 4097 588 4149 tam
620 4093 898 4150 continua
925 4093 1154 4166 legendi
1186 4092 1517 4166 postulatur
1547 4092 1813 4164 intentio,

151 4198 356 4256 quam
386 4182 684 4239 servandae
708 4182 857 4254 legis
888 4182 1146 4238 affectus.
1182 4180 1286 4236 llle
1315 4180 1472 4236 enim
1506 4180 1672 4253 plene
1701 4198 1819 4237 me-

149 4273 415 4338 ditatur,
450 4270 551 4343 qui
580 4271 694 4327 sibi
726 4271 853 4342 ipse
900 4270 993 4326 lex
1022 4274 1133 4338 est,
1193 4269 1479 4341 scriptum
1530 4270 1588 4324 in
1647 4271 1817 4326 corde

149 4377 279 4417 suo
310 4359 462 4433 legis
491 4359 825 4426 intendens,
857 4358 1071 4431 Aquila
1114 4362 1314 4415 tamen
1346 4357 1499 4415 diem
1557 4362 1818 4414 tantum-

153 4448 355 4507 modo
386 4447 602 4520 posuit,
635 4465 751 4503 non
777 4448 956 4503 etiam
987 4451 1236 4503 noctem.
1271 4448 1433 4512 Quod
1462 4464 1577 4503 non
1634 4452 1753 4503 tam
1787 4466 1821 4504 a

1918 3302 2063 3357 vinas
2095 3300 2507 3357 misericordia:
2539 3301 2894 3372 deputanda.

1989 3392 2076 3447 32.
2113 3389 2340 3444 Clamat
2365 3389 2547 3444 Isaias
2579 3406 2593 3443 :
2628 3411 2656 3438 ‹‹
2708 3389 2833 3443 Non
2891 3387 3284 3443 confundetur
3342 3385 3443 3457 qui
3500 3386 3560 3443 in

1921 3478 2195 3551 angustia
2226 3481 2312 3533 est
2345 3493 2533 3548 usque
2562 3478 2620 3531 in
2653 3481 2887 3549 tempus
2911 3478 3106 3547 (lsa.v,
3134 3475 3249 3547 22).
3270 3497 3298 3525 »
3323 3497 3429 3525 —«
3446 3476 3562 3532 Hoc

1921 3568 2179 3640 primum
2212 3566 2346 3621 bibe
2377 3566 2503 3636 (Im.
2536 3566 2827 3634 xxx1,24).
2887 3584 2914 3616 υ
2990 3564 3135 3631 Quid
3194 3569 3303 3629 est,
3368 3586 3397 3616 «
3453 3564 3564 3620 hoc

1920 3657 2179 3728 primum
2208 3654 2340 3710 bibe
2369 3655 2396 3709 Ἰ
2428 3676 2455 3703 ››
2485 3658 2931 3726 Sequestremus
2961 3654 3227 3727 mystica,
3251 3669 3564 3727 persequa-

1923 3762 2058 3800 mur
2087 3742 2352 3811 moralia,
2387 3760 2514 3815 quae
2546 3744 2714 3799 docet
2761 3742 2974 3799 littera.
3010 3742 3250 3815 Propter
3303 3759 3566 3798 errorum

1924 3832 2122 3906 gravia
2149 3848 2351 3905 graves
2382 3831 2760 3888 contritiones
2788 3835 2846 3887 et
2869 3830 3202 3888 vexationes
3223 3830 3423 3905 populi
3480 3830 3566 3886 di-

1926 3923 2003 3978 cit
2022 3922 2253 3977 futuras
2278 3939 2291 3989 ;
2324 3925 2381 3975 et
2410 3921 2665 3992 oportuit
2695 3937 2792 3977 eas
2823 3920 3168 3993 praecedere,
3202 3922 3267 3974 ut
3296 3935 3567 3991 sequere-

1922 4014 2020 4064 tur
2052 4009 2472 4064 misericordia.
2507 4009 2646 4064 Bibe
2659 4024 2793 4081 ergo
2808 4009 3066 4080 primum
3084 4006 3525 4063 tribulationem
3553 4024 3568 4076 ;

1926 4096 2261 4169 permultas
2282 4095 2440 4151 enim
2474 4095 2881 4150 tribulationes
2937 4098 3167 4167 oportet
3208 4109 3316 4149 nos
3361 4093 3569 4151 introi-

1927 4202 1987 4241 re
2018 4185 2077 4240 in
2100 4200 2346 4256 regnum
2367 4183 2467 4238 Dei
2495 4183 2683 4250 ;bibe,
2706 4189 2771 4237 ut
2800 4198 3010 4238 sensus
3033 4180 3428 4237 tribulationis
3444 4198 3573 4254 pec-

1926 4274 2070 4330 toris
2100 4273 2187 4327 tui
2233 4270 2581 4326 infundatur
2609 4271 2894 4326 internis:
2946 4270 3081 4326 bibe
3099 4285 3232 4325 cum
3291 4269 3570 4343 patientis

1930 4363 2136 4419 affectu
2171 4359 2469 4415 mmrentis
2500 4358 2760 4414 dolorem
2792 4359 2923 4431 (34).
2959 4358 3111 4414 Dum
3143 4356 3299 4414 enim
3332 4374 3569 4414 conver—

1931 4468 2033 4507 sus
2061 4444 2439 4522 ingemueris,
2470 4451 2612 4502 tunc
2665 4447 2973 4503 Dominum
3003 4445 3109 4502 tibi
3167 4445 3572 4504 reconciliabis

147 4535 399 4595 ceteris
442 4537 807 4609 discrepans,
866 4553 1043 4608 quam
1101 4536 1214 4592 alio
1272 4538 1527 4593 referens
1583 4536 1820 4609 posuit;
1854 4555 1901 4620 D
1931 4540 2240 4596 offensum.
2276 4556 2297 4585 ι
2333 4536 2447 4591 Hoc
2478 4552 2614 4608 ergo
2647 4535 2904 4607 primum
2936 4536 3118 4603 bibe;
3181 4558 3203 4587 ι
3250 4539 3316 4591 ut
3372 4534 3455 4591 sis
3512 4534 3572 4590 in

148 4625 457 4699 quoniam
491 4625 595 4697 qui
628 4625 816 4698 legem
844 4624 1181 4690 meditatur,
1215 4641 1446 4697 semper
1470 4625 1529 4681 in
1561 4625 1689 4681 luce
1714 4630 1820 4695 est,

143 4718 406 4772 noctem
438 4730 555 4770 non
611 4713 807 4769 habet.
860 4713 1090 4769 Etenim
1149 4714 1316 4784 cujus
1374 4714 1570 4769 lucent
1628 4732 1821 4787 opera,

143 4818 288 4859 non
322 4806 513 4874 potest
539 4801 741 4875 utique
768 4802 831 4857 in
862 4801 1119 4858 tenebris
1153 4801 1454 4858 ambulare
1488 4822 1501 4871 ;
1537 4803 1676 4875 quia
1724 4805 1822 4875 ju-

238 4918 361 4989 (31)
392 4916 542 4973 Edit.
574 4921 724 4990 _vet.
759 4921 816 4972 et
874 4918 1296 4990 plures__mss.,
1327 4920 1391 4972 Et
1445 4919 1702 4988 alligabis
1758 4936 1825 4973 ea

144 5006 227 5072 in
250 4987 398 5074 simi
427 4993 537 5044 tuo.
570 4987 739 5075 liga}.
767 4987 1017 5075 etnmss.’
1042 4988 1287 5075 aliquot.
1319 4991 1413 5075 Ἰξι
1462 4987 1723 5060 attigabis
1754 5006 1825 5073 ea

145 5063 223 5116 in
261 5061 512 5130 signum.
570 5059 732 5128 LXX,
816 5062 908 5107 Καὶ
987 5060 1193 5124 ἀφάψεις
1278 5059 1403 5106 αὐτᾶ
1479 5076 1541 5117 εις
1576 5059 1583 5060 ί
1623 5062 1826 5122 mpsim;

154 5130 251 5179 ἐπὶ
320 5132 429 5201 τῆς
513 5130 674 5194 χειρός
757 5144 891 5201 eoo;
946 5130 1007 5201 in
1068 5146 1183 5201 quo
1252 5146 1456 5185 omnes
1512 5130 1824 5201 Scripturm

145 5200 477 5257 versiones
508 5200 903 5257 consentiunt.
966 5200 1099 5256 Ubi’
1136 5217 1269 5256 vero
1327 5202 1494 5256 Rom.
1555 5200 1719 5269 edit,
1777 5212 1829 5258 et

139 5280 344 5345 erant
369 5272 683 5345 immobilia
712 5279 836 5328 ante
866 5273 1046 5345 oculos
1088 5275 1208 5345 tuos
1240 5272 1337 5345 (ex
1386 5272 1524 5345 LXX
1584 5273 1823 5341 scilicet,

141 5343 333 5417 apud
427 5359 577 5417 quos
640 5342 850 5417 _le_gas,
893 5412 909 5417 _
936 5344 1018 5390 καὶ
1069 5342 1256 5417 fis-tat"
1294 5342 1588 5417 ⁸ἀσάλευτον
1671 5346 1827 5417 [φη.

139 5411 334 5471 ἀῇω,
395 5411 503 5469 cdd
534 5457 548 5470 ,
628 5411 910 5477 deiﬁcum]
995 5414 1089 5476 πρὸ
1171 5411 1435 5476 ὀφθαλμῶν
1518 5411 1687 5478 seu),
1719 5411 1828 5471 ’ίὴὶ

135 5488 280 5542 vet.
321 5484 464 5542 edit.
491 5502 557 5540 ac
589 5500 792 5540 omnes
830 5483 1069 5540 omnino
1099 5500 1269 5553 mss.,
1326 5489 1375 5540 et
1437 5494 1596 5540 erant
1649 5490 1826 5541 moni-

138 5559 266 5628 lia,
303 5561 418 5612 etc.
446 5556 623 5611 Porro
654 5572 788 5611 cum
821 5572 889 5612 ea
907 5568 1053 5628 pars
1110 5554 1380 5611 versiculi
1438 5558 1633 5628 ejusce
1689 5558 1826 5613 alibi

138 5627 345 5687 aliter
375 5643 657 5685 conversa
684 5629 761 5685 sit
792 5644 806 5695 ;
841 5631 906 5683 ut
922 5627 1078 5699 puta
1121 5643 1189 5682 ex
1243 5632 1402 5682 textu

1507 5629 1714 5696 ebraeo,
1773 5636 1830 5685 et
1940 5631 2004 5685 Bi

1932 4626 2129 4683 dolore
2159 4631 2215 4681 et
2243 4624 2554 4697 angustiis.
2586 4623 2710 4679 Cito
2752 4623 2952 4680 laztitia
2983 4624 3241 4680 infundit
3294 4639 3574 4691 errorem,

1931 4716 2173 4788 Pinguis
2204 4714 2390 4770 factus
2411 4713 2846 4769 etincrassatus
2874 4712 3128 4787 populus
3158 4713 3379 4770 surexit
3420 4712 3578 4769 lude-

1933 4823 2016 4875 re,
2047 4809 2103 4860 et
2131 4803 2371 4861 recessit
2399 4820 2433 4858 a
2461 4802 2729 4859 Domino.
2760 4803 3006 4859 Prodest
3046 4802 3151 4859 tibi
3210 4818 3311 4859 cor
3363 4802 3576 4858 habere

1933 4919 2448 4986 Haebraeo-Samar,
2480 4919 2551 4972 ab
2582 4919 2896 4988 Interprete
2930 4918 3051 4973 Lat.
3072 4916 3381 4988 reddatur,
3414 4925 3579 4971 erunt

1934 5007 2144 5061 quoque
2168 4992 2225 5043 in
2254 4989 2541 5060 frontalia,
2575 4988 2686 5056 vel,
2719 4986 2783 5043 ut
2811 4988 3006 5043 Grotio
3028 4986 3234 5061 placet,
3265 4994 3575 5061 eruntque:

1932 5055 2160 5133 due'pru
2190 5055 2543 5133 conspicittis.
2592 5055 2699 5114 etc.
2739 5077 2767 5133 ;_
2812 5075 2880 5114 ex
2935 5055 3210 5133 paraphr.
3250 5055 3494 5133 _Cbald'.,
3526 5060 3577 5133 et

1932 5128 2092 5187 erant
2123 5133 2281 5201 quasi
2304 5128 2578 5201 appendix
2606 5129 2879 5201 quaedam,
2916 5133 3023 5183 etc.
3057 5128 3263 5199 quidni
3295 5128 3473 5201 etiam
3505 5128 3578 5183 ab

1933 5199 2301 5266 aliquodverti
2334 5199 2608 5266 potuerit,
2642 5206 2702 5253 ut
2726 5200 2786 5253 in
2819 5203 3021 5253 nostro
3052 5202 3325 5254 contextu
3354 5199 3382 5252 ?

2009 5269 2117 5345 (32)
2133 5272 2272 5345 Mss.
2293 5269 2533 5341 aliquot.
2556 5287 2658 5341 quo
2669 5269 2964 5345 ostenderet
2974 5269 3340 5345 cogitantibus
3354 5270 3577 5336 nostris,

2008 5340 2120 5415 (33)
2152 5344 2292 5398 Mss.
2326 5340 2575 5413 quatuor
2603 5358 2644 5415 e‘
2665 5340 2890 5407 Gallia,
2924 5347 2987 5395 at
3015 5342 3345 5415 amixtionem
3362 5356 3475 5396 non
3492 5355 3579 5396 re-

1938 5412 2089 5471 latas
2119 5416 2176 5469 in
2212 5412 2457 5479 victoria,
2485 5428 2583 5466 nec
2612 5412 3047 5484 desperationem
3076 5412 3277 5469 induas
3307 5414 3369 5467 in
3399 5415 3578 5468 tenta-

1935 5489 2080 5542 tione
2110 5505 2132 5552 ,-
2162 5501 2267 5540 non
2293 5484 2463 5551 dicas,
2494 5489 2605 5539 etc.

2007 5558 2119 5685 5’34)
2150 5555 2417 5628 Quinque
2448 5571 2617 5621 mss.,
2645 5556 2854 5626 pectori
2872 5562 2963 5611 tuo
2980 5554 3308 5627 infundatur
3324 5555 3577 5622 interius,

2039 5645 2067 5685 e
2094 5628 2472 5685 comaetientis
2496 5628 2768 5685 adiectum.
2795 5629 3075 5684 mwrentis
3106 5626 3368 5685 dolorem.

2039 5645 2067 5686 e
2094 5626 2472 5700 Campatientis
2496 5628 2768 5699 enectum,
2795 5629 3075 5684 mwrentis
3106 5626 3368 5686 dolorem.
