3894 6208
278 331 443 420 θὲθέ

1742 354 1806 421 s.
1838 338 2231 424 -A'M'saosn

3570 348 3745 421 Ws

279 489 620 550 contritum.
661 512 691 543 ‹‹
714 491 835 550 Hoc
863 489 1118 567 primum
1175 491 1331 559 bibe,
1366 516 1394 544 »
1446 495 1513 550 ut
1563 492 1917 551 sacriﬁcium
1950 496 2004 565 Α
2031 494 2164 552 bibe
2194 494 2510 565 Christum,
2544 495 2687 570 quia
2714 493 2851 554 fons
2873 492 3003 553 vita!
3031 498 3120 554 est
3144 512 3165 565 ς
3189 492 3325 554 bibe
3353 492 3699 559 Christum,
3736 512 3739 513 ν

278 586 448 640 tuum
480 581 800 656 accipiatur
828 601 862 640 a
898 584 1165 639 Domino.
1223 585 1437 640 Doceat
1486 588 1543 639 te
1598 583 1916 656 Apostolus

278 671 419 745 quid
453 672 570 728 sit:
605 695 633 722 «
668 673 783 728 Hoc
813 672 1069 746 primum
1110 673 1263 741 bibe,
1300 695 1326 721 ››
1359 674 1468 729 hoc
1506 677 1615 739 est,
1673 671 1917 727 tribula-

275 760 453 818 tionis
483 759 779 833 poculum.
819 783 846 813 ‹‹
875 761 1197 818 Tribulatio
1228 761 1383 817 enim
1410 761 1751 834 patientiam
1782 776 1917 832 ope-

275 855 443 907 ratur
464 852 638 919 (Rom.
671 867 722 920 v,
754 851 832 920 3,)
869 872 888 898 υ
917 850 1041 907 Non
1064 855 1255 923 potest
1284 867 1414 907 esso
1446 851 1744 922 patientia,
1805 848 1918 904 nisi

277 943 412 996 ante
440 939 616 995 fuerit
642 939 963 994 tribulatio.
1001 962 1028 991 α
1058 939 1402 1005 Tribulatio,
1435 926 1630 1011 incﬁiit
1685 937 1916 1010 patien-

277 1027 421 1083 tiam
452 1031 744 1100 operatur,
780 1027 1062 1101 patientia
1092 1032 1285 1084 autem
1317 1026 1741 1100 probationem,
1786 1042 1919 1097 pro-

278 1115 435 1172 batio
458 1132 591 1172 vero
623 1132 787 1188 spem
824 1134 837 1183 ;
873 1133 1009 1188 spes
1040 1121 1235 1172 autem
1276 1132 1389 1171 non
1421 1114 1725 1171 confundit
1754 1115 1916 1185 (Ibid.

278 1204 423 1275 3-5).
449 1225 477 1253 »
508 1204 648 1258 Bibe
676 1204 935 1276 primum
963 1202 1424 1271 tribulationem,
1457 1207 1523 1259 ut
1552 1207 1755 1277 postea
1810 1203 1914 1258 tibi

278 1295 366 1348 tot
391 1291 678 1348 virtutum
711 1292 919 1364 pocula
948 1291 1373 1348 ministrentur.
1400 1294 1467 1348 Et
1496 1297 1561 1347 ut
1591 1292 1741 1348 scias
1781 1292 1920 1363 quia

279 1381 504 1438 bibitur
529 1380 849 1449 tribulatio,
881 1381 1096 1437 audisti
1128 1381 1414 1437 dicentem
1446 1380 1617 1436 hodie
1674 1380 1922 1452 Prophe-

280 1474 403 1527 tam
438 1486 451 1524 :
486 1493 514 1519 ‹‹
549 1470 765 1525 Potasti
802 1486 907 1525 nos
962 1469 1094 1525 vino
1121 1469 1591 1542 compunctionis
1622 1470 1915 1542 (Psalux,

276 1558 354 1629 5).
388 1579 416 1608 »
447 1558 515 1612 Et
546 1557 605 1612 in
645 1557 1088 1630 posterioribus,
1121 1558 1202 1613 ait
1233 1578 1245 1614 :
1308 1581 1336 1609 ‹‹
1368 1559 1437 1613 Et
1493 1562 1693 1631 potum
1752 1558 1921 1613 dabis

278 1646 448 1702 nobis
478 1645 540 1703 in
570 1645 865 1720 lacrymis,
894 1646 956 1702 in
986 1663 1265 1703 mensura
1314 1649 1485 1703 (Ρδαι.
1540 1664 1724 1715 Lxx1x,
1779 1648 1855 1716 6).
1894 1667 1920 1694 ››

278 1736 343 1791 In
372 1752 651 1792 mensura
678 1735 823 1809 petit
860 1740 1086 1809 potum,
1120 1754 1238 1792 non
1297 1753 1477 1809 supra
1531 1751 1870 1791 mensuram
1906 1752 1919 1803 ;

280 1840 352 1880 ne
382 1824 529 1881 ferre
557 1842 673 1881 non
703 1824 907 1897 possit.
940 1825 1199 1897 Denique
1228 1841 1405 1897 quam
1435 1826 1589 1881 bono
1623 1824 1733 1880 hoc
1790 1838 1919 1896 pre-

281 1917 513 1969 caretur
540 1912 770 1981 affectu,
802 1930 909 1969 suo
938 1914 1223 1986 probabat
1254 1913 1538 1986 exemplo,
1568 1913 1669 1985 qui
1714 1916 1915 1985 potum

282 2016 457 2058 suum
489 2016 622 2057 cum
654 2003 787 2058 ﬂetu
819 2002 1102 2058 miscebat
1133 2004 1300 2074 (Psal.
1328 2019 1405 2071 Cl,
1454 2003 1559 2075 10),
1594 2007 1659 2057 ut
1688 2000 1919 2057 Domini

280 2091 342 2147 in
373 2107 435 2146 se
465 2090 776 2148 inclinaret
806 2091 1291 2148 misericordiam.
1878 2110 1881 2115 ·

349 2180 439 2235 33.
475 2180 612 2236 Bibe
636 2196 773 2253 ergo
828 2179 1109 2252 primum,
1142 2184 1207 2236 ut
1260 2180 1427 2235 bibas
1481 2184 1539 2235 et
1596 2179 1919 2235 secundum

280 2268 391 2340 (35)
421 2266 553 2337 (hoc
582 2268 738 2324 enim
767 2273 1004 2341 tempus
1035 2272 1124 2324 est
1154 2272 1219 2323 ut
1246 2269 1580 2324 inseramus
1611 2268 1877 2341 mystico)
1906 2286 1919 2335 ;

277 2356 413 2412 bibe
442 2356 699 2428 primum
740 2356 921 2413 Vetus
974 2357 1435 2424 Testamentum,
1469 2363 1535 2412 ut
1589 2356 1755 2412 bibas
1810 2356 1923 2411 No-

272 2461 413 2500 vum
444 2432 903 2502 Testamentum.
962 2446 1085 2503 Nisi
1142 2446 1396 2518 primum
1430 2447 1669 2513 biberis,
1713 2462 1922 2502 secun-

276 2534 419 2590 dum
448 2534 647 2591 bibere
677 2552 792 2590 non
832 2535 1069 2607 poteris.
1099 2536 1245 2591 Bibe
1321 2536 1603 2609 primum,
1638 2539 1704 2590 ut
1757 2535 1922 2591 sitim

272 2622 506 2698 mitiges
540 2641 553 2692 ;
586 2621 720 2679 bibe
768 2624 1114 2692 secundum,
1174 2629 1240 2680 ut
1297 2624 1532 2681 bibendi
1588 2624 1918 2680 satietatem

272 2704 533 2768 haurias.
565 2711 630 2767 In
659 2703 849 2768 Veteri
879 2712 1250 2769 Testamento
1278 2730 1404 2769 com
1416 2712 1668 2785 punctio,
1718 2711 1778 2766 in
1808 2712 1922 2766 No-

270 2814 341 2856 vo
367 2799 682 2857 laetitiaest.
710 2802 854 2855 Vide
886 2803 1387 2872 quemadmodum
1437 2799 1724 2856 Dominus
1783 2799 1923 2855 arti-

277 2887 391 2943 bus
412 2887 629 2942 diaboli
650 2904 753 2959 pro
788 2888 913 2943 suis
962 2889 1209 2945 servulis
1257 2889 1594 2946 obviavorit.
1647 2888 1747 2944 Ille
1793 2888 1923 2943 cibo

287 2975 1048 3047 fraudisdecepitunum,ut
1085 2976 1274 3033 inuno
1314 2994 1518 3033 omnes
1558 2978 1924 3034 circumven-

285 3062 611 3137 iret;Jesus
628 3066 823 3119 autem
842 3064 969 3121 cibo
982 3064 1192 3121 salutis
1231 3082 1433 3122 omnes
1482 3066 1748 3134 redemit,
1768 3069 1833 3120 ut
1861 3065 1922 3119 in

286 3151 563 3208 omnibus
592 3156 649 3208 et
674 3151 842 3208 illum
875 3154 974 3226 qui
1004 3155 1279 3226 deceptus
1310 3156 1517 3222 fuerat,
1562 3155 1921 3210 reformaret.

284 3238 385 3296 Ille
415 3239 655 3296 calicem
686 3218 929 3297 aureum
962 3218 1269 3315 Babylonis
1300 3218 1662 3316 excogitavit,
1700 3245 1764 3297 ut
1794 3240 1923 3313 qui-
1955 3218 1999 3285 (ἶ

282 3344 511 3401 cunque
539 3328 674 3401 plus
702 3329 986 3399 biberent,
1021 3334 1155 3403 plus
1186 3330 1417 3387 sitirent
1451 3349 1464 3399 ;
1497 3336 1553 3386 et
1584 3330 1722 3403 quia
1751 3332 1925 3403 potus

279 3414 511 3489 placere
535 3434 651 3474 non
681 3423 925 3491 poterat,
957 3420 1081 3475 auri
1116 3420 1300 3492 pretio
1330 3419 1573 3475 illiceret
1620 3419 1692 3474 ad
1725 3419 1925 3475 biben-

282 3505 445 3560 dum.
478 3505 814 3579 PrOpinavit
839 3508 909 3564 de
949 3509 1083 3565 vino
1126 3525 1256 3574 suo,
1313 3509 1407 3563 cui
1466 3509 1642 3564 etiam
1699 3505 1923 3563 metalli

286 3588 566 3666 suifragia
595 3595 916 3666 requisivit.
948 3599 1019 3653 At
1046 3614 1178 3653 vero
1210 3596 1679 3653 DominusJesus
1709 3611 1923 3667 aquam

284 3682 356 3738 de
386 3685 551 3753 petra
578 3683 801 3752 effudit,
834 3689 891 3739 et
920 3701 1125 3741 omnes
1155 3686 1449 3741 biberunt.
1484 3685 1591 3749 Qui
1650 3684 1928 3740 biberunt

288 3770 348 3825 in
379 3772 538 3842 typo,
570 3770 764 3826 satiati
798 3770 951 3827 154
984 3775 1122 3827 sunt
1154 3791 1167 3839 ;
1204 3774 1303 3844 qui
1334 3773 1610 3828 biberunt
1635 3774 1693 3828 in
1721 3771 1929 3826 verita-

287 3862 364 3927 te,
378 3857 647 3915 inebriati
661 3863 818 3914 sunt.
834 3860 993 3916 Bona
1012 3860 1285 3928 ebrietas,
1299 3877 1427 3932 qua)
1446 3858 1926 3915 infunderetlaeli-

288 3946 454 4015 tiam,
484 3964 600 4003 non
613 3936 842 4004 atl'erret
857 3949 1259 4005 confusionem
1282 3967 1295 4016 ;
1319 3949 1472 4004 bona
1483 3949 1758 4014 ebrietas,
1801 3964 1927 4020 quae

288 4036 492 4093 sobriae
524 4035 811 4093 stabiliret
840 4037 1055 4093 mentis
1087 4037 1383 4092 incessum
1417 4056 1430 4103 ;
1466 4038 1618 4093 bona
1647 4036 1921 4105 ebrietas,

287 4140 413 4196 quae
440 4123 569 4181 vitae
601 4141 818 4181 munus
847 4126 1065 4198 rigaret
1089 4130 1333 4180 aeternae.
1354 4126 1470 4181 Hoc
1499 4142 1634 4198 ergo
1652 4123 1927 4197 poculum

284 4213 439 4281 bibe,
472 4214 543 4269 de
572 4230 687 4287 quo
713 4214 858 4270 dixit
887 4214 1177 4287 Propheta
1209 4233 1221 4270 :
1259 4238 1286 4265 ‹‹
1320 4215 1389 4269 Et
1417 4213 1693 4286 poculum
1754 4218 1926 4269 tuum

286 4302 604 4370 inebrians,
638 4318 815 4374 quam
846 4303 1187 4376 praeclarum
1233 4308 1324 4358 est
1352 4304 1521 4374 (Psal.
1580 4320 1717 4370 xm,
1751 4302 1805 4372 5)
1850 4301 1862 4355 l
1900 4324 1926 4351 ››

286 4390 402 4446 Nec
432 4394 488 4447 te
528 4395 755 4446 moveat
796 4392 950 4463 quod
986 4390 1300 4464 Babylonis
1359 4407 1602 4447 aureum
1646 4389 1923 4461 poculum

286 4481 376 4534 est
405 4496 421 4546 ;
454 4479 594 4551 quia
621 4483 678 4535 et
702 4483 767 4535 tu
815 4479 970 4535 bibis
999 4479 1276 4551 poculum
1330 4479 1650 4551 sapientiae,
1693 4493 1821 4549 quae
1853 4476 1930 4533 sit

2030 585 2169 656 quia
2199 585 2417 641 ﬂumen
2449 590 2558 654 est,
2593 586 2766 657 cujus
2794 585 3049 659 impetus
3089 582 3349 642 lmtiﬂc’at
3387 582 3694 639 civitatem

2027 673 2129 729 Dei
2165 693 2178 741 ;
2211 675 2342 729 bibe
2373 675 2692 743 Christum,
2728 675 2866 747 quia
2894 691 3006 749 pax
3037 678 3152 731 est:
3185 672 3318 730 bibe
3348 671 3686 737 Christum,

2028 761 2165 833 quia
2194 761 2440 819 flumina
2469 763 2540 819 de
2570 767 2769 820 ventre
2798 764 2926 835 ejus
2959 763 3143 820 ﬂuent
3170 778 3334 835 aqua:
3364 760 3505 818 viva:
3535 779 3553 827 ;
3588 760 3687 815 bi-

2028 852 2098 906 be
2129 851 2449 917 Christum,
2483 856 2548 908 ut
2578 853 2749 908 bibas
2780 851 3131 925 sanguinem
3162 867 3279 923 quo
3338 850 3695 922 redemptus

2028 943 2119 995 est
2151 958 2164 1007 ;
2199 940 2332 996 bibe
2362 940 2683 1010 Christum,
2717 945 2782 997 ut
2812 940 2982 997 bibas
3008 955 3308 997 sermones
3334 939 3463 1011 ejus
3496 957 3510 1006 ;
3566 953 3695 993 ser-

2028 1044 2124 1083 mo
2155 1029 2283 1099 ejus
2310 1029 2753 1085 Testamentum
2788 1035 2882 1085 est
2906 1028 3114 1096 Vetus,
3141 1042 3334 1084 sermo
3363 1029 3491 1098 ejus
3532 1024 3696 1081 Tes—

2029 1122 2356 1174 tamentum
2386 1125 2479 1174 est
2506 1118 2755 1174 Novum.
2791 1116 3024 1173 Bibitur
3051 1116 3354 1189 Scriptura
3381 1115 3609 1179 divina,
3634 1119 3699 1169 et

2026 1207 2336 1263 devoratur
2365 1207 2667 1279 Scriptura
2695 1207 2894 1262 divina
2945 1222 3080 1262 cum
3112 1203 3173 1261 in
3230 1220 3406 1260 venas
3462 1203 3697 1258 mentis

2027 1313 2095 1352 ac
2122 1295 2272 1353 vires
2303 1297 2509 1352 animae
2542 1312 2753 1352 succus
2776 1294 2936 1351 verbi
2969 1292 3277 1350 descendit
3314 1291 3532 1347 aeterni.
3570 1292 3695 1346 Deo
3732 1292 3737 1296 ’

2028 1384 2205 1457 nique
2236 1402 2352 1441 non
2383 1385 2442 1438 in
2469 1385 2592 1440 solo
2623 1401 2771 1456 pane
2810 1382 2948 1439 vivit
2976 1382 3174 1449 homo,
3236 1381 3339 1438 sed
3391 1380 3448 1435 in
3508 1380 3694 1435 omni

2026 1472 2199 1528 verbo
2231 1474 2349 1529 Dei.
2384 1472 2500 1527 Hoc
2528 1472 2772 1528 verbum
2805 1471 2959 1540 bibe,
2994 1472 3094 1527 sed
3129 1469 3331 1526 ordine
3361 1484 3469 1525 suo
3517 1467 3692 1525 bibe.

2028 1561 2290 1617 Primum
2322 1560 2454 1617 bibe
2485 1561 2545 1616 in
2571 1560 2761 1617 Veteri
2788 1561 3161 1616 Testamento
3194 1575 3207 1613 :
3241 1558 3354 1614 cito
3378 1557 3467 1612 fac
3499 1559 3564 1611 ut
3598 1556 3697 1611 bi-

2028 1651 2134 1707 bas
2164 1655 2220 1706 et
2249 1651 2307 1705 in
2337 1650 2493 1706 Novo
2551 1649 2920 1705 Testamento
2953 1648 3088 1720 (36).
3116 1648 3185 1703 Et
3237 1652 3519 1718 tanquam
3552 1645 3697 1716 ipse

2028 1739 2281 1806 festinet,
2301 1740 2441 1794 dicit
2472 1755 2484 1793 :
2522 1760 2549 1790 ‹‹
2575 1737 2810 1795 Galilaea
2839 1736 3104 1810 gentium
3134 1739 3191 1791 et
3220 1739 3412 1808 partes
3434 1733 3695 1799 Judm,

2028 1826 2280 1901 pepulus
2309 1827 2406 1900 qui
2440 1826 2759 1884 ambulatis
2792 1826 2851 1881 in
2902 1824 3181 1895 tenebris,
3237 1824 3429 1880 videte
3483 1822 3697 1879 lucem

2033 1932 2306 1989 magnam
2344 1936 2356 1985 ;
2389 1916 2489 1989 qui
2520 1915 2798 1972 habitatis
2828 1914 2889 1969 in
2911 1912 3148 1987 regione
3173 1912 3401 1980 mortis,
3431 1910 3533 1967 lux
3562 1909 3691 1967 ful-

2031 2005 2189 2077 gebit
2210 2021 2386 2078 super
2413 2020 2517 2061 vos
2546 2007 2675 2074 (Ita.
2711 2018 2788 2072 1x,
2826 2005 2875 2071 1,
2906 2004 2984 2072 2).
3021 2023 3049 2052 »
3082 2001 3221 2057 Bibe
3251 2015 3388 2073 ergo
3444 1999 3590 2065 cito,
3626 2003 3698 2055 ut

2030 2093 2131 2150 lux
2157 2094 2262 2149 tibi
2294 2094 2567 2166 eifulgeat
2598 2108 2812 2165 magna
2844 2110 2858 2160 ;
2891 2091 2992 2146 lux
3021 2106 3137 2147 non
3170 2089 3533 2162 quotidiana,
3564 2104 3695 2143 non

2033 2183 2148 2239 diei
2183 2202 2195 2252 ;
2225 2200 2338 2239 non
2370 2182 2534 2251 solis,
2568 2197 2683 2237 non
2716 2180 2891 2248 lunae,
2924 2180 3023 2236 sed
3052 2179 3152 2235 lux
3206 2177 3310 2234 illa
3366 2190 3495 2249 qua
3550 2193 3695 2232 um-

2031 2273 2199 2329 bram
2232 2273 2438 2328 mortis
2468 2270 2757 2327 excludat.
2791 2268 2938 2326 Nam
2969 2269 3069 2341 qui
3099 2269 3158 2323 in
3206 2267 3419 2323 umbra
3475 2267 3693 2321 mortis

2032 2365 2170 2417 sunt
2198 2360 2333 2431 (37),
2364 2361 2557 2416 lucem
2589 2359 2793 2432 utique
2827 2358 2970 2414 solis
3022 2372 3089 2413 ac
3145 2355 3259 2412 diei
3311 2355 3505 2411 videre
3561 2371 3691 2410 non

2034 2451 2376 2522 possunt.Et
2397 2448 2563 2522 quasi
2597 2447 2913 2520 requirenti
2927 2445 3037 2501 tibi
3069 2445 3225 2501 unde
3247 2446 3450 2500 tantus
3479 2442 3691 2515 splen-

2034 2540 2161 2606 dor,
2192 2542 2355 2594 tanta
2382 2538 2570 2610 gratia
2601 2536 2698 2602 sit,
2731 2535 3049 2607 respondet
3081 2552 3094 2590 :
3131 2554 3161 2584 «
3190 2532 3480 2597 Quoniam
3537 2547 3692 2604 puer

2034 2632 2208 2683 natus
2237 2630 2326 2682 est
2354 2625 2542 2691 nobis,
2577 2623 2734 2679 filius
2764 2623 2940 2678 datus
2969 2626 3060 2678 est
3113 2620 3285 2677 nobis
3342 2620 3503 2692 (Ibid.
3536 2619 3619 2688 6).
3658 2640 3689 2669 υ

2035 2719 2254 2782 «Puer,
2274 2737 2294 2763 ι
2316 2714 2461 2778 Quia
2483 2718 2648 2769 ortus
2678 2728 2747 2768 ex
2778 2712 3016 2784 Virgine
3050 2713 3177 2778 est;
3214 2708 3508 2774 «Filius,»
3540 2708 3687 2779 quia

2035 2820 2104 2860 ex
2125 2808 2237 2859 Deo
2266 2808 2442 2859 natus
2460 2806 2634 2857 tantae
2655 2806 2858 2857 auctor
2877 2806 2963 2857 est
2985 2799 3153 2856 lucis.
3171 2821 3202 2850 «
3221 2798 3369 2854 Puer
3390 2796 3562 2852 nobis
3582 2812 3688 2851 na-

2034 2898 2131 2950 tus
2160 2897 2267 2962 est,
2304 2913 2331 2940 »
2362 2891 2548 2958 Nobis,
2579 2891 2680 2962 qui
2730 2888 3029 2945 credimus
3065 2905 3079 2955 ;
3139 2903 3255 2942 non
3286 2885 3531 2950 Jndmis,
3579 2883 3686 2956 qui

2036 2980 2412 3037 crediderunt
2437 2996 2451 3047 ;
2482 2979 2660 3044 nobis,
2688 2992 2806 3033 non
2837 2975 3120 3032 haereticis
3152 2992 3167 3043 ;
3199 2975 3377 3040 nobis,
3408 2989 3526 3029 non
3556 2971 3684 3027 Ma-

2036 3068 2276 3125 nichaais
2307 3085 2320 3135 ;
2355 3090 2383 3118 «
2415 3067 2583 3123 nobis
2604 3070 2780 3121 natus
2809 3069 2918 3131 est,
2936 3086 2965 3115 ››
3024 3063 3163 3137 quia
3220 3063 3481 3118 Verbum
3547 3076 3687 3116 caro

2038 3157 2256 3214 factum
2283 3160 2393 3225 est,
2426 3159 2484 3211 et
2510 3152 2798 3210 habitavit
2826 3153 2886 3208 in
2934 3151 3104 3207 nobis
3137 3169 3150 3217 ;
3212 3174 3242 3201 «
3274 3150 3448 3206 nobis
3506 3153 3686 3205 natus

2032 3252 2139 3313 est,
2178 3269 2204 3295 »
2230 3245 2327 3318 qui
2361 3256 2598 3300 carnem
2630 3241 2888 3313 suscepit
2917 3257 2985 3296 ex
3012 3240 3274 3313 Virgine,
3307 3241 3450 3311 quia
3504 3237 3688 3293 homo

2033 3340 2207 3391 natus
2236 3338 2326 3390 est
2353 3349 2422 3389 ex
2450 3320 2651 3388 Maria.
2684 3333 2830 3387 Caro
2880 3329 3147 3385 nascitur
3172 3328 3368 3395 nobis,
3427 3325 3684 3381 Verbum

2033 3425 2223 3479 datur.
2260 3422 2423 3487 Quod
2471 3427 2737 3477 nostrum
2769 3422 2876 3484 est,
2934 3418 3089 3474 inter
3117 3430 3239 3473 nos
3281 3419 3487 3471 natum
3546 3420 3685 3470 est:

2034 3511 2189 3585 quod
2222 3526 2402 3583 supra
2431 3525 2538 3565 nos
2569 3514 2681 3575 est,
2715 3506 2884 3563 nobis
2915 3506 3196 3562 donatum
3227 3508 3336 3561 est.

2103 3600 2193 3655 34.
2221 3599 2375 3655 Satis
2407 3596 2795 3663 excurrimus,
2828 3599 2893 3651 ut
2913 3598 3210 3667 putamus,
3240 3593 3341 3649 sed
3372 3607 3495 3648 non
3536 3591 3685 3647 oﬁo-

2036 3706 2097 3746 se
2133 3708 2145 3759 ;
2180 3692 2246 3744 ut
2274 3687 2617 3743 doceremus
2645 3684 2786 3756 quia
2813 3686 2872 3739 et
2900 3684 2959 3738 in
3016 3679 3501 3737 tribulationibus
3558 3679 3691 3734 dili-

2034 3793 2170 3850 gere
2199 3774 2513 3832 Dominum
2542 3773 2848 3840 debemus,
2881 3788 2987 3827 nec
3015 3769 3285 3826 recedere
3314 3768 3387 3824 ab
3416 3783 3507 3834 eo,
3543 3784 3687 3840 quo—

2037 3869 2196 3922 niam
2227 3869 2284 3920 et
2312 3862 2521 3919 laetitia:
2552 3858 2855 3917 tribulatio
2885 3875 3038 3931 saepe
3069 3856 3351 3923 succedit,
3392 3860 3452 3912 et
3489 3855 3693 3912 laetitia

2035 3952 2420 4011 tribulationi.
2457 3950 2713 4022 Denique
2743 3950 2842 4020 qui
2876 3946 3252 4004 tribulatione
3301 3962 3418 4001 non
3476 3945 3695 4017 frangi-

2036 4048 2154 4110 tur,
2186 4046 2242 4098 et
2270 4040 2457 4113 legem
2490 4038 2781 4111 sequitur,
2817 4037 3022 4093 beatus
3052 4041 3159 4091 est.

2107 4130 2195 4187 35.
2231 4129 2415 4201 (Vere.
2458 4130 2534 4199 3.)
2562 4150 2591 4177 «
2625 4127 2696 4182 Et
2753 4126 2864 4181 erit
2919 4129 3199 4197 tanquam
3252 4122 3486 4195 lignum
3536 4122 3693 4194 quod

2036 4202 2363 4293 plantatum
2394 4220 2483 4272 est
2511 4230 2680 4272 secus
2710 4215 2996 4269 decursus
3025 4226 3339 4284 aquarum,
3371 4210 3529 4281 quod
3572 4209 3694 4264 fru-

2035 4314 2194 4363 ctum
2223 4322 2399 4361 suum
2431 4303 2595 4358 dabit
2623 4301 2681 4356 in
2712 4305 2976 4372 tempore
3007 4315 3135 4355 suo.
3170 4299 3241 4353 Et
3300 4298 3510 4354 folium
3562 4298 3694 4370 ejus

2039 4411 2153 4451 non
2183 4394 2417 4460 deﬂuet,
2449 4396 2505 4447 et
2535 4390 2731 4446 omnia
2764 4402 3131 4461 quaecunque
3159 4387 3356 4455 faciet,
3387 4402 3696 4459 prospera-

2035 4485 2275 4539 buntur.
2315 4505 2335 4530 ι
2371 4482 2504 4547 Quae
2535 4480 2648 4535 ista
2677 4478 2977 4533 beatitudo
3004 4480 3110 4543 est,
3144 4492 3271 4548 quae
3302 4475 3464 4549 ligno
3515 4475 3689 4530 arbo-

284 4584 428 4622 auro
458 4571 813 4640 argentoque
844 4567 1169 4639 pretiosior.
1215 4567 1537 4638 Utrumque
1568 4582 1703 4638 ergo
1751 4581 1927 4637 pocu-
1958 4583 2005 4648 Ι)
2036 4573 2117 4628 ris
2136 4575 2532 4643 comparatur,
2548 4567 2661 4623 nisi
2690 4566 3098 4639 intelligamus
3124 4564 3272 4621 755
3298 4564 3361 4619 in
3393 4562 3692 4636 paradiso,

286 4654 410 4710 lum
440 4654 597 4724 bibe,
621 4654 843 4711 Veteris
874 4661 931 4710 et
954 4656 1094 4711 Novi
1107 4654 1494 4721 Testamenti;
1520 4654 1661 4726 quia
1690 4655 1747 4709 in
1771 4659 1928 4710 utro-

284 4759 400 4819 que
431 4742 724 4798 Christum
756 4742 929 4799 bibis.
960 4743 1100 4798 Bibe
1131 4742 1449 4808 Christum,
1481 4742 1623 4813 quia
1649 4742 1784 4798 vitis
1813 4746 1923 4810 est,

280 4832 416 4890 bibe
447 4830 764 4899 Christum,
794 4831 933 4903 quia
962 4834 1128 4903 petra
1156 4835 1245 4886 est
1274 4847 1401 4902 qum
1432 4830 1655 4885 vomuit
1674 4846 1922 4901 aquam;

354 4955 467 5029 (35)
491 4956 622 5012 Era.
657 4959 714 5011 et
743 4954 900 5023 Gill.,
934 4963 995 5010 ut
1026 4954 1175 5010 bibas
1204 4961 1258 5029 et
1281 4953 1727 5029 sagundum._llic
1775 4956 1924 5029 enim

282 5024 497 5101 tempus
527 5035 604 5084 est
632 5036 690 5083 ut
720 5029 1029 5101 inseramus
1047 5027 1295 5101 mystica:
1330 5026 1498 5081 Rom.
1531 5024 1737 5101 edi_t....
1771 5026 1924 5101 Nutu:

271 5096 404 5173 jani
422 5103 631 5173 tempus
661 5103 760 5173 est,
794 5106 902 5156 etc.
948 5096 1122 5173 Mss.'
1152 5096 1321 5173 nobis
1360 5097 1770 5173 _consentiunt,
1806 5098 1917 5173 nisi

281 5166 759 5247 quodnonnulli,
792 5188 895 5247 pro
926 5170 1162 5247 mystico
1186 5169 1328 5235 bibe,
1360 5166 1923 5247 leguntnmy‘sticami-

282 5237 382 5298 Eis.
417 5242 492 5298 Ut
520 5248 714 5298 autem
744 5237 1009 5298 lectionis
1038 5245 1248 5296 nostris
1280 5237 1521 5295 sensum
1556 5237 1782 5293 facilius
1826 5254 1917 5294 ca-

279 5315 428 5429 pias,
461 5315 690 5370 adverte
721 5330 1042 5385 pronomen
1072 5313 1168 5368 hoc
1194 5310 1561 5366 referendum
1584 5309 1652 5364 ad
1681 5308 1736 5363 id
1764 5310 1919 5381 quod

316 5383 469 5429 αεσῶ(
521 5385 936 5429 nntnnnnitnre
974 5383 1103 5429 Rilm
1130 5398 1255 5429 erat)
1304 5383 1570 5429 nrimum-
1596 5384 1728 5429 etc-
1791 5386 1917 5429 tum

315 5383 469 5445 μεσῶς
521 5383 937 5456 anteponitur:
969 5383 1103 5465 Bibe
1130 5398 1255 5507 carpo.
1297 5383 1572 5464 primum,
1596 5384 1728 5464 et_c.,
1791 5386 1917 5435 tum

320 5459 412 5507 ost
441 5470 639 5507 vocem
670 5458 913 5507 mimico.
954 5456 1187 5507 subinte
1216 5453 1329 5507 Ιιεθ
1358 5452 1682 5507 intellectui.
1714 5454 1917 5506 tracta-

320 5459 412 5510 ost
441 5470 639 5526 vocem
660 5452 913 5526 'mystico,
954 5452 1329 5526 subintellige
1358 5452 1682 5518 intellectui,
1714 5454 1917 5506 tracta-

302 5527 379 5581 ui.
413 5522 504 5579 vel
534 5524 672 5593 quid
707 5522 915 5580 simile.

347 5596 659 5669 (36)_Bom.
695 5596 830 5650 edit.
863 5596 1004 5669 sola,
1040 5596 1165 5650 inde
1191 5598 1281 5666 [ac
1301 5596 1405 5649 cito
1454 5597 1511 5669 ut
1539 5594 1694 5669 bibas
1751 5598 1802 5669 et
1839 5595 1919 5669 Ain

273 5664 423 5724 Novo
448 5664 805 5720 'Téstamento.
858 5667 1005 5722 Unde
1026 5670 1077 5720 et
1123 5664 1386 5734 tanquam
1439 5666 1675 5734 festinet,
1734 5664 1911 5719 dicit:

2035 4661 2133 4717 illo
2162 4662 2468 4716 beatorum
2499 4655 2646 4723 loco,
2680 4654 2905 4727 lignum
2936 4655 3065 4710 vitae
3095 4654 3155 4709 in
3176 4651 3693 4725 mediolignorum

2034 4750 2285 4807 aliorum
2315 4747 2388 4802 de
2429 4750 2588 4802 terra
2646 4745 2999 4816 productum
3057 4741 3227 4814 (38)?
3284 4743 3447 4797 Inter
3502 4739 3694 4796 multa

2032 4838 2188 4895 enim
2218 4837 2380 4909 ligna
2408 4850 2535 4907 quae
2596 4837 2763 4888 erant
2818 4831 3086 4903 speciosa
3142 4829 3214 4886 ad
3271 4832 3601 4902 aspectum,
3631 4833 3691 4883 et

2032 4955 2195 5025 Regio
2222 4951 2567 5025 Ζαῡιιζοηιει
2593 4950 2745 5025 terra
2777 4945 3159 5025 Νερζιιὴᾳιίηι,
3192 4946 3480 5025 etaiam
3506 4944 3687 4999 Para-

2031 5015 2167 5080 lian
2197 5015 2589 5086 inhabitantes,
2623 5026 2675 5073 et
2704 5015 2870 5073 trans'
2888 5015 3190 5073 Iordanem
3248 5015 3503 5073 Galilaez
3549 5030 3688 5084 gen-

2032 5099 2171 5151 tium
2190 5112 2210 5155 ;
2232 5093 2465 5165 populus
2488 5092 2583 5162 qui
2606 5087 2945 5165 ambulabat.
2982 5095 3096 5165 etc.

2101 5155 2340 5237 (37)'Si'c
2370 5155 2509 5237 edit:
2540 5166 2596 5217 et
2629 5164 2755 5215 Vat.
2786 5159 2942 5237 _cod.,
2978 5159 3072 5237 cui
3105 5156 3396 5237 accedunt
3416 5155 3690 5237 quinque

2030 5230 2176 5294 Gall.
2198 5230 2271 5291 'in
2312 5234 2526 5307 quibus
2557 5230 2977 5307 tamen__legas,_
3000 5231 3140 5286 Nam
3161 5231 3220 5307 Δ.ςὶ
3247 5231 3309 5284 in
3336 5230 3678 5307 _umbra,etg.

2032 5309 2094 5363 In
2119 5307 2264 5362 Vict.
2308 5298 2506 5362 autem
2562 5309 2621 5359 et
2675 5298 2873 5373 Colb.,'
2921 5305 3067 5357 Nam
3121 5302 3172 5356 si
3220 5301 3438 5355 umbrae
3486 5298 3680 5354 mortis

2028 5388 2175 5434 sunt.
2242 5418 2245 5425 ι

2099 5450 2212 5521 (38)
2241 5447 2477 5521 Codices
2504 5444 2634 5499 Vat.
2668 5448 2726 5499 et
2753 5443 3019 5521 quinque
3048 5441 3277 5521 Gallic,
3331 5442 3548 5513 legisset
3581 5453 3674 5521 ac:

2028 5524 2086 5576 in
2105 5509 2296 5575 ‘médio
2324 5518 2389 5572 de
2415 5518 2563 5571 terra
2594 5531 2705 5570 esse
2732 5509 3053 5581 produc-tum
3083 5534 3104 5581 ,-
3134 5512 3233 5569 alii
3261 5509 3401 5568 vero
3426 5529 3493 5568 ac
3530 5509 3667 5565 edit.

2028 5532 2086 5576 in
2118 5532 2296 5575 metuo
2324 5532 2389 5572 rte
2415 5532 2563 5571 terra
2594 5532 2705 5570 esse
2799 5532 3053 5570 oaucmm
3083 5534 3104 5581 ,-
3134 5532 3233 5569 am
3261 5532 3396 5568 vero
3426 5532 3493 5568 ac
3530 5532 3667 5565 οαιι.

2027 5591 2420 5655 consentiunt,
2449 5591 2683 5659 excepta
2717 5532 2905 5653 ἔξω,
2938 5601 3089 5656 qua,
3122 5600 3225 5658 pro
3256 5596 3392 5640 voce
3446 5581 3668 5655 produc-

2030 5673 2164 5733 tum,
2201 5661 2375 5718 habet
2397 5658 2811 5731 produCtorum.
