3894 6208
93 357 224 425 983
259 375 268 403 :

1304 359 1767 428 ENARRA'PIO'
1796 357 1878 427 IN
1921 359 2306 430 PSALMUM
2347 361 2395 427 Ῑ.

3398 359 3564 425 986³

96 499 262 556 bona
290 497 821 570 ad-oscam,retiam
851 497 961 556 hoc
998 495 1224 571 lignum
1277 502 1431 556 terra
1462 499 1750 572 produxit,
1784 501 1838 566 Α
1867 499 2078 554 ierunt.
2140 499 2406 555 Atrocius
2479 497 2644 555 enim
2700 494 3032 554 sacerdotis
3074 491 3197 553 tilia
3253 495 3518 552 adultam

97 594 158 646 et
187 589 253 644 in
284 588 482 644 medio
514 588 769 662 paradisi
799 593 954 657 erat;
983 594 1048 646 nt
1067 593 1269 646 cetera
1287 588 1448 662 ligna
1468 591 1596 660 ejus
1624 587 1762 644 viri-

97 676 286 731 ditate
341 677 635 732 ﬂorerent.
686 677 848 740 Quod
900 693 1029 732 esse
1071 676 1180 732 hoc
1229 676 1456 749 lignum
1488 677 1760 732 dicimus,

98 763 216 820 nisi
249 780 361 836 per
387 766 541 837 quod
574 765 745 821 nobis
764 765 923 821 salus
947 765 1105 822 venit
1125 765 1238 821 ‘?Et
1263 769 1414 821 recte
1445 765 1554 821 hoc
1599 769 1764 821 terra

93 853 402 925 produxit,
435 853 575 926 quia
603 871 736 911 eum
762 853 934 926 Virgo
968 855 1286 926 generavit,
1319 872 1444 925 qua
1468 859 1590 910 erat
1611 858 1762 910 terra

97 943 440 997 secundum
476 943 728 998 auctoris
779 945 1152 1009 sententiam,
1204 960 1331 1015 quae
1379 943 1437 998 in
1489 960 1622 999 eum
1672 943 1759 998 di-

94 1035 188 1085 cta
231 1035 365 1097 est;
420 1054 446 1081 ‹‹
501 1032 679 1087 Terra
727 1049 808 1099 es,
862 1038 918 1088 et
965 1033 1024 1088 in
1074 1037 1289 1088 terram
1338 1033 1451 1087 ibis
1483 1033 1634 1104 (Gen.
1673 1051 1756 1103 ιιι,

96 1119 215 1188 19).
253 1142 283 1167 ››
318 1119 565 1174 Pulchre
595 1136 829 1192 quoque
879 1122 935 1175 in
983 1122 1173 1176 medio
1220 1121 1434 1193 legitur
1463 1121 1756 1193 lignorum

95 1206 359 1262 aliorum
382 1225 402 1270 ;
424 1207 524 1278 qui
547 1212 672 1263 erat
701 1209 760 1262 in
783 1211 974 1264 medio
989 1210 1386 1281 apostolorum
1406 1211 1755 1266 discentium

92 1295 212 1365 39),
277 1295 371 1351 vel
423 1295 560 1367 quia
615 1297 672 1351 in
733 1298 925 1353 medio
992 1303 1116 1354 erat
1172 1299 1385 1354 mentis
1431 1302 1486 1354 et
1543 1299 1754 1363 cordis,

93 1384 260 1439 sicut
292 1383 424 1456 ipse
453 1385 568 1440 ait:
607 1407 634 1435 ‹‹
683 1385 909 1442 Medius
961 1391 1216 1442 vestrum
1268 1391 1401 1455 stat,
1451 1403 1625 1458 quem
1656 1403 1757 1442 vos

93 1471 350 1528 nescitis
382 1472 557 1542 (Joan.
621 1490 657 1539 ι,
717 1475 805 1527 26.
855 1494 876 1524 ι
922 1475 990 1529 Et
1048 1475 1185 1530 alibi
1245 1476 1360 1530 ait:
1422 1497 1450 1525 «
1501 1476 1617 1546 Ego
1649 1491 1756 1530 au-

88 1563 214 1615 tem
251 1559 318 1615 in
352 1561 544 1616 medio
586 1565 842 1617 vestrum
897 1579 1030 1618 sum
1081 1565 1226 1634 (Luc.
1277 1581 1415 1628 xxn,
1463 1567 1553 1617 27.
1588 1586 1615 1614 »
1650 1564 1756 1619 De-

86 1649 279 1722 nique
305 1653 369 1704 et
397 1649 468 1704 de
497 1649 624 1721 ipso
654 1650 928 1705 Salomon
961 1651 1140 1706 dixit:
1179 1673 1206 1702 «
1231 1652 1481 1724 Lignum
1507 1652 1637 1706 vitae
1669 1656 1757 1706 est

87 1736 388 1792 omnibus
420 1738 874 1809 percipientibns
922 1755 1049 1794 eam
1099 1740 1210 1810 (40)
1242 1741 1424 1811 (Prov.
1463 1757 1547 1808 ιιι,
1581 1742 1690 1810 18).
1724 1761 1750 1790 ››

86 1825 195 1889 Qui
231 1840 383 1897 ergo
410 1826 614 1881 beatus
643 1832 749 1892 est,
784 1826 1042 1882 imitator
1069 1827 1177 1883 erit
1205 1827 1438 1883 Domini
1458 1829 1617 1895 Jesu,
1651 1828 1749 1899 qui

85 1915 174 1967 est
208 1913 455 1985 lignum
498 1915 648 1980 vitae,
698 1914 923 1987 lignum
969 1915 1285 1988 sapientiae,
1337 1916 1666 1988 plantatum
1699 1917 1756 1971 in

88 2004 267 2057 utero
303 2002 590 2074 Virginis,
621 2002 918 2059 voluntate
965 2004 1189 2060 Patris:
1217 2021 1251 2059 a
1282 2021 1396 2076 quo
1446 2006 1504 2060 in
1555 2020 1756 2076 perpe—

87 2093 272 2144 tuum
307 2104 659 2146 mansurum
709 2091 1029 2162 plantatur,
1079 2097 1145 2146 ut
1195 2093 1447 2147 fructum
1498 2094 1662 2148 daret
1699 2093 1756 2146 in

88 2182 376 2250 tempore
404 2193 532 2234 suo.
567 2179 692 2234 Non
720 2180 873 2235 enim
925 2181 1113 2252 potuit
1159 2196 1419 2237 arescere
1449 2182 1561 2237 ista
1589 2182 1759 2254 plan-

87 2266 270 2336 tatio,
337 2282 466 2337 qua
523 2267 777 2323 habebat
829 2269 1150 2324 ubertatem
1209 2269 1270 2324 in
1313 2287 1374 2325 se
1424 2275 1757 2326 manentem

87 2355 307 2427 gratias
353 2354 656 2426 spiritalis.
708 2356 967 2428 Denique
1019 2357 1230 2428 plenus
1285 2358 1504 2429 Spiritu
1559 2363 1761 2414 sancto

87 2443 282 2498 Jesus
317 2456 623 2514 regressus
653 2447 742 2499 est
770 2445 842 2500 ab
883 2445 1158 2501 Jordane.
1209 2445 1277 2500 Hi
1310 2450 1448 2500 sunt
1475 2447 1759 2502 decursus

88 2545 403 2603 aquarum
436 2531 507 2586 de
555 2531 770 2603 quibus
818 2533 1034 2587 dicitur
1079 2533 1140 2588 in
1173 2533 1516 2606 Evangelio:
1559 2555 1581 2583 α
1629 2535 1762 2590 Flu-

95 2620 279 2676 mina
311 2619 385 2674 de
414 2624 614 2675 ventre
639 2622 766 2692 ejus
798 2621 978 2676 ﬂuent
1010 2638 1174 2694 aqure
1203 2623 1365 2677 vivae.
1413 2624 1531 2678 Hoc
1564 2628 1760 2679 autem

87 2708 349 2764 dicebat
377 2709 449 2763 de
478 2708 687 2780 spiritu
733 2726 905 2780 quem
949 2711 1306 2782 incipiebant
1353 2711 1614 2784 accipere
1662 2713 1763 2784 qui

87 2795 394 2853 credituri
416 2801 591 2858 erant
620 2797 678 2852 in
710 2814 846 2853 eum
878 2799 1054 2869 (Joan.
1086 2817 1187 2867 vu,
1221 2801 1330 2868 38).
1369 2823 1396 2848 »

160 2886 269 2940 36.
297 2885 409 2940 Est
437 2889 492 2939 et
522 2885 636 2941 alia
664 2885 918 2953 traditio,
951 2887 1091 2959 quia
1143 2892 1281 2942 sunt
1310 2905 1474 2960 aqua:
1527 2889 1599 2944 de
1630 2890 1758 2960 qui-

85 2976 211 3031 bus
250 2972 528 3045 prohibet
556 2992 663 3030 nos
710 2976 907 3031 bibere
949 2976 1232 3032 Jeremias
1257 2978 1515 3034 odicens:
1556 2999 1582 3026 ι(
1615 2978 1762 3042 Quid

85 3063 206 3119 tibi
246 3067 308 3119 et
337 3062 440 3117 vite
470 3064 715 3136 Egypti,
751 3070 816 3119 ut
858 3064 1026 3121 bibas
1076 3082 1286 3137 aquam
1338 3069 1491 3121 Geon
1543 3068 1761 3138 (Jerem,

87 3171 156 3221 ιι,
194 3151 354 3219 18)?
387 3173 414 3201 ››
468 3153 566 3208 Est
610 3157 668 3208 et
716 3153 908 3224 Tigris
956 3155 1167 3209 fluvius
1215 3155 1484 3226 Assyrios
1532 3160 1765 3226 praeter-

88 3242 325 3296 ﬂuens.
360 3241 461 3295 Est
491 3244 547 3295 et
584 3241 910 3313 Euphrates
956 3242 1011 3295 in
1063 3241 1440 3313 Babyloniam
1491 3245 1762 3308 tendens,
1793 3231 1838 3294 C

88 3331 202 3384 Est
239 3332 303 3383 et
337 3327 572 3396 Phison,
605 3329 705 3400 qui
758 3330 962 3386 Latina
1011 3331 1484 3403 interpretatione
1532 3332 1649 3387 oris
1679 3333 1766 3387 di-

87 3417 268 3473 citur
329 3417 732 3486 commutatio,
807 3419 1156 3474 circumiens
1227 3423 1442 3474 terram
1514 3419 1762 3485 Evilath,

89 3506 200 3561 ubi
243 3507 342 3560 est
371 3521 602 3572 aurum,
654 3511 712 3562 et
758 3521 967 3562 aurum
1014 3511 1181 3562 terrae
1231 3507 1388 3563 illius
1418 3509 1678 3576 bonum;
1711 3513 1767 3564 et

87 3593 264 3666 lapis
315 3593 736 3661 carbunculus,
786 3601 844 3650 et
905 3596 1054 3668 lapis
1103 3596 1398 3668 prasinus.
1458 3597 1660 3651 Merito
1701 3614 1765 3652 os

85 3681 228 3738 illic
291 3687 692 3739 commutatur
737 3685 864 3752 (41),
915 3691 981 3739 ut
1032 3701 1146 3740 non
1204 3689 1474 3741 teneatur
1521 3687 1766 3757 promis-

83 3786 315 3828 sorum
351 3770 532 3826 fides:
566 3774 666 3828 sed
699 3773 778 3828 sit
803 3773 862 3827 in
906 3789 1003 3830 ore
1046 3774 1238 3842 dolus,
1283 3775 1384 3829 ubi
1429 3778 1518 3830 est
1555 3792 1762 3830 aurum

79 3861 374 3924 bonum;
425 3859 668 3916 avaritia
733 3863 887 3916 enim
950 3861 1126 3918 fidem
1171 3861 1403 3936 frangit,
1457 3877 1560 3918 nec
1606 3868 1766 3918 tenet

76 3949 423 4005 verborum
456 3946 913 4020 simplicitatem.
965 3951 1320 4007 Ornamenta
1369 3967 1602 4022 quoque
1633 3967 1761 4022 pre-

77 4039 256 4093 tiosa
288 4039 549 4092 mentem
581 4039 962 4110 animumque
992 4044 1392 4106 commutant;
1426 4044 1491 4094 ut
1514 4039 1672 4094 aliud
1701 4041 1758 4093 in

78 4129 365 4198 pectore,
399 4123 555 4180 aliud
578 4125 636 4180 in
669 4142 938 4182 sermone
969 4128 1063 4183 sit.
1096 4127 1158 4182 In
1189 4127 1308 4183 illis
1338 4143 1475 4200 ergo
1506 4127 1758 4199 regioni-

78 4216 209 4270 bus
227 4212 548 4268 ﬂuminum
569 4214 803 4270 fuerunt
819 4215 1000 4270 Judaei
1020 4215 1252 4288 captivi,
1268 4217 1501 4270 adducti
1522 4215 1579 4270 in
1601 4220 1762 4288 Egy-

79 4308 299 4377 ptum,
319 4304 380 4356 et
397 4303 468 4356 ad
487 4303 774 4375 Assyrios,
793 4308 848 4359 et
865 4306 934 4359 ad
957 4303 1322 4377 Babylonios,
1347 4303 1445 4358 ubi
1463 4320 1639 4375 super
1657 4305 1762 4358 flu-

79 4391 267 4447 mina
291 4388 606 4461 Babylonis
627 4393 927 4457 sedebant,
951 4396 1007 4447 et
1029 4392 1245 4447 ﬂebant
1268 4409 1384 4447 suae
1406 4392 1759 4448 calamitatis

77 4493 474 4536 aerumnam:
509 4484 564 4534 et
596 4485 660 4535 ut
687 4479 782 4535 hic
813 4481 935 4552 ipse
965 4481 1253 4552 Propheta
1298 4485 1546 4536 testatur
1582 4483 1755 4550 (Psal.

76 4582 338 4631 cxxxvr,
391 4568 442 4657 1,
472 4569 568 4638 2);
624 4568 760 4657 illic,
804 4570 1237 4641 suspenderunt
1283 4583 1502 4642 organa
1549 4587 1677 4641 sua,
1705 4574 1762 4626 et
1792 4593 1838 4657 Β

71 4669 346 4715 omnem
381 4656 703 4728 deposuere
750 4656 1036 4724 laetitiam,
1090 4657 1196 4712 ubi
1231 4658 1497 4730 graviora
1547 4658 1758 4715 tolera-

70 4749 260 4802 runt.
298 4744 562 4817 Denique
602 4745 840 4817 reliquae
886 4747 1088 4802 decem
1135 4730 1324 4801 tribus
1371 4747 1441 4801 ad
1493 4747 1759 4819 Assyrios

68 4836 294 4890 ductes
325 4836 500 4889 sunt:
533 4834 660 4891 dua:
705 4839 902 4890 autem
946 4835 1102 4890 Juda
1149 4836 1207 4888 et
1253 4834 1576 4905 Benjamin,
1628 4839 1758 4890 tan-

69 4936 282 4995 quam
317 4921 604 4991 gravioris
631 4939 739 4978 rea:
779 4922 1005 4996 ﬂagitii,
1047 4923 1106 4977 in
1158 4922 1536 4996 Babyloniam
1567 4928 1757 4980 trans-

161 5035 294 5108 (39)
348 5033 470 5110 Yox
517 5040 1229 5110 apostolorumwexpuncta
1276 5037 1463 5110 fuerat
1510 5039 1568 5092 in
1602 5039 1756 5110 pedit.

69 5106 312 5168 Rem...
365 5106 510 5164 forte
548 5106 724 5180 'quod
784 5106 1134 5165 crediderint
1177 5108 1563 5180 Ambrosium
1600 5108 1760 5163 locu-

68 5188 142 5254 tu
156 5193 239 5254 rn_
263 5193 430 5233 more
462 5179 828 5254 Tertulliani,
862 5199 905 5254 a_
925 5199 1040 5252 quo
1072 5180 1291 5254 passim
1331 5179 1591 5254 apostoli
1621 5181 1760 5236 sim-

68 5249 360 5326 pliciter,
393 5265 458 5326 a_c
489 5250 614 5326 sine
645 5252 842 5307 addito
873 5249 1153 5320 discentes,
1172 5249 1585 5326 nominantur.

161 5320 458 5395 (59)_Cod.
493 5322 628 5390 duo,
676 5325 913 5392 Lignum
969 5327 1101 5381 υίιιτ
1158 5324 1218 5376 in
1275 5322 1530 5378 manibus
1585 5325 1760 5395 perci-

61 5393 398 5469 pieetlibta
419 5407 562 5447 ευτηο

160 5463 293 5536 (M)
343 5462 498 5518 Idem
548 5464 699 5529 cod.,
746 5465 934 5521 Merito
1000 5481 1183 5522 omnes
1237 5465 1357 5518 illic
1426 5473 1765 5521 commutan-

64 5547 209 5594 tur.

161 5607 291 5676 (42)
352 5605 565 5678 Vocem
630 5607 789 5678 hanc
850 5607 1052 5664 eodem
1119 5623 1295 5662 sensu
1351 5607 1766 5678 interpretatur

62 5679 343 5737 Hieron.
380 5677 438 5732 in
485 5677 682 5733 Ezech.
735 5696 908 5746 xxvn,
960 5680 1046 5748 lO,
1101 5684 1156 5734 et
1222 5679 1332 5734 lsa.
1383 5677 1582 5748 xxx,“2.
1633 5679 1763 5734 Per-

1873 603 2048 658 qnam
2081 592 2294 644 caeteras
2324 587 2650 660 puniuntur
2677 604 2690 654 ;
2724 587 2863 659 quia
2885 585 3266 643 sacerdotalis
3287 587 3518 660 generis
3559 632 3566 640 .

1871 677 2118 748 gratiam
2153 677 2306 748 turpi
2337 677 2648 749 opprobrio
2680 675 3050 732 decoloravit.

1941 794 2028 848 37.
2064 793 2226 848 Sicut
2258 793 2339 847 illi
2394 809 2528 864 ergo
2575 793 2633 848 in
2681 793 3104 849 tentationibus
3152 791 3516 865 gravissimis

1870 881 2140 936 fuerunt:
2178 881 2256 936 ita
2304 881 2508 936 multis
2554 882 2976 938 tentationibus
3023 899 3084 937 se
3131 881 3392 937 Salvator
3419 898 3517 936 no-

1869 974 1988 1026 ster
2034 970 2276 1040 objecit;
2332 975 2396 1025 ut
2463 970 2626 1026 nulla
2681 971 3024 1027 tentationis
3083 976 3292 1027 nostra:
3360 975 3517 1027 certa

1869 1059 2030 1113 mina
2061 1057 2394 1130 praeteriret.
2428 1059 2730 1114 Plantatus
2762 1076 2896 1130 ergo
2925 1068 3075 1115 recte
3106 1060 3318 1115 dicitur
3348 1077 3517 1118 secus
3565 1053 3574 1059 ’

1867 1148 2149 1204 decursus
2182 1147 2390 1202 horum
2439 1148 2772 1215 ﬂuminum,
2835 1165 2949 1202 non
2982 1149 3040 1203 in
3088 1149 3230 1221 ipsis
3263 1151 3515 1205 decursi-

1867 1237 2014 1304 bus;
2052 1236 2201 1291 756
2221 1241 2283 1291 ut
2306 1236 2646 1306 finitimum,
2673 1254 2786 1292 non
2809 1237 3162 1308 demersum,
3205 1237 3515 1311 intelligas.

1869 1325 2002 1379 Fuit
2060 1324 2143 1378 illi
2203 1325 2541 1397 congressio
2595 1323 2785 1397 prima
2842 1326 3035 1380 carnis
3091 1330 3147 1381 et
3192 1327 3518 1397 sanguinis,

1867 1413 2127 1484 Denique
2158 1413 2239 1467 ait
2264 1431 2275 1468 :
2314 1435 2341 1464 «
2375 1413 2566 1481 Pater,
2598 1414 2853 1468 transfer
2875 1431 2907 1468 a
2929 1429 3020 1468 me
3043 1413 3278 1469 calicem
3301 1416 3475 1470 istum
3503 1432 3516 1470 :

1866 1503 1968 1557 sed
2000 1518 2112 1556 non
2160 1501 2312 1572 quod
2362 1517 2466 1574 ego
2521 1501 2670 1569 volo,
2726 1501 2825 1557 sed
2879 1503 3032 1573 quod
3085 1507 3147 1557 tu
3194 1503 3280 1557 vis
3311 1504 3516 1574 (Μίιίιὴ.

1864 1609 2016 1657 xxvx,
2050 1591 2160 1661 39).
2198 1613 2225 1639 ››
2259 1589 2388 1644 Fuit
2433 1589 2771 1644 divitiarum
2822 1591 3048 1658 objecta
3089 1591 3350 1659 tentatio,
3386 1609 3519 1647 cum

1864 1679 2063 1734 omnia
2092 1696 2270 1750 regna
2304 1684 2468 1732 terra:
2514 1679 2565 1733 ei
2609 1679 2886 1734 inimicus
2938 1680 3190 1747 offerret,
3240 1680 3288 1734 si
3334 1682 3520 1751 proci-

1864 1768 2008 1822 dens
2081 1767 2365 1821 Dominus
2437 1766 2706 1821 adoraret
2778 1783 2932 1821 eum.
3010 1766 3200 1823 Habes
3271 1769 3519 1824 duorum

1789 1863 1836 1928 Β
1865 1856 2178 1911 ﬂuminum
2211 1857 2495 1910 decursus
2528 1855 2682 1909 Geon
2731 1859 2788 1910 et
2841 1854 3075 1910 Phison.
3130 1857 3262 1912 Fuit
3291 1856 3374 1912 illi
3407 1857 3519 1913 col-

1869 1945 2106 2000 luctatio
2154 1944 2431 2000 adversus
2479 1944 2774 2016 principes
2835 1945 3080 2000 mundi:
3116 1945 3228 1999 fuit
3290 1945 3350 2000 in
3396 1946 3526 2018 ipsa

1869 2033 2140 2105 passione
2170 2037 2465 2088 certamen
2491 2032 2770 2088 adversus
2795 2037 3133 2100 tentatores,
3153 2050 3298 2106 quos
3319 2034 3523 2090 Persas

1871 2115 2108 2177 Hebraea
2141 2119 2396 2192 appellat
2422 2121 2822 2192 interpretatio
2855 2123 2989 2189 (42),
3026 2122 3125 2193 qui
3179 2121 3326 2177 falsa
3354 2123 3522 2176 tosti-

1872 2210 2070 2266 monia
2127 2209 2484 2264 deferebant.
2547 2209 2840 2264 Adversus
2899 2225 2998 2264 eos
3055 2210 3153 2280 qui
3213 2211 3519 2266 dicebant:

1872 2321 1897 2347 ‹‹
1935 2298 2258 2354 Descendat
2289 2314 2444 2352 nunc
2478 2297 2548 2352 de
2581 2313 2771 2362 cruce,
2825 2301 2879 2352 et
2929 2297 3223 2352 credimus
3254 2299 3302 2352 ei
3337 2300 3522 2369 (Marc.

1871 2405 1963 2453 xv,
1998 2389 2085 2456 32)
2114 2405 2126 2453 ;
2155 2408 2180 2435 »
2216 2403 2342 2457 quae
2369 2385 2640 2440 diabolus
2671 2385 3040 2457 suggerebat.
3075 2386 3265 2443 Habes
3302 2387 3523 2460 Tigrim

1871 2479 1928 2530 et
1958 2475 2315 2546 Euphratem
2350 2474 2616 2529 flumina.

1944 2591 2030 2644 38.
2067 2589 2566 2660 Quadripertitum
2611 2593 2804 2644 autem
2855 2590 3024 2644 nobis
3077 2595 3370 2647 certamen
3401 2608 3528 2648 esse

1872 2677 2047 2733 etiam
2120 2676 2433 2748 Aposlolus
2505 2677 2947 2748 comprehendit
3015 2678 3312 2734 dicens“:
3382 2680 3529 2744 Quia

1874 2783 1990 2821 non
2019 2770 2107 2821 est
2139 2764 2308 2820 nobis
2341 2764 2581 2820 luctatio
2614 2766 2898 2820 adversus
2937 2782 3170 2820 carnem
3203 2771 3258 2822 et
3290 2768 3527 2840 sangui-

1875 2871 2031 2919 nem,
2109 2853 2211 2909 sed
2287 2853 2567 2909 adversus
2641 2853 3006 2925 principatus
3061 2858 3120 2909 et
3175 2860 3526 2926 potestates;

1875 2944 2152 2998 adversus
2227 2942 2434 2997 mundi
2514 2942 2694 3012 hujus
2784 2946 3037 2996 rectores
3114 2943 3527 3012 tenebrarum;

1875 3031 2154 3086 adversus
2185 3030 2519 3102 spiritualia
2549 3030 2840 3099 nequitia,
2876 3047 3002 3103 qua:
3024 3035 3164 3086 sunt
3191 3031 3247 3086 in
3280 3030 3527 3088 coelesti-

1875 3120 1986 3175 bus
2017 3119 2230 3190 (Ephes.
2264 3137 2342 3186 v1,
2378 3121 2485 3190 12).
2519 3140 2548 3168 ››
2607 3119 2674 3174 Hi
2721 3123 2861 3174 sunt
2910 3119 3070 3174 fluvii
3116 3121 3214 3191 qui
3257 3121 3327 3176 de
3359 3138 3526 3193 para-

1877 3209 2070 3264 radiso
2101 3211 2330 3262 exeunt.
2368 3207 2530 3262 Unde
2576 3212 2714 3279 puto
2766 3208 2918 3278 quod
2956 3208 3005 3262 is
3054 3207 3153 3279 qui
3203 3208 3259 3262 in
3291 3210 3525 3280 paradi-

1877 3313 2010 3353 sum
2058 3296 2234 3367 gestit
2284 3294 2494 3362 redire,
2544 3294 2651 3350 hos
2708 3296 2915 3350 debeat
2957 3295 3205 3350 transire
3249 3296 3530 3352 decursus

1875 3400 2182 3457 aquarum.
2234 3384 2397 3450 Quod
2449 3400 2563 3438 non
2624 3382 2804 3438 otiose
2863 3383 3148 3454 expressit
3203 3383 3358 3439 idem
3406 3385 3531 3457 ipse

1875 3476 2114 3528 sanctus
2144 3471 2452 3542 Propheta,
2499 3472 2918 3526 demonstrans
2968 3471 3060 3526 bis
3111 3470 3210 3544 qui
3262 3473 3531 3530 tentatio-

1874 3577 1979 3616 nes
2010 3577 2213 3616 omnes
2244 3559 2512 3615 subirent
2542 3559 2676 3630 (42),
2714 3558 2911 3614 deberi
2945 3559 3056 3614 sibi
3105 3559 3232 3629 jam
3273 3560 3530 3630 paradisi

1875 3650 2157 3722 requiem.
2220 3649 2424 3720 Itaque
2482 3648 2566 3703 sic
2622 3647 2729 3703 ait:
2797 3670 2817 3696 «
2898 3652 3190 3704 Decursus
3243 3664 3530 3720 aquarum

1875 3739 2302 3794 descenderunt
2333 3735 2482 3792 oculi
2516 3737 2628 3792 mei
2663 3737 2832 3806 (Psal.
2877 3753 3075 3802 cxvm,
3135 3737 3273 3807 136).
3310 3760 3338 3786 ››
3371 3737 3534 3793 Sicut

1873 3827 2031 3883 enim
2063 3825 2361 3897 romphaaa
2389 3829 2479 3881 est
2510 3826 2568 3880 in
2599 3825 2868 3897 ingressu
2921 3825 3179 3898 paradisi
3225 3826 3433 3896 ignea;
3467 3831 3534 3882 ut

1873 3916 1974 3996 qui
2006 3915 2175 3981 redit,
2212 3931 2312 3986 per
2342 3915 2536 3986 ignem
2570 3917 2913 3980 revertatur,
2968 3918 3101 3968 urat
3131 3918 3370 3985 peccata
3400 3930 3527 3981 sua,

1871 4004 2073 4073 probet
2103 4020 2313 4057 aurum
2344 4019 2521 4057 suum
2548 4018 2560 4056 :
2598 4001 2678 4056 ita
2709 4001 2808 4073 qui
2843 4001 3016 4071 redit,
3050 4018 3152 4072 per
3191 4001 3299 4055 hos
3331 4001 3532 4056 decur-

1869 4107 1972 4146 sus
2003 4090 2170 4144 redit.
2200 4091 2520 4161 Meritoquc
2553 4090 2757 4144 dicunt
2788 4089 2976 4144 sancti
3003 4104 3016 4144 :
3057 4111 3077 4137 ε
3125 4088 3531 4144 Transivimus

1868 4195 1969 4250 per
1997 4179 2190 4251 ignem
2222 4182 2279 4232 et
2306 4194 2520 4248 aquam
2587 4179 2758 4246 (Psal.
2815 4195 2936 4244 va,
2988 4177 3098 4245 12).
3147 4181 3225 4232 De
3274 4175 3401 4231 istis
3431 4177 3530 4232 de-

1868 4267 2138 4323 cursibus
2169 4271 2226 4321 et
2256 4265 2436 4322 Isaias
2464 4265 2645 4320 dicit:
2683 4288 2709 4314 ‹‹
2747 4265 2806 4320 Si
2852 4269 3116 4321 transeas
3161 4282 3262 4337 per
3293 4281 3529 4336 aquam,

1868 4355 2112 4412 ﬂumina
2163 4371 2276 4410 non
2332 4359 2387 4409 te
2435 4354 2790 4410 concludant
2822 4356 2950 4419 (Isa.
3004 4371 3166 4421 mn,
3218 4355 3292 4422 2).
3336 4379 3362 4402 ››
3394 4354 3534 4418 Quae

1868 4444 2156 4500 ﬂumina?
2185 4443 2334 4498 Audi
2357 4443 2648 4498 dicentem
2678 4442 2856 4497 David
2880 4443 2949 4499 de
2966 4443 3040 4497 iis
3058 4443 3155 4514 qui
3181 4443 3538 4500 festinabant

1867 4535 1939 4589 ad
1966 4533 2304 4606 paradisum
2338 4533 2490 4603 (44):
2527 4556 2554 4582 ‹‹
2588 4531 2858 4588 Forsitan
2894 4534 3315 4604 pertransisset
3334 4533 3535 4589 anima

1866 4628 2065 4678 nostra
2093 4639 2305 4694 aquam
2337 4620 2773 4678 intolerabilem
2805 4620 2985 4690 (Psal.
3019 4639 3216 4689 csxm,
3248 4621 3324 4694 5).
3361 4644 3389 4671 n

1938 4747 2025 4802 39.
2059 4745 2332 4810 Quamvis
2363 4745 2631 4802 nonnulli
2675 4746 2747 4801 de
2778 4745 2908 4802 istis
2961 4750 3217 4819 quatuor
3262 4748 3529 4803 tentatio-

1868 4835 2044 4891 nibus
2072 4835 2248 4890 etiam
2303 4834 2451 4889 illud
2501 4834 2835 4906 accipiunt:
2868 4858 2895 4887 ‹‹
2943 4837 3132 4907 Super
3175 4836 3440 4906 aspidem
3473 4837 3532 4888 et

1868 4923 2208 4980 basiliscum
2254 4922 2612 4988 ambulabis,
2675 4928 2733 4979 et
2782 4923 3152 4979 conculcabis
3207 4922 3432 4977 leonem
3475 4926 3531 4977 et

1871 5056 2071 5095 sarum
2100 5042 2296 5092 autem
2342 5038 2558 5093 idcirco
2607 5038 2702 5093 hic
2754 5038 3022 5094 meminit
3063 5037 3429 5104 Ambrosius,
3467 5041 3532 5092 ut

1871 5128 1974 5182 per
2003 5109 2223 5181 Tigrim
2257 5109 2356 5178 qui
2380 5125 2581 5163 eorum
2606 5110 2754 5164 fines
2779 5109 2965 5177 alluit,
2991 5113 3308 5164 tentatores
3347 5108 3527 5180 signi-

1873 5181 2030 5237 ficari
2055 5183 2279 5234 doceat.

1944 5252 2055 5324 (43)
2105 5252 2321 5306 Omnes
2369 5249 2534 5324 edit.,
2585 5254 2970 5324 Demonstrans
3022 5251 3163 5324 quod
3208 5251 3304 5320 qui
3348 5253 3526 5324 tenta-

1870 5321 2045 5380 tioizes
2100 5338 2284 5377 omnes
2341 5321 2879 5393 subegerittdeheri
2931 5321 3042 5377 sibi
3103 5324 3226 5393 jam
3279 5321 3530 5393 paradisi

1872 5396 2116 5467 requiem
2147 5396 2344 5464 speret,
2376 5391 2477 5446 His
2511 5392 2795 5447 accedunt
2825 5394 2993 5466 pauci
3027 5391 3197 5459 mss,
3221 5391 3528 5464 inquibus

1873 5471 2067 5522 tamen
2097 5466 2336 5520 verbum
2367 5468 2548 5522 speret
2587 5463 2995 5521 desideratur:
3027 5465 3124 5522 alii
3177 5465 3384 5522 maiori
3419 5482 3525 5520 nu-

1874 5479 2067 5522 tamen
2097 5479 2336 5520 verbum
2367 5479 2548 5531 speret
2587 5479 2995 5521 desideratur:
3027 5479 3124 5522 8.111
3177 5481 3384 5536 majori
3419 5482 3525 5520 nu-

1874 5555 2033 5595 mero
2065 5541 2128 5591 ut
2160 5536 2216 5590 in
2252 5539 2430 5590 textu.

1947 5610 2057 5679 (44)
2089 5608 2172 5662 Ita
2202 5607 2338 5662 edit.
2373 5623 2507 5680 cum
2539 5606 2726 5680 tribus
2758 5623 2899 5680 mss.
2955 5608 3064 5662 Alii
3105 5625 3238 5664 vero
3269 5607 3525 5680 quinque

1875 5678 2210 5752 praeferunt,
2246 5678 2413 5734 David
2434 5679 2530 5750 qui
2549 5678 2885 5750 festinabant
2915 5680 2984 5737 ad
3007 5678 3351 5754 paradisum.
