3880 6228
343 331 463 399 987

1803 328 1868 397 Β.
1913 332 2286 400 AMBROSII

3663 331 3783 399 988

347 471 660 528 draconem
718 466 887 542 (Ρεαι.
946 483 1038 540 xc,
1099 465 1207 539 13).
1263 485 1294 518 ››
1363 464 1434 524 Ut
1487 462 1872 526 ambulaverit
1930 467 1989 522 in
2021 467 2072 535 Α
2105 467 2586 537 misericordiam,
2614 466 2831 528 habent
2877 466 3290 538 sobrietatem;
3343 465 3454 526 sed
3505 468 3776 526 fructum

346 558 766 628 incarnatione,
825 557 1246 615 conculcaverit
1319 556 1378 612 in
1436 555 1726 629 passione,
1786 555 1874 611 vel
1930 553 1990 609 in

347 651 660 707 traditione
736 650 898 721 regni
969 646 1284 714 conculcet,
1355 647 1509 718 quod
1568 645 1721 701 Patri
1781 645 1990 709 tradet,

347 757 482 798 cum
537 755 771 796 omnem
843 735 1205 792 evacuaverit
1272 735 1686 808 principatum.
1746 733 1990 789 Pulchre

347 835 545 886 autem
592 827 801 900 Aquila
828 838 884 883 τὸ
913 834 1398 897 μεταπεφυτευμὲνον
1446 823 1611 890 dixit,
1696 823 1804 878 hoc
1881 827 1988 889 est,

344 919 857 990 transplantatum,
892 932 957 971 eo
1007 916 1163 987 quod
1213 914 1401 987 primo
1449 913 1525 969 sit
1571 913 1898 985 plantatum
1929 911 1988 966 in

343 1007 600 1078 Virgine,
661 1009 862 1078 postea
918 1003 1412 1076 transplantatum
1491 1001 1549 1056 in
1610 1001 1987 1073 paradisum:

344 1095 497 1152 sicut
525 1095 672 1150 dixit
698 1096 770 1149 ad
803 1093 1088 1148 latronem
1123 1108 1134 1146 :
1170 1114 1197 1140 ‹‹
1231 1093 1436 1158 Amen,
1470 1105 1639 1145 amen
1688 1089 1816 1144 dico
1846 1088 1989 1144 tibi:

345 1185 520 1242 hodie
545 1199 775 1239 mecum
823 1182 937 1236 eris
990 1181 1049 1235 in
1109 1180 1380 1252 paradiso
1439 1181 1587 1248 (Luc.
1622 1195 1782 1244 χχιιι,
1818 1178 1926 1248 43).
1965 1201 1990 1224 ››

418 1275 504 1327 40.
540 1273 656 1327 Hoc
688 1270 914 1343 lignum
940 1269 1120 1342 igitur
1149 1270 1403 1323 fructum
1434 1267 1595 1321 dabit
1640 1266 1698 1320 in
1732 1270 1991 1337 tempore

345 1378 472 1418 suo.
509 1361 694 1434 Ligna
723 1365 952 1414 terrena
982 1359 1239 1412 fructum
1265 1372 1377 1411 non
1413 1356 1570 1421 dare,
1603 1356 1703 1410 sed
1737 1355 1883 1410 ferre
1909 1355 1993 1408 di-

344 1455 594 1508 cuntur:
627 1449 726 1504 sed
759 1447 984 1520 lignum
1012 1446 1139 1500 vita:
1173 1463 1238 1501 ac
1269 1445 1568 1517 sapientia:
1591 1445 1690 1499 dat
1711 1443 1990 1511 fructum,

340 1539 451 1595 hoc
480 1542 586 1608 est,
620 1535 870 1608 largitur
899 1540 955 1590 et
983 1536 1179 1590 donat.
1232 1535 1458 1589 Rursus
1508 1531 1650 1587 illud
1703 1532 1986 1587 occurrit:

342 1629 400 1686 Si
427 1627 656 1701 lignum
687 1630 776 1681 est
806 1624 1125 1697 sapientiae,
1177 1641 1281 1679 cur
1318 1623 1375 1679 in
1416 1626 1678 1694 tempore
1725 1620 1903 1688 dabil,
1936 1624 1991 1674 et

341 1734 456 1773 non
498 1715 776 1788 semper?
822 1714 903 1769 Ne
952 1714 1096 1768 forte
1144 1729 1314 1784 grave
1362 1712 1441 1766 sit
1486 1711 1655 1766 nobis
1701 1710 1810 1765 hoc
1857 1725 1988 1765 sen-

2101 573 2216 614 non
2275 557 2514 627 habent,
2564 559 2702 632 quia
2742 559 2920 615 ﬁnem
2974 576 3090 615 non
3140 556 3403 616 habent!
3454 559 3776 615 Labuntur

2099 645 2214 701 cito
2263 645 2422 714 folia,
2476 647 2575 702 ubi
2630 651 2838 704 ventus
2895 647 3134 704 flaverit.
3195 649 3266 703 Et
3320 647 3514 720 aliqui
3575 647 3771 703 Judaei

2099 734 2320 790 habent
2347 737 2777 806 castimoniam,
2803 737 3173 794 sedulitatem
3206 737 3266 791 in
3313 735 3573 792 lectione
3615 739 3771 790 mul-

2097 825 2241 891 tam,
2273 828 2331 880 et
2361 824 2720 897 diligentiam
2747 844 2759 892 ;
2794 827 2895 882 sed
2928 825 3054 881 sine
3100 826 3293 881 fructu
3329 829 3500 894 sunt,
3552 830 3614 881 et
3645 842 3771 880 ver-

2099 917 2307 988 santur
2328 917 2393 968 ut
2421 913 2577 970 folia.
2611 915 2738 969 Haec
2770 915 2916 970 forte
2959 919 3099 971 sunt
3149 914 3292 969 folia
3333 931 3464 986 quae
3497 912 3770 968 Salvator

2101 1000 2159 1057 in
2192 1001 2291 1057 illa
2321 1003 2432 1058 ﬁcu
2455 1003 2687 1076 reperit,
2731 1004 2830 1060 sed
2863 1003 3119 1059 fructum
3145 1020 3258 1059 non
3287 1001 3517 1058 invenit
3551 1003 3766 1072 (Matth.

2098 1108 2214 1159 xxx,
2253 1093 2359 1162 19).

2171 1183 2258 1235 42.
2301 1181 2544 1253 Mystica
2590 1180 2837 1249 salvant,
2890 1185 2947 1237 et
2993 1199 3028 1237 a
3070 1184 3255 1237 morte
3302 1181 3602 1236 liberant:
3641 1198 3765 1235 mo-

2101 1269 2247 1325 ralia
2277 1274 2475 1325 autem
2508 1274 2850 1326 ornamenta
2878 1270 3106 1326 decoris
3143 1274 3301 1334 sunt,
3338 1286 3455 1325 non
3490 1269 3764 1325 subsidia

2100 1358 2540 1430 redemptionis.
2572 1359 2852 1414 Praestare
2890 1363 3087 1415 autem
3137 1358 3388 1431 mystica
3435 1357 3767 1413 moralibus

2100 1448 2275 1502 etiam
2306 1446 2432 1519 ipse
2463 1448 2744 1504 Dominus
2783 1447 2951 1504 docet
2976 1448 3038 1503 in
3065 1447 3378 1520 Evangelia
3411 1463 3522 1502 suo
3556 1447 3760 1501 dicens

2099 1536 2170 1591 de
2200 1535 2403 1606 Maria,
2437 1553 2564 1608 qua;
2595 1537 2807 1593 sedens
2838 1551 3008 1592 secus
3047 1535 3225 1608 pedes
3275 1535 3515 1591 Domini
3560 1536 3764 1590 audie-

2099 1624 2199 1679 bat
2226 1624 2467 1680 verbum
2499 1623 2679 1692 illius,
2711 1640 2846 1679 cum
2896 1623 3127 1680 Martha
3171 1623 3327 1679 circa
3358 1623 3761 1679 ministerium

2099 1711 2412 1780 festinaret,
2445 1717 2503 1768 et
2549 1717 2890 1784 quereretur
2937 1713 3093 1784 quod
3142 1729 3310 1768 soror
3357 1727 3494 1767 eam
3529 1714 3763 1784 propria

341 1807 452 1862 tire
481 1807 551 1861 de
583 1804 810 1859 Christo
836 1821 848 1870 ;
885 1803 984 1858 sed
1014 1807 1077 1858 tu
1107 1802 1206 1874 qui
1238 1801 1430 1900 legisti
1462 1800 1601 1872 quia
1632 1799 1992 1898 dispensato-
2023 1835 2071 1900 Β
2102 1801 2257 1856 circa
2288 1817 2500 1857 mensa:
2533 1801 2924 1856 ministerium
2954 1817 3071 1856 non
3107 1801 3345 1872 juvaret
3373 1818 3387 1854 :
3427 1823 3457 1850 ‹‹
3509 1801 3760 1863 Martha,

341 1911 466 1952 rem
498 1892 728 1948 ﬁdelem
759 1896 816 1947 et
851 1891 1194 1963 prudentem
1225 1887 1539 1944 constituet
1576 1887 1859 1943 Dominus
1891 1903 1992 1942 su-

342 2001 449 2057 pra
479 1981 764 2040 familiam
798 1997 989 2048 suam,
1023 1984 1087 2034 ut
1115 1980 1213 2035 det
1244 1978 1360 2034 illis
1414 1978 1473 2032 in
1527 1982 1784 2049 tempore
1817 1975 1993 2030 tritici

343 2081 682 2129 mensuram
716 2071 865 2140 (Luc.
900 2087 1003 2134 xu,
1044 2070 1154 2140 42),
1205 2068 1264 2122 in
1314 2071 1575 2138 tempore
1624 2065 1844 2137 utique,
1877 2081 1991 2120 non

341 2177 593 2235 semper,
622 2159 844 2214 turbari
879 2159 1084 2229 utique
1115 2174 1230 2212 non
1263 2156 1458 2210 debes.
1484 2155 1677 2209 Potest
1706 2152 1992 2225 sapientia

342 2267 574 2322 semper
621 2248 876 2304 fructum
935 2248 1112 2313 dare;
1172 2245 1271 2300 sed
1323 2244 1462 2316 quia
1519 2241 1806 2315 sapientia
1839 2241 1983 2297 757

341 2342 450 2407 est,
497 2337 666 2392 debet
713 2335 1005 2408 sapienter
1051 2334 1208 2401 dare,
1259 2332 1599 2404 dispensare
1651 2330 1986 2403 prudenter,

343 2428 392 2484 si
441 2426 675 2499 quando
725 2442 830 2480 nos
879 2423 1110 2496 plenam
1163 2438 1499 2478 mensuram
1552 2424 1653 2475 aut
1692 2419 1989 2492 possimus

342 2514 623 2587 accipere.
657 2513 821 2569 Sicut
848 2512 944 2568 hic
973 2516 1295 2567 extremum
1330 2516 1564 2582 tempus
1597 2510 1875 2571 fructum,
1910 2508 1991 2563 ita

341 2609 399 2661 et
427 2603 546 2660 illic
577 2601 737 2658 dabit
767 2603 1019 2656 fructum
1069 2601 1288 2656 bonum
1330 2600 1389 2654 in
1440 2598 1712 2671 gentibus
1742 2598 1857 2669 (45)
1883 2615 1896 2663 ;
1928 2601 1991 2650 ut

341 2693 662 2766 possimus.
688 2689 852 2745 Nunc
884 2705 998 2744 non
1033 2687 1347 2758 possimus,
1381 2687 1582 2742 odioso
1630 2684 1841 2741 saeculo
1874 2701 1988 2740 non

341 2779 785 2839 resurrectionis
833 2778 961 2848 ejus
1003 2778 1366 2831 consortium
1411 2792 1614 2847 capere
1663 2791 1728 2830 ac
1759 2789 1990 2829 servare

341 2867 724 2924 sustinemus.
743 2865 845 2919 Hic
857 2864 1013 2919 enim
1027 2863 1354 2935 corruptela
1365 2863 1880 2934 est(46),etcavend
1890 2878 1988 2916 um

342 2955 535 3010 fuitne
547 2968 1054 3024 corrumperemus
1067 2952 1250 3006 bonos
1264 2951 1900 3024 fruetus,quoslignum
1913 2943 1992 3005 vi-

341 3047 412 3098 ιω
432 3042 597 3097 daret
619 3058 632 3109 ;
653 3041 791 3112 quia
807 3056 960 3096 nunc
978 3040 1255 3112 corrupti,
1275 3039 1392 3094 illic
1414 3044 1608 3095 autem
1628 3039 1946 3112 incorrupti
1974 3056 1985 3093 :

343 3153 372 3181 «
407 3129 641 3202 quando
672 3134 728 3185 et
757 3128 992 3197 mortui,
1025 3128 1238 3202 inquit,
1291 3133 1597 3202 resurgant
1642 3127 1988 3200 incorrupti,

2102 1889 2349 1958 Martha,
2394 1889 2577 1946 Maria
2633 1889 2914 1961 optimam
2966 1892 3190 1961 partem
3246 1889 3360 1944 sibi
3393 1888 3600 1961 elegit,
3636 1907 3758 1961 qua

2101 1995 2216 2033 non
2248 1979 2545 2034 auferetur
2603 1976 2688 2033 illi
2737 1979 2887 2050 (Luc.
2919 1995 2975 2046 x,
3009 1979 3098 2048 41,
3132 1979 3242 2049 42).
3279 2002 3306 2028 ››
3361 1978 3424 2033 Si
3474 1977 3585 2033 illa
3638 1995 3758 2050 qua:

2099 2065 2328 2122 Christo
2360 2066 2734 2123 ministrabat
2763 2067 2835 2122 ad
2865 2082 3152 2136 mensam,
3196 2083 3312 2122 non
3343 2066 3761 2122 conferebatur

2099 2154 2150 2210 ei
2182 2171 2309 2227 quae
2347 2155 2589 2211 verbum
2621 2155 2894 2228 cupiebat
2929 2154 3170 2224 audire;
3196 2171 3373 2227 quem
3415 2161 3756 2227 operantem

2099 2243 2362 2300 studioso
2403 2243 2755 2317 cognitionis
2785 2248 3013 2300 aeternae
3059 2244 3323 2300 conferre
3376 2245 3757 2316 poterimus?

2098 2333 2186 2388 lta
2206 2336 2424 2401 tamen,
2465 2337 2531 2387 ut
2559 2349 2664 2388 nec
2694 2331 2852 2387 illius
2877 2331 3200 2405 operationi
3231 2333 3402 2399 fides,
3436 2349 3548 2388 nec
3581 2333 3754 2402 hujus

2098 2420 2432 2494 cognitioni,
2474 2421 2625 2477 sicut
2653 2421 2867 2488 Mariae,
2895 2421 3044 2478 desit
3075 2420 3336 2494 Operatio
3360 2439 3373 2475 :
3400 2437 3474 2476 ne
3495 2421 3590 2477 vel
3622 2420 3753 2478 folia

2099 2510 2225 2567 sine
2255 2510 2447 2565 fructu
2479 2509 2617 2578 sint,
2641 2508 2726 2565 vel
2758 2511 2983 2566 fructus
3012 2509 3140 2566 sine
3161 2509 3557 2566 munimentis
3584 2518 3749 2566 natu-

2099 2598 2320 2655 ralibus
2351 2599 2430 2655 sit
2454 2597 2726 2666 intectus,
2757 2604 2815 2654 et
2844 2603 3040 2672 pateat
3067 2599 3317 2670 injurias.

2173 2689 2262 2742 43.
2296 2691 2620 2743 Possumus
2659 2687 2835 2742 etiam
2866 2686 3010 2742 illud
3041 2686 3390 2759 intelligere,
3425 2688 3573 2758 quia
3604 2687 3747 2743 foliis

2099 2791 2162 2831 se
2191 2779 2462 2831 texerunt
2488 2775 2671 2831 Adam
2705 2780 2881 2847 atque
2909 2775 3046 2843 Eva,
3079 2791 3356 2847 corporea
3399 2777 3749 2831 vestimenta

2099 2867 2444 2936 quaerentes,
2475 2880 2541 2919 eo
2572 2865 2726 2936 quod
2772 2864 3120 2919 resurrectio
3168 2862 3460 2919 Dominici
3491 2864 3748 2936 corporis

2099 2951 2582 3025 prophetaretur;
2629 2951 2779 3024 .quia
2836 2969 2941 3008 nec
3009 2969 3162 3019 caro,
3222 2969 3350 3024 quae
3405 2956 3583 3008 antea
3637 2953 3746 3007 vice

2099 3040 2370 3096 foliorum
2401 3040 2635 3096 interire
2665 3045 3062 3109 consueverat,
3113 3039 3374 3112 peritura
3417 3041 3573 3097 758
3605 3045 3748 3096 esset

2097 3129 2158 3184 in
2190 3127 2418 3184 Christo
2445 3147 2457 3197 ;
2483 3129 2900 3200 justorumque
2929 3127 3217 3196 omnium,
3264 3130 3366 3200 qui
3423 3131 3744 3185 secundum

341 3223 401 3276 et
425 3196 536 3276 hos
567 3196 1086 3274 commutabimur.
1109 3196 1357 3290 ‘0p0rtet
1403 3196 1560 3273 enim
1609 3196 1985 3288 corruptibile
2015 3196 2058 3264 Ο
2097 3196 2561 3290 Evangelium'et
2591 3196 2978 3273 imitationem
3008 3215 3152 3290 ligni
3192 3196 3498 3290 sapientiae
3535 3220 3655 3274 nati
3686 3235 3742 3272 ex

340 3308 450 3365 hoc
472 3307 715 3364 induere
745 3307 1220 3379 incorruptelam,
1249 3311 1306 3363 et
1335 3305 1579 3363 mortale
1606 3306 1714 3361 hoc
1744 3306 1985 3360 induere

342 3395 784 3452 immortalitem
818 3399 867 3466 (Ι
896 3395 1016 3451 Cor.
1057 3413 1147 3465 xv,
1193 3395 1286 3464 52,
1329 3396 1441 3467 53).
1493 3395 1641 3458 Quid
1691 3410 1826 3467 ergo
1851 3409 1983 3466 pro-

345 3486 510 3541 derat
558 3484 839 3540 morituro
898 3485 1178 3556 accipere,
1225 3485 1380 3555 quod
1428 3484 1479 3539 ei
1528 3500 1686 3539 mors
1734 3470 1985 3538 habebat

342 3574 568 3629 auferre
589 3574 616 3626 ?
641 3572 808 3628 Novit
836 3589 972 3644 ergo
1003 3573 1289 3644 sapientia
1319 3573 1535 3644 quibus
1581 3572 1814 3644 quando
1844 3571 1983 3626 dare

341 3661 568 3727 debeat,
602 3677 727 3731 qua
759 3677 863 3714 nec
895 3660 1100 3716 folium
1151 3661 1370 3716 amittit
1416 3660 1558 3733 ligni
1612 3661 1723 3715 sui.
1758 3661 1824 3714 Et
1854 3659 1984 3714 ideo

345 3748 446 3821 qui
480 3749 702 3803 fructus
732 3748 810 3803 sit
839 3747 1157 3820 sapientia,
1207 3749 1361 3820 quod
1411 3747 1613 3804 folium
1655 3747 1982 3803 considere-

343 3853 498 3894 mus.

416 3925 504 3981 41.
564 3926 811 3984 Fructus
868 3924 1107 3981 interior
1161 3923 1524 3993 est;folium
1582 3941 1696 3997 quo
1754 3924 2002 4037 fructui

417 4014 427 4037 I
466 4032 488 4037 _
527 4013 642 4037 --1-
676 4015 912 4037 1-..--..ιζ
985 4014 1068 4037 ---1
1120 4031 1144 4037 _
1198 4014 1406 4037 0-2“---
1465 4013 1791 4037 ,1-ιι-..,ι;ι--..
1843 4014 1951 4037 Π..--

342 4014 431 4070 vel
463 4032 496 4070 a
525 4013 645 4070 sole
676 4015 936 4081 torrenti,
985 4014 1072 4069 vel
1118 4031 1151 4069 a
1198 4014 1410 4086 frigore
1461 4013 1808 4070 defenditur.
1843 4013 1982 4069 Frui

344 4108 473 4161 ctus
502 4104 731 4160 videtur
769 4117 897 4160 esse
944 4103 1110 4169 ﬁdes,
1151 4119 1281 4175 pax,
1333 4103 1616 4169 doctrina,
1647 4102 1987 4158 excellentia

343 4210 487 4250 verae
563 4191 933 4265 cognitionis,
1010 4191 1252 4248 intentio
1325 4191 1500 4257 bona,
1572 4191 1983 4264 mysteriorum

345 4283 509 4338 ratio.
543 4281 660 4338 Hos
690 4282 914 4337 fructus
941 4281 1090 4337 boua
1127 4280 1244 4336 vita
1281 4281 1573 4337 custodit:
1626 4280 1782 4337 mala
1809 4281 1985 4336 etiam

343 4373 393 4428 si
441 4371 781 4444 perceperit,
850 4369 1100 4425 amittit:
1148 4394 1174 4418 ‹‹
1227 4370 1514 4426 Peccalori
1568 4375 1764 4426 autem
1841 4369 1986 4424 dixit

343 4461 496 4516 Deus
522 4501 533 4513 .
559 4461 745 4526 Quare
775 4463 837 4514 tu
868 4475 1107 4514 cnarras
1129 4458 1394 4531 justitias
1427 4475 1586 4515 meas
1625 4460 1796 4531 (Psal.
1831 4476 1981 4527 xnx,

346 4549 430 4617 16)
451 4548 478 4602 ?
506 4547 568 4602 In
603 4547 861 4618 mysticis
893 4546 1117 4603 fructus
1147 4551 1258 4616 est,
1299 4547 1356 4601 in
1405 4547 1728 4602 moralibus
1758 4546 1983 4616 folium,

343 4633 831 4706 contemplatione
864 4635 1276 4707 mysteriorum
1319 4635 1644 4691 cmlestium
1673 4637 1804 4707 (47).
1838 4635 1984 4690 Nam

341 4724 586 4780 virtutes
617 4723 744 4778 sine
775 4723 909 4787 ﬁde,
942 4724 1076 4780 folia
1106 4728 1284 4780 sunt:
1333 4725 1605 4780 videntur
1645 4724 1851 4792 virere,
1884 4723 1986 4780 sed

344 4812 619 4886 prodesse
649 4829 764 4868 non
797 4817 1066 4884 possunt.
1106 4812 1417 4886 Agitantur
1463 4818 1655 4880 vento,
1703 4813 1843 4885 quia
1873 4829 1987 4869 non

341 4903 561 4959 habent
617 4902 1086 4959 fundamentum.
1167 4901 1377 4969 Quanti
1454 4901 1700 4974 gentiles
1773 4902 1992 4958 habent

414 5080 526 5152 (45)
558 5080 684 5136 Vet.
713 5079 853 5136 edit.
886 5097 952 5136 ac
983 5080 1150 5136 Rom.
1183 5097 1316 5135 cum
1351 5095 1494 5134 mss.
1536 5079 1682 5135 Vict.
1717 5080 1986 5152 etColb.,

337 5151 655 5224 prudenter.
733 5153 875 5207 Tunc
893 5151 1047 5206 debet
1116 5152 1248 5208 dare
1278 5167 1559 5224 “semper,
1613 5151 1823 5221 quando
1893 5168 1991 5207 nos

336 5221 562 5294 plenam
589 5240 906 5278 mensuram
927 5239 1213 5295 possumus
1251 5221 1443 5295 (Rom,
1472 5221 1633 5295 edit.,
1681 5239 1990 5295 moremur;

343 5293 510 5363 mss,
592 5296 884 5366 possimus)
927 5293 1212 5366 occipere.
1301 5294 1456 5366 Sicut
1487 5362 1497 5366 _
1524 5294 1630 5348 hic.
1667 5333 1679 5345 .
1719 5335 1732 5346 .
1770 5333 1784 5348 .
1840 5293 1992 5348 dabit

341 5362 606 5435 [ructum'
637 5367 792 5420 bonis
843 5362 1296 5420 ihdesinéntz‘bzu.
1355 5362 1670 5420 Nobiscum
1727 5381 1859 5421 vero
1907 5366 1989 5420 fa-

345 5435 508 5490 ciunt
537 5436 716 5490 Paris.
752 5437 888 5491 edit.
922 5443 1094 5507 atque
1125 5437 1221 5492 alii
1255 5453 1354 5492 sex
1385 5451 1524 5492 mss.

417 5506 527 5579 (40)
562 5508 640 5579 ita
672 5508 835 5579 Rom.
880 5506 1020 5562 edit.
1057 5526 1120 5562 ac
1170 5525 1310 5579 mss.
1363 5509 1492 5579 Vat.
1548 5522 1683 5562 cum
1733 5507 1991 5579 quinque

345 5573 546 5650 Gallic.
578 5577 650 5629 At
675 5578 813 5632 edit.
858 5584 968 5632 vet.
1002 5595 1134 5633 eum
1185 5578 1334 5644 aliis,
1386 5578 1484 5633 Hic
1531 5579 1681 5633 enim
1726 5573 1992 5650 corrupti-

348 5643 481 5699 biles
509 5660 696 5699 sumus

2092 3307 2334 3380 Virgine
2387 3306 2566 3362 vitam
2625 3323 2794 3362 suam
2861 3310 3146 3378 actusque
3195 3306 3543 3362 formarent.
3607 3308 3738 3362 Nam

2093 3397 2328 3454 Graecus
2402 3395 2484 3451 ita
2566 3394 2711 3450 dixit
2739 3413 2752 3451 :
2786 3404 2813 3454 δ
2839 3405 2924 3452 τὸν
2953 3405 3142 3467 καρπὸν
3170 3403 3322 3452 αὐτοῦ
3357 3404 3493 3452 δόσει
3524 3415 3538 3448 :
3596 3396 3738 3468 quod

2092 3489 2287 3558 potest
2315 3485 2389 3541 ad
2421 3484 2656 3540 beatum
2687 3483 2909 3550 referri,
2960 3493 3192 3557 μακάριος
3299 3494 3492 3556 καρπὸν
3605 3493 3737 3553 δόσεε,

2093 3574 2324 3641 Graece;
2358 3571 2559 3628 Latine
2607 3575 2801 3627 autem
2858 3572 2944 3627 sic
3000 3572 3236 3642 dicitur,
3282 3578 3350 3626 ut
3398 3572 3513 3628 sit:
3551 3595 3582 3622 ‹‹
3614 3573 3740 3645 quia

2092 3663 2298 3719 beatus
2342 3661 2507 3716 dabit
2551 3661 2830 3728 fructum,
2862 3683 2892 3711 »
2948 3661 3007 3716 in
3058 3662 3489 3717 resurrectione
3526 3661 3740 3717 scilicet

2093 3768 2220 3818 sua,
2254 3750 2489 3823 quando
2520 3753 2712 3822 potest
2740 3753 3088 3822 perpetuum
3118 3749 3278 3804 dare.
3336 3749 3531 3804 Potest
3560 3754 3616 3805 et
3645 3749 3738 3815 sic,

2094 3849 2121 3897 ὃ
2150 3849 2236 3896 τὸν
2270 3847 2460 3912 καρπὸν
2488 3847 2640 3894 αὐτοῦ
2697 3845 2819 3912 ὑπὲρ
2865 3846 3026 3907 ξύλον,
3133 3842 3198 3892 ut
3298 3837 3592 3893 referatur
3678 3837 3738 3891 ad

2115 3928 2340 4000 ignum,
2373 3927 2542 3998 cujus
2563 3926 2712 3982 facta
2741 3926 2941 3983 omnia
2989 3925 3516 4000 prosperabuntur.
3541 3927 3606 3982 In
3638 3943 3737 3999 quo

2093 4017 2329 4073 evidens
2359 4015 2714 4081 testiﬁcatio,
2747 4016 2886 4088 quia
2913 4015 2984 4070 de
3031 4014 3327 4072 Salvatore
3376 4015 3606 4071 dictum
3637 4020 3736 4070 est.

2093 4105 2275 4176 Cujus
2305 4104 2462 4160 enim
2490 4103 2602 4159 nisi
2632 4103 2822 4176 ipsius
2853 4104 3007 4160 facta
3031 4107 3284 4177 possunt
3323 4104 3602 4160 universa
3631 4104 3739 4160 lau-

2094 4194 2244 4259 dari,
2275 4197 2332 4248 et
2362 4208 2672 4265 prosperos
2709 4191 2924 4248 habere
2970 4193 3158 4249 exitus
3182 4191 3210 4245 ?
3258 4192 3479 4264 Aquila
3531 4197 3742 4259 autem,

2101 4306 2122 4332 ι
2182 4280 2530 4354 dirigentur,
2591 4302 2618 4330 »
2680 4281 2818 4336 ait:
2881 4281 3035 4352 quod
3089 4284 3148 4336 et
3203 4280 3276 4334 ad
3335 4297 3739 4353 quemcunque

2095 4370 2394 4427 hominem
2428 4369 2798 4425 referendum
2828 4368 3076 4440 videtur,
3108 4385 3284 4440 quem
3314 4368 3525 4442 dirigit
3563 4370 3739 4426 Domi-

2094 4475 2209 4514 nus
2247 4457 2438 4515 favore
2497 4455 2728 4513 caelesti.
2787 4459 2834 4512 Α
2892 4457 3137 4514 Domino
3196 4457 3357 4512 enim
3411 4458 3738 4531 diriguntur

2015 4568 2063 4633 D
2093 4563 2331 4620 gressus
2359 4546 2488 4613 viri,
2521 4551 2578 4602 et
2617 4547 2938 4602 orationem
2978 4563 3146 4602 suam
3196 4545 3255 4600 in
3299 4552 3623 4618 conspectu
3652 4547 3736 4603 Dei

2097 4636 2275 4692 David
2310 4635 2596 4708 propheta
2626 4634 2799 4707 dirigi
2830 4634 3147 4708 postulavit
3177 4635 3343 4704 (Psal.
3381 4653 3510 4704 ch,
3544 4638 3619 4705 2).
3644 4635 3735 4690 Sed

2097 4729 2154 4782 et
2182 4725 2308 4798 ipse
2336 4723 2624 4781 Dominus
2649 4723 2861 4780 direxit
2887 4741 3063 4798 opera
3092 4741 3219 4791 sua,
3257 4729 3323 4779 ut
3344 4723 3512 4780 nullo
3542 4725 3737 4781 erroris

2097 4817 2480 4871 curvarentur
2508 4813 2796 4870 anfractu.

2168 4904 2258 4958 44.
2291 4903 2475 4973 (Vers.
2535 4903 2616 4975 ιι.)
2669 4902 2975 4976 Sequitur:
3013 4924 3041 4952 α
3079 4902 3204 4958 Non
3263 4901 3348 4957 sic
3409 4902 3601 4974 impii,
3637 4917 3733 4958 non

2171 5081 2281 5152 (47)
2365 5079 2830 5152 Contemplatione
2920 5081 3341 5152 mysteriorun3__
3386 5079 3729 5152 aetatium:

2101 5147 2352 5207 deerant
2382 5150 2504 5206 haec
2553 5147 2612 5206 in
2643 5150 2781 5205 edit.
2815 5153 2928 5206 vet.
2975 5147 3039 5205 ac
3087 5165 3227 5206 mss.
3278 5147 3427 5204 Vict.
3461 5154 3521 5205 et
3550 5149 3730 5212 Colb.;

2100 5223 2199 5278 sed
2251 5221 2531 5294 iulium.
2580 5220 2829 5294 aliisque
2885 5221 3186 5294 codicibus
3234 5217 3729 5294 inveniuntur._ld

2101 5298 2298 5350 autem
2329 5291 2448 5364 illis
2486 5289 2751 5349 vocibus'
2774 5292 3161 5364 signiﬁcatur,
3200 5291 3446 5364 virtutes
3476 5289 3727 5364 _morales

2101 5382 2206 5422 seu
2277 5363 2473 5419 activae
2529 5364 2680 5429 vitas,
2737 5363 2786 5419 si
2832 5360 2978 5419 'cum
3037 5362 3330 5436 mysteriis
3387 5360 3725 5436 caelestibus,

2099 5451 2421 5508 eorumque
2450 5436 2770 5508 ﬁdeiatque
2797 5433 3303 5508 contemplatione,
3346 5433 3720 5508 conferantur,

2100 5523 2228 5565 esse
2253 5505 2536 5578 tanquam
2563 5505 2769 5563 folium
2801 5523 2935 5562 cum
2966 5505 3155 5562 fructu
3180 5509 3621 5578 _comparatum,
3650 5505 3719 5562 ut,

2100 5579 2160 5635 in
2193 5576 2576 5650 sequentibus
2615 5578 2856 5652 exponit
2884 5582 3124 5636 sanctus
3163 5576 3387 5633 doctor.
