  <div class='ocr_page' id='page_1' title='image "/cluster/home/n/w/nwhite01/storage/ocr_20150623/14/uva.x000826552/509.png"; bbox 0 0 3880 6228; ppageno 0'>
   <div class='ocr_carea' id='block_1_1' title="bbox 333 352 458 424">
    <p class='ocr_par' dir='ltr' id='par_1_1' title="bbox 333 352 458 424">
     <span class='ocr_line' id='line_1_1' title="bbox 333 352 458 424; baseline 0 -3"><span class='ocrx_word' id='word_1_1' title='bbox 333 352 458 424; x_wconf 81' lang='lat'>989</span> 
     </span>
    </p>
   </div>
   <div class='ocr_carea' id='block_1_2' title="bbox 1494 355 2591 426">
    <p class='ocr_par' dir='ltr' id='par_1_2' title="bbox 1494 355 2591 426">
     <span class='ocr_line' id='line_1_2' title="bbox 1494 355 2591 426; baseline 0 -4"><span class='ocrx_word' id='word_1_2' title='bbox 1494 355 1958 424; x_wconf 81' lang='lat' dir='ltr'>ENARRATIO</span> <span class='ocrx_word' id='word_1_3' title='bbox 1997 357 2079 422; x_wconf 85' lang='lat' dir='ltr'>IN</span> <span class='ocrx_word' id='word_1_4' title='bbox 2121 360 2500 426; x_wconf 81' lang='lat' dir='ltr'>PSALMUM</span> <span class='ocrx_word' id='word_1_5' title='bbox 2543 358 2591 424; x_wconf 89' lang='grc' dir='ltr'><strong>Ῑ.</strong></span> 
     </span>
    </p>
   </div>
   <div class='ocr_carea' id='block_1_3' title="bbox 3596 355 3743 452">
    <p class='ocr_par' dir='ltr' id='par_1_3' title="bbox 3596 355 3743 452">
     <span class='ocr_line' id='line_1_3' title="bbox 3596 355 3743 452; baseline -0.02 -29"><span class='ocrx_word' id='word_1_6' title='bbox 3596 449 3600 452; x_wconf 13' lang='grc'>.</span> <span class='ocrx_word' id='word_1_7' title='bbox 3623 355 3743 423; x_wconf 84' lang='lat'>990</span> 
     </span>
    </p>
   </div>
   <div class='ocr_carea' id='block_1_4' title="bbox 338 489 3739 568">
    <p class='ocr_par' dir='ltr' id='par_1_4' title="bbox 338 489 3739 568">
     <span class='ocr_line' id='line_1_4' title="bbox 338 489 3739 568; baseline -0.001 -18"><span class='ocrx_word' id='word_1_8' title='bbox 338 493 464 561; x_wconf 86' lang='lat' dir='ltr'>sic;</span> <span class='ocrx_word' id='word_1_9' title='bbox 497 491 597 550; x_wconf 90' lang='lat' dir='ltr'>sed</span> <span class='ocrx_word' id='word_1_10' title='bbox 645 493 926 566; x_wconf 79' lang='lat' dir='ltr'>tanquam</span> <span class='ocrx_word' id='word_1_11' title='bbox 975 489 1168 566; x_wconf 86' lang='lat' dir='ltr'>pulvis</span> <span class='ocrx_word' id='word_1_12' title='bbox 1225 507 1396 564; x_wconf 85' lang='lat' dir='ltr'>quem</span> <span class='ocrx_word' id='word_1_13' title='bbox 1451 494 1684 566; x_wconf 86' lang='lat' dir='ltr'>projicit</span> <span class='ocrx_word' id='word_1_14' title='bbox 1712 500 1919 550; x_wconf 88' lang='lat' dir='ltr'>ventus</span> <span class='ocrx_word' id='word_1_15' title='bbox 1951 512 1984 549; x_wconf 92' lang='lat' dir='ltr'>a</span> <span class='ocrx_word' id='word_1_16' title='bbox 2014 497 2066 562; x_wconf 76' lang='grc' dir='ltr'>Α</span> <span class='ocrx_word' id='word_1_17' title='bbox 2096 511 2334 550; x_wconf 88' lang='lat' dir='ltr'>enarras</span> <span class='ocrx_word' id='word_1_18' title='bbox 2367 495 2723 568; x_wconf 83' lang='lat' dir='ltr'>prosapiam,</span> <span class='ocrx_word' id='word_1_19' title='bbox 2781 497 2838 550; x_wconf 90' lang='lat' dir='ltr'>et</span> <span class='ocrx_word' id='word_1_20' title='bbox 2866 496 3150 567; x_wconf 85' lang='lat' dir='ltr'>tanquam</span> <span class='ocrx_word' id='word_1_21' title='bbox 3183 491 3473 566; x_wconf 82' lang='lat' dir='ltr'>majorum</span> <span class='ocrx_word' id='word_1_22' title='bbox 3502 495 3739 550; x_wconf 88' lang='lat' dir='ltr'>tuorum</span> 
     </span>
    </p>
   </div>
   <div class='ocr_carea' id='block_1_5' title="bbox 335 580 1980 654">
    <p class='ocr_par' dir='ltr' id='par_1_5' title="bbox 335 580 1980 654">
     <span class='ocr_line' id='line_1_5' title="bbox 335 580 1980 654; baseline 0 -16"><span class='ocrx_word' id='word_1_23' title='bbox 335 581 487 638; x_wconf 83' lang='lat' dir='ltr'>facie</span> <span class='ocrx_word' id='word_1_24' title='bbox 543 585 708 637; x_wconf 65' lang='lat' dir='ltr'>terrae</span> <span class='ocrx_word' id='word_1_25' title='bbox 739 600 752 649; x_wconf 90' lang='lat'><strong>;</strong></span> <span class='ocrx_word' id='word_1_26' title='bbox 784 603 812 632; x_wconf 84' lang='lat'>»</span> <span class='ocrx_word' id='word_1_27' title='bbox 847 580 956 637; x_wconf 93' lang='lat' dir='ltr'>hoc</span> <span class='ocrx_word' id='word_1_28' title='bbox 986 585 1094 649; x_wconf 88' lang='lat' dir='ltr'>est,</span> <span class='ocrx_word' id='word_1_29' title='bbox 1152 598 1268 637; x_wconf 88' lang='lat' dir='ltr'>non</span> <span class='ocrx_word' id='word_1_30' title='bbox 1298 581 1382 637; x_wconf 89' lang='lat' dir='ltr'>sic</span> <span class='ocrx_word' id='word_1_31' title='bbox 1416 587 1480 637; x_wconf 93' lang='lat' dir='ltr'>ut</span> <span class='ocrx_word' id='word_1_32' title='bbox 1510 582 1713 637; x_wconf 88' lang='lat' dir='ltr'>beatus</span> <span class='ocrx_word' id='word_1_33' title='bbox 1744 585 1847 649; x_wconf 91' lang='lat' dir='ltr'>vir,</span> <span class='ocrx_word' id='word_1_34' title='bbox 1882 583 1980 654; x_wconf 89' lang='lat' dir='ltr'>qui</span> 
     </span>
    </p>
   </div>
   <div class='ocr_carea' id='block_1_6' title="bbox 335 669 1980 744">
    <p class='ocr_par' dir='ltr' id='par_1_6' title="bbox 335 669 1980 744">
     <span class='ocr_line' id='line_1_6' title="bbox 335 669 1980 744; baseline 0.001 -18"><span class='ocrx_word' id='word_1_35' title='bbox 335 670 468 727; x_wconf 90' lang='lat' dir='ltr'>ideo</span> <span class='ocrx_word' id='word_1_36' title='bbox 498 671 727 737; x_wconf 88' lang='lat' dir='ltr'>beatus,</span> <span class='ocrx_word' id='word_1_37' title='bbox 761 670 900 743; x_wconf 83' lang='lat' dir='ltr'>quia</span> <span class='ocrx_word' id='word_1_38' title='bbox 939 687 1052 725; x_wconf 91' lang='lat' dir='ltr'>non</span> <span class='ocrx_word' id='word_1_39' title='bbox 1105 670 1248 725; x_wconf 90' lang='lat' dir='ltr'>abiit</span> <span class='ocrx_word' id='word_1_40' title='bbox 1277 669 1337 724; x_wconf 90' lang='lat' dir='ltr'>in</span> <span class='ocrx_word' id='word_1_41' title='bbox 1370 670 1612 726; x_wconf 90' lang='lat' dir='ltr'>consilio</span> <span class='ocrx_word' id='word_1_42' title='bbox 1641 671 1980 744; x_wconf 90' lang='lat' dir='ltr'>impiorum,</span> 
     </span>
    </p>
   </div>
   <div class='ocr_carea' id='block_1_7' title="bbox 339 759 1981 832">
    <p class='ocr_par' dir='ltr' id='par_1_7' title="bbox 339 759 1981 832">
     <span class='ocr_line' id='line_1_7' title="bbox 339 759 1981 832; baseline 0.001 -17"><span class='ocrx_word' id='word_1_43' title='bbox 339 759 480 832; x_wconf 88' lang='lat' dir='ltr'>quia</span> <span class='ocrx_word' id='word_1_44' title='bbox 509 760 568 814; x_wconf 90' lang='lat' dir='ltr'>in</span> <span class='ocrx_word' id='word_1_45' title='bbox 600 765 836 831; x_wconf 88' lang='lat' dir='ltr'>peccato</span> <span class='ocrx_word' id='word_1_46' title='bbox 871 777 984 814; x_wconf 91' lang='lat' dir='ltr'>non</span> <span class='ocrx_word' id='word_1_47' title='bbox 1009 759 1188 826; x_wconf 80' lang='lat' dir='ltr'>stetit,</span> <span class='ocrx_word' id='word_1_48' title='bbox 1223 759 1282 814; x_wconf 91' lang='lat' dir='ltr'>in</span> <span class='ocrx_word' id='word_1_49' title='bbox 1315 759 1556 816; x_wconf 89' lang='lat' dir='ltr'>consilio</span> <span class='ocrx_word' id='word_1_50' title='bbox 1586 761 1981 832; x_wconf 90' lang='lat' dir='ltr'>pestilentium</span> 
     </span>
    </p>
   </div>
   <div class='ocr_carea' id='block_1_8' title="bbox 335 846 1981 920">
    <p class='ocr_par' dir='ltr' id='par_1_8' title="bbox 335 846 1981 920">
     <span class='ocr_line' id='line_1_8' title="bbox 335 846 1981 920; baseline 0 -16"><span class='ocrx_word' id='word_1_51' title='bbox 335 865 454 904; x_wconf 87' lang='lat' dir='ltr'>non</span> <span class='ocrx_word' id='word_1_52' title='bbox 494 848 665 918; x_wconf 85' lang='lat' dir='ltr'>sedit,</span> <span class='ocrx_word' id='word_1_53' title='bbox 705 847 1021 903; x_wconf 92' lang='lat' dir='ltr'>volentium</span> <span class='ocrx_word' id='word_1_54' title='bbox 1065 846 1154 903; x_wconf 85' lang='lat' dir='ltr'>vel</span> <span class='ocrx_word' id='word_1_55' title='bbox 1196 848 1498 903; x_wconf 80' lang='lat' dir='ltr'>credentes</span> <span class='ocrx_word' id='word_1_56' title='bbox 1530 849 1641 920; x_wconf 92' lang='lat' dir='ltr'>pie,</span> <span class='ocrx_word' id='word_1_57' title='bbox 1672 849 1760 904; x_wconf 87' lang='lat' dir='ltr'>vel</span> <span class='ocrx_word' id='word_1_58' title='bbox 1787 850 1981 905; x_wconf 88' lang='lat' dir='ltr'>viven-</span> 
     </span>
    </p>
   </div>
   <div class='ocr_carea' id='block_1_9' title="bbox 334 936 1984 1011">
    <p class='ocr_par' dir='ltr' id='par_1_9' title="bbox 334 936 1984 1011">
     <span class='ocr_line' id='line_1_9' title="bbox 334 936 1984 1011; baseline 0.001 -18"><span class='ocrx_word' id='word_1_59' title='bbox 334 941 427 993; x_wconf 88' lang='lat' dir='ltr'>tes</span> <span class='ocrx_word' id='word_1_60' title='bbox 448 941 806 1010; x_wconf 88' lang='lat' dir='ltr'>pervertere;</span> <span class='ocrx_word' id='word_1_61' title='bbox 832 937 933 1009; x_wconf 88' lang='lat' dir='ltr'>qui</span> <span class='ocrx_word' id='word_1_62' title='bbox 954 936 1311 993; x_wconf 78' lang='lat' dir='ltr'>voluntatem</span> <span class='ocrx_word' id='word_1_63' title='bbox 1335 937 1541 993; x_wconf 81' lang='lat' dir='ltr'>habuit</span> <span class='ocrx_word' id='word_1_64' title='bbox 1564 939 1619 992; x_wconf 90' lang='lat' dir='ltr'>in</span> <span class='ocrx_word' id='word_1_65' title='bbox 1635 938 1782 1011; x_wconf 83' lang='lat' dir='ltr'>lege,</span> <span class='ocrx_word' id='word_1_66' title='bbox 1798 945 1854 994; x_wconf 78' lang='lat' dir='ltr'>et</span> <span class='ocrx_word' id='word_1_67' title='bbox 1871 957 1984 995; x_wconf 88' lang='lat' dir='ltr'>me-</span> 
     </span>
    </p>
   </div>
   <div class='ocr_carea' id='block_1_10' title="bbox 335 1025 1986 1099">
    <p class='ocr_par' dir='ltr' id='par_1_10' title="bbox 335 1025 1986 1099">
     <span class='ocr_line' id='line_1_10' title="bbox 335 1025 1986 1099; baseline 0.001 -18"><span class='ocrx_word' id='word_1_68' title='bbox 335 1025 625 1082; x_wconf 86' lang='lat' dir='ltr'>ditabitur</span> <span class='ocrx_word' id='word_1_69' title='bbox 644 1025 704 1080; x_wconf 91' lang='lat' dir='ltr'>in</span> <span class='ocrx_word' id='word_1_70' title='bbox 721 1041 790 1081; x_wconf 90' lang='lat' dir='ltr'>ea</span> <span class='ocrx_word' id='word_1_71' title='bbox 815 1043 828 1093; x_wconf 83' lang='lat'>;</span> <span class='ocrx_word' id='word_1_72' title='bbox 848 1031 969 1094; x_wconf 90' lang='lat' dir='ltr'>aut,</span> <span class='ocrx_word' id='word_1_73' title='bbox 996 1026 1148 1081; x_wconf 82' lang='lat' dir='ltr'>sicut</span> <span class='ocrx_word' id='word_1_74' title='bbox 1170 1025 1382 1099; x_wconf 88' lang='lat' dir='ltr'>Aquila</span> <span class='ocrx_word' id='word_1_75' title='bbox 1404 1027 1616 1098; x_wconf 86' lang='lat' dir='ltr'>posuit,</span> <span class='ocrx_word' id='word_1_76' title='bbox 1642 1050 1669 1076; x_wconf 86' lang='lat'><strong><em>«</em></strong></span> <span class='ocrx_word' id='word_1_77' title='bbox 1691 1028 1986 1084; x_wconf 83' lang='lat' dir='ltr'>resonabit</span> 
     </span>
    </p>
   </div>
   <div class='ocr_carea' id='block_1_11' title="bbox 334 1112 1985 1187">
    <p class='ocr_par' dir='ltr' id='par_1_11' title="bbox 334 1112 1985 1187">
     <span class='ocr_line' id='line_1_11' title="bbox 334 1112 1985 1187; baseline 0.003 -20"><span class='ocrx_word' id='word_1_78' title='bbox 334 1112 400 1168; x_wconf 88' lang='lat' dir='ltr'>in</span> <span class='ocrx_word' id='word_1_79' title='bbox 422 1112 546 1186; x_wconf 87' lang='lat' dir='ltr'>lege</span> <span class='ocrx_word' id='word_1_80' title='bbox 571 1130 584 1167; x_wconf 87' lang='lat'>:</span> <span class='ocrx_word' id='word_1_81' title='bbox 613 1138 634 1165; x_wconf 72' lang='grc' dir='ltr'><strong>ιο</strong></span> <span class='ocrx_word' id='word_1_82' title='bbox 673 1117 738 1168; x_wconf 87' lang='lat' dir='ltr'>ut</span> <span class='ocrx_word' id='word_1_83' title='bbox 767 1118 1052 1186; x_wconf 85' lang='lat' dir='ltr'>praecepta</span> <span class='ocrx_word' id='word_1_84' title='bbox 1082 1113 1228 1186; x_wconf 88' lang='lat' dir='ltr'>legis</span> <span class='ocrx_word' id='word_1_85' title='bbox 1277 1117 1505 1170; x_wconf 80' lang='lat' dir='ltr'>resonet</span> <span class='ocrx_word' id='word_1_86' title='bbox 1541 1114 1658 1170; x_wconf 87' lang='lat' dir='ltr'>vita</span> <span class='ocrx_word' id='word_1_87' title='bbox 1678 1117 1827 1187; x_wconf 85' lang='lat' dir='ltr'>ejus,</span> <span class='ocrx_word' id='word_1_88' title='bbox 1861 1133 1985 1172; x_wconf 90' lang='lat' dir='ltr'>mo-</span> 
     </span>
    </p>
   </div>
   <div class='ocr_carea' id='block_1_12' title="bbox 336 1201 1986 1275">
    <p class='ocr_par' dir='ltr' id='par_1_12' title="bbox 336 1201 1986 1275">
     <span class='ocr_line' id='line_1_12' title="bbox 336 1201 1986 1275; baseline 0.002 -18"><span class='ocrx_word' id='word_1_89' title='bbox 336 1218 434 1258; x_wconf 88' lang='lat' dir='ltr'>res</span> <span class='ocrx_word' id='word_1_90' title='bbox 465 1201 744 1258; x_wconf 83' lang='lat' dir='ltr'>resultent</span> <span class='ocrx_word' id='word_1_91' title='bbox 771 1202 923 1258; x_wconf 87' lang='lat' dir='ltr'>sicut</span> <span class='ocrx_word' id='word_1_92' title='bbox 953 1202 1208 1270; x_wconf 89' lang='lat' dir='ltr'>illorum,</span> <span class='ocrx_word' id='word_1_93' title='bbox 1243 1220 1492 1275; x_wconf 91' lang='lat' dir='ltr'>quorum</span> <span class='ocrx_word' id='word_1_94' title='bbox 1525 1203 1584 1258; x_wconf 91' lang='lat' dir='ltr'>in</span> <span class='ocrx_word' id='word_1_95' title='bbox 1615 1221 1848 1260; x_wconf 90' lang='lat' dir='ltr'>omnem</span> <span class='ocrx_word' id='word_1_96' title='bbox 1870 1211 1986 1260; x_wconf 85' lang='lat' dir='ltr'>ter-</span> 
     </span>
    </p>
   </div>
   <div class='ocr_carea' id='block_1_13' title="bbox 334 1291 1984 1349">
    <p class='ocr_par' dir='ltr' id='par_1_13' title="bbox 334 1291 1984 1349">
     <span class='ocr_line' id='line_1_13' title="bbox 334 1291 1984 1349; baseline 0.001 -3"><span class='ocrx_word' id='word_1_97' title='bbox 334 1307 466 1347; x_wconf 87' lang='lat' dir='ltr'>ram</span> <span class='ocrx_word' id='word_1_98' title='bbox 496 1291 671 1347; x_wconf 85' lang='lat' dir='ltr'>exivit</span> <span class='ocrx_word' id='word_1_99' title='bbox 701 1307 900 1346; x_wconf 90' lang='lat' dir='ltr'>sonus.</span> <span class='ocrx_word' id='word_1_100' title='bbox 938 1293 1102 1347; x_wconf 80' lang='lat' dir='ltr'>Forte</span> <span class='ocrx_word' id='word_1_101' title='bbox 1134 1291 1226 1347; x_wconf 83' lang='lat' dir='ltr'>hic</span> <span class='ocrx_word' id='word_1_102' title='bbox 1261 1309 1441 1348; x_wconf 91' lang='lat' dir='ltr'>sonus</span> <span class='ocrx_word' id='word_1_103' title='bbox 1484 1293 1757 1348; x_wconf 71' lang='lat' dir='ltr'>doctrinae</span> <span class='ocrx_word' id='word_1_104' title='bbox 1797 1293 1984 1349; x_wconf 89' lang='lat' dir='ltr'>homi-</span> 
     </span>
    </p>
   </div>
   <div class='ocr_carea' id='block_1_14' title="bbox 335 1378 1988 1447">
    <p class='ocr_par' dir='ltr' id='par_1_14' title="bbox 335 1378 1988 1447">
     <span class='ocr_line' id='line_1_14' title="bbox 335 1378 1988 1447; baseline 0.002 -13"><span class='ocrx_word' id='word_1_105' title='bbox 335 1395 485 1434; x_wconf 89' lang='lat' dir='ltr'>num</span> <span class='ocrx_word' id='word_1_106' title='bbox 507 1383 702 1447; x_wconf 82' lang='lat' dir='ltr'>exeat;</span> <span class='ocrx_word' id='word_1_107' title='bbox 727 1378 846 1434; x_wconf 92' lang='lat' dir='ltr'>illic</span> <span class='ocrx_word' id='word_1_108' title='bbox 888 1383 1083 1436; x_wconf 89' lang='lat' dir='ltr'>autem</span> <span class='ocrx_word' id='word_1_109' title='bbox 1127 1380 1226 1435; x_wconf 87' lang='lat' dir='ltr'>ubi</span> <span class='ocrx_word' id='word_1_110' title='bbox 1249 1381 1393 1436; x_wconf 90' lang='lat' dir='ltr'>facie</span> <span class='ocrx_word' id='word_1_111' title='bbox 1423 1383 1492 1437; x_wconf 91' lang='lat' dir='ltr'>ad</span> <span class='ocrx_word' id='word_1_112' title='bbox 1519 1382 1722 1437; x_wconf 84' lang='lat' dir='ltr'>faciem</span> <span class='ocrx_word' id='word_1_113' title='bbox 1753 1383 1988 1438; x_wconf 84' lang='lat' dir='ltr'>dabitur</span> 
     </span>
    </p>
   </div>
   <div class='ocr_carea' id='block_1_15' title="bbox 331 1467 1983 1543">
    <p class='ocr_par' dir='ltr' id='par_1_15' title="bbox 331 1467 1983 1543">
     <span class='ocr_line' id='line_1_15' title="bbox 331 1467 1983 1543; baseline 0.001 -21"><span class='ocrx_word' id='word_1_114' title='bbox 331 1467 790 1540; x_wconf 86' lang='lat' dir='ltr'>videre,plenior</span> <span class='ocrx_word' id='word_1_115' title='bbox 805 1469 1070 1539; x_wconf 71' lang='lat' dir='ltr'>quazdam</span> <span class='ocrx_word' id='word_1_116' title='bbox 1084 1469 1242 1524; x_wconf 90' lang='lat' dir='ltr'>verbi</span> <span class='ocrx_word' id='word_1_117' title='bbox 1258 1470 1381 1525; x_wconf 84' lang='lat' dir='ltr'>fieri</span> <span class='ocrx_word' id='word_1_118' title='bbox 1395 1470 1656 1526; x_wconf 91' lang='lat' dir='ltr'>videatur</span> <span class='ocrx_word' id='word_1_119' title='bbox 1667 1473 1983 1543; x_wconf 85' lang='lat' dir='ltr'>expressio.</span> 
     </span>
    </p>
   </div>
   <div class='ocr_carea' id='block_1_16' title="bbox 331 1556 1988 1630">
    <p class='ocr_par' dir='ltr' id='par_1_16' title="bbox 331 1556 1988 1630">
     <span class='ocr_line' id='line_1_16' title="bbox 331 1556 1988 1630; baseline 0.004 -21"><span class='ocrx_word' id='word_1_120' title='bbox 331 1556 465 1610; x_wconf 84' lang='lat' dir='ltr'>Non</span> <span class='ocrx_word' id='word_1_121' title='bbox 492 1572 627 1628; x_wconf 88' lang='lat' dir='ltr'>ergo</span> <span class='ocrx_word' id='word_1_122' title='bbox 677 1557 828 1612; x_wconf 85' lang='lat' dir='ltr'>sicut</span> <span class='ocrx_word' id='word_1_123' title='bbox 859 1557 1065 1613; x_wconf 88' lang='lat' dir='ltr'>beatus</span> <span class='ocrx_word' id='word_1_124' title='bbox 1098 1557 1206 1612; x_wconf 87' lang='lat' dir='ltr'>iste</span> <span class='ocrx_word' id='word_1_125' title='bbox 1239 1557 1338 1630; x_wconf 89' lang='lat' dir='ltr'>qui</span> <span class='ocrx_word' id='word_1_126' title='bbox 1370 1557 1489 1613; x_wconf 61' lang='lat' dir='ltr'>hac</span> <span class='ocrx_word' id='word_1_127' title='bbox 1513 1559 1843 1630; x_wconf 79' lang='lat' dir='ltr'>fecerit,qui</span> <span class='ocrx_word' id='word_1_128' title='bbox 1878 1560 1988 1615; x_wconf 92' lang='lat' dir='ltr'>erit</span> 
     </span>
    </p>
   </div>
   <div class='ocr_carea' id='block_1_17' title="bbox 333 1643 1990 1718">
    <p class='ocr_par' dir='ltr' id='par_1_17' title="bbox 333 1643 1990 1718">
     <span class='ocr_line' id='line_1_17' title="bbox 333 1643 1990 1718; baseline 0.002 -20"><span class='ocrx_word' id='word_1_129' title='bbox 333 1645 624 1713; x_wconf 79' lang='lat' dir='ltr'>tanquam</span> <span class='ocrx_word' id='word_1_130' title='bbox 682 1643 908 1716; x_wconf 87' lang='lat' dir='ltr'>lignum</span> <span class='ocrx_word' id='word_1_131' title='bbox 953 1643 1305 1715; x_wconf 87' lang='lat' dir='ltr'>plantatum,</span> <span class='ocrx_word' id='word_1_132' title='bbox 1360 1646 1529 1715; x_wconf 89' lang='lat' dir='ltr'>cujus</span> <span class='ocrx_word' id='word_1_133' title='bbox 1580 1650 1744 1718; x_wconf 89' lang='lat' dir='ltr'>gesta</span> <span class='ocrx_word' id='word_1_134' title='bbox 1791 1648 1990 1702; x_wconf 86' lang='lat' dir='ltr'>omnia</span> 
     </span>
    </p>
   </div>
   <div class='ocr_carea' id='block_1_18' title="bbox 333 1731 1992 1806">
    <p class='ocr_par' dir='ltr' id='par_1_18' title="bbox 333 1731 1992 1806">
     <span class='ocr_line' id='line_1_18' title="bbox 333 1731 1992 1806; baseline 0.004 -21"><span class='ocrx_word' id='word_1_135' title='bbox 333 1731 833 1804; x_wconf 89' lang='lat' dir='ltr'>posperabuntur,</span> <span class='ocrx_word' id='word_1_136' title='bbox 882 1731 962 1787; x_wconf 90' lang='lat' dir='ltr'>ita</span> <span class='ocrx_word' id='word_1_137' title='bbox 1010 1734 1122 1788; x_wconf 87' lang='lat' dir='ltr'>erit</span> <span class='ocrx_word' id='word_1_138' title='bbox 1165 1738 1221 1788; x_wconf 90' lang='lat' dir='ltr'>et</span> <span class='ocrx_word' id='word_1_139' title='bbox 1271 1733 1510 1805; x_wconf 90' lang='lat' dir='ltr'>impius.</span> <span class='ocrx_word' id='word_1_140' title='bbox 1545 1735 1676 1790; x_wconf 91' lang='lat' dir='ltr'>Ideo</span> <span class='ocrx_word' id='word_1_141' title='bbox 1726 1735 1992 1806; x_wconf 85' lang='lat' dir='ltr'>repetivit</span> 
     </span>
    </p>
   </div>
   <div class='ocr_carea' id='block_1_19' title="bbox 329 1818 1987 1896">
    <p class='ocr_par' dir='ltr' id='par_1_19' title="bbox 329 1818 1987 1896">
     <span class='ocr_line' id='line_1_19' title="bbox 329 1818 1987 1896; baseline 0.002 -21"><span class='ocrx_word' id='word_1_142' title='bbox 329 1818 427 1875; x_wconf 82' lang='lat' dir='ltr'>vel</span> <span class='ocrx_word' id='word_1_143' title='bbox 461 1818 562 1890; x_wconf 90' lang='lat' dir='ltr'>qui</span> <span class='ocrx_word' id='word_1_144' title='bbox 611 1820 866 1892; x_wconf 88' lang='lat' dir='ltr'>scripsit,</span> <span class='ocrx_word' id='word_1_145' title='bbox 899 1819 986 1876; x_wconf 88' lang='lat' dir='ltr'>vel</span> <span class='ocrx_word' id='word_1_146' title='bbox 1019 1821 1118 1893; x_wconf 86' lang='lat' dir='ltr'>qui</span> <span class='ocrx_word' id='word_1_147' title='bbox 1150 1826 1354 1894; x_wconf 90' lang='lat' dir='ltr'>postea</span> <span class='ocrx_word' id='word_1_148' title='bbox 1378 1822 1604 1878; x_wconf 85' lang='lat' dir='ltr'>addidit</span> <span class='ocrx_word' id='word_1_149' title='bbox 1637 1826 1723 1895; x_wconf 91' lang='lat' dir='ltr'>(ut</span> <span class='ocrx_word' id='word_1_150' title='bbox 1748 1825 1987 1896; x_wconf 89' lang='lat' dir='ltr'>quidam</span> 
     </span>
    </p>
   </div>
   <div class='ocr_carea' id='block_1_20' title="bbox 335 1909 1995 1983">
    <p class='ocr_par' dir='ltr' id='par_1_20' title="bbox 335 1909 1995 1983">
     <span class='ocr_line' id='line_1_20' title="bbox 335 1909 1995 1983; baseline 0.003 -21"><span class='ocrx_word' id='word_1_151' title='bbox 335 1909 572 1980; x_wconf 88' lang='lat' dir='ltr'>putant)</span> <span class='ocrx_word' id='word_1_152' title='bbox 604 1925 719 1980; x_wconf 92' lang='lat' dir='ltr'>quo</span> <span class='ocrx_word' id='word_1_153' title='bbox 771 1909 1172 1965; x_wconf 85' lang='lat' dir='ltr'>conﬂrmatior</span> <span class='ocrx_word' id='word_1_154' title='bbox 1221 1910 1382 1966; x_wconf 85' lang='lat' dir='ltr'>ﬁeret</span> <span class='ocrx_word' id='word_1_155' title='bbox 1433 1912 1677 1983; x_wconf 89' lang='lat' dir='ltr'>repetita</span> <span class='ocrx_word' id='word_1_156' title='bbox 1707 1914 1995 1969; x_wconf 87' lang='lat' dir='ltr'>sententia</span> 
     </span>
    </p>
   </div>
   <div class='ocr_carea' id='block_1_21' title="bbox 336 1993 1994 2072">
    <p class='ocr_par' dir='ltr' id='par_1_21' title="bbox 336 1993 1994 2072">
     <span class='ocr_line' id='line_1_21' title="bbox 336 1993 1994 2072; baseline 0.004 -22"><span class='ocrx_word' id='word_1_157' title='bbox 336 1993 588 2051; x_wconf 89' lang='lat' dir='ltr'>dicendo</span> <span class='ocrx_word' id='word_1_158' title='bbox 636 1997 748 2068; x_wconf 69' lang='lat'>(48)</span> <span class='ocrx_word' id='word_1_159' title='bbox 793 2015 805 2052; x_wconf 92' lang='lat'>:</span> <span class='ocrx_word' id='word_1_160' title='bbox 864 2019 891 2045; x_wconf 84' lang='lat'><strong><em>«</em></strong></span> <span class='ocrx_word' id='word_1_161' title='bbox 946 1998 1070 2052; x_wconf 87' lang='lat' dir='ltr'>Non</span> <span class='ocrx_word' id='word_1_162' title='bbox 1132 1999 1215 2053; x_wconf 90' lang='lat' dir='ltr'>sic</span> <span class='ocrx_word' id='word_1_163' title='bbox 1266 1998 1454 2070; x_wconf 87' lang='lat' dir='ltr'>impii,</span> <span class='ocrx_word' id='word_1_164' title='bbox 1506 2017 1622 2055; x_wconf 89' lang='lat' dir='ltr'>non</span> <span class='ocrx_word' id='word_1_165' title='bbox 1673 2001 1780 2069; x_wconf 89' lang='lat' dir='ltr'>sic,</span> <span class='ocrx_word' id='word_1_166' title='bbox 1817 2025 1843 2050; x_wconf 86' lang='grc'>››</span> <span class='ocrx_word' id='word_1_167' title='bbox 1895 2001 1994 2072; x_wconf 94' lang='lat' dir='ltr'>qui</span> 
     </span>
    </p>
   </div>
   <div class='ocr_carea' id='block_1_22' title="bbox 336 2084 1997 2158">
    <p class='ocr_par' dir='ltr' id='par_1_22' title="bbox 336 2084 1997 2158">
     <span class='ocr_line' id='line_1_22' title="bbox 336 2084 1997 2158; baseline 0.002 -18"><span class='ocrx_word' id='word_1_168' title='bbox 336 2088 515 2140; x_wconf 88' lang='lat' dir='ltr'>erunt</span> <span class='ocrx_word' id='word_1_169' title='bbox 541 2087 824 2157; x_wconf 88' lang='lat' dir='ltr'>tanquam</span> <span class='ocrx_word' id='word_1_170' title='bbox 856 2084 1046 2157; x_wconf 89' lang='lat' dir='ltr'>pulvis</span> <span class='ocrx_word' id='word_1_171' title='bbox 1084 2104 1096 2152; x_wconf 93' lang='lat'><strong>;</strong></span> <span class='ocrx_word' id='word_1_172' title='bbox 1132 2091 1270 2142; x_wconf 91' lang='lat' dir='ltr'>sunt</span> <span class='ocrx_word' id='word_1_173' title='bbox 1299 2088 1457 2143; x_wconf 91' lang='lat' dir='ltr'>enim</span> <span class='ocrx_word' id='word_1_174' title='bbox 1488 2090 1722 2158; x_wconf 91' lang='lat' dir='ltr'>terreni,</span> <span class='ocrx_word' id='word_1_175' title='bbox 1759 2093 1814 2144; x_wconf 87' lang='lat' dir='ltr'>et</span> <span class='ocrx_word' id='word_1_176' title='bbox 1844 2090 1997 2144; x_wconf 90' lang='lat' dir='ltr'>sicut</span> 
     </span>
    </p>
   </div>
   <div class='ocr_carea' id='block_1_23' title="bbox 335 2172 1996 2249">
    <p class='ocr_par' dir='ltr' id='par_1_23' title="bbox 335 2172 1996 2249">
     <span class='ocr_line' id='line_1_23' title="bbox 335 2172 1996 2249; baseline 0.002 -21"><span class='ocrx_word' id='word_1_177' title='bbox 335 2172 537 2246; x_wconf 90' lang='lat' dir='ltr'>pulvis</span> <span class='ocrx_word' id='word_1_178' title='bbox 577 2173 884 2244; x_wconf 88' lang='lat' dir='ltr'>projicitur</span> <span class='ocrx_word' id='word_1_179' title='bbox 914 2191 946 2228; x_wconf 89' lang='lat' dir='ltr'>a</span> <span class='ocrx_word' id='word_1_180' title='bbox 977 2173 1120 2230; x_wconf 89' lang='lat' dir='ltr'>faeie</span> <span class='ocrx_word' id='word_1_181' title='bbox 1148 2175 1325 2242; x_wconf 90' lang='lat' dir='ltr'>venti,</span> <span class='ocrx_word' id='word_1_182' title='bbox 1358 2175 1439 2231; x_wconf 90' lang='lat' dir='ltr'>ita</span> <span class='ocrx_word' id='word_1_183' title='bbox 1464 2180 1522 2232; x_wconf 91' lang='lat' dir='ltr'>et</span> <span class='ocrx_word' id='word_1_184' title='bbox 1552 2176 1647 2232; x_wconf 88' lang='lat' dir='ltr'>isti</span> <span class='ocrx_word' id='word_1_185' title='bbox 1680 2177 1996 2249; x_wconf 91' lang='lat' dir='ltr'>projicien-</span> 
     </span>
    </p>
   </div>
   <div class='ocr_carea' id='block_1_24' title="bbox 339 2259 1995 2336">
    <p class='ocr_par' dir='ltr' id='par_1_24' title="bbox 339 2259 1995 2336">
     <span class='ocr_line' id='line_1_24' title="bbox 339 2259 1995 2336; baseline 0.004 -21"><span class='ocrx_word' id='word_1_186' title='bbox 339 2263 442 2316; x_wconf 87' lang='lat' dir='ltr'>tur</span> <span class='ocrx_word' id='word_1_187' title='bbox 471 2265 530 2316; x_wconf 87' lang='lat' dir='ltr'>et</span> <span class='ocrx_word' id='word_1_188' title='bbox 587 2259 1035 2334; x_wconf 88' lang='lat' dir='ltr'>dissipabuntur</span> <span class='ocrx_word' id='word_1_189' title='bbox 1087 2279 1120 2317; x_wconf 89' lang='lat' dir='ltr'>a</span> <span class='ocrx_word' id='word_1_190' title='bbox 1170 2262 1392 2335; x_wconf 87' lang='lat' dir='ltr'>Spiritu</span> <span class='ocrx_word' id='word_1_191' title='bbox 1442 2268 1666 2333; x_wconf 90' lang='lat' dir='ltr'>sancto,</span> <span class='ocrx_word' id='word_1_192' title='bbox 1702 2265 1801 2336; x_wconf 93' lang='lat' dir='ltr'>qui</span> <span class='ocrx_word' id='word_1_193' title='bbox 1833 2269 1995 2320; x_wconf 74' lang='lat' dir='ltr'>terra:</span> 
     </span>
    </p>
   </div>
   <div class='ocr_carea' id='block_1_25' title="bbox 338 2348 1998 2420">
    <p class='ocr_par' dir='ltr' id='par_1_25' title="bbox 338 2348 1998 2420">
     <span class='ocr_line' id='line_1_25' title="bbox 338 2348 1998 2420; baseline 0.002 -16"><span class='ocrx_word' id='word_1_194' title='bbox 338 2348 523 2405; x_wconf 80' lang='lat' dir='ltr'>fertili</span> <span class='ocrx_word' id='word_1_195' title='bbox 555 2353 731 2420; x_wconf 90' lang='lat' dir='ltr'>atque</span> <span class='ocrx_word' id='word_1_196' title='bbox 780 2350 1038 2406; x_wconf 61' lang='lat' dir='ltr'>fecundae</span> <span class='ocrx_word' id='word_1_197' title='bbox 1069 2351 1277 2406; x_wconf 81' lang='lat' dir='ltr'>animae</span> <span class='ocrx_word' id='word_1_198' title='bbox 1301 2350 1576 2407; x_wconf 89' lang='lat' dir='ltr'>salutaris</span> <span class='ocrx_word' id='word_1_199' title='bbox 1607 2353 1760 2409; x_wconf 90' lang='lat' dir='ltr'>sicut</span> <span class='ocrx_word' id='word_1_200' title='bbox 1791 2358 1998 2410; x_wconf 84' lang='lat' dir='ltr'>ventus</span> 
     </span>
    </p>
   </div>
   <div class='ocr_carea' id='block_1_26' title="bbox 355 2438 1187 2510">
    <p class='ocr_par' dir='ltr' id='par_1_26' title="bbox 355 2438 1187 2510">
     <span class='ocr_line' id='line_1_26' title="bbox 355 2438 1187 2510; baseline 0 -16"><span class='ocrx_word' id='word_1_201' title='bbox 355 2441 554 2494; x_wconf 86' lang='lat' dir='ltr'>auster</span> <span class='ocrx_word' id='word_1_202' title='bbox 583 2438 840 2510; x_wconf 88' lang='lat' dir='ltr'>aspirare</span> <span class='ocrx_word' id='word_1_203' title='bbox 869 2439 1187 2494; x_wconf 87' lang='lat' dir='ltr'>consuevit.</span> 
     </span>
    </p>
   </div>
   <div class='ocr_carea' id='block_1_27' title="bbox 425 2526 1998 2597">
    <p class='ocr_par' dir='ltr' id='par_1_27' title="bbox 425 2526 1998 2597">
     <span class='ocr_line' id='line_1_27' title="bbox 425 2526 1998 2597; baseline 0.003 -15"><span class='ocrx_word' id='word_1_204' title='bbox 425 2528 516 2582; x_wconf 84' lang='grc'>55.</span> <span class='ocrx_word' id='word_1_205' title='bbox 548 2526 694 2583; x_wconf 89' lang='lat' dir='ltr'>Huic</span> <span class='ocrx_word' id='word_1_206' title='bbox 742 2532 914 2583; x_wconf 90' lang='lat' dir='ltr'>vento</span> <span class='ocrx_word' id='word_1_207' title='bbox 953 2527 1167 2583; x_wconf 86' lang='lat' dir='ltr'>dicitur</span> <span class='ocrx_word' id='word_1_208' title='bbox 1193 2528 1250 2583; x_wconf 90' lang='lat' dir='ltr'>in</span> <span class='ocrx_word' id='word_1_209' title='bbox 1301 2528 1592 2584; x_wconf 88' lang='lat' dir='ltr'>Canticis:</span> <span class='ocrx_word' id='word_1_210' title='bbox 1630 2552 1658 2580; x_wconf 86' lang='grc'>‹‹</span> <span class='ocrx_word' id='word_1_211' title='bbox 1688 2530 1852 2597; x_wconf 86' lang='lat' dir='ltr'>Veni,</span> <span class='ocrx_word' id='word_1_212' title='bbox 1884 2534 1998 2586; x_wconf 90' lang='lat' dir='ltr'>Au-</span> 
     </span>
    </p>
   </div>
   <div class='ocr_carea' id='block_1_28' title="bbox 355 2615 2002 2688">
    <p class='ocr_par' dir='ltr' id='par_1_28' title="bbox 355 2615 2002 2688">
     <span class='ocr_line' id='line_1_28' title="bbox 355 2615 2002 2688; baseline 0.003 -17"><span class='ocrx_word' id='word_1_213' title='bbox 355 2619 479 2672; x_wconf 86' lang='lat' dir='ltr'>ster</span> <span class='ocrx_word' id='word_1_214' title='bbox 498 2617 675 2686; x_wconf 83' lang='lat' dir='ltr'>(Cant.</span> <span class='ocrx_word' id='word_1_215' title='bbox 701 2633 776 2682; x_wconf 85' lang='lat' dir='ltr'>Iv,</span> <span class='ocrx_word' id='word_1_216' title='bbox 801 2616 949 2688; x_wconf 69' lang='lat'>46),»</span> <span class='ocrx_word' id='word_1_217' title='bbox 976 2621 1038 2671; x_wconf 91' lang='lat' dir='ltr'>ut</span> <span class='ocrx_word' id='word_1_218' title='bbox 1070 2615 1379 2674; x_wconf 90' lang='lat' dir='ltr'>clementia</span> <span class='ocrx_word' id='word_1_219' title='bbox 1402 2618 1552 2674; x_wconf 90' lang='lat' dir='ltr'>aeris</span> <span class='ocrx_word' id='word_1_220' title='bbox 1575 2618 1859 2676; x_wconf 88' lang='lat' dir='ltr'>mollioris</span> <span class='ocrx_word' id='word_1_221' title='bbox 1883 2637 2002 2676; x_wconf 90' lang='lat' dir='ltr'>cor-</span> 
     </span>
    </p>
   </div>
   <div class='ocr_carea' id='block_1_29' title="bbox 353 2703 2001 2778">
    <p class='ocr_par' dir='ltr' id='par_1_29' title="bbox 353 2703 2001 2778">
     <span class='ocr_line' id='line_1_29' title="bbox 353 2703 2001 2778; baseline 0.003 -19"><span class='ocrx_word' id='word_1_222' title='bbox 353 2703 447 2759; x_wconf 89' lang='lat' dir='ltr'>dis</span> <span class='ocrx_word' id='word_1_223' title='bbox 477 2704 659 2760; x_wconf 88' lang='lat' dir='ltr'>nostri</span> <span class='ocrx_word' id='word_1_224' title='bbox 703 2721 838 2760; x_wconf 89' lang='lat' dir='ltr'>arva</span> <span class='ocrx_word' id='word_1_225' title='bbox 867 2704 1156 2771; x_wconf 83' lang='lat' dir='ltr'>laxentur,</span> <span class='ocrx_word' id='word_1_226' title='bbox 1190 2723 1316 2777; x_wconf 70' lang='lat' dir='ltr'>qua:</span> <span class='ocrx_word' id='word_1_227' title='bbox 1348 2707 1601 2762; x_wconf 89' lang='lat' dir='ltr'>brumali</span> <span class='ocrx_word' id='word_1_228' title='bbox 1632 2708 1762 2778; x_wconf 88' lang='lat' dir='ltr'>gelu</span> <span class='ocrx_word' id='word_1_229' title='bbox 1797 2709 2001 2764; x_wconf 89' lang='lat' dir='ltr'>stricta</span> 
     </span>
    </p>
   </div>
   <div class='ocr_carea' id='block_1_30' title="bbox 351 2792 1999 2868">
    <p class='ocr_par' dir='ltr' id='par_1_30' title="bbox 351 2792 1999 2868">
     <span class='ocr_line' id='line_1_30' title="bbox 351 2792 1999 2868; baseline 0.003 -20"><span class='ocrx_word' id='word_1_230' title='bbox 351 2792 700 2864; x_wconf 88' lang='lat' dir='ltr'>recipiendis</span> <span class='ocrx_word' id='word_1_231' title='bbox 714 2793 1005 2866; x_wconf 89' lang='lat' dir='ltr'>gremium</span> <span class='ocrx_word' id='word_1_232' title='bbox 1029 2794 1354 2851; x_wconf 87' lang='lat' dir='ltr'>seminibus</span> <span class='ocrx_word' id='word_1_233' title='bbox 1367 2796 1753 2868; x_wconf 86' lang='lat' dir='ltr'>denegabant.</span> <span class='ocrx_word' id='word_1_234' title='bbox 1773 2798 1999 2853; x_wconf 89' lang='lat' dir='ltr'>Bonum</span> 
     </span>
    </p>
   </div>
   <div class='ocr_carea' id='block_1_31' title="bbox 353 2880 1998 2955">
    <p class='ocr_par' dir='ltr' id='par_1_31' title="bbox 353 2880 1998 2955">
     <span class='ocr_line' id='line_1_31' title="bbox 353 2880 1998 2955; baseline 0.002 -18"><span class='ocrx_word' id='word_1_235' title='bbox 353 2885 445 2937; x_wconf 90' lang='lat' dir='ltr'>est</span> <span class='ocrx_word' id='word_1_236' title='bbox 463 2880 632 2937; x_wconf 88' lang='lat' dir='ltr'>nobis</span> <span class='ocrx_word' id='word_1_237' title='bbox 667 2885 730 2936; x_wconf 91' lang='lat' dir='ltr'>ut</span> <span class='ocrx_word' id='word_1_238' title='bbox 777 2881 871 2936; x_wconf 93' lang='lat' dir='ltr'>hic</span> <span class='ocrx_word' id='word_1_239' title='bbox 900 2883 1088 2938; x_wconf 90' lang='lat' dir='ltr'>ventis</span> <span class='ocrx_word' id='word_1_240' title='bbox 1137 2883 1374 2955; x_wconf 88' lang='lat' dir='ltr'>aspiret,</span> <span class='ocrx_word' id='word_1_241' title='bbox 1408 2884 1508 2955; x_wconf 91' lang='lat' dir='ltr'>qui</span> <span class='ocrx_word' id='word_1_242' title='bbox 1561 2901 1736 2941; x_wconf 86' lang='lat' dir='ltr'>naves</span> <span class='ocrx_word' id='word_1_243' title='bbox 1758 2885 1998 2941; x_wconf 86' lang='lat' dir='ltr'>Tharsis</span> 
     </span>
    </p>
   </div>
   <div class='ocr_carea' id='block_1_32' title="bbox 353 2970 1998 3045">
    <p class='ocr_par' dir='ltr' id='par_1_32' title="bbox 353 2970 1998 3045">
     <span class='ocr_line' id='line_1_32' title="bbox 353 2970 1998 3045; baseline 0.002 -20"><span class='ocrx_word' id='word_1_244' title='bbox 353 2970 603 3026; x_wconf 88' lang='lat' dir='ltr'>ferentes</span> <span class='ocrx_word' id='word_1_245' title='bbox 632 2987 765 3026; x_wconf 89' lang='lat' dir='ltr'>vero</span> <span class='ocrx_word' id='word_1_246' title='bbox 809 2971 1108 3027; x_wconf 87' lang='lat' dir='ltr'>Salomoni</span> <span class='ocrx_word' id='word_1_247' title='bbox 1157 2988 1287 3042; x_wconf 66' lang='lat' dir='ltr'>quae</span> <span class='ocrx_word' id='word_1_248' title='bbox 1319 2973 1389 3028; x_wconf 91' lang='lat' dir='ltr'>ad</span> <span class='ocrx_word' id='word_1_249' title='bbox 1421 2973 1705 3045; x_wconf 88' lang='lat' dir='ltr'>templum</span> <span class='ocrx_word' id='word_1_250' title='bbox 1739 2974 1868 3045; x_wconf 87' lang='lat' dir='ltr'>ejus</span> <span class='ocrx_word' id='word_1_251' title='bbox 1901 2993 1998 3029; x_wconf 91' lang='lat' dir='ltr'>ne-</span> 
     </span>
    </p>
   </div>
   <div class='ocr_carea' id='block_1_33' title="bbox 352 3058 1998 3133">
    <p class='ocr_par' dir='ltr' id='par_1_33' title="bbox 352 3058 1998 3133">
     <span class='ocr_line' id='line_1_33' title="bbox 352 3058 1998 3133; baseline 0.002 -19"><span class='ocrx_word' id='word_1_252' title='bbox 352 3058 609 3122; x_wconf 81' lang='lat' dir='ltr'>cessaria</span> <span class='ocrx_word' id='word_1_253' title='bbox 660 3058 950 3126; x_wconf 89' lang='lat' dir='ltr'>videntur,</span> <span class='ocrx_word' id='word_1_254' title='bbox 1010 3064 1170 3115; x_wconf 91' lang='lat' dir='ltr'>tutos</span> <span class='ocrx_word' id='word_1_255' title='bbox 1222 3061 1471 3116; x_wconf 87' lang='lat' dir='ltr'>deducat</span> <span class='ocrx_word' id='word_1_256' title='bbox 1520 3061 1578 3116; x_wconf 90' lang='lat' dir='ltr'>in</span> <span class='ocrx_word' id='word_1_257' title='bbox 1625 3067 1850 3133; x_wconf 90' lang='lat' dir='ltr'>portus.</span> <span class='ocrx_word' id='word_1_258' title='bbox 1890 3064 1998 3118; x_wconf 92' lang='lat' dir='ltr'>Sed</span> 
     </span>
    </p>
   </div>
   <div class='ocr_carea' id='block_1_34' title="bbox 351 3146 1996 3223">
    <p class='ocr_par' dir='ltr' id='par_1_34' title="bbox 351 3146 1996 3223">
     <span class='ocr_line' id='line_1_34' title="bbox 351 3146 1996 3223; baseline 0.003 -22"><span class='ocrx_word' id='word_1_259' title='bbox 351 3151 494 3202; x_wconf 90' lang='lat' dir='ltr'>tunc</span> <span class='ocrx_word' id='word_1_260' title='bbox 541 3146 650 3203; x_wconf 88' lang='lat' dir='ltr'>iste</span> <span class='ocrx_word' id='word_1_261' title='bbox 686 3151 896 3202; x_wconf 89' lang='lat' dir='ltr'>ventus</span> <span class='ocrx_word' id='word_1_262' title='bbox 924 3149 1164 3220; x_wconf 90' lang='lat' dir='ltr'>aspirat,</span> <span class='ocrx_word' id='word_1_263' title='bbox 1194 3149 1243 3204; x_wconf 89' lang='lat' dir='ltr'>si</span> <span class='ocrx_word' id='word_1_264' title='bbox 1272 3149 1476 3206; x_wconf 85' lang='lat' dir='ltr'>boreas</span> <span class='ocrx_word' id='word_1_265' title='bbox 1521 3149 1617 3205; x_wconf 91' lang='lat' dir='ltr'>ille</span> <span class='ocrx_word' id='word_1_266' title='bbox 1639 3151 1831 3223; x_wconf 90' lang='lat' dir='ltr'>gravis</span> <span class='ocrx_word' id='word_1_267' title='bbox 1861 3169 1996 3208; x_wconf 91' lang='lat' dir='ltr'>ven-</span> 
     </span>
    </p>
   </div>
   <div class='ocr_carea' id='block_1_35' title="bbox 2091 582 3740 656">
    <p class='ocr_par' dir='ltr' id='par_1_35' title="bbox 2091 582 3740 656">
     <span class='ocr_line' id='line_1_35' title="bbox 2091 582 3740 656; baseline -0.001 -16"><span class='ocrx_word' id='word_1_268' title='bbox 2091 601 2297 656; x_wconf 85' lang='lat' dir='ltr'>genus.</span> <span class='ocrx_word' id='word_1_269' title='bbox 2333 585 2572 640; x_wconf 79' lang='lat' dir='ltr'>Praefers</span> <span class='ocrx_word' id='word_1_270' title='bbox 2622 583 2875 650; x_wconf 87' lang='lat' dir='ltr'>divitias,</span> <span class='ocrx_word' id='word_1_271' title='bbox 2927 582 3065 655; x_wconf 91' lang='lat' dir='ltr'>quia</span> <span class='ocrx_word' id='word_1_272' title='bbox 3109 582 3388 641; x_wconf 87' lang='lat' dir='ltr'>conviviis</span> <span class='ocrx_word' id='word_1_273' title='bbox 3421 583 3614 656; x_wconf 87' lang='lat' dir='ltr'>pascis</span> <span class='ocrx_word' id='word_1_274' title='bbox 3649 599 3740 639; x_wconf 90' lang='lat' dir='ltr'>so-</span> 
     </span>
    </p>
   </div>
   <div class='ocr_carea' id='block_1_36' title="bbox 2092 672 3743 745">
    <p class='ocr_par' dir='ltr' id='par_1_36' title="bbox 2092 672 3743 745">
     <span class='ocr_line' id='line_1_36' title="bbox 2092 672 3743 745; baseline 0 -17"><span class='ocrx_word' id='word_1_275' title='bbox 2092 672 2273 729; x_wconf 90' lang='lat' dir='ltr'>dales.</span> <span class='ocrx_word' id='word_1_276' title='bbox 2309 673 2540 729; x_wconf 89' lang='lat' dir='ltr'>Utinam</span> <span class='ocrx_word' id='word_1_277' title='bbox 2573 688 2785 745; x_wconf 89' lang='lat' dir='ltr'>egenos</span> <span class='ocrx_word' id='word_1_278' title='bbox 2817 689 3084 744; x_wconf 89' lang='lat' dir='ltr'>pasceres</span> <span class='ocrx_word' id='word_1_279' title='bbox 3112 673 3122 727; x_wconf 89' lang='lat' dir='ltr'>l</span> <span class='ocrx_word' id='word_1_280' title='bbox 3159 672 3383 728; x_wconf 89' lang='lat' dir='ltr'>utinam</span> <span class='ocrx_word' id='word_1_281' title='bbox 3438 689 3555 727; x_wconf 89' lang='lat' dir='ltr'>non</span> <span class='ocrx_word' id='word_1_282' title='bbox 3586 673 3743 743; x_wconf 86' lang='lat' dir='ltr'>joco-</span> 
     </span>
    </p>
   </div>
   <div class='ocr_carea' id='block_1_37' title="bbox 2094 760 3744 833">
    <p class='ocr_par' dir='ltr' id='par_1_37' title="bbox 2094 760 3744 833">
     <span class='ocr_line' id='line_1_37' title="bbox 2094 760 3744 833; baseline 0 -17"><span class='ocrx_word' id='word_1_283' title='bbox 2094 779 2223 816; x_wconf 92' lang='lat' dir='ltr'>rum</span> <span class='ocrx_word' id='word_1_284' title='bbox 2249 760 2569 827; x_wconf 81' lang='lat' dir='ltr'>ministros,</span> <span class='ocrx_word' id='word_1_285' title='bbox 2591 762 2689 817; x_wconf 86' lang='lat' dir='ltr'>sed</span> <span class='ocrx_word' id='word_1_286' title='bbox 2716 766 2981 817; x_wconf 81' lang='lat' dir='ltr'>votorum</span> <span class='ocrx_word' id='word_1_287' title='bbox 3005 762 3304 833; x_wconf 84' lang='lat' dir='ltr'>adjutores</span> <span class='ocrx_word' id='word_1_288' title='bbox 3329 761 3340 816; x_wconf 90' lang='lat'><strong>!</strong></span> <span class='ocrx_word' id='word_1_289' title='bbox 3375 761 3572 817; x_wconf 87' lang='lat' dir='ltr'>Jactas</span> <span class='ocrx_word' id='word_1_290' title='bbox 3604 761 3744 833; x_wconf 87' lang='lat' dir='ltr'>quia</span> 
     </span>
    </p>
   </div>
   <div class='ocr_carea' id='block_1_38' title="bbox 2093 849 3743 922">
    <p class='ocr_par' dir='ltr' id='par_1_38' title="bbox 2093 849 3743 922">
     <span class='ocr_line' id='line_1_38' title="bbox 2093 849 3743 922; baseline -0.001 -16"><span class='ocrx_word' id='word_1_291' title='bbox 2093 851 2404 922; x_wconf 91' lang='lat' dir='ltr'>prodeunti</span> <span class='ocrx_word' id='word_1_292' title='bbox 2458 850 2613 905; x_wconf 91' lang='lat' dir='ltr'>illico</span> <span class='ocrx_word' id='word_1_293' title='bbox 2667 850 2912 916; x_wconf 91' lang='lat' dir='ltr'>ceditur,</span> <span class='ocrx_word' id='word_1_294' title='bbox 2966 849 3318 905; x_wconf 86' lang='lat' dir='ltr'>ethomincs</span> <span class='ocrx_word' id='word_1_295' title='bbox 3348 854 3403 904; x_wconf 92' lang='lat' dir='ltr'>te</span> <span class='ocrx_word' id='word_1_296' title='bbox 3462 854 3743 922; x_wconf 87' lang='lat' dir='ltr'>tanquam</span> 
     </span>
    </p>
   </div>
   <div class='ocr_carea' id='block_1_39' title="bbox 2094 937 3746 1008">
    <p class='ocr_par' dir='ltr' id='par_1_39' title="bbox 2094 937 3746 1008">
     <span class='ocr_line' id='line_1_39' title="bbox 2094 937 3746 1008; baseline -0.001 -15"><span class='ocrx_word' id='word_1_297' title='bbox 2094 939 2274 993; x_wconf 82' lang='lat' dir='ltr'>feram</span> <span class='ocrx_word' id='word_1_298' title='bbox 2307 937 2599 993; x_wconf 88' lang='lat' dir='ltr'>declinant</span> <span class='ocrx_word' id='word_1_299' title='bbox 2627 942 2726 993; x_wconf 90' lang='lat' dir='ltr'>aut</span> <span class='ocrx_word' id='word_1_300' title='bbox 2750 939 3016 993; x_wconf 89' lang='lat' dir='ltr'>bestiam.</span> <span class='ocrx_word' id='word_1_301' title='bbox 3052 938 3201 992; x_wconf 89' lang='lat' dir='ltr'>Num</span> <span class='ocrx_word' id='word_1_302' title='bbox 3224 938 3345 993; x_wconf 77' lang='lat' dir='ltr'>haec</span> <span class='ocrx_word' id='word_1_303' title='bbox 3369 953 3496 993; x_wconf 90' lang='lat' dir='ltr'>esse</span> <span class='ocrx_word' id='word_1_304' title='bbox 3524 937 3746 1008; x_wconf 88' lang='lat' dir='ltr'>aliquid</span> 
     </span>
    </p>
   </div>
   <div class='ocr_carea' id='block_1_40' title="bbox 2093 1026 3750 1098">
    <p class='ocr_par' dir='ltr' id='par_1_40' title="bbox 2093 1026 3750 1098">
     <span class='ocr_line' id='line_1_40' title="bbox 2093 1026 3750 1098; baseline 0 -18"><span class='ocrx_word' id='word_1_305' title='bbox 2093 1031 2265 1098; x_wconf 90' lang='lat' dir='ltr'>putas</span> <span class='ocrx_word' id='word_1_306' title='bbox 2287 1026 2314 1080; x_wconf 84' lang='lat'>‘?</span> <span class='ocrx_word' id='word_1_307' title='bbox 2341 1026 2463 1080; x_wconf 89' lang='lat' dir='ltr'>Non</span> <span class='ocrx_word' id='word_1_308' title='bbox 2497 1027 2666 1082; x_wconf 88' lang='lat' dir='ltr'>audis</span> <span class='ocrx_word' id='word_1_309' title='bbox 2699 1027 2837 1098; x_wconf 89' lang='lat' dir='ltr'>quia</span> <span class='ocrx_word' id='word_1_310' title='bbox 2881 1043 2946 1080; x_wconf 88' lang='lat' dir='ltr'>ea</span> <span class='ocrx_word' id='word_1_311' title='bbox 2979 1026 3177 1081; x_wconf 90' lang='lat' dir='ltr'>omnia</span> <span class='ocrx_word' id='word_1_312' title='bbox 3212 1029 3488 1097; x_wconf 85' lang='lat' dir='ltr'>tanquam</span> <span class='ocrx_word' id='word_1_313' title='bbox 3538 1026 3750 1080; x_wconf 89' lang='lat' dir='ltr'>umbra</span> 
     </span>
    </p>
   </div>
   <div class='ocr_carea' id='block_1_41' title="bbox 2094 1114 3750 1186">
    <p class='ocr_par' dir='ltr' id='par_1_41' title="bbox 2094 1114 3750 1186">
     <span class='ocr_line' id='line_1_41' title="bbox 2094 1114 3750 1186; baseline -0.001 -17"><span class='ocrx_word' id='word_1_314' title='bbox 2094 1118 2474 1186; x_wconf 73' lang='lat' dir='ltr'>praetereant?</span> <span class='ocrx_word' id='word_1_315' title='bbox 2503 1114 2646 1181; x_wconf 89' lang='lat' dir='ltr'>Quid</span> <span class='ocrx_word' id='word_1_316' title='bbox 2672 1117 2883 1186; x_wconf 85' lang='lat' dir='ltr'>juvant</span> <span class='ocrx_word' id='word_1_317' title='bbox 2915 1115 3249 1170; x_wconf 88' lang='lat' dir='ltr'>consulares</span> <span class='ocrx_word' id='word_1_318' title='bbox 3302 1117 3608 1186; x_wconf 67' lang='lat' dir='ltr'>praetextae,</span> <span class='ocrx_word' id='word_1_319' title='bbox 3643 1118 3750 1168; x_wconf 89' lang='lat' dir='ltr'>aut</span> 
     </span>
    </p>
   </div>
   <div class='ocr_carea' id='block_1_42' title="bbox 2094 1201 3747 1275">
    <p class='ocr_par' dir='ltr' id='par_1_42' title="bbox 2094 1201 3747 1275">
     <span class='ocr_line' id='line_1_42' title="bbox 2094 1201 3747 1275; baseline -0.001 -17"><span class='ocrx_word' id='word_1_320' title='bbox 2094 1203 2345 1259; x_wconf 87' lang='lat' dir='ltr'>nitentes</span> <span class='ocrx_word' id='word_1_321' title='bbox 2391 1221 2530 1259; x_wconf 77' lang='lat' dir='ltr'>auro</span> <span class='ocrx_word' id='word_1_322' title='bbox 2579 1201 2968 1274; x_wconf 85' lang='lat' dir='ltr'>triumphales</span> <span class='ocrx_word' id='word_1_323' title='bbox 3016 1201 3285 1275; x_wconf 75' lang='lat' dir='ltr'>palmatze</span> <span class='ocrx_word' id='word_1_324' title='bbox 3335 1203 3449 1270; x_wconf 76' lang='grc'>(49)</span> <span class='ocrx_word' id='word_1_325' title='bbox 3487 1202 3747 1258; x_wconf 84' lang='lat' dir='ltr'>?Nudus</span> 
     </span>
    </p>
   </div>
   <div class='ocr_carea' id='block_1_43' title="bbox 2096 1290 3744 1362">
    <p class='ocr_par' dir='ltr' id='par_1_43' title="bbox 2096 1290 3744 1362">
     <span class='ocr_line' id='line_1_43' title="bbox 2096 1290 3744 1362; baseline -0.001 -16"><span class='ocrx_word' id='word_1_326' title='bbox 2096 1291 2332 1346; x_wconf 79' lang='lat' dir='ltr'>exibis:</span> <span class='ocrx_word' id='word_1_327' title='bbox 2386 1308 2555 1347; x_wconf 90' lang='lat' dir='ltr'>nemo</span> <span class='ocrx_word' id='word_1_328' title='bbox 2604 1291 2721 1346; x_wconf 91' lang='lat' dir='ltr'>illic</span> <span class='ocrx_word' id='word_1_329' title='bbox 2787 1290 3086 1346; x_wconf 89' lang='lat' dir='ltr'>consulem</span> <span class='ocrx_word' id='word_1_330' title='bbox 3147 1294 3538 1362; x_wconf 82' lang='lat' dir='ltr'>recognoscet.</span> <span class='ocrx_word' id='word_1_331' title='bbox 3597 1290 3744 1354; x_wconf 90' lang='lat' dir='ltr'>Quid</span> 
     </span>
    </p>
   </div>
   <div class='ocr_carea' id='block_1_44' title="bbox 2096 1378 3748 1453">
    <p class='ocr_par' dir='ltr' id='par_1_44' title="bbox 2096 1378 3748 1453">
     <span class='ocr_line' id='line_1_44' title="bbox 2096 1378 3748 1453; baseline -0.001 -18"><span class='ocrx_word' id='word_1_332' title='bbox 2096 1385 2343 1453; x_wconf 90' lang='lat' dir='ltr'>prosunt</span> <span class='ocrx_word' id='word_1_333' title='bbox 2366 1380 2686 1436; x_wconf 84' lang='lat' dir='ltr'>innumerae</span> <span class='ocrx_word' id='word_1_334' title='bbox 2710 1381 3109 1452; x_wconf 88' lang='lat' dir='ltr'>possessiones</span> <span class='ocrx_word' id='word_1_335' title='bbox 3131 1380 3158 1434; x_wconf 80' lang='lat'><strong>‘?</strong></span> <span class='ocrx_word' id='word_1_336' title='bbox 3181 1378 3428 1433; x_wconf 69' lang='lat' dir='ltr'>Publica:</span> <span class='ocrx_word' id='word_1_337' title='bbox 3448 1382 3606 1446; x_wconf 89' lang='lat' dir='ltr'>sunt,</span> <span class='ocrx_word' id='word_1_338' title='bbox 3634 1396 3748 1434; x_wconf 92' lang='lat' dir='ltr'>non</span> 
     </span>
    </p>
   </div>
   <div class='ocr_carea' id='block_1_45' title="bbox 2096 1467 3746 1535">
    <p class='ocr_par' dir='ltr' id='par_1_45' title="bbox 2096 1467 3746 1535">
     <span class='ocr_line' id='line_1_45' title="bbox 2096 1467 3746 1535; baseline -0.001 -12"><span class='ocrx_word' id='word_1_339' title='bbox 2096 1472 2229 1523; x_wconf 69' lang='lat' dir='ltr'>tum.</span> <span class='ocrx_word' id='word_1_340' title='bbox 2263 1468 2443 1523; x_wconf 88' lang='lat' dir='ltr'>Hodie</span> <span class='ocrx_word' id='word_1_341' title='bbox 2493 1472 2554 1523; x_wconf 93' lang='lat' dir='ltr'>tu</span> <span class='ocrx_word' id='word_1_342' title='bbox 2614 1473 2798 1535; x_wconf 87' lang='lat' dir='ltr'>tenes,</span> <span class='ocrx_word' id='word_1_343' title='bbox 2833 1484 2961 1524; x_wconf 87' lang='lat' dir='ltr'>cras</span> <span class='ocrx_word' id='word_1_344' title='bbox 3015 1467 3184 1523; x_wconf 89' lang='lat' dir='ltr'>alius.</span> <span class='ocrx_word' id='word_1_345' title='bbox 3221 1467 3366 1522; x_wconf 88' lang='lat' dir='ltr'>Cum</span> <span class='ocrx_word' id='word_1_346' title='bbox 3420 1472 3482 1522; x_wconf 87' lang='lat' dir='ltr'>tu</span> <span class='ocrx_word' id='word_1_347' title='bbox 3517 1467 3746 1535; x_wconf 73' lang='lat' dir='ltr'>exieris,</span> 
     </span>
    </p>
   </div>
   <div class='ocr_carea' id='block_1_46' title="bbox 2097 1555 3743 1628">
    <p class='ocr_par' dir='ltr' id='par_1_46' title="bbox 2097 1555 3743 1628">
     <span class='ocr_line' id='line_1_46' title="bbox 2097 1555 3743 1628; baseline -0.002 -17"><span class='ocrx_word' id='word_1_348' title='bbox 2097 1556 2250 1612; x_wconf 89' lang='lat' dir='ltr'>alius</span> <span class='ocrx_word' id='word_1_349' title='bbox 2282 1557 2479 1612; x_wconf 87' lang='lat' dir='ltr'>intrat.</span> <span class='ocrx_word' id='word_1_350' title='bbox 2505 1556 2612 1610; x_wconf 77' lang='lat' dir='ltr'>Vix</span> <span class='ocrx_word' id='word_1_351' title='bbox 2644 1556 2875 1612; x_wconf 89' lang='lat' dir='ltr'>movisti</span> <span class='ocrx_word' id='word_1_352' title='bbox 2907 1557 3136 1628; x_wconf 88' lang='lat' dir='ltr'>pedem,</span> <span class='ocrx_word' id='word_1_353' title='bbox 3171 1555 3322 1610; x_wconf 88' lang='lat' dir='ltr'>alius</span> <span class='ocrx_word' id='word_1_354' title='bbox 3353 1571 3621 1628; x_wconf 83' lang='lat' dir='ltr'>gressum</span> <span class='ocrx_word' id='word_1_355' title='bbox 3656 1555 3743 1608; x_wconf 90' lang='lat' dir='ltr'>in-</span> 
     </span>
    </p>
   </div>
   <div class='ocr_carea' id='block_1_47' title="bbox 2098 1644 3748 1716">
    <p class='ocr_par' dir='ltr' id='par_1_47' title="bbox 2098 1644 3748 1716">
     <span class='ocr_line' id='line_1_47' title="bbox 2098 1644 3748 1716; baseline -0.001 -17"><span class='ocrx_word' id='word_1_356' title='bbox 2098 1644 2471 1709; x_wconf 88' lang='lat' dir='ltr'>tulit.Quanti</span> <span class='ocrx_word' id='word_1_357' title='bbox 2495 1649 2625 1701; x_wconf 90' lang='lat' dir='ltr'>ante</span> <span class='ocrx_word' id='word_1_358' title='bbox 2649 1649 2703 1700; x_wconf 89' lang='lat' dir='ltr'>te</span> <span class='ocrx_word' id='word_1_359' title='bbox 2726 1644 2844 1700; x_wconf 91' lang='lat' dir='ltr'>illic</span> <span class='ocrx_word' id='word_1_360' title='bbox 2866 1645 3122 1710; x_wconf 89' lang='lat' dir='ltr'>fuerunt,</span> <span class='ocrx_word' id='word_1_361' title='bbox 3151 1644 3356 1714; x_wconf 89' lang='lat' dir='ltr'>quanti</span> <span class='ocrx_word' id='word_1_362' title='bbox 3388 1647 3520 1716; x_wconf 91' lang='lat' dir='ltr'>post</span> <span class='ocrx_word' id='word_1_363' title='bbox 3550 1649 3605 1697; x_wconf 91' lang='lat' dir='ltr'>te</span> <span class='ocrx_word' id='word_1_364' title='bbox 3647 1644 3748 1698; x_wconf 92' lang='lat' dir='ltr'>do-</span> 
     </span>
    </p>
   </div>
   <div class='ocr_carea' id='block_1_48' title="bbox 2102 1733 3748 1805">
    <p class='ocr_par' dir='ltr' id='par_1_48' title="bbox 2102 1733 3748 1805">
     <span class='ocr_line' id='line_1_48' title="bbox 2102 1733 3748 1805; baseline -0.001 -17"><span class='ocrx_word' id='word_1_365' title='bbox 2102 1733 2507 1802; x_wconf 89' lang='lat' dir='ltr'>minabuntur,</span> <span class='ocrx_word' id='word_1_366' title='bbox 2569 1739 2625 1789; x_wconf 91' lang='lat' dir='ltr'>et</span> <span class='ocrx_word' id='word_1_367' title='bbox 2680 1734 2788 1788; x_wconf 92' lang='lat' dir='ltr'>hoc</span> <span class='ocrx_word' id='word_1_368' title='bbox 2823 1738 2995 1805; x_wconf 89' lang='lat' dir='ltr'>putas</span> <span class='ocrx_word' id='word_1_369' title='bbox 3041 1749 3167 1788; x_wconf 91' lang='lat' dir='ltr'>esse</span> <span class='ocrx_word' id='word_1_370' title='bbox 3201 1733 3488 1804; x_wconf 90' lang='lat' dir='ltr'>privatum</span> <span class='ocrx_word' id='word_1_371' title='bbox 3517 1735 3539 1787; x_wconf 84' lang='lat'><strong>?</strong></span> <span class='ocrx_word' id='word_1_372' title='bbox 3567 1733 3748 1796; x_wconf 89' lang='lat' dir='ltr'>Quem</span> 
     </span>
    </p>
   </div>
   <div class='ocr_carea' id='block_1_49' title="bbox 2103 1821 3749 1895">
    <p class='ocr_par' dir='ltr' id='par_1_49' title="bbox 2103 1821 3749 1895">
     <span class='ocr_line' id='line_1_49' title="bbox 2103 1821 3749 1895; baseline -0.001 -17"><span class='ocrx_word' id='word_1_373' title='bbox 2103 1839 2365 1895; x_wconf 88' lang='lat' dir='ltr'>unquam</span> <span class='ocrx_word' id='word_1_374' title='bbox 2421 1841 2451 1877; x_wconf 91' lang='lat' dir='ltr'>a</span> <span class='ocrx_word' id='word_1_375' title='bbox 2509 1830 2693 1878; x_wconf 83' lang='lat' dir='ltr'>morte</span> <span class='ocrx_word' id='word_1_376' title='bbox 2725 1822 2940 1876; x_wconf 68' lang='lat' dir='ltr'>divitiae</span> <span class='ocrx_word' id='word_1_377' title='bbox 2974 1821 3394 1876; x_wconf 83' lang='lat' dir='ltr'>redemerunt?</span> <span class='ocrx_word' id='word_1_378' title='bbox 3426 1823 3545 1876; x_wconf 92' lang='lat' dir='ltr'>lmo</span> <span class='ocrx_word' id='word_1_379' title='bbox 3578 1838 3749 1893; x_wconf 90' lang='lat' dir='ltr'>quem</span> 
     </span>
    </p>
   </div>
   <div class='ocr_carea' id='block_1_50' title="bbox 2109 1909 3753 1982">
    <p class='ocr_par' dir='ltr' id='par_1_50' title="bbox 2109 1909 3753 1982">
     <span class='ocr_line' id='line_1_50' title="bbox 2109 1909 3753 1982; baseline -0.001 -17"><span class='ocrx_word' id='word_1_380' title='bbox 2109 1928 2222 1966; x_wconf 90' lang='lat' dir='ltr'>non</span> <span class='ocrx_word' id='word_1_381' title='bbox 2259 1912 2328 1966; x_wconf 88' lang='lat' dir='ltr'>ad</span> <span class='ocrx_word' id='word_1_382' title='bbox 2363 1916 2610 1967; x_wconf 91' lang='lat' dir='ltr'>mortem</span> <span class='ocrx_word' id='word_1_383' title='bbox 2657 1910 2868 1965; x_wconf 70' lang='lat' dir='ltr'>divitia:</span> <span class='ocrx_word' id='word_1_384' title='bbox 2912 1914 3269 1982; x_wconf 83' lang='lat' dir='ltr'>coegerunt?</span> <span class='ocrx_word' id='word_1_385' title='bbox 3297 1910 3478 1973; x_wconf 89' lang='lat' dir='ltr'>Quem</span> <span class='ocrx_word' id='word_1_386' title='bbox 3506 1910 3577 1964; x_wconf 87' lang='lat' dir='ltr'>ab</span> <span class='ocrx_word' id='word_1_387' title='bbox 3611 1909 3753 1964; x_wconf 87' lang='lat' dir='ltr'>infe-</span> 
     </span>
    </p>
   </div>
   <div class='ocr_carea' id='block_1_51' title="bbox 2106 1997 3758 2072">
    <p class='ocr_par' dir='ltr' id='par_1_51' title="bbox 2106 1997 3758 2072">
     <span class='ocr_line' id='line_1_51' title="bbox 2106 1997 3758 2072; baseline -0.002 -17"><span class='ocrx_word' id='word_1_388' title='bbox 2106 2000 2189 2055; x_wconf 89' lang='lat' dir='ltr'>ris</span> <span class='ocrx_word' id='word_1_389' title='bbox 2212 2017 2329 2056; x_wconf 67' lang='lat' dir='ltr'>sua:</span> <span class='ocrx_word' id='word_1_390' title='bbox 2362 2004 2705 2056; x_wconf 87' lang='lat' dir='ltr'>revocarunt</span> <span class='ocrx_word' id='word_1_391' title='bbox 2747 1999 2930 2072; x_wconf 79' lang='lat' dir='ltr'>opes?</span> <span class='ocrx_word' id='word_1_392' title='bbox 2961 2000 3141 2063; x_wconf 90' lang='lat' dir='ltr'>Quem</span> <span class='ocrx_word' id='word_1_393' title='bbox 3173 1997 3432 2071; x_wconf 90' lang='lat' dir='ltr'>potentia</span> <span class='ocrx_word' id='word_1_394' title='bbox 3461 1998 3758 2054; x_wconf 81' lang='lat' dir='ltr'>excusavit</span> 
     </span>
    </p>
   </div>
   <div class='ocr_carea' id='block_1_52' title="bbox 2107 2085 3753 2160">
    <p class='ocr_par' dir='ltr' id='par_1_52' title="bbox 2107 2085 3753 2160">
     <span class='ocr_line' id='line_1_52' title="bbox 2107 2085 3753 2160; baseline -0.002 -18"><span class='ocrx_word' id='word_1_395' title='bbox 2107 2104 2140 2142; x_wconf 89' lang='lat' dir='ltr'>a</span> <span class='ocrx_word' id='word_1_396' title='bbox 2169 2105 2336 2160; x_wconf 72' lang='lat' dir='ltr'>pmna</span> <span class='ocrx_word' id='word_1_397' title='bbox 2360 2089 2388 2141; x_wconf 85' lang='lat'><strong>?</strong></span> <span class='ocrx_word' id='word_1_398' title='bbox 2416 2088 2612 2143; x_wconf 88' lang='lat' dir='ltr'>Pulvis</span> <span class='ocrx_word' id='word_1_399' title='bbox 2644 2091 2732 2143; x_wconf 91' lang='lat' dir='ltr'>est</span> <span class='ocrx_word' id='word_1_400' title='bbox 2778 2086 3069 2159; x_wconf 84' lang='lat' dir='ltr'>impietas,</span> <span class='ocrx_word' id='word_1_401' title='bbox 3124 2087 3275 2141; x_wconf 84' lang='lat' dir='ltr'>sicut</span> <span class='ocrx_word' id='word_1_402' title='bbox 3305 2085 3497 2158; x_wconf 87' lang='lat' dir='ltr'>pulvis</span> <span class='ocrx_word' id='word_1_403' title='bbox 3528 2090 3616 2142; x_wconf 91' lang='lat' dir='ltr'>est</span> <span class='ocrx_word' id='word_1_404' title='bbox 3643 2085 3753 2140; x_wconf 90' lang='lat' dir='ltr'>im-</span> 
     </span>
    </p>
   </div>
   <div class='ocr_carea' id='block_1_53' title="bbox 2107 2175 3754 2248">
    <p class='ocr_par' dir='ltr' id='par_1_53' title="bbox 2107 2175 3754 2248">
     <span class='ocr_line' id='line_1_53' title="bbox 2107 2175 3754 2248; baseline -0.001 -18"><span class='ocrx_word' id='word_1_405' title='bbox 2107 2176 2337 2248; x_wconf 89' lang='lat' dir='ltr'>piorum</span> <span class='ocrx_word' id='word_1_406' title='bbox 2393 2176 2688 2248; x_wconf 86' lang='lat' dir='ltr'>potentia:</span> <span class='ocrx_word' id='word_1_407' title='bbox 2750 2176 3057 2247; x_wconf 87' lang='lat' dir='ltr'>caliginem</span> <span class='ocrx_word' id='word_1_408' title='bbox 3090 2176 3287 2240; x_wconf 84' lang='lat' dir='ltr'>infert,</span> <span class='ocrx_word' id='word_1_409' title='bbox 3339 2175 3476 2230; x_wconf 85' lang='lat' dir='ltr'>dare</span> <span class='ocrx_word' id='word_1_410' title='bbox 3505 2175 3754 2230; x_wconf 86' lang='lat' dir='ltr'>salutem</span> 
     </span>
    </p>
   </div>
   <div class='ocr_carea' id='block_1_54' title="bbox 2111 2263 3755 2336">
    <p class='ocr_par' dir='ltr' id='par_1_54' title="bbox 2111 2263 3755 2336">
     <span class='ocr_line' id='line_1_54' title="bbox 2111 2263 3755 2336; baseline -0.002 -17"><span class='ocrx_word' id='word_1_411' title='bbox 2111 2283 2223 2321; x_wconf 89' lang='lat' dir='ltr'>non</span> <span class='ocrx_word' id='word_1_412' title='bbox 2273 2270 2484 2336; x_wconf 90' lang='lat' dir='ltr'>potest.</span> <span class='ocrx_word' id='word_1_413' title='bbox 2518 2263 2704 2320; x_wconf 90' lang='lat' dir='ltr'>Simul</span> <span class='ocrx_word' id='word_1_414' title='bbox 2752 2269 2818 2320; x_wconf 91' lang='lat' dir='ltr'>ut</span> <span class='ocrx_word' id='word_1_415' title='bbox 2864 2265 3179 2319; x_wconf 87' lang='lat' dir='ltr'>vehemens</span> <span class='ocrx_word' id='word_1_416' title='bbox 3229 2265 3366 2320; x_wconf 89' lang='lat' dir='ltr'>ﬂare</span> <span class='ocrx_word' id='word_1_417' title='bbox 3384 2263 3554 2336; x_wconf 76' lang='lat' dir='ltr'>cmpit</span> <span class='ocrx_word' id='word_1_418' title='bbox 3585 2263 3755 2335; x_wconf 85' lang='lat' dir='ltr'>spiri-</span> 
     </span>
    </p>
   </div>
   <div class='ocr_carea' id='block_1_55' title="bbox 2107 2351 3756 2426">
    <p class='ocr_par' dir='ltr' id='par_1_55' title="bbox 2107 2351 3756 2426">
     <span class='ocr_line' id='line_1_55' title="bbox 2107 2351 3756 2426; baseline -0.002 -16"><span class='ocrx_word' id='word_1_419' title='bbox 2107 2361 2225 2422; x_wconf 88' lang='lat' dir='ltr'>tus,</span> <span class='ocrx_word' id='word_1_420' title='bbox 2262 2353 2485 2426; x_wconf 90' lang='lat' dir='ltr'>spargit</span> <span class='ocrx_word' id='word_1_421' title='bbox 2511 2370 2637 2409; x_wconf 89' lang='lat' dir='ltr'>eam</span> <span class='ocrx_word' id='word_1_422' title='bbox 2663 2357 2838 2424; x_wconf 89' lang='lat' dir='ltr'>atque</span> <span class='ocrx_word' id='word_1_423' title='bbox 2858 2351 3122 2407; x_wconf 78' lang='lat' dir='ltr'>dissolvit</span> <span class='ocrx_word' id='word_1_424' title='bbox 3147 2369 3158 2406; x_wconf 89' lang='lat'>:</span> <span class='ocrx_word' id='word_1_425' title='bbox 3193 2368 3384 2406; x_wconf 84' lang='lat' dir='ltr'>aerem</span> <span class='ocrx_word' id='word_1_426' title='bbox 3409 2351 3628 2416; x_wconf 89' lang='lat' dir='ltr'>turbat,</span> <span class='ocrx_word' id='word_1_427' title='bbox 3663 2367 3756 2406; x_wconf 91' lang='lat' dir='ltr'>so-</span> 
     </span>
    </p>
   </div>
   <div class='ocr_carea' id='block_1_56' title="bbox 2108 2439 3749 2514">
    <p class='ocr_par' dir='ltr' id='par_1_56' title="bbox 2108 2439 3749 2514">
     <span class='ocr_line' id='line_1_56' title="bbox 2108 2439 3749 2514; baseline -0.001 -18"><span class='ocrx_word' id='word_1_428' title='bbox 2108 2442 2231 2497; x_wconf 90' lang='lat' dir='ltr'>lum</span> <span class='ocrx_word' id='word_1_429' title='bbox 2265 2444 2448 2498; x_wconf 91' lang='lat' dir='ltr'>nudat</span> <span class='ocrx_word' id='word_1_430' title='bbox 2475 2461 2487 2511; x_wconf 88' lang='lat'><strong>;</strong></span> <span class='ocrx_word' id='word_1_431' title='bbox 2527 2445 2588 2497; x_wconf 90' lang='lat' dir='ltr'>ut</span> <span class='ocrx_word' id='word_1_432' title='bbox 2620 2441 2810 2514; x_wconf 87' lang='lat' dir='ltr'>pulvis</span> <span class='ocrx_word' id='word_1_433' title='bbox 2857 2440 3181 2513; x_wconf 90' lang='lat' dir='ltr'>projicitur,</span> <span class='ocrx_word' id='word_1_434' title='bbox 3213 2439 3407 2496; x_wconf 80' lang='lat' dir='ltr'>deficit</span> <span class='ocrx_word' id='word_1_435' title='bbox 3438 2444 3501 2495; x_wconf 91' lang='lat' dir='ltr'>ut</span> <span class='ocrx_word' id='word_1_436' title='bbox 3531 2440 3749 2507; x_wconf 90' lang='lat' dir='ltr'>fumus,</span> 
     </span>
    </p>
   </div>
   <div class='ocr_carea' id='block_1_57' title="bbox 2107 2530 2650 2603">
    <p class='ocr_par' dir='ltr' id='par_1_57' title="bbox 2107 2530 2650 2603">
     <span class='ocr_line' id='line_1_57' title="bbox 2107 2530 2650 2603; baseline 0 -17"><span class='ocrx_word' id='word_1_437' title='bbox 2107 2530 2380 2603; x_wconf 91' lang='lat' dir='ltr'>liquescit</span> <span class='ocrx_word' id='word_1_438' title='bbox 2412 2535 2476 2586; x_wconf 91' lang='lat' dir='ltr'>ut</span> <span class='ocrx_word' id='word_1_439' title='bbox 2500 2547 2650 2586; x_wconf 89' lang='lat' dir='ltr'>cera.</span> 
     </span>
    </p>
   </div>
   <div class='ocr_carea' id='block_1_58' title="bbox 2180 2618 3755 2691">
    <p class='ocr_par' dir='ltr' id='par_1_58' title="bbox 2180 2618 3755 2691">
     <span class='ocr_line' id='line_1_58' title="bbox 2180 2618 3755 2691; baseline -0.001 -19"><span class='ocrx_word' id='word_1_440' title='bbox 2180 2621 2267 2674; x_wconf 83' lang='grc'>47.</span> <span class='ocrx_word' id='word_1_441' title='bbox 2303 2620 2448 2675; x_wconf 82' lang='lat' dir='ltr'>l-Iinc</span> <span class='ocrx_word' id='word_1_442' title='bbox 2472 2619 2730 2691; x_wconf 87' lang='lat' dir='ltr'>plerique</span> <span class='ocrx_word' id='word_1_443' title='bbox 2753 2635 2867 2674; x_wconf 90' lang='lat' dir='ltr'>non</span> <span class='ocrx_word' id='word_1_444' title='bbox 2891 2618 3240 2674; x_wconf 88' lang='lat' dir='ltr'>mediocrem</span> <span class='ocrx_word' id='word_1_445' title='bbox 3267 2619 3572 2672; x_wconf 87' lang='lat' dir='ltr'>moverunt</span> <span class='ocrx_word' id='word_1_446' title='bbox 3592 2634 3755 2689; x_wconf 66' lang='lat' dir='ltr'>quaa-</span> 
     </span>
    </p>
   </div>
   <div class='ocr_carea' id='block_1_59' title="bbox 2109 2707 3758 2778">
    <p class='ocr_par' dir='ltr' id='par_1_59' title="bbox 2109 2707 3758 2778">
     <span class='ocr_line' id='line_1_59' title="bbox 2109 2707 3758 2778; baseline -0.002 -15"><span class='ocrx_word' id='word_1_447' title='bbox 2109 2707 2588 2773; x_wconf 89' lang='lat' dir='ltr'>stionem,utrum</span> <span class='ocrx_word' id='word_1_448' title='bbox 2611 2707 2928 2778; x_wconf 90' lang='lat' dir='ltr'>perituram</span> <span class='ocrx_word' id='word_1_449' title='bbox 2952 2711 3220 2761; x_wconf 80' lang='lat' dir='ltr'>naturam</span> <span class='ocrx_word' id='word_1_450' title='bbox 3246 2707 3514 2760; x_wconf 91' lang='lat' dir='ltr'>videatur</span> <span class='ocrx_word' id='word_1_451' title='bbox 3537 2721 3758 2760; x_wconf 88' lang='lat' dir='ltr'>assere-</span> 
     </span>
    </p>
   </div>
   <div class='ocr_carea' id='block_1_60' title="bbox 2109 2793 3754 2867">
    <p class='ocr_par' dir='ltr' id='par_1_60' title="bbox 2109 2793 3754 2867">
     <span class='ocr_line' id='line_1_60' title="bbox 2109 2793 3754 2867; baseline -0.001 -18"><span class='ocrx_word' id='word_1_452' title='bbox 2109 2813 2170 2851; x_wconf 88' lang='lat' dir='ltr'>re</span> <span class='ocrx_word' id='word_1_453' title='bbox 2193 2796 2492 2867; x_wconf 77' lang='lat' dir='ltr'>Scriptura</span> <span class='ocrx_word' id='word_1_454' title='bbox 2513 2797 2709 2851; x_wconf 88' lang='lat' dir='ltr'>divina</span> <span class='ocrx_word' id='word_1_455' title='bbox 2735 2814 2746 2851; x_wconf 90' lang='lat'>:</span> <span class='ocrx_word' id='word_1_456' title='bbox 2782 2795 3032 2850; x_wconf 85' lang='lat' dir='ltr'>maxime</span> <span class='ocrx_word' id='word_1_457' title='bbox 3064 2793 3202 2866; x_wconf 89' lang='lat' dir='ltr'>quia</span> <span class='ocrx_word' id='word_1_458' title='bbox 3223 2793 3360 2849; x_wconf 92' lang='lat' dir='ltr'>alibi</span> <span class='ocrx_word' id='word_1_459' title='bbox 3386 2793 3525 2848; x_wconf 90' lang='lat' dir='ltr'>dicit</span> <span class='ocrx_word' id='word_1_460' title='bbox 3550 2811 3563 2848; x_wconf 90' lang='lat'>:</span> <span class='ocrx_word' id='word_1_461' title='bbox 3587 2793 3754 2848; x_wconf 86' lang='lat' dir='ltr'>Com-</span> 
     </span>
    </p>
   </div>
   <div class='ocr_carea' id='block_1_61' title="bbox 2109 2882 3760 2956">
    <p class='ocr_par' dir='ltr' id='par_1_61' title="bbox 2109 2882 3760 2956">
     <span class='ocr_line' id='line_1_61' title="bbox 2109 2882 3760 2956; baseline -0.002 -18"><span class='ocrx_word' id='word_1_462' title='bbox 2109 2884 2373 2939; x_wconf 88' lang='lat' dir='ltr'>minuam</span> <span class='ocrx_word' id='word_1_463' title='bbox 2423 2900 2520 2939; x_wconf 87' lang='lat' dir='ltr'>eos</span> <span class='ocrx_word' id='word_1_464' title='bbox 2554 2889 2619 2938; x_wconf 93' lang='lat' dir='ltr'>ut</span> <span class='ocrx_word' id='word_1_465' title='bbox 2649 2883 2946 2956; x_wconf 90' lang='lat' dir='ltr'>pulverem</span> <span class='ocrx_word' id='word_1_466' title='bbox 2978 2886 3111 2937; x_wconf 88' lang='lat' dir='ltr'>ante</span> <span class='ocrx_word' id='word_1_467' title='bbox 3162 2882 3366 2937; x_wconf 89' lang='lat' dir='ltr'>faciem</span> <span class='ocrx_word' id='word_1_468' title='bbox 3397 2882 3575 2947; x_wconf 85' lang='lat' dir='ltr'>venti,</span> <span class='ocrx_word' id='word_1_469' title='bbox 3607 2886 3665 2937; x_wconf 90' lang='lat' dir='ltr'>et</span> <span class='ocrx_word' id='word_1_470' title='bbox 3694 2885 3760 2936; x_wconf 89' lang='lat' dir='ltr'>ut</span> 
     </span>
    </p>
   </div>
   <div class='ocr_carea' id='block_1_62' title="bbox 2109 2970 3762 3044">
    <p class='ocr_par' dir='ltr' id='par_1_62' title="bbox 2109 2970 3762 3044">
     <span class='ocr_line' id='line_1_62' title="bbox 2109 2970 3762 3044; baseline -0.002 -18"><span class='ocrx_word' id='word_1_471' title='bbox 2109 2971 2298 3027; x_wconf 91' lang='lat' dir='ltr'>lutum</span> <span class='ocrx_word' id='word_1_472' title='bbox 2333 2972 2656 3044; x_wconf 89' lang='lat' dir='ltr'>platearum</span> <span class='ocrx_word' id='word_1_473' title='bbox 2709 2971 2910 3027; x_wconf 92' lang='lat' dir='ltr'>delebo</span> <span class='ocrx_word' id='word_1_474' title='bbox 2959 2987 3058 3026; x_wconf 92' lang='lat' dir='ltr'>eos</span> <span class='ocrx_word' id='word_1_475' title='bbox 3109 2971 3276 3040; x_wconf 78' lang='lat' dir='ltr'>(Psal.</span> <span class='ocrx_word' id='word_1_476' title='bbox 3309 2988 3451 3035; x_wconf 85' lang='lat' dir='ltr'>xvn,</span> <span class='ocrx_word' id='word_1_477' title='bbox 3485 2970 3609 3042; x_wconf 75' lang='lat'>43);</span> <span class='ocrx_word' id='word_1_478' title='bbox 3644 2991 3671 3020; x_wconf 86' lang='lat'>»</span> <span class='ocrx_word' id='word_1_479' title='bbox 3704 2973 3762 3024; x_wconf 89' lang='lat' dir='ltr'>et</span> 
     </span>
    </p>
   </div>
   <div class='ocr_carea' id='block_1_63' title="bbox 2111 3059 3761 3116">
    <p class='ocr_par' dir='ltr' id='par_1_63' title="bbox 2111 3059 3761 3116">
     <span class='ocr_line' id='line_1_63' title="bbox 2111 3059 3761 3116; baseline -0.001 0"><span class='ocrx_word' id='word_1_480' title='bbox 2111 3060 2248 3116; x_wconf 91' lang='lat' dir='ltr'>alibi</span> <span class='ocrx_word' id='word_1_481' title='bbox 2283 3079 2295 3116; x_wconf 89' lang='lat'>:</span> <span class='ocrx_word' id='word_1_482' title='bbox 2334 3082 2361 3109; x_wconf 89' lang='grc'>‹‹</span> <span class='ocrx_word' id='word_1_483' title='bbox 2393 3061 2532 3116; x_wconf 90' lang='lat' dir='ltr'>Ecce</span> <span class='ocrx_word' id='word_1_484' title='bbox 2562 3061 2992 3115; x_wconf 86' lang='lat' dir='ltr'>confundentur</span> <span class='ocrx_word' id='word_1_485' title='bbox 3021 3065 3077 3115; x_wconf 91' lang='lat' dir='ltr'>et</span> <span class='ocrx_word' id='word_1_486' title='bbox 3109 3059 3527 3115; x_wconf 89' lang='lat' dir='ltr'>reverebuntur</span> <span class='ocrx_word' id='word_1_487' title='bbox 3555 3075 3761 3114; x_wconf 90' lang='lat' dir='ltr'>omnes</span> 
     </span>
    </p>
   </div>
   <div class='ocr_carea' id='block_1_64' title="bbox 2110 3147 3760 3219">
    <p class='ocr_par' dir='ltr' id='par_1_64' title="bbox 2110 3147 3760 3219">
     <span class='ocr_line' id='line_1_64' title="bbox 2110 3147 3760 3219; baseline -0.001 -15"><span class='ocrx_word' id='word_1_488' title='bbox 2110 3149 2426 3204; x_wconf 88' lang='lat' dir='ltr'>adversarii</span> <span class='ocrx_word' id='word_1_489' title='bbox 2453 3167 2465 3216; x_wconf 89' lang='lat'><strong>;</strong></span> <span class='ocrx_word' id='word_1_490' title='bbox 2490 3153 2661 3204; x_wconf 91' lang='lat' dir='ltr'>erunt</span> <span class='ocrx_word' id='word_1_491' title='bbox 2691 3148 2846 3204; x_wconf 90' lang='lat' dir='ltr'>enim</span> <span class='ocrx_word' id='word_1_492' title='bbox 2878 3152 3157 3219; x_wconf 89' lang='lat' dir='ltr'>tanquam</span> <span class='ocrx_word' id='word_1_493' title='bbox 3192 3165 3306 3202; x_wconf 91' lang='lat' dir='ltr'>non</span> <span class='ocrx_word' id='word_1_494' title='bbox 3339 3147 3458 3202; x_wconf 88' lang='lat' dir='ltr'>sint</span> <span class='ocrx_word' id='word_1_495' title='bbox 3485 3149 3612 3215; x_wconf 80' lang='lat' dir='ltr'>(Isa.</span> <span class='ocrx_word' id='word_1_496' title='bbox 3645 3164 3760 3216; x_wconf 78' lang='lat' dir='ltr'>xu,</span> 
     </span>
    </p>
   </div>
   <div class='ocr_carea' id='block_1_65' title="bbox 353 3228 3757 3311">
    <p class='ocr_par' dir='ltr' id='par_1_65' title="bbox 353 3228 3757 3311">
     <span class='ocr_line' id='line_1_65' title="bbox 353 3228 3757 3311; baseline 0 -21"><span class='ocrx_word' id='word_1_497' title='bbox 353 3239 450 3290; x_wconf 88' lang='lat' dir='ltr'>tus</span> <span class='ocrx_word' id='word_1_498' title='bbox 481 3235 622 3291; x_wconf 88' lang='lat' dir='ltr'>ﬂare</span> <span class='ocrx_word' id='word_1_499' title='bbox 650 3235 908 3292; x_wconf 89' lang='lat' dir='ltr'>desierit.</span> <span class='ocrx_word' id='word_1_500' title='bbox 941 3236 1072 3292; x_wconf 80' lang='lat' dir='ltr'>Ideo</span> <span class='ocrx_word' id='word_1_501' title='bbox 1121 3236 1210 3292; x_wconf 90' lang='lat' dir='ltr'>vel</span> <span class='ocrx_word' id='word_1_502' title='bbox 1258 3237 1532 3307; x_wconf 87' lang='lat' dir='ltr'>Ecclesia,</span> <span class='ocrx_word' id='word_1_503' title='bbox 1565 3238 1653 3293; x_wconf 91' lang='lat' dir='ltr'>vel</span> <span class='ocrx_word' id='word_1_504' title='bbox 1681 3239 1876 3294; x_wconf 88' lang='lat' dir='ltr'>anima</span> <span class='ocrx_word' id='word_1_505' title='bbox 1904 3239 2000 3311; x_wconf 87' lang='lat' dir='ltr'>pia</span> <span class='ocrx_word' id='word_1_506' title='bbox 2030 3228 2072 3294; x_wconf 88' lang='lat' dir='ltr'><strong><em>C</em></strong></span> <span class='ocrx_word' id='word_1_507' title='bbox 2114 3239 2221 3309; x_wconf 92' lang='grc'>11).</span> <span class='ocrx_word' id='word_1_508' title='bbox 2251 3260 2277 3286; x_wconf 88' lang='grc'><strong>››</strong></span> <span class='ocrx_word' id='word_1_509' title='bbox 2309 3237 2571 3292; x_wconf 87' lang='lat' dir='ltr'>Primum</span> <span class='ocrx_word' id='word_1_510' title='bbox 2605 3252 2741 3308; x_wconf 90' lang='lat' dir='ltr'>ergo</span> <span class='ocrx_word' id='word_1_511' title='bbox 2797 3236 3109 3308; x_wconf 85' lang='lat' dir='ltr'>interrogo.</span> <span class='ocrx_word' id='word_1_512' title='bbox 3170 3241 3369 3290; x_wconf 91' lang='lat' dir='ltr'>utrum</span> <span class='ocrx_word' id='word_1_513' title='bbox 3403 3236 3757 3306; x_wconf 88' lang='lat' dir='ltr'>impietatem</span> 
     </span>
    </p>
   </div>
   <div class='ocr_carea' id='block_1_66' title="bbox 354 3323 2003 3398">
    <p class='ocr_par' dir='ltr' id='par_1_66' title="bbox 354 3323 2003 3398">
     <span class='ocr_line' id='line_1_66' title="bbox 354 3323 2003 3398; baseline 0.003 -21"><span class='ocrx_word' id='word_1_514' title='bbox 354 3323 526 3378; x_wconf 88' lang='lat' dir='ltr'>dicit:</span> <span class='ocrx_word' id='word_1_515' title='bbox 553 3346 580 3374; x_wconf 87' lang='grc'>‹‹</span> <span class='ocrx_word' id='word_1_516' title='bbox 603 3325 882 3396; x_wconf 86' lang='lat' dir='ltr'>Exsurge,</span> <span class='ocrx_word' id='word_1_517' title='bbox 903 3325 1166 3390; x_wconf 88' lang='lat' dir='ltr'>Borea,et</span> <span class='ocrx_word' id='word_1_518' title='bbox 1185 3326 1335 3390; x_wconf 89' lang='lat' dir='ltr'>veni,</span> <span class='ocrx_word' id='word_1_519' title='bbox 1357 3328 1567 3382; x_wconf 86' lang='lat' dir='ltr'>Auster</span> <span class='ocrx_word' id='word_1_520' title='bbox 1588 3327 1772 3398; x_wconf 84' lang='lat' dir='ltr'>(Ibid.)</span> <span class='ocrx_word' id='word_1_521' title='bbox 1800 3345 1813 3394; x_wconf 91' lang='lat'><strong>;</strong></span> <span class='ocrx_word' id='word_1_522' title='bbox 1840 3349 1868 3376; x_wconf 84' lang='lat'>»</span> <span class='ocrx_word' id='word_1_523' title='bbox 1895 3327 2003 3382; x_wconf 91' lang='lat' dir='ltr'>hoc</span> 
     </span>
    </p>
   </div>
   <div class='ocr_carea' id='block_1_67' title="bbox 355 3412 2001 3487">
    <p class='ocr_par' dir='ltr' id='par_1_67' title="bbox 355 3412 2001 3487">
     <span class='ocr_line' id='line_1_67' title="bbox 355 3412 2001 3487; baseline 0.003 -20"><span class='ocrx_word' id='word_1_524' title='bbox 355 3415 478 3467; x_wconf 88' lang='lat' dir='ltr'>est:</span> <span class='ocrx_word' id='word_1_525' title='bbox 505 3412 591 3467; x_wconf 92' lang='lat' dir='ltr'>Tu</span> <span class='ocrx_word' id='word_1_526' title='bbox 617 3413 814 3479; x_wconf 91' lang='lat' dir='ltr'>Borea,</span> <span class='ocrx_word' id='word_1_527' title='bbox 849 3414 1072 3481; x_wconf 91' lang='lat' dir='ltr'>recede,</span> <span class='ocrx_word' id='word_1_528' title='bbox 1107 3418 1164 3468; x_wconf 92' lang='lat' dir='ltr'>et</span> <span class='ocrx_word' id='word_1_529' title='bbox 1192 3413 1344 3481; x_wconf 83' lang='lat' dir='ltr'>veni,</span> <span class='ocrx_word' id='word_1_530' title='bbox 1378 3416 1622 3472; x_wconf 88' lang='lat' dir='ltr'>Auster:</span> <span class='ocrx_word' id='word_1_531' title='bbox 1649 3416 1843 3487; x_wconf 89' lang='lat' dir='ltr'>aspira</span> <span class='ocrx_word' id='word_1_532' title='bbox 1867 3415 2001 3472; x_wconf 89' lang='lat' dir='ltr'>hor-</span> 
     </span>
    </p>
   </div>
   <div class='ocr_carea' id='block_1_68' title="bbox 352 3501 1999 3570">
    <p class='ocr_par' dir='ltr' id='par_1_68' title="bbox 352 3501 1999 3570">
     <span class='ocr_line' id='line_1_68' title="bbox 352 3501 1999 3570; baseline 0.004 -16"><span class='ocrx_word' id='word_1_533' title='bbox 352 3503 482 3554; x_wconf 90' lang='lat' dir='ltr'>tum</span> <span class='ocrx_word' id='word_1_534' title='bbox 531 3516 750 3568; x_wconf 89' lang='lat' dir='ltr'>meum,</span> <span class='ocrx_word' id='word_1_535' title='bbox 783 3504 848 3555; x_wconf 90' lang='lat' dir='ltr'>ut</span> <span class='ocrx_word' id='word_1_536' title='bbox 878 3501 1052 3557; x_wconf 89' lang='lat' dir='ltr'>flores</span> <span class='ocrx_word' id='word_1_537' title='bbox 1083 3517 1198 3558; x_wconf 92' lang='lat' dir='ltr'>non</span> <span class='ocrx_word' id='word_1_538' title='bbox 1248 3503 1552 3570; x_wconf 89' lang='lat' dir='ltr'>discutias,</span> <span class='ocrx_word' id='word_1_539' title='bbox 1587 3505 1686 3558; x_wconf 88' lang='lat' dir='ltr'>sed</span> <span class='ocrx_word' id='word_1_540' title='bbox 1721 3520 1999 3560; x_wconf 85' lang='lat' dir='ltr'>reserves.</span> 
     </span>
    </p>
   </div>
   <div class='ocr_carea' id='block_1_69' title="bbox 351 3587 1998 3663">
    <p class='ocr_par' dir='ltr' id='par_1_69' title="bbox 351 3587 1998 3663">
     <span class='ocr_line' id='line_1_69' title="bbox 351 3587 1998 3663; baseline 0.004 -22"><span class='ocrx_word' id='word_1_541' title='bbox 351 3587 569 3643; x_wconf 85' lang='lat' dir='ltr'>Anima</span> <span class='ocrx_word' id='word_1_542' title='bbox 587 3587 767 3660; x_wconf 89' lang='lat' dir='ltr'>igitur</span> <span class='ocrx_word' id='word_1_543' title='bbox 795 3588 968 3660; x_wconf 89' lang='lat' dir='ltr'>plena</span> <span class='ocrx_word' id='word_1_544' title='bbox 994 3589 1237 3646; x_wconf 88' lang='lat' dir='ltr'>ﬂoribus</span> <span class='ocrx_word' id='word_1_545' title='bbox 1282 3591 1516 3662; x_wconf 87' lang='lat' dir='ltr'>pietatis</span> <span class='ocrx_word' id='word_1_546' title='bbox 1547 3591 1781 3647; x_wconf 89' lang='lat' dir='ltr'>hortum</span> <span class='ocrx_word' id='word_1_547' title='bbox 1806 3592 1998 3663; x_wconf 88' lang='lat' dir='ltr'>habet,</span> 
     </span>
    </p>
   </div>
   <div class='ocr_carea' id='block_1_70' title="bbox 351 3675 2000 3753">
    <p class='ocr_par' dir='ltr' id='par_1_70' title="bbox 351 3675 2000 3753">
     <span class='ocr_line' id='line_1_70' title="bbox 351 3675 2000 3753; baseline 0.004 -23"><span class='ocrx_word' id='word_1_548' title='bbox 351 3675 443 3731; x_wconf 89' lang='lat' dir='ltr'>vel</span> <span class='ocrx_word' id='word_1_549' title='bbox 480 3676 609 3748; x_wconf 89' lang='lat' dir='ltr'>ipsa</span> <span class='ocrx_word' id='word_1_550' title='bbox 657 3676 864 3733; x_wconf 91' lang='lat' dir='ltr'>hortus</span> <span class='ocrx_word' id='word_1_551' title='bbox 893 3682 1000 3746; x_wconf 88' lang='lat' dir='ltr'>est,</span> <span class='ocrx_word' id='word_1_552' title='bbox 1036 3678 1135 3750; x_wconf 91' lang='lat' dir='ltr'>qui</span> <span class='ocrx_word' id='word_1_553' title='bbox 1167 3679 1391 3735; x_wconf 90' lang='lat' dir='ltr'>fructus</span> <span class='ocrx_word' id='word_1_554' title='bbox 1434 3679 1614 3735; x_wconf 86' lang='lat' dir='ltr'>ferat:</span> <span class='ocrx_word' id='word_1_555' title='bbox 1649 3680 1847 3736; x_wconf 89' lang='lat' dir='ltr'>anima</span> <span class='ocrx_word' id='word_1_556' title='bbox 1877 3699 2000 3753; x_wconf 66' lang='lat' dir='ltr'>qua:</span> 
     </span>
    </p>
   </div>
   <div class='ocr_carea' id='block_1_71' title="bbox 352 3764 2002 3840">
    <p class='ocr_par' dir='ltr' id='par_1_71' title="bbox 352 3764 2002 3840">
     <span class='ocr_line' id='line_1_71' title="bbox 352 3764 2002 3840; baseline 0.004 -21"><span class='ocrx_word' id='word_1_557' title='bbox 352 3764 641 3837; x_wconf 89' lang='lat' dir='ltr'>impietati</span> <span class='ocrx_word' id='word_1_558' title='bbox 665 3770 845 3838; x_wconf 90' lang='lat' dir='ltr'>patet,</span> <span class='ocrx_word' id='word_1_559' title='bbox 874 3766 1171 3838; x_wconf 89' lang='lat' dir='ltr'>pulverem</span> <span class='ocrx_word' id='word_1_560' title='bbox 1192 3767 1386 3836; x_wconf 88' lang='lat' dir='ltr'>habet,</span> <span class='ocrx_word' id='word_1_561' title='bbox 1421 3768 1520 3840; x_wconf 91' lang='lat' dir='ltr'>qui</span> <span class='ocrx_word' id='word_1_562' title='bbox 1542 3773 1632 3824; x_wconf 91' lang='lat' dir='ltr'>est</span> <span class='ocrx_word' id='word_1_563' title='bbox 1653 3769 2002 3826; x_wconf 88' lang='lat' dir='ltr'>infecundus</span> 
     </span>
    </p>
   </div>
   <div class='ocr_carea' id='block_1_72' title="bbox 351 3853 2005 3928">
    <p class='ocr_par' dir='ltr' id='par_1_72' title="bbox 351 3853 2005 3928">
     <span class='ocr_line' id='line_1_72' title="bbox 351 3853 2005 3928; baseline 0.003 -19"><span class='ocrx_word' id='word_1_564' title='bbox 351 3853 426 3909; x_wconf 86' lang='lat' dir='ltr'>ad</span> <span class='ocrx_word' id='word_1_565' title='bbox 459 3853 736 3910; x_wconf 88' lang='lat' dir='ltr'>fructum.</span> <span class='ocrx_word' id='word_1_566' title='bbox 771 3855 1154 3911; x_wconf 82' lang='lat' dir='ltr'>Fructiferam</span> <span class='ocrx_word' id='word_1_567' title='bbox 1203 3856 1442 3928; x_wconf 91' lang='lat' dir='ltr'>quidem</span> <span class='ocrx_word' id='word_1_568' title='bbox 1474 3856 1634 3913; x_wconf 89' lang='lat' dir='ltr'>illam</span> <span class='ocrx_word' id='word_1_569' title='bbox 1671 3858 1818 3914; x_wconf 74' lang='lat'>759</span> <span class='ocrx_word' id='word_1_570' title='bbox 1871 3858 2005 3914; x_wconf 87' lang='lat' dir='ltr'>fecit</span> 
     </span>
    </p>
   </div>
   <div class='ocr_carea' id='block_1_73' title="bbox 352 3942 2000 4019">
    <p class='ocr_par' dir='ltr' id='par_1_73' title="bbox 352 3942 2000 4019">
     <span class='ocr_line' id='line_1_73' title="bbox 352 3942 2000 4019; baseline 0.003 -21"><span class='ocrx_word' id='word_1_571' title='bbox 352 3942 640 3998; x_wconf 91' lang='lat' dir='ltr'>Dominus</span> <span class='ocrx_word' id='word_1_572' title='bbox 679 3961 692 4011; x_wconf 89' lang='lat'><strong>;</strong></span> <span class='ocrx_word' id='word_1_573' title='bbox 722 3944 822 3999; x_wconf 89' lang='lat' dir='ltr'>sed</span> <span class='ocrx_word' id='word_1_574' title='bbox 871 3943 1000 4016; x_wconf 88' lang='lat' dir='ltr'>ipsa</span> <span class='ocrx_word' id='word_1_575' title='bbox 1031 3944 1141 3999; x_wconf 91' lang='lat' dir='ltr'>sibi</span> <span class='ocrx_word' id='word_1_576' title='bbox 1173 3944 1406 4018; x_wconf 89' lang='lat' dir='ltr'>collegit</span> <span class='ocrx_word' id='word_1_577' title='bbox 1451 3944 1770 4017; x_wconf 90' lang='lat' dir='ltr'>impietatis</span> <span class='ocrx_word' id='word_1_578' title='bbox 1801 3947 2000 4019; x_wconf 87' lang='lat' dir='ltr'>pulve-</span> 
     </span>
    </p>
   </div>
   <div class='ocr_carea' id='block_1_74' title="bbox 351 4046 498 4087">
    <p class='ocr_par' dir='ltr' id='par_1_74' title="bbox 351 4046 498 4087">
     <span class='ocr_line' id='line_1_74' title="bbox 351 4046 498 4087; baseline -0.014 -1"><span class='ocrx_word' id='word_1_579' title='bbox 351 4046 498 4087; x_wconf 89' lang='lat' dir='ltr'>rem.</span> 
     </span>
    </p>
   </div>
   <div class='ocr_carea' id='block_1_75' title="bbox 426 4118 2005 4196">
    <p class='ocr_par' dir='ltr' id='par_1_75' title="bbox 426 4118 2005 4196">
     <span class='ocr_line' id='line_1_75' title="bbox 426 4118 2005 4196; baseline 0.004 -22"><span class='ocrx_word' id='word_1_580' title='bbox 426 4119 512 4174; x_wconf 78' lang='grc'>46.</span> <span class='ocrx_word' id='word_1_581' title='bbox 547 4118 692 4182; x_wconf 90' lang='lat' dir='ltr'>Quid</span> <span class='ocrx_word' id='word_1_582' title='bbox 739 4122 795 4176; x_wconf 89' lang='lat' dir='ltr'>te</span> <span class='ocrx_word' id='word_1_583' title='bbox 827 4121 1040 4192; x_wconf 88' lang='lat' dir='ltr'>jactas,</span> <span class='ocrx_word' id='word_1_584' title='bbox 1075 4138 1107 4176; x_wconf 93' lang='grc' dir='ltr'>ο</span> <span class='ocrx_word' id='word_1_585' title='bbox 1156 4121 1324 4193; x_wconf 87' lang='lat' dir='ltr'>plene</span> <span class='ocrx_word' id='word_1_586' title='bbox 1350 4121 1714 4194; x_wconf 86' lang='lat' dir='ltr'>impietatis?</span> <span class='ocrx_word' id='word_1_587' title='bbox 1745 4127 1834 4178; x_wconf 86' lang='lat' dir='ltr'>An</span> <span class='ocrx_word' id='word_1_588' title='bbox 1866 4123 2005 4196; x_wconf 87' lang='lat' dir='ltr'>quia</span> 
     </span>
    </p>
   </div>
   <div class='ocr_carea' id='block_1_76' title="bbox 352 4207 2003 4280">
    <p class='ocr_par' dir='ltr' id='par_1_76' title="bbox 352 4207 2003 4280">
     <span class='ocr_line' id='line_1_76' title="bbox 352 4207 2003 4280; baseline 0.002 -16"><span class='ocrx_word' id='word_1_589' title='bbox 352 4207 674 4264; x_wconf 90' lang='lat' dir='ltr'>honoribus</span> <span class='ocrx_word' id='word_1_590' title='bbox 713 4223 777 4264; x_wconf 89' lang='lat' dir='ltr'>es</span> <span class='ocrx_word' id='word_1_591' title='bbox 806 4212 1035 4280; x_wconf 91' lang='lat' dir='ltr'>potens,</span> <span class='ocrx_word' id='word_1_592' title='bbox 1061 4214 1117 4264; x_wconf 90' lang='lat' dir='ltr'>et</span> <span class='ocrx_word' id='word_1_593' title='bbox 1147 4209 1414 4265; x_wconf 89' lang='lat' dir='ltr'>abundas</span> <span class='ocrx_word' id='word_1_594' title='bbox 1441 4211 1661 4267; x_wconf 86' lang='lat' dir='ltr'>divitiis</span> <span class='ocrx_word' id='word_1_595' title='bbox 1683 4212 1710 4267; x_wconf 82' lang='lat'><strong>?</strong></span> <span class='ocrx_word' id='word_1_596' title='bbox 1740 4212 1862 4268; x_wconf 92' lang='lat' dir='ltr'>Non</span> <span class='ocrx_word' id='word_1_597' title='bbox 1899 4214 2003 4268; x_wconf 90' lang='lat' dir='ltr'>ad-</span> 
     </span>
    </p>
   </div>
   <div class='ocr_carea' id='block_1_77' title="bbox 351 4295 2002 4372">
    <p class='ocr_par' dir='ltr' id='par_1_77' title="bbox 351 4295 2002 4372">
     <span class='ocr_line' id='line_1_77' title="bbox 351 4295 2002 4372; baseline 0.003 -21"><span class='ocrx_word' id='word_1_598' title='bbox 351 4295 530 4352; x_wconf 90' lang='lat' dir='ltr'>vertis</span> <span class='ocrx_word' id='word_1_599' title='bbox 562 4295 699 4368; x_wconf 90' lang='lat' dir='ltr'>quia</span> <span class='ocrx_word' id='word_1_600' title='bbox 718 4296 909 4368; x_wconf 87' lang='lat' dir='ltr'>pulvis</span> <span class='ocrx_word' id='word_1_601' title='bbox 929 4312 1011 4365; x_wconf 89' lang='lat' dir='ltr'>es,</span> <span class='ocrx_word' id='word_1_602' title='bbox 1047 4301 1103 4353; x_wconf 93' lang='lat' dir='ltr'>et</span> <span class='ocrx_word' id='word_1_603' title='bbox 1122 4301 1185 4353; x_wconf 89' lang='lat' dir='ltr'>tu</span> <span class='ocrx_word' id='word_1_604' title='bbox 1209 4298 1560 4370; x_wconf 90' lang='lat' dir='ltr'>dispergeris</span> <span class='ocrx_word' id='word_1_605' title='bbox 1590 4303 1647 4354; x_wconf 92' lang='lat' dir='ltr'>et</span> <span class='ocrx_word' id='word_1_606' title='bbox 1678 4299 2002 4372; x_wconf 91' lang='lat' dir='ltr'>dissipabe-</span> 
     </span>
    </p>
   </div>
   <div class='ocr_carea' id='block_1_78' title="bbox 352 4384 2003 4459">
    <p class='ocr_par' dir='ltr' id='par_1_78' title="bbox 352 4384 2003 4459">
     <span class='ocr_line' id='line_1_78' title="bbox 352 4384 2003 4459; baseline 0.003 -19"><span class='ocrx_word' id='word_1_607' title='bbox 352 4384 456 4440; x_wconf 90' lang='lat' dir='ltr'>ris.</span> <span class='ocrx_word' id='word_1_608' title='bbox 484 4407 512 4434; x_wconf 86' lang='lat'><strong>«</strong></span> <span class='ocrx_word' id='word_1_609' title='bbox 536 4384 688 4452; x_wconf 88' lang='lat' dir='ltr'>Vidi,</span> <span class='ocrx_word' id='word_1_610' title='bbox 714 4385 926 4457; x_wconf 87' lang='lat' dir='ltr'>inquit,</span> <span class='ocrx_word' id='word_1_611' title='bbox 947 4386 1195 4458; x_wconf 87' lang='lat' dir='ltr'>impium</span> <span class='ocrx_word' id='word_1_612' title='bbox 1219 4387 1714 4459; x_wconf 90' lang='lat' dir='ltr'>superexaltatum</span> <span class='ocrx_word' id='word_1_613' title='bbox 1742 4393 1798 4444; x_wconf 92' lang='lat' dir='ltr'>et</span> <span class='ocrx_word' id='word_1_614' title='bbox 1820 4389 2003 4445; x_wconf 88' lang='lat' dir='ltr'>eleva-</span> 
     </span>
    </p>
   </div>
   <div class='ocr_carea' id='block_1_79' title="bbox 351 4473 2000 4544">
    <p class='ocr_par' dir='ltr' id='par_1_79' title="bbox 351 4473 2000 4544">
     <span class='ocr_line' id='line_1_79' title="bbox 351 4473 2000 4544; baseline 0.003 -15"><span class='ocrx_word' id='word_1_615' title='bbox 351 4478 481 4530; x_wconf 91' lang='lat' dir='ltr'>tum</span> <span class='ocrx_word' id='word_1_616' title='bbox 517 4473 672 4529; x_wconf 88' lang='lat' dir='ltr'>sicut</span> <span class='ocrx_word' id='word_1_617' title='bbox 719 4475 922 4530; x_wconf 75' lang='lat' dir='ltr'>cedi-os</span> <span class='ocrx_word' id='word_1_618' title='bbox 973 4475 1174 4530; x_wconf 85' lang='lat' dir='ltr'>Libani</span> <span class='ocrx_word' id='word_1_619' title='bbox 1204 4494 1217 4544; x_wconf 86' lang='lat'><strong>;</strong></span> <span class='ocrx_word' id='word_1_620' title='bbox 1253 4480 1308 4532; x_wconf 89' lang='lat' dir='ltr'>et</span> <span class='ocrx_word' id='word_1_621' title='bbox 1337 4476 1600 4544; x_wconf 91' lang='lat' dir='ltr'>transivi,</span> <span class='ocrx_word' id='word_1_622' title='bbox 1635 4482 1692 4533; x_wconf 89' lang='lat' dir='ltr'>et</span> <span class='ocrx_word' id='word_1_623' title='bbox 1721 4494 1852 4534; x_wconf 92' lang='lat' dir='ltr'>ecce</span> <span class='ocrx_word' id='word_1_624' title='bbox 1885 4496 2000 4534; x_wconf 89' lang='lat' dir='ltr'>non</span> 
     </span>
    </p>
   </div>
   <div class='ocr_carea' id='block_1_80' title="bbox 2112 3324 3766 3396">
    <p class='ocr_par' dir='ltr' id='par_1_80' title="bbox 2112 3324 3766 3396">
     <span class='ocr_line' id='line_1_80' title="bbox 2112 3324 3766 3396; baseline -0.003 -15"><span class='ocrx_word' id='word_1_625' title='bbox 2112 3326 2434 3381; x_wconf 88' lang='lat' dir='ltr'>secundum</span> <span class='ocrx_word' id='word_1_626' title='bbox 2457 3329 2726 3380; x_wconf 89' lang='lat' dir='ltr'>naturam</span> <span class='ocrx_word' id='word_1_627' title='bbox 2751 3329 2955 3396; x_wconf 90' lang='lat' dir='ltr'>putent</span> <span class='ocrx_word' id='word_1_628' title='bbox 2975 3340 3203 3390; x_wconf 89' lang='lat' dir='ltr'>esse,an</span> <span class='ocrx_word' id='word_1_629' title='bbox 3228 3327 3433 3395; x_wconf 85' lang='lat' dir='ltr'>praeter</span> <span class='ocrx_word' id='word_1_630' title='bbox 3450 3327 3718 3378; x_wconf 89' lang='lat' dir='ltr'>naturam</span> <span class='ocrx_word' id='word_1_631' title='bbox 3740 3324 3766 3376; x_wconf 75' lang='lat'>‘?</span> 
     </span>
    </p>
   </div>
   <div class='ocr_carea' id='block_1_81' title="bbox 2110 3412 3754 3481">
    <p class='ocr_par' dir='ltr' id='par_1_81' title="bbox 2110 3412 3754 3481">
     <span class='ocr_line' id='line_1_81' title="bbox 2110 3412 3754 3481; baseline -0.001 -13"><span class='ocrx_word' id='word_1_632' title='bbox 2110 3414 2168 3468; x_wconf 92' lang='lat' dir='ltr'>Si</span> <span class='ocrx_word' id='word_1_633' title='bbox 2213 3415 2535 3470; x_wconf 88' lang='lat' dir='ltr'>secundum</span> <span class='ocrx_word' id='word_1_634' title='bbox 2579 3417 2849 3468; x_wconf 89' lang='lat' dir='ltr'>naturam</span> <span class='ocrx_word' id='word_1_635' title='bbox 2881 3416 3147 3467; x_wconf 88' lang='lat' dir='ltr'>asserant</span> <span class='ocrx_word' id='word_1_636' title='bbox 3168 3412 3300 3481; x_wconf 86' lang='lat'>(50),</span> <span class='ocrx_word' id='word_1_637' title='bbox 3334 3427 3525 3466; x_wconf 90' lang='lat' dir='ltr'>errare</span> <span class='ocrx_word' id='word_1_638' title='bbox 3553 3427 3754 3467; x_wconf 90' lang='lat' dir='ltr'>eorum</span> 
     </span>
    </p>
   </div>
   <div class='ocr_carea' id='block_1_82' title="bbox 2111 3499 3751 3574">
    <p class='ocr_par' dir='ltr' id='par_1_82' title="bbox 2111 3499 3751 3574">
     <span class='ocr_line' id='line_1_82' title="bbox 2111 3499 3751 3574; baseline -0.002 -16"><span class='ocrx_word' id='word_1_639' title='bbox 2111 3503 2445 3574; x_wconf 89' lang='lat' dir='ltr'>opinionem</span> <span class='ocrx_word' id='word_1_640' title='bbox 2479 3505 2702 3556; x_wconf 89' lang='lat' dir='ltr'>certum</span> <span class='ocrx_word' id='word_1_641' title='bbox 2735 3505 2842 3556; x_wconf 91' lang='lat' dir='ltr'>est.</span> <span class='ocrx_word' id='word_1_642' title='bbox 2879 3500 3140 3572; x_wconf 91' lang='lat' dir='ltr'>Denique</span> <span class='ocrx_word' id='word_1_643' title='bbox 3170 3499 3386 3567; x_wconf 89' lang='lat' dir='ltr'>dicant,</span> <span class='ocrx_word' id='word_1_644' title='bbox 3420 3504 3619 3554; x_wconf 91' lang='lat' dir='ltr'>utrum</span> <span class='ocrx_word' id='word_1_645' title='bbox 3652 3517 3751 3554; x_wconf 91' lang='lat' dir='ltr'>na-</span> 
     </span>
    </p>
   </div>
   <div class='ocr_carea' id='block_1_83' title="bbox 2108 3588 3763 3662">
    <p class='ocr_par' dir='ltr' id='par_1_83' title="bbox 2108 3588 3763 3662">
     <span class='ocr_line' id='line_1_83' title="bbox 2108 3588 3763 3662; baseline -0.002 -16"><span class='ocrx_word' id='word_1_646' title='bbox 2108 3597 2251 3647; x_wconf 84' lang='lat' dir='ltr'>turae</span> <span class='ocrx_word' id='word_1_647' title='bbox 2286 3594 2586 3662; x_wconf 89' lang='lat' dir='ltr'>peccatum</span> <span class='ocrx_word' id='word_1_648' title='bbox 2637 3589 2960 3656; x_wconf 89' lang='lat' dir='ltr'>conveniat,</span> <span class='ocrx_word' id='word_1_649' title='bbox 3012 3605 3087 3643; x_wconf 91' lang='lat' dir='ltr'>an</span> <span class='ocrx_word' id='word_1_650' title='bbox 3147 3605 3261 3642; x_wconf 90' lang='lat' dir='ltr'>non</span> <span class='ocrx_word' id='word_1_651' title='bbox 3301 3589 3328 3642; x_wconf 81' lang='lat'>‘?</span> <span class='ocrx_word' id='word_1_652' title='bbox 3381 3588 3491 3643; x_wconf 91' lang='lat' dir='ltr'>Sed</span> <span class='ocrx_word' id='word_1_653' title='bbox 3536 3593 3763 3643; x_wconf 87' lang='lat' dir='ltr'>eertum</span> 
     </span>
    </p>
   </div>
   <div class='ocr_carea' id='block_1_84' title="bbox 2111 3676 3760 3752">
    <p class='ocr_par' dir='ltr' id='par_1_84' title="bbox 2111 3676 3760 3752">
     <span class='ocr_line' id='line_1_84' title="bbox 2111 3676 3760 3752; baseline -0.002 -17"><span class='ocrx_word' id='word_1_654' title='bbox 2111 3684 2200 3736; x_wconf 89' lang='lat' dir='ltr'>est</span> <span class='ocrx_word' id='word_1_655' title='bbox 2221 3695 2478 3752; x_wconf 88' lang='lat' dir='ltr'>peccare,</span> <span class='ocrx_word' id='word_1_656' title='bbox 2516 3678 2743 3733; x_wconf 89' lang='lat' dir='ltr'>deviare</span> <span class='ocrx_word' id='word_1_657' title='bbox 2789 3693 2918 3733; x_wconf 90' lang='lat' dir='ltr'>esse</span> <span class='ocrx_word' id='word_1_658' title='bbox 2949 3677 3020 3732; x_wconf 92' lang='lat' dir='ltr'>ab</span> <span class='ocrx_word' id='word_1_659' title='bbox 3043 3693 3108 3732; x_wconf 91' lang='lat' dir='ltr'>eo</span> <span class='ocrx_word' id='word_1_660' title='bbox 3140 3677 3295 3748; x_wconf 92' lang='lat' dir='ltr'>quod</span> <span class='ocrx_word' id='word_1_661' title='bbox 3319 3681 3407 3732; x_wconf 90' lang='lat' dir='ltr'>est</span> <span class='ocrx_word' id='word_1_662' title='bbox 3436 3676 3760 3732; x_wconf 88' lang='lat' dir='ltr'>secundum</span> 
     </span>
    </p>
   </div>
   <div class='ocr_carea' id='block_1_85' title="bbox 2109 3765 3762 3838">
    <p class='ocr_par' dir='ltr' id='par_1_85' title="bbox 2109 3765 3762 3838">
     <span class='ocr_line' id='line_1_85' title="bbox 2109 3765 3762 3838; baseline -0.004 -14"><span class='ocrx_word' id='word_1_663' title='bbox 2109 3773 2406 3824; x_wconf 86' lang='lat' dir='ltr'>naturam.</span> <span class='ocrx_word' id='word_1_664' title='bbox 2432 3767 2581 3831; x_wconf 90' lang='lat' dir='ltr'>Quid</span> <span class='ocrx_word' id='word_1_665' title='bbox 2604 3766 2785 3838; x_wconf 88' lang='lat' dir='ltr'>igitur</span> <span class='ocrx_word' id='word_1_666' title='bbox 2803 3769 2923 3821; x_wconf 91' lang='lat' dir='ltr'>tam</span> <span class='ocrx_word' id='word_1_667' title='bbox 2947 3766 3231 3837; x_wconf 91' lang='lat' dir='ltr'>ineptum,</span> <span class='ocrx_word' id='word_1_668' title='bbox 3267 3781 3442 3836; x_wconf 85' lang='lat' dir='ltr'>quam</span> <span class='ocrx_word' id='word_1_669' title='bbox 3471 3770 3536 3820; x_wconf 91' lang='lat' dir='ltr'>ut</span> <span class='ocrx_word' id='word_1_670' title='bbox 3564 3765 3762 3819; x_wconf 90' lang='lat' dir='ltr'>dicant</span> 
     </span>
    </p>
   </div>
   <div class='ocr_carea' id='block_1_86' title="bbox 2111 3855 3760 3926">
    <p class='ocr_par' dir='ltr' id='par_1_86' title="bbox 2111 3855 3760 3926">
     <span class='ocr_line' id='line_1_86' title="bbox 2111 3855 3760 3926; baseline -0.003 -14"><span class='ocrx_word' id='word_1_671' title='bbox 2111 3857 2311 3912; x_wconf 87' lang='lat' dir='ltr'>minus</span> <span class='ocrx_word' id='word_1_672' title='bbox 2341 3856 2522 3910; x_wconf 91' lang='lat' dir='ltr'>videri</span> <span class='ocrx_word' id='word_1_673' title='bbox 2556 3855 2804 3926; x_wconf 90' lang='lat' dir='ltr'>impium</span> <span class='ocrx_word' id='word_1_674' title='bbox 2834 3871 2961 3910; x_wconf 88' lang='lat' dir='ltr'>esse</span> <span class='ocrx_word' id='word_1_675' title='bbox 3005 3871 3183 3926; x_wconf 91' lang='lat' dir='ltr'>quam</span> <span class='ocrx_word' id='word_1_676' title='bbox 3206 3859 3591 3926; x_wconf 89' lang='lat' dir='ltr'>peccatorem,</span> <span class='ocrx_word' id='word_1_677' title='bbox 3627 3869 3760 3907; x_wconf 90' lang='lat' dir='ltr'>cum</span> 
     </span>
    </p>
   </div>
   <div class='ocr_carea' id='block_1_87' title="bbox 2111 3941 3768 4014">
    <p class='ocr_par' dir='ltr' id='par_1_87' title="bbox 2111 3941 3768 4014">
     <span class='ocr_line' id='line_1_87' title="bbox 2111 3941 3768 4014; baseline -0.004 -13"><span class='ocrx_word' id='word_1_678' title='bbox 2111 3945 2376 4001; x_wconf 89' lang='lat' dir='ltr'>omnium</span> <span class='ocrx_word' id='word_1_679' title='bbox 2399 3943 2846 4000; x_wconf 88' lang='lat' dir='ltr'>acerbissimum</span> <span class='ocrx_word' id='word_1_680' title='bbox 2872 3943 3263 4014; x_wconf 89' lang='lat' dir='ltr'>sit,quidquid</span> <span class='ocrx_word' id='word_1_681' title='bbox 3286 3942 3344 3996; x_wconf 91' lang='lat' dir='ltr'>in</span> <span class='ocrx_word' id='word_1_682' title='bbox 3363 3941 3459 3996; x_wconf 90' lang='lat' dir='ltr'>Dei</span> <span class='ocrx_word' id='word_1_683' title='bbox 3481 3942 3599 3997; x_wconf 85' lang='lat' dir='ltr'>ﬁeri</span> <span class='ocrx_word' id='word_1_684' title='bbox 3617 3941 3768 3996; x_wconf 88' lang='lat' dir='ltr'>vide-</span> 
     </span>
    </p>
   </div>
   <div class='ocr_carea' id='block_1_88' title="bbox 2110 4030 3764 4103">
    <p class='ocr_par' dir='ltr' id='par_1_88' title="bbox 2110 4030 3764 4103">
     <span class='ocr_line' id='line_1_88' title="bbox 2110 4030 3764 4103; baseline -0.003 -16"><span class='ocrx_word' id='word_1_685' title='bbox 2110 4037 2207 4087; x_wconf 89' lang='lat' dir='ltr'>tur</span> <span class='ocrx_word' id='word_1_686' title='bbox 2227 4030 2502 4103; x_wconf 87' lang='lat' dir='ltr'>injuriam</span> <span class='ocrx_word' id='word_1_687' title='bbox 2522 4031 2549 4086; x_wconf 84' lang='lat'>?</span> <span class='ocrx_word' id='word_1_688' title='bbox 2575 4031 2736 4094; x_wconf 90' lang='lat' dir='ltr'>Quod</span> <span class='ocrx_word' id='word_1_689' title='bbox 2761 4031 2809 4085; x_wconf 90' lang='lat' dir='ltr'>si</span> <span class='ocrx_word' id='word_1_690' title='bbox 2837 4030 3015 4102; x_wconf 87' lang='lat' dir='ltr'>impie</span> <span class='ocrx_word' id='word_1_691' title='bbox 3044 4045 3232 4100; x_wconf 88' lang='lat' dir='ltr'>agere,</span> <span class='ocrx_word' id='word_1_692' title='bbox 3267 4046 3380 4083; x_wconf 89' lang='lat' dir='ltr'>non</span> <span class='ocrx_word' id='word_1_693' title='bbox 3432 4033 3522 4084; x_wconf 87' lang='lat' dir='ltr'>est</span> <span class='ocrx_word' id='word_1_694' title='bbox 3555 4033 3764 4100; x_wconf 84' lang='lat' dir='ltr'>praeter</span> 
     </span>
    </p>
   </div>
   <div class='ocr_carea' id='block_1_89' title="bbox 2112 4117 3762 4190">
    <p class='ocr_par' dir='ltr' id='par_1_89' title="bbox 2112 4117 3762 4190">
     <span class='ocr_line' id='line_1_89' title="bbox 2112 4117 3762 4190; baseline -0.002 -14"><span class='ocrx_word' id='word_1_695' title='bbox 2112 4125 2380 4176; x_wconf 87' lang='lat' dir='ltr'>naturam</span> <span class='ocrx_word' id='word_1_696' title='bbox 2420 4138 2432 4186; x_wconf 91' lang='lat'>;</span> <span class='ocrx_word' id='word_1_697' title='bbox 2495 4121 2683 4175; x_wconf 91' lang='lat' dir='ltr'>vivere</span> <span class='ocrx_word' id='word_1_698' title='bbox 2735 4135 2870 4190; x_wconf 86' lang='lat' dir='ltr'>ergo</span> <span class='ocrx_word' id='word_1_699' title='bbox 2924 4118 3101 4189; x_wconf 91' lang='lat' dir='ltr'>impie</span> <span class='ocrx_word' id='word_1_700' title='bbox 3133 4117 3456 4173; x_wconf 88' lang='lat' dir='ltr'>secundum</span> <span class='ocrx_word' id='word_1_701' title='bbox 3490 4121 3762 4172; x_wconf 86' lang='lat' dir='ltr'>naturam</span> 
     </span>
    </p>
   </div>
   <div class='ocr_carea' id='block_1_90' title="bbox 2111 4205 3762 4279">
    <p class='ocr_par' dir='ltr' id='par_1_90' title="bbox 2111 4205 3762 4279">
     <span class='ocr_line' id='line_1_90' title="bbox 2111 4205 3762 4279; baseline -0.004 -14"><span class='ocrx_word' id='word_1_702' title='bbox 2111 4214 2217 4276; x_wconf 88' lang='lat' dir='ltr'>est,</span> <span class='ocrx_word' id='word_1_703' title='bbox 2253 4224 2357 4264; x_wconf 90' lang='lat' dir='ltr'>nec</span> <span class='ocrx_word' id='word_1_704' title='bbox 2402 4208 2513 4279; x_wconf 90' lang='grc'>(51)</span> <span class='ocrx_word' id='word_1_705' title='bbox 2563 4207 2779 4277; x_wconf 88' lang='lat' dir='ltr'>peccati</span> <span class='ocrx_word' id='word_1_706' title='bbox 2811 4206 2934 4262; x_wconf 91' lang='lat' dir='ltr'>loco</span> <span class='ocrx_word' id='word_1_707' title='bbox 2986 4207 3347 4272; x_wconf 90' lang='lat' dir='ltr'>habendum,</span> <span class='ocrx_word' id='word_1_708' title='bbox 3380 4222 3486 4260; x_wconf 89' lang='lat' dir='ltr'>nec</span> <span class='ocrx_word' id='word_1_709' title='bbox 3516 4205 3762 4276; x_wconf 90' lang='lat' dir='ltr'>dignum</span> 
     </span>
    </p>
   </div>
   <div class='ocr_carea' id='block_1_91' title="bbox 2113 4293 3760 4370">
    <p class='ocr_par' dir='ltr' id='par_1_91' title="bbox 2113 4293 3760 4370">
     <span class='ocr_line' id='line_1_91' title="bbox 2113 4293 3760 4370; baseline -0.004 -16"><span class='ocrx_word' id='word_1_710' title='bbox 2113 4296 2558 4370; x_wconf 89' lang='lat' dir='ltr'>reprehensione</span> <span class='ocrx_word' id='word_1_711' title='bbox 2579 4295 3032 4350; x_wconf 82' lang='lat' dir='ltr'>exsitimandum</span> <span class='ocrx_word' id='word_1_712' title='bbox 3059 4312 3071 4360; x_wconf 87' lang='lat'><strong>;</strong></span> <span class='ocrx_word' id='word_1_713' title='bbox 3097 4310 3268 4348; x_wconf 92' lang='lat' dir='ltr'>nemo</span> <span class='ocrx_word' id='word_1_714' title='bbox 3280 4293 3435 4349; x_wconf 89' lang='lat' dir='ltr'>enim</span> <span class='ocrx_word' id='word_1_715' title='bbox 3451 4293 3760 4366; x_wconf 89' lang='lat' dir='ltr'>reprehen-</span> 
     </span>
    </p>
   </div>
   <div class='ocr_carea' id='block_1_92' title="bbox 2110 4383 3760 4457">
    <p class='ocr_par' dir='ltr' id='par_1_92' title="bbox 2110 4383 3760 4457">
     <span class='ocr_line' id='line_1_92' title="bbox 2110 4383 3760 4457; baseline -0.003 -16"><span class='ocrx_word' id='word_1_716' title='bbox 2110 4387 2288 4454; x_wconf 89' lang='lat' dir='ltr'>ditur,</span> <span class='ocrx_word' id='word_1_717' title='bbox 2322 4385 2421 4457; x_wconf 91' lang='lat' dir='ltr'>qui</span> <span class='ocrx_word' id='word_1_718' title='bbox 2453 4387 2726 4456; x_wconf 91' lang='lat' dir='ltr'>operatur</span> <span class='ocrx_word' id='word_1_719' title='bbox 2755 4383 3079 4439; x_wconf 90' lang='lat' dir='ltr'>secundum</span> <span class='ocrx_word' id='word_1_720' title='bbox 3115 4386 3406 4438; x_wconf 90' lang='lat' dir='ltr'>naturam.</span> <span class='ocrx_word' id='word_1_721' title='bbox 3443 4383 3603 4437; x_wconf 69' lang='lat' dir='ltr'>[inde</span> <span class='ocrx_word' id='word_1_722' title='bbox 3629 4398 3760 4436; x_wconf 89' lang='lat' dir='ltr'>con-</span> 
     </span>
    </p>
   </div>
   <div class='ocr_carea' id='block_1_93' title="bbox 2110 4471 3758 4545">
    <p class='ocr_par' dir='ltr' id='par_1_93' title="bbox 2110 4471 3758 4545">
     <span class='ocr_line' id='line_1_93' title="bbox 2110 4471 3758 4545; baseline -0.003 -16"><span class='ocrx_word' id='word_1_723' title='bbox 2110 4474 2382 4540; x_wconf 90' lang='lat' dir='ltr'>cluditur,</span> <span class='ocrx_word' id='word_1_724' title='bbox 2421 4473 2560 4545; x_wconf 91' lang='lat' dir='ltr'>quia</span> <span class='ocrx_word' id='word_1_725' title='bbox 2591 4471 2858 4544; x_wconf 85' lang='lat' dir='ltr'>impietas</span> <span class='ocrx_word' id='word_1_726' title='bbox 2891 4477 3100 4544; x_wconf 67' lang='lat' dir='ltr'>przeter</span> <span class='ocrx_word' id='word_1_727' title='bbox 3160 4475 3428 4526; x_wconf 88' lang='lat' dir='ltr'>naturam</span> <span class='ocrx_word' id='word_1_728' title='bbox 3467 4471 3617 4526; x_wconf 73' lang='lat'>760</span> <span class='ocrx_word' id='word_1_729' title='bbox 3647 4475 3758 4526; x_wconf 88' lang='lat' dir='ltr'>est.</span> 
     </span>
    </p>
   </div>
   <div class='ocr_carea' id='block_1_94' title="bbox 350 4559 3758 4661">
    <p class='ocr_par' dir='ltr' id='par_1_94' title="bbox 350 4559 3758 4661">
     <span class='ocr_line' id='line_1_94' title="bbox 350 4559 3758 4661; baseline -0.001 -44"><span class='ocrx_word' id='word_1_730' title='bbox 350 4565 477 4617; x_wconf 89' lang='lat' dir='ltr'>erat</span> <span class='ocrx_word' id='word_1_731' title='bbox 531 4563 702 4631; x_wconf 75' lang='lat' dir='ltr'>(Psat.</span> <span class='ocrx_word' id='word_1_732' title='bbox 751 4580 944 4630; x_wconf 73' lang='lat' dir='ltr'>xxxvr,</span> <span class='ocrx_word' id='word_1_733' title='bbox 991 4563 1079 4628; x_wconf 88' lang='lat'>35,</span> <span class='ocrx_word' id='word_1_734' title='bbox 1112 4564 1224 4635; x_wconf 87' lang='lat'>36).</span> <span class='ocrx_word' id='word_1_735' title='bbox 1275 4586 1302 4613; x_wconf 83' lang='grc'><strong>››</strong></span> <span class='ocrx_word' id='word_1_736' title='bbox 1336 4563 1484 4628; x_wconf 90' lang='lat' dir='ltr'>Quid</span> <span class='ocrx_word' id='word_1_737' title='bbox 1537 4565 1827 4638; x_wconf 88' lang='lat' dir='ltr'>gloriaris,</span> <span class='ocrx_word' id='word_1_738' title='bbox 1860 4567 1999 4639; x_wconf 90' lang='lat' dir='ltr'>quia</span> <span class='ocrx_word' id='word_1_739' title='bbox 2029 4597 2075 4661; x_wconf 85' lang='lat' dir='ltr'><strong>D</strong></span> <span class='ocrx_word' id='word_1_740' title='bbox 2111 4562 2408 4628; x_wconf 90' lang='lat' dir='ltr'>Quomodo</span> <span class='ocrx_word' id='word_1_741' title='bbox 2459 4561 2638 4634; x_wconf 87' lang='lat' dir='ltr'>igitur</span> <span class='ocrx_word' id='word_1_742' title='bbox 2701 4577 2835 4616; x_wconf 91' lang='lat' dir='ltr'>cum</span> <span class='ocrx_word' id='word_1_743' title='bbox 2896 4560 3222 4632; x_wconf 88' lang='lat' dir='ltr'>perditione</span> <span class='ocrx_word' id='word_1_744' title='bbox 3287 4559 3758 4627; x_wconf 82' lang='lat' dir='ltr'>consuetudinis,</span> 
     </span>
    </p>
   </div>
   <div class='ocr_carea' id='block_1_95' title="bbox 351 4649 1995 4728">
    <p class='ocr_par' dir='ltr' id='par_1_95' title="bbox 351 4649 1995 4728">
     <span class='ocr_line' id='line_1_95' title="bbox 351 4649 1995 4728; baseline 0.003 -22"><span class='ocrx_word' id='word_1_745' title='bbox 351 4649 542 4706; x_wconf 87' lang='lat' dir='ltr'>multa</span> <span class='ocrx_word' id='word_1_746' title='bbox 571 4654 626 4706; x_wconf 94' lang='lat' dir='ltr'>te</span> <span class='ocrx_word' id='word_1_747' title='bbox 657 4651 890 4707; x_wconf 90' lang='lat' dir='ltr'>servitia</span> <span class='ocrx_word' id='word_1_748' title='bbox 929 4652 1219 4720; x_wconf 90' lang='lat' dir='ltr'>ambiunt,</span> <span class='ocrx_word' id='word_1_749' title='bbox 1254 4653 1425 4708; x_wconf 89' lang='lat' dir='ltr'>multi</span> <span class='ocrx_word' id='word_1_750' title='bbox 1455 4654 1627 4710; x_wconf 90' lang='lat' dir='ltr'>amici</span> <span class='ocrx_word' id='word_1_751' title='bbox 1676 4659 1882 4728; x_wconf 91' lang='lat' dir='ltr'>tegunt</span> <span class='ocrx_word' id='word_1_752' title='bbox 1912 4655 1995 4711; x_wconf 90' lang='lat' dir='ltr'>1a-</span> 
     </span>
    </p>
   </div>
   <div class='ocr_carea' id='block_1_96' title="bbox 349 4739 2000 4816">
    <p class='ocr_par' dir='ltr' id='par_1_96' title="bbox 349 4739 2000 4816">
     <span class='ocr_line' id='line_1_96' title="bbox 349 4739 2000 4816; baseline 0.003 -21"><span class='ocrx_word' id='word_1_753' title='bbox 349 4743 476 4795; x_wconf 85' lang='lat' dir='ltr'>tera</span> <span class='ocrx_word' id='word_1_754' title='bbox 495 4743 616 4807; x_wconf 90' lang='lat' dir='ltr'>tua,</span> <span class='ocrx_word' id='word_1_755' title='bbox 642 4739 882 4812; x_wconf 90' lang='lat' dir='ltr'>plurimi</span> <span class='ocrx_word' id='word_1_756' title='bbox 913 4744 967 4796; x_wconf 87' lang='lat' dir='ltr'>te</span> <span class='ocrx_word' id='word_1_757' title='bbox 1000 4741 1132 4812; x_wconf 88' lang='lat' dir='ltr'>equi</span> <span class='ocrx_word' id='word_1_758' title='bbox 1159 4745 1510 4814; x_wconf 88' lang='lat' dir='ltr'>sequuntur,</span> <span class='ocrx_word' id='word_1_759' title='bbox 1545 4760 1797 4816; x_wconf 87' lang='lat' dir='ltr'>quorum</span> <span class='ocrx_word' id='word_1_760' title='bbox 1830 4744 2000 4800; x_wconf 89' lang='lat' dir='ltr'>nobis</span> 
     </span>
    </p>
   </div>
   <div class='ocr_carea' id='block_1_97' title="bbox 421 4854 1999 4930">
    <p class='ocr_par' dir='ltr' id='par_1_97' title="bbox 421 4854 1999 4930">
     <span class='ocr_line' id='line_1_97' title="bbox 421 4854 1999 4930; baseline 0.004 -22"><span class='ocrx_word' id='word_1_761' title='bbox 421 4854 536 4930; x_wconf 70' lang='lat'>(48)</span> <span class='ocrx_word' id='word_1_762' title='bbox 577 4854 773 4930; x_wconf 77' lang='lat' dir='ltr'>_N_ega_t</span> <span class='ocrx_word' id='word_1_763' title='bbox 801 4871 1000 4930; x_wconf 83' lang='lat' dir='ltr'>revera</span> <span class='ocrx_word' id='word_1_764' title='bbox 1030 4855 1373 4930; x_wconf 80' lang='lat' dir='ltr'>scholiastes</span> <span class='ocrx_word' id='word_1_765' title='bbox 1413 4858 1817 4930; x_wconf 87' lang='lat' dir='ltr'>repetitionem</span> <span class='ocrx_word' id='word_1_766' title='bbox 1850 4859 1999 4916; x_wconf 89' lang='lat' dir='ltr'>hanc</span> 
     </span>
    </p>
   </div>
   <div class='ocr_carea' id='block_1_98' title="bbox 348 4924 1998 5002">
    <p class='ocr_par' dir='ltr' id='par_1_98' title="bbox 348 4924 1998 5002">
     <span class='ocr_line' id='line_1_98' title="bbox 348 4924 1998 5002; baseline 0.005 -24"><span class='ocrx_word' id='word_1_767' title='bbox 348 4924 590 5002; x_wconf 71' lang='lat' dir='ltr'>reperiri</span> <span class='ocrx_word' id='word_1_768' title='bbox 623 4924 989 5002; x_wconf 54' lang='lat' dir='ltr'>in__Hexaplo,</span> <span class='ocrx_word' id='word_1_769' title='bbox 1042 4930 1105 4984; x_wconf 86' lang='lat' dir='ltr'>ut</span> <span class='ocrx_word' id='word_1_770' title='bbox 1135 4928 1332 4984; x_wconf 90' lang='lat' dir='ltr'>videre</span> <span class='ocrx_word' id='word_1_771' title='bbox 1381 4924 1495 4985; x_wconf 60' lang='lat' dir='ltr'>est&#39;</span> <span class='ocrx_word' id='word_1_772' title='bbox 1518 4931 1671 5002; x_wconf 88' lang='lat' dir='ltr'>apud</span> <span class='ocrx_word' id='word_1_773' title='bbox 1704 4929 1998 4986; x_wconf 90' lang='lat' dir='ltr'>Nobilium</span> 
     </span>
    </p>
   </div>
   <div class='ocr_carea' id='block_1_99' title="bbox 349 4995 846 5052">
    <p class='ocr_par' dir='ltr' id='par_1_99' title="bbox 349 4995 846 5052">
     <span class='ocr_line' id='line_1_99' title="bbox 349 4995 846 5052; baseline 0.002 -1"><span class='ocrx_word' id='word_1_774' title='bbox 349 5011 529 5052; x_wconf 84' lang='lat' dir='ltr'>suner</span> <span class='ocrx_word' id='word_1_775' title='bbox 557 4995 666 5051; x_wconf 92' lang='lat' dir='ltr'>hoc</span> <span class='ocrx_word' id='word_1_776' title='bbox 697 4995 846 5052; x_wconf 91' lang='lat' dir='ltr'>loco.</span> 
     </span>
    </p>
   </div>
   <div class='ocr_carea' id='block_1_100' title="bbox 445 5065 2002 5142">
    <p class='ocr_par' dir='ltr' id='par_1_100' title="bbox 445 5065 2002 5142">
     <span class='ocr_line' id='line_1_100' title="bbox 445 5065 2002 5142; baseline 0.004 -23"><span class='ocrx_word' id='word_1_777' title='bbox 445 5065 536 5142; x_wconf 84' lang='grc'>49)</span> <span class='ocrx_word' id='word_1_778' title='bbox 593 5067 735 5123; x_wconf 90' lang='lat' dir='ltr'>Mss.</span> <span class='ocrx_word' id='word_1_779' title='bbox 769 5067 1058 5142; x_wconf 87' lang='lat' dir='ltr'>nonnulli,</span> <span class='ocrx_word' id='word_1_780' title='bbox 1090 5074 1147 5124; x_wconf 92' lang='lat' dir='ltr'>et</span> <span class='ocrx_word' id='word_1_781' title='bbox 1177 5070 1444 5142; x_wconf 85' lang='lat' dir='ltr'>quaedam</span> <span class='ocrx_word' id='word_1_782' title='bbox 1492 5069 1631 5142; x_wconf 81' lang='lat' dir='ltr'>edit.</span> <span class='ocrx_word' id='word_1_783' title='bbox 1664 5069 1870 5136; x_wconf 88' lang='lat' dir='ltr'>Paris.,</span> <span class='ocrx_word' id='word_1_784' title='bbox 1903 5076 2002 5126; x_wconf 84' lang='lat' dir='ltr'>aut</span> 
     </span>
    </p>
   </div>
   <div class='ocr_carea' id='block_1_101' title="bbox 346 5138 1999 5223">
    <p class='ocr_par' dir='ltr' id='par_1_101' title="bbox 346 5138 1999 5223">
     <span class='ocr_line' id='line_1_101' title="bbox 346 5138 1999 5223; baseline 0.004 -33"><span class='ocrx_word' id='word_1_785' title='bbox 346 5138 583 5223; x_wconf 45' lang='lat' dir='ltr'>nitentes</span> <span class='ocrx_word' id='word_1_786' title='bbox 610 5155 749 5223; x_wconf 75' lang='lat' dir='ltr'>auro</span> <span class='ocrx_word' id='word_1_787' title='bbox 779 5140 1133 5223; x_wconf 61' lang='grc' dir='ltr'>ινίτεζηρῂαισδ</span> <span class='ocrx_word' id='word_1_788' title='bbox 1188 5138 1411 5223; x_wconf 60' lang='lat' dir='ltr'>palmae.</span> <span class='ocrx_word' id='word_1_789' title='bbox 1472 5140 1586 5223; x_wconf 49' lang='lat' dir='ltr'>Alii</span> <span class='ocrx_word' id='word_1_790' title='bbox 1646 5157 1789 5222; x_wconf 78' lang='lat' dir='ltr'>mss.</span> <span class='ocrx_word' id='word_1_791' title='bbox 1823 5147 1999 5223; x_wconf 83' lang='lat' dir='ltr'>atque</span> 
     </span>
    </p>
   </div>
   <div class='ocr_carea' id='block_1_102' title="bbox 347 5207 1998 5280">
    <p class='ocr_par' dir='ltr' id='par_1_102' title="bbox 347 5207 1998 5280">
     <span class='ocr_line' id='line_1_102' title="bbox 347 5207 1998 5280; baseline 0.004 -18"><span class='ocrx_word' id='word_1_792' title='bbox 347 5207 522 5280; x_wconf 79' lang='lat' dir='ltr'>edit.,</span> <span class='ocrx_word' id='word_1_793' title='bbox 541 5210 817 5280; x_wconf 76' lang='lat' dir='ltr'>palmatae.</span> <span class='ocrx_word' id='word_1_794' title='bbox 869 5207 1114 5277; x_wconf 79' lang='lat' dir='ltr'>Melius;</span> <span class='ocrx_word' id='word_1_795' title='bbox 1149 5207 1252 5267; x_wconf 82' lang='lat' dir='ltr'>nec</span> <span class='ocrx_word' id='word_1_796' title='bbox 1281 5213 1439 5268; x_wconf 90' lang='lat' dir='ltr'>enim</span> <span class='ocrx_word' id='word_1_797' title='bbox 1490 5216 1707 5266; x_wconf 89' lang='lat' dir='ltr'>temere</span> <span class='ocrx_word' id='word_1_798' title='bbox 1737 5207 1998 5268; x_wconf 78' lang='lat' dir='ltr'>invenia-</span> 
     </span>
    </p>
   </div>
   <div class='ocr_carea' id='block_1_103' title="bbox 346 5278 1996 5364">
    <p class='ocr_par' dir='ltr' id='par_1_103' title="bbox 346 5278 1996 5364">
     <span class='ocr_line' id='line_1_103' title="bbox 346 5278 1996 5364; baseline 0.003 -30"><span class='ocrx_word' id='word_1_799' title='bbox 346 5282 446 5334; x_wconf 90' lang='lat' dir='ltr'>tur</span> <span class='ocrx_word' id='word_1_800' title='bbox 475 5278 554 5333; x_wconf 51' lang='lat' dir='ltr'>ab&#39;</span> <span class='ocrx_word' id='word_1_801' title='bbox 589 5278 1060 5364; x_wconf 68' lang='lat' dir='ltr'>imperatoribus</span> <span class='ocrx_word' id='word_1_802' title='bbox 1099 5283 1162 5364; x_wconf 74' lang='lat' dir='ltr'>in</span> <span class='ocrx_word' id='word_1_803' title='bbox 1211 5282 1529 5364; x_wconf 73' lang='lat' dir='ltr'>triumphis</span> <span class='ocrx_word' id='word_1_804' title='bbox 1578 5282 1834 5364; x_wconf 61' lang='lat' dir='ltr'>palmas,</span> <span class='ocrx_word' id='word_1_805' title='bbox 1870 5301 1996 5364; x_wconf 77' lang='lat' dir='ltr'>quae</span> 
     </span>
    </p>
   </div>
   <div class='ocr_carea' id='block_1_104' title="bbox 344 5352 1998 5427">
    <p class='ocr_par' dir='ltr' id='par_1_104' title="bbox 344 5352 1998 5427">
     <span class='ocr_line' id='line_1_104' title="bbox 344 5352 1998 5427; baseline 0.004 -22"><span class='ocrx_word' id='word_1_806' title='bbox 344 5364 559 5427; x_wconf 74' lang='lat' dir='ltr'>eorum</span> <span class='ocrx_word' id='word_1_807' title='bbox 583 5353 812 5427; x_wconf 82' lang='lat' dir='ltr'>tantum</span> <span class='ocrx_word' id='word_1_808' title='bbox 844 5354 942 5423; x_wconf 93' lang='lat' dir='ltr'>qui</span> <span class='ocrx_word' id='word_1_809' title='bbox 976 5353 1065 5409; x_wconf 89' lang='lat' dir='ltr'>vel</span> <span class='ocrx_word' id='word_1_810' title='bbox 1095 5354 1156 5407; x_wconf 92' lang='lat' dir='ltr'>in</span> <span class='ocrx_word' id='word_1_811' title='bbox 1187 5352 1548 5427; x_wconf 81' lang='lat' dir='ltr'>Olympiacis,</span> <span class='ocrx_word' id='word_1_812' title='bbox 1581 5352 1668 5407; x_wconf 82' lang='lat' dir='ltr'>vel</span> <span class='ocrx_word' id='word_1_813' title='bbox 1701 5354 1759 5408; x_wconf 89' lang='lat' dir='ltr'>in</span> <span class='ocrx_word' id='word_1_814' title='bbox 1781 5352 1998 5427; x_wconf 86' lang='lat' dir='ltr'>gladia-</span> 
     </span>
    </p>
   </div>
   <div class='ocr_carea' id='block_1_105' title="bbox 343 5418 1996 5500">
    <p class='ocr_par' dir='ltr' id='par_1_105' title="bbox 343 5418 1996 5500">
     <span class='ocr_line' id='line_1_105' title="bbox 343 5418 1996 5500; baseline 0.005 -26"><span class='ocrx_word' id='word_1_815' title='bbox 343 5419 515 5500; x_wconf 72' lang='lat' dir='ltr'>toriis</span> <span class='ocrx_word' id='word_1_816' title='bbox 545 5418 702 5500; x_wconf 88' lang='lat' dir='ltr'>ludis</span> <span class='ocrx_word' id='word_1_817' title='bbox 747 5418 1025 5500; x_wconf 77' lang='lat' dir='ltr'>vicerant,</span> <span class='ocrx_word' id='word_1_818' title='bbox 1056 5418 1297 5500; x_wconf 66' lang='lat' dir='ltr'>praemia</span> <span class='ocrx_word' id='word_1_819' title='bbox 1325 5418 1510 5500; x_wconf 74' lang='lat' dir='ltr'>erant,</span> <span class='ocrx_word' id='word_1_820' title='bbox 1538 5418 1738 5500; x_wconf 80' lang='lat' dir='ltr'>manu</span> <span class='ocrx_word' id='word_1_821' title='bbox 1780 5418 1996 5500; x_wconf 73' lang='lat' dir='ltr'>gestari</span> 
     </span>
    </p>
   </div>
   <div class='ocr_carea' id='block_1_106' title="bbox 342 5489 1995 5566">
    <p class='ocr_par' dir='ltr' id='par_1_106' title="bbox 342 5489 1995 5566">
     <span class='ocr_line' id='line_1_106' title="bbox 342 5489 1995 5566; baseline 0.004 -21"><span class='ocrx_word' id='word_1_822' title='bbox 342 5489 550 5566; x_wconf 77' lang='lat' dir='ltr'>solitas</span> <span class='ocrx_word' id='word_1_823' title='bbox 578 5498 682 5566; x_wconf 87' lang='lat' dir='ltr'>;_at</span> <span class='ocrx_word' id='word_1_824' title='bbox 709 5510 840 5549; x_wconf 90' lang='lat' dir='ltr'>vero</span> <span class='ocrx_word' id='word_1_825' title='bbox 882 5489 1165 5566; x_wconf 62' lang='lat' dir='ltr'>palma—tm,</span> <span class='ocrx_word' id='word_1_826' title='bbox 1211 5495 1269 5549; x_wconf 90' lang='lat' dir='ltr'>id</span> <span class='ocrx_word' id='word_1_827' title='bbox 1315 5500 1426 5566; x_wconf 83' lang='lat' dir='ltr'>est,</span> <span class='ocrx_word' id='word_1_828' title='bbox 1468 5499 1614 5566; x_wconf 66' lang='lat' dir='ltr'>togae</span> <span class='ocrx_word' id='word_1_829' title='bbox 1646 5489 1858 5566; x_wconf 66' lang='lat' dir='ltr'>palmis</span> <span class='ocrx_word' id='word_1_830' title='bbox 1890 5515 1995 5552; x_wconf 90' lang='lat' dir='ltr'>acu</span> 
     </span>
    </p>
   </div>
   <div class='ocr_carea' id='block_1_107' title="bbox 342 5513 1994 5644">
    <p class='ocr_par' dir='ltr' id='par_1_107' title="bbox 342 5513 1994 5644">
     <span class='ocr_line' id='line_1_107' title="bbox 342 5513 1994 5566; baseline 0.004 -21"><span class='ocrx_word' id='word_1_831' title='bbox 342 5513 550 5546; x_wconf 73' lang='lat' dir='ltr'>BOIlLaB</span> <span class='ocrx_word' id='word_1_832' title='bbox 578 5515 593 5557; x_wconf 87' lang='lat'><strong>;</strong></span> <span class='ocrx_word' id='word_1_833' title='bbox 621 5513 682 5546; x_wconf 71' lang='lat' dir='ltr'>at</span> <span class='ocrx_word' id='word_1_834' title='bbox 709 5513 840 5549; x_wconf 87' lang='lat' dir='ltr'>vero</span> <span class='ocrx_word' id='word_1_835' title='bbox 899 5513 1165 5561; x_wconf 64' lang='lat' dir='ltr'>numam,</span> <span class='ocrx_word' id='word_1_836' title='bbox 1211 5513 1269 5549; x_wconf 81' lang='grc' dir='ltr'>ια</span> <span class='ocrx_word' id='word_1_837' title='bbox 1315 5513 1426 5560; x_wconf 77' lang='lat' dir='ltr'>est,</span> <span class='ocrx_word' id='word_1_838' title='bbox 1468 5513 1614 5566; x_wconf 68' lang='lat' dir='ltr'>toga:</span> <span class='ocrx_word' id='word_1_839' title='bbox 1646 5513 1858 5566; x_wconf 75' lang='lat' dir='ltr'>palmis</span> <span class='ocrx_word' id='word_1_840' title='bbox 1890 5515 1994 5552; x_wconf 88' lang='lat' dir='ltr'>acu</span> 
     </span>
     <span class='ocr_line' id='line_1_108' title="bbox 342 5513 1994 5644; baseline 0.006 -30"><span class='ocrx_word' id='word_1_841' title='bbox 342 5560 542 5644; x_wconf 80' lang='lat' dir='ltr'>pictis,</span> <span class='ocrx_word' id='word_1_842' title='bbox 572 5563 732 5644; x_wconf 51' lang='lat' dir='ltr'>sive,</span> <span class='ocrx_word' id='word_1_843' title='bbox 752 5569 817 5620; x_wconf 92' lang='lat' dir='ltr'>ut</span> <span class='ocrx_word' id='word_1_844' title='bbox 846 5513 1030 5636; x_wconf 71' lang='lat' dir='ltr'>aliqui</span> <span class='ocrx_word' id='word_1_845' title='bbox 1060 5567 1284 5644; x_wconf 87' lang='lat' dir='ltr'>volunt,</span> <span class='ocrx_word' id='word_1_846' title='bbox 1317 5564 1452 5644; x_wconf 84' lang='lat' dir='ltr'>latis</span> <span class='ocrx_word' id='word_1_847' title='bbox 1479 5565 1657 5621; x_wconf 90' lang='lat' dir='ltr'>clavis</span> <span class='ocrx_word' id='word_1_848' title='bbox 1682 5567 1994 5644; x_wconf 68' lang='lat' dir='ltr'>distinctae,</span> 
     </span>
    </p>
   </div>
   <div class='ocr_carea' id='block_1_108' title="bbox 343 5632 1996 5709">
    <p class='ocr_par' dir='ltr' id='par_1_108' title="bbox 343 5632 1996 5709">
     <span class='ocr_line' id='line_1_109' title="bbox 343 5632 1996 5709; baseline 0.006 -24"><span class='ocrx_word' id='word_1_849' title='bbox 343 5632 842 5709; x_wconf 84' lang='lat' dir='ltr'>triumphantium</span> <span class='ocrx_word' id='word_1_850' title='bbox 874 5632 1220 5709; x_wconf 77' lang='lat' dir='ltr'>ornamenta</span> <span class='ocrx_word' id='word_1_851' title='bbox 1247 5632 1412 5709; x_wconf 86' lang='lat' dir='ltr'>erant</span> <span class='ocrx_word' id='word_1_852' title='bbox 1438 5655 1451 5704; x_wconf 88' lang='lat'>;</span> <span class='ocrx_word' id='word_1_853' title='bbox 1499 5632 1996 5709; x_wconf 83' lang='lat' dir='ltr'>quemadmodum</span> 
     </span>
    </p>
   </div>
   <div class='ocr_carea' id='block_1_109' title="bbox 336 5707 1992 5782">
    <p class='ocr_par' dir='ltr' id='par_1_109' title="bbox 336 5707 1992 5782">
     <span class='ocr_line' id='line_1_110' title="bbox 336 5707 1992 5782; baseline 0.008 -26"><span class='ocrx_word' id='word_1_854' title='bbox 336 5707 658 5774; x_wconf 55' lang='lat' dir='ltr'>praetextae,</span> <span class='ocrx_word' id='word_1_855' title='bbox 720 5722 846 5778; x_wconf 80' lang='lat' dir='ltr'>quae</span> <span class='ocrx_word' id='word_1_856' title='bbox 904 5708 1011 5764; x_wconf 91' lang='lat' dir='ltr'>hoc</span> <span class='ocrx_word' id='word_1_857' title='bbox 1068 5709 1196 5780; x_wconf 88' lang='lat' dir='ltr'>ipso</span> <span class='ocrx_word' id='word_1_858' title='bbox 1257 5707 1660 5779; x_wconf 79' lang='lat' dir='ltr'>nominantur,</span> <span class='ocrx_word' id='word_1_859' title='bbox 1720 5709 1828 5767; x_wconf 92' lang='lat' dir='ltr'>hoc</span> <span class='ocrx_word' id='word_1_860' title='bbox 1885 5717 1992 5782; x_wconf 87' lang='lat' dir='ltr'>est,</span> 
     </span>
    </p>
   </div>
   <div class='ocr_carea' id='block_1_110' title="bbox 2107 4648 3755 4721">
    <p class='ocr_par' dir='ltr' id='par_1_110' title="bbox 2107 4648 3755 4721">
     <span class='ocr_line' id='line_1_111' title="bbox 2107 4648 3755 4721; baseline -0.004 -12"><span class='ocrx_word' id='word_1_861' title='bbox 2107 4660 2516 4719; x_wconf 72' lang='grc' dir='ltr'>ἀπολλησομένας</span> <span class='ocrx_word' id='word_1_862' title='bbox 2574 4658 2757 4721; x_wconf 74' lang='grc' dir='ltr'>φύσεις,</span> <span class='ocrx_word' id='word_1_863' title='bbox 2819 4648 2925 4704; x_wconf 89' lang='lat' dir='ltr'>hoc</span> <span class='ocrx_word' id='word_1_864' title='bbox 2985 4652 3074 4704; x_wconf 90' lang='lat' dir='ltr'>est</span> <span class='ocrx_word' id='word_1_865' title='bbox 3132 4648 3421 4720; x_wconf 88' lang='lat' dir='ltr'>perituras</span> <span class='ocrx_word' id='word_1_866' title='bbox 3494 4651 3755 4714; x_wconf 85' lang='lat' dir='ltr'>naturas,</span> 
     </span>
    </p>
   </div>
   <div class='ocr_carea' id='block_1_111' title="bbox 2110 4736 3753 4811">
    <p class='ocr_par' dir='ltr' id='par_1_111' title="bbox 2110 4736 3753 4811">
     <span class='ocr_line' id='line_1_112' title="bbox 2110 4736 3753 4811; baseline -0.004 -14"><span class='ocrx_word' id='word_1_867' title='bbox 2110 4741 2334 4797; x_wconf 91' lang='lat' dir='ltr'>inducit</span> <span class='ocrx_word' id='word_1_868' title='bbox 2365 4740 2683 4811; x_wconf 91' lang='lat' dir='ltr'>Scriptura,</span> <span class='ocrx_word' id='word_1_869' title='bbox 2717 4753 2850 4792; x_wconf 90' lang='lat' dir='ltr'>cum</span> <span class='ocrx_word' id='word_1_870' title='bbox 2883 4737 3156 4810; x_wconf 90' lang='lat' dir='ltr'>impietas</span> <span class='ocrx_word' id='word_1_871' title='bbox 3206 4754 3320 4793; x_wconf 89' lang='lat' dir='ltr'>non</span> <span class='ocrx_word' id='word_1_872' title='bbox 3353 4736 3555 4809; x_wconf 89' lang='lat' dir='ltr'>utique</span> <span class='ocrx_word' id='word_1_873' title='bbox 3582 4741 3753 4790; x_wconf 88' lang='lat' dir='ltr'>natu-</span> 
     </span>
    </p>
   </div>
   <div class='ocr_carea' id='block_1_112' title="bbox 2111 4852 3759 4926">
    <p class='ocr_par' dir='ltr' id='par_1_112' title="bbox 2111 4852 3759 4926">
     <span class='ocr_line' id='line_1_113' title="bbox 2111 4852 3759 4926; baseline -0.004 -12"><span class='ocrx_word' id='word_1_874' title='bbox 2111 4858 2338 4914; x_wconf 89' lang='lat' dir='ltr'>tunieas</span> <span class='ocrx_word' id='word_1_875' title='bbox 2369 4854 2566 4910; x_wconf 89' lang='lat' dir='ltr'>limbis</span> <span class='ocrx_word' id='word_1_876' title='bbox 2597 4852 2906 4926; x_wconf 89' lang='lat' dir='ltr'>purpureis</span> <span class='ocrx_word' id='word_1_877' title='bbox 2936 4853 3257 4926; x_wconf 83' lang='lat' dir='ltr'>decoratas,</span> <span class='ocrx_word' id='word_1_878' title='bbox 3304 4853 3759 4923; x_wconf 85' lang='lat' dir='ltr'>magistratuum</span> 
     </span>
    </p>
   </div>
   <div class='ocr_carea' id='block_1_113' title="bbox 2110 4924 3756 4998">
    <p class='ocr_par' dir='ltr' id='par_1_113' title="bbox 2110 4924 3756 4998">
     <span class='ocr_line' id='line_1_114' title="bbox 2110 4924 3756 4998; baseline -0.005 -13"><span class='ocrx_word' id='word_1_879' title='bbox 2110 4946 2175 4985; x_wconf 91' lang='lat' dir='ltr'>ac</span> <span class='ocrx_word' id='word_1_880' title='bbox 2197 4927 2481 4984; x_wconf 89' lang='lat' dir='ltr'>nobilium</span> <span class='ocrx_word' id='word_1_881' title='bbox 2510 4924 2824 4998; x_wconf 80' lang='lat' dir='ltr'>puerorum</span> <span class='ocrx_word' id='word_1_882' title='bbox 2845 4930 3035 4980; x_wconf 89' lang='lat' dir='ltr'>vestes</span> <span class='ocrx_word' id='word_1_883' title='bbox 3056 4924 3240 4980; x_wconf 90' lang='lat' dir='ltr'>fuisse</span> <span class='ocrx_word' id='word_1_884' title='bbox 3262 4926 3630 4998; x_wconf 78' lang='lat' dir='ltr'>compertum</span> <span class='ocrx_word' id='word_1_885' title='bbox 3651 4928 3756 4998; x_wconf 78' lang='lat' dir='ltr'>est.</span> 
     </span>
    </p>
   </div>
   <div class='ocr_carea' id='block_1_114' title="bbox 2109 4993 3759 5069">
    <p class='ocr_par' dir='ltr' id='par_1_114' title="bbox 2109 4993 3759 5069">
     <span class='ocr_line' id='line_1_115' title="bbox 2109 4993 3759 5069; baseline -0.004 -15"><span class='ocrx_word' id='word_1_886' title='bbox 2109 5001 2271 5064; x_wconf 90' lang='lat' dir='ltr'>Quod</span> <span class='ocrx_word' id='word_1_887' title='bbox 2304 5002 2494 5053; x_wconf 87' lang='lat' dir='ltr'>autem</span> <span class='ocrx_word' id='word_1_888' title='bbox 2510 4993 2633 5069; x_wconf 70' lang='lat' dir='ltr'>pro</span> <span class='ocrx_word' id='word_1_889' title='bbox 2663 4999 2760 5052; x_wconf 82' lang='lat' dir='ltr'>aut</span> <span class='ocrx_word' id='word_1_890' title='bbox 2787 4999 3021 5069; x_wconf 55' lang='lat' dir='ltr'>nitentes</span> <span class='ocrx_word' id='word_1_891' title='bbox 3050 5011 3206 5054; x_wconf 86' lang='lat' dir='ltr'>auro.</span> <span class='ocrx_word' id='word_1_892' title='bbox 3241 4993 3440 5069; x_wconf 81' lang='lat' dir='ltr'>plures</span> <span class='ocrx_word' id='word_1_893' title='bbox 3471 5009 3615 5069; x_wconf 77' lang='lat' dir='ltr'>mss.</span> <span class='ocrx_word' id='word_1_894' title='bbox 3651 4993 3759 5069; x_wconf 91' lang='lat' dir='ltr'>ha-_</span> 
     </span>
    </p>
   </div>
   <div class='ocr_carea' id='block_1_115' title="bbox 2108 5062 3758 5137">
    <p class='ocr_par' dir='ltr' id='par_1_115' title="bbox 2108 5062 3758 5137">
     <span class='ocr_line' id='line_1_116' title="bbox 2108 5062 3758 5137; baseline -0.005 -11"><span class='ocrx_word' id='word_1_895' title='bbox 2108 5062 2268 5137; x_wconf 82' lang='lat' dir='ltr'>bent,</span> <span class='ocrx_word' id='word_1_896' title='bbox 2301 5062 2610 5124; x_wconf 67' lang='lat' dir='ltr'>annuente:</span> <span class='ocrx_word' id='word_1_897' title='bbox 2639 5083 2796 5130; x_wconf 86' lang='lat' dir='ltr'>auro,</span> <span class='ocrx_word' id='word_1_898' title='bbox 2829 5067 2937 5122; x_wconf 91' lang='lat' dir='ltr'>hoc</span> <span class='ocrx_word' id='word_1_899' title='bbox 2966 5067 3047 5120; x_wconf 88' lang='lat' dir='ltr'>ita</span> <span class='ocrx_word' id='word_1_900' title='bbox 3066 5062 3259 5136; x_wconf 78' lang='lat' dir='ltr'>potest</span> <span class='ocrx_word' id='word_1_901' title='bbox 3278 5062 3573 5135; x_wconf 85' lang='lat' dir='ltr'>explicari,</span> <span class='ocrx_word' id='word_1_902' title='bbox 3609 5080 3674 5120; x_wconf 92' lang='lat' dir='ltr'>ac</span> <span class='ocrx_word' id='word_1_903' title='bbox 3709 5066 3758 5119; x_wconf 90' lang='lat' dir='ltr'>si</span> 
     </span>
    </p>
   </div>
   <div class='ocr_carea' id='block_1_116' title="bbox 2107 5139 3242 5214">
    <p class='ocr_par' dir='ltr' id='par_1_116' title="bbox 2107 5139 3242 5214">
     <span class='ocr_line' id='line_1_117' title="bbox 2107 5139 3242 5214; baseline -0.006 -18"><span class='ocrx_word' id='word_1_904' title='bbox 2107 5141 2415 5214; x_wconf 81' lang='lat' dir='ltr'>legeretur,</span> <span class='ocrx_word' id='word_1_905' title='bbox 2439 5157 2595 5214; x_wconf 19' lang='lat' dir='ltr'>Laure</span> <span class='ocrx_word' id='word_1_906' title='bbox 2625 5139 2875 5214; x_wconf 69' lang='lat' dir='ltr'>sulfuth</span> <span class='ocrx_word' id='word_1_907' title='bbox 2893 5154 2957 5214; x_wconf 85' lang='lat' dir='ltr'>a_c_</span> <span class='ocrx_word' id='word_1_908' title='bbox 2986 5140 3242 5214; x_wconf 61' lang='lat' dir='ltr'>rigentes.</span> 
     </span>
    </p>
   </div>
   <div class='ocr_carea' id='block_1_117' title="bbox 2179 5204 3762 5277">
    <p class='ocr_par' dir='ltr' id='par_1_117' title="bbox 2179 5204 3762 5277">
     <span class='ocr_line' id='line_1_118' title="bbox 2179 5204 3762 5277; baseline -0.003 -11"><span class='ocrx_word' id='word_1_909' title='bbox 2179 5204 2292 5277; x_wconf 80' lang='lat'>(50)</span> <span class='ocrx_word' id='word_1_910' title='bbox 2342 5204 2478 5265; x_wconf 86' lang='lat' dir='ltr'>Cod.</span> <span class='ocrx_word' id='word_1_911' title='bbox 2531 5204 2791 5264; x_wconf 62' lang='lat' dir='ltr'>Vict.&quot;ct</span> <span class='ocrx_word' id='word_1_912' title='bbox 2838 5204 3329 5277; x_wconf 56' lang='lat' dir='ltr'>Colb.,&#39;A.sserunt</span> <span class='ocrx_word' id='word_1_913' title='bbox 3372 5204 3512 5276; x_wconf 85' lang='lat' dir='ltr'>quod</span> <span class='ocrx_word' id='word_1_914' title='bbox 3542 5221 3607 5260; x_wconf 88' lang='lat' dir='ltr'>ea</span> <span class='ocrx_word' id='word_1_915' title='bbox 3637 5221 3762 5276; x_wconf 66' lang='lat' dir='ltr'>qua?</span> 
     </span>
    </p>
   </div>
   <div class='ocr_carea' id='block_1_118' title="bbox 2107 5279 3758 5349">
    <p class='ocr_par' dir='ltr' id='par_1_118' title="bbox 2107 5279 3758 5349">
     <span class='ocr_line' id='line_1_119' title="bbox 2107 5279 3758 5349; baseline -0.003 -13"><span class='ocrx_word' id='word_1_916' title='bbox 2107 5283 2442 5338; x_wconf 72' lang='lat' dir='ltr'>naturaliter</span> <span class='ocrx_word' id='word_1_917' title='bbox 2470 5282 2786 5346; x_wconf 77' lang='lat' dir='ltr'>subsistant,</span> <span class='ocrx_word' id='word_1_918' title='bbox 2825 5281 3054 5334; x_wconf 79' lang='lat' dir='ltr'>interire</span> <span class='ocrx_word' id='word_1_919' title='bbox 3079 5279 3334 5349; x_wconf 78' lang='lat' dir='ltr'>fundi/us</span> <span class='ocrx_word' id='word_1_920' title='bbox 3365 5281 3634 5348; x_wconf 79' lang='lat' dir='ltr'>nequeant</span> <span class='ocrx_word' id='word_1_921' title='bbox 3654 5293 3758 5349; x_wconf 14' lang='lat' dir='ltr'>Aer-A</span> 
     </span>
    </p>
   </div>
   <div class='ocr_carea' id='block_1_119' title="bbox 2108 5347 3760 5423">
    <p class='ocr_par' dir='ltr' id='par_1_119' title="bbox 2108 5347 3760 5423">
     <span class='ocr_line' id='line_1_120' title="bbox 2108 5347 3760 5423; baseline -0.004 -15"><span class='ocrx_word' id='word_1_922' title='bbox 2108 5369 2253 5420; x_wconf 82' lang='lat' dir='ltr'>rare,</span> <span class='ocrx_word' id='word_1_923' title='bbox 2288 5368 2534 5423; x_wconf 82' lang='lat' dir='ltr'>quorum,</span> <span class='ocrx_word' id='word_1_924' title='bbox 2569 5357 2678 5406; x_wconf 90' lang='lat' dir='ltr'>etc.</span> <span class='ocrx_word' id='word_1_925' title='bbox 2714 5351 2930 5423; x_wconf 81' lang='lat' dir='ltr'>Verum</span> <span class='ocrx_word' id='word_1_926' title='bbox 2982 5347 3103 5404; x_wconf 72' lang='lat' dir='ltr'>haec</span> <span class='ocrx_word' id='word_1_927' title='bbox 3153 5350 3327 5405; x_wconf 87' lang='lat' dir='ltr'>verba</span> <span class='ocrx_word' id='word_1_928' title='bbox 3360 5347 3554 5423; x_wconf 84' lang='lat' dir='ltr'>potius</span> <span class='ocrx_word' id='word_1_929' title='bbox 3586 5347 3760 5403; x_wconf 90' lang='lat' dir='ltr'>otiosi</span> 
     </span>
    </p>
   </div>
   <div class='ocr_carea' id='block_1_120' title="bbox 2108 5420 3755 5504">
    <p class='ocr_par' dir='ltr' id='par_1_120' title="bbox 2108 5420 3755 5504">
     <span class='ocr_line' id='line_1_121' title="bbox 2108 5420 3755 5504; baseline -0.005 -24"><span class='ocrx_word' id='word_1_930' title='bbox 2108 5420 2441 5504; x_wconf 31' lang='lat' dir='ltr'>cujps‘piam</span> <span class='ocrx_word' id='word_1_931' title='bbox 2475 5422 2671 5504; x_wconf 61' lang='lat' dir='ltr'>glpssa</span> <span class='ocrx_word' id='word_1_932' title='bbox 2703 5422 3206 5504; x_wconf 27' lang='lat' dir='ltr'>videnturhquam.</span> <span class='ocrx_word' id='word_1_933' title='bbox 3251 5420 3755 5504; x_wconf 42' lang='lat' dir='ltr'>auctoris-textus.</span> 
     </span>
    </p>
   </div>
   <div class='ocr_carea' id='block_1_121' title="bbox 2180 5491 3761 5565">
    <p class='ocr_par' dir='ltr' id='par_1_121' title="bbox 2180 5491 3761 5565">
     <span class='ocr_line' id='line_1_122' title="bbox 2180 5491 3761 5565; baseline -0.003 -16"><span class='ocrx_word' id='word_1_934' title='bbox 2180 5491 2302 5564; x_wconf 79' lang='lat'>(51)</span> <span class='ocrx_word' id='word_1_935' title='bbox 2326 5493 2465 5548; x_wconf 87' lang='lat' dir='ltr'>Mss.</span> <span class='ocrx_word' id='word_1_936' title='bbox 2491 5491 2743 5565; x_wconf 74' lang='lat' dir='ltr'>aliquot,</span> <span class='ocrx_word' id='word_1_937' title='bbox 2778 5492 2927 5560; x_wconf 80' lang='lat' dir='ltr'>Quod</span> <span class='ocrx_word' id='word_1_938' title='bbox 2957 5493 3013 5565; x_wconf 67' lang='lat' dir='ltr'>si</span> <span class='ocrx_word' id='word_1_939' title='bbox 3043 5491 3206 5565; x_wconf 70' lang='lat' dir='ltr'>impii</span> <span class='ocrx_word' id='word_1_940' title='bbox 3260 5507 3422 5561; x_wconf 74' lang='lat' dir='ltr'>agere</span> <span class='ocrx_word' id='word_1_941' title='bbox 3448 5495 3529 5546; x_wconf 81' lang='lat' dir='ltr'>est</span> <span class='ocrx_word' id='word_1_942' title='bbox 3558 5499 3761 5565; x_wconf 66' lang='lat' dir='ltr'>praeter</span> 
     </span>
    </p>
   </div>
   <div class='ocr_carea' id='block_1_122' title="bbox 2107 5562 3761 5632">
    <p class='ocr_par' dir='ltr' id='par_1_122' title="bbox 2107 5562 3761 5632">
     <span class='ocr_line' id='line_1_123' title="bbox 2107 5562 3761 5632; baseline -0.004 -12"><span class='ocrx_word' id='word_1_943' title='bbox 2107 5562 2367 5620; x_wconf 78' lang='lat' dir='ltr'>naturam</span> <span class='ocrx_word' id='word_1_944' title='bbox 2397 5582 2415 5627; x_wconf 82' lang='lat'>,°</span> <span class='ocrx_word' id='word_1_945' title='bbox 2445 5562 2625 5618; x_wconf 74' lang='lat' dir='ltr'>vivere</span> <span class='ocrx_word' id='word_1_946' title='bbox 2657 5579 2779 5631; x_wconf 80' lang='lat' dir='ltr'>ergo</span> <span class='ocrx_word' id='word_1_947' title='bbox 2811 5562 3408 5620; x_wconf 55' lang='lat' dir='ltr'>secundum&#39;naturam</span> <span class='ocrx_word' id='word_1_948' title='bbox 3437 5578 3536 5618; x_wconf 82' lang='lat' dir='ltr'>nec</span> <span class='ocrx_word' id='word_1_949' title='bbox 3551 5562 3761 5632; x_wconf 77' lang='lat' dir='ltr'>peccati</span> 
     </span>
    </p>
   </div>
   <div class='ocr_carea' id='block_1_123' title="bbox 2111 5634 2993 5704">
    <p class='ocr_par' dir='ltr' id='par_1_123' title="bbox 2111 5634 2993 5704">
     <span class='ocr_line' id='line_1_124' title="bbox 2111 5634 2993 5704; baseline -0.007 -12"><span class='ocrx_word' id='word_1_950' title='bbox 2111 5636 2225 5694; x_wconf 83' lang='lat' dir='ltr'>loco</span> <span class='ocrx_word' id='word_1_951' title='bbox 2258 5634 2566 5691; x_wconf 80' lang='lat' dir='ltr'>habendum</span> <span class='ocrx_word' id='word_1_952' title='bbox 2595 5638 2693 5704; x_wconf 71' lang='lat' dir='ltr'>est,</span> <span class='ocrx_word' id='word_1_953' title='bbox 2724 5650 2842 5698; x_wconf 63' lang='lat' dir='ltr'>nec,</span> <span class='ocrx_word' id='word_1_954' title='bbox 2883 5638 2993 5689; x_wconf 90' lang='lat' dir='ltr'>etc.</span> 
     </span>
    </p>
   </div>
  </div>
