3894 6208
287 353 397 417 991

1744 352 1811 414 8.
1855 342 2236 414 AMBROSH

3570 343 3680 417 999

287 490 428 548 ralis
458 492 556 557 sit,
580 488 680 548 sed
708 493 917 564 praeter
942 493 1211 547 naturam
1232 488 1261 546 ?
1289 488 1451 557 Quod
1482 488 1639 547 enim
1670 506 1784 547 non
1817 489 1926 546 ha-
1957 485 2014 551 Α
2043 484 2168 542 sine
2193 484 2487 543 voluntate
2517 503 2622 544 nec
2649 502 2856 560 passer
2881 486 3208 546 vilissimus
3233 489 3412 559 cadit,
3443 493 3502 546 et
3531 489 3676 562 apud

287 581 401 649 bet,
435 598 549 636 non
581 580 796 636 amittit
823 599 835 634 :
885 597 988 636 nec
1021 586 1210 652 potest
1258 598 1324 635 ea
1355 580 1690 636 substantia
1721 581 1930 652 perire,

285 688 412 743 qua:
434 688 545 726 non
566 671 694 726 fuit.
727 671 869 726 Nam
888 677 945 726 et
975 669 1165 742 pulvis
1188 676 1537 738 commotus,
1561 676 1660 724 aut
1684 671 1741 723 in
1767 687 1928 740 aqua:

285 761 672 817 substantiam
691 759 1166 825 transfertur,aut
1189 759 1248 814 in
1271 776 1485 825 aerem,
1509 764 1607 813 aut
1631 759 1687 813 in
1709 759 1927 830 ignem,

284 848 390 903 hoc
415 853 524 916 est,
554 849 611 902 in
659 848 835 902 aliam
863 848 1096 902 videtur
1145 864 1296 919 saepe
1344 848 1592 903 transire
1633 853 1925 902 naturam.

281 938 402 993 Non
437 954 573 1009 ergo
603 939 660 992 in
693 937 943 991 nihilum
977 937 1191 1000 deﬁcit,
1226 937 1325 992 sed
1349 937 1406 990 in
1433 937 1588 991 aliud
1622 938 1853 991 transit.

352 1029 436 1082 48.
473 1027 618 1093 Quid
652 1027 847 1082 obstat
878 1027 1058 1097 igitur
1081 1025 1222 1095 quin
1273 1031 1328 1079 et
1379 1025 1475 1079 ille
1498 1027 1596 1096 qui
1624 1025 1780 1080 verbi
1814 1025 1926 1078 vir-

281 1119 405 1172 tute
436 1121 491 1171 et
521 1117 742 1169 ratione
774 1115 1195 1169 comminuitur
1245 1120 1306 1168 ut
1358 1114 1567 1185 pulvis,
1603 1131 1715 1168 non
1740 1115 1798 1168 in
1835 1114 1927 1168 ni-

277 1204 466 1258 hilum
488 1203 824 1274 dissipetur,
858 1203 956 1256 sed
983 1202 1446 1257 commuteturin
1475 1203 1724 1268 melius;
1759 1207 1822 1256 ut
1860 1219 1928 1256 ex

278 1297 506 1346 terreno
553 1291 653 1345 ﬁat
679 1291 959 1362 spiritalis
981 1291 1179 1356 homo,
1213 1297 1266 1346 et
1292 1296 1355 1345 ut
1381 1291 1567 1345 lutum
1602 1293 1923 1362 platearum

277 1380 361 1436 sic
394 1380 678 1445 deleatur,
714 1385 774 1433 ut
827 1379 1063 1434 tollatur
1085 1379 1368 1450 quidquid
1400 1396 1671 1450 asperum
1704 1395 1769 1433 ac
1801 1396 1924 1434 sor-

279 1468 482 1522 didum
505 1468 752 1533 videtur,
787 1471 1087 1522 remaneat
1105 1467 1394 1538 quidquid
1415 1467 1656 1538 planum
1671 1484 1736 1522 ac
1757 1485 1924 1522 mun-

277 1556 418 1612 dum
468 1556 604 1611 est?
654 1555 720 1610 Et
751 1555 904 1625 quod
939 1555 1020 1609 ait
1050 1556 1120 1609 de
1155 1556 1509 1610 adversariis
1554 1555 1880 1612 Jerusalem
1909 1575 1920 1610 :

278 1671 306 1696 ‹‹
339 1647 490 1702 Sunt
513 1645 665 1699 sicut
696 1643 792 1715 qui
827 1661 940 1698 non
975 1648 1114 1698 sunt
1139 1662 1150 1706 ;
1180 1665 1206 1692 »
1241 1645 1444 1714 utique
1474 1645 1661 1716 potuit
1692 1645 1920 1700 dicere:

276 1735 400 1791 Non
432 1739 623 1790 erunt.
660 1733 771 1787 Sed
795 1749 930 1787 cum
960 1732 1203 1787 dixerit:
1233 1756 1259 1781 «
1284 1733 1727 1788 Confundentur
1747 1738 1803 1788 et
1836 1751 1924 1789 re-

276 1824 647 1888 verebuntur,
681 1845 705 1869 ››
729 1820 930 1892 utique
959 1820 1240 1894 intelligis
1291 1822 1430 1892 quia
1464 1827 1637 1877 erunt
1661 1840 1764 1894 per
1784 1822 1921 1877 sub-
1955 1851 2003 1916 B

277 1912 578 1976 stantiam,
601 1915 657 1965 et
675 1910 996 1982 profectum
1019 1910 1438 1976 conversionis,
1473 1911 1573 1965 sed
1605 1928 1718 1966 non
1750 1915 1922 1966 erunt

277 2001 446 2074 quasi
495 1999 830 2064 adversarii,
864 1999 1019 2069 quod
1055 1999 1308 2054 fuerunt.
1345 2001 1541 2070 Itaque
1573 2017 1676 2071 per
1705 2000 1919 2070 impro-

275 2089 477 2146 bitatis
500 2088 793 2144 defectum
827 2103 941 2142 non
960 2093 1152 2152 erunt,
1186 2093 1358 2142 erunt
1403 2089 1513 2142 fide
1533 2105 1598 2142 ac
1621 2088 1922 2145 devotione

276 2178 573 2245 mutati,id
606 2177 856 2247 denique
878 2180 935 2230 et
964 2174 1103 2230 alibi
1126 2193 1194 2230 ex
1218 2176 1536 2248 peccatoris
1567 2193 1815 2248 persona
1835 2177 1920 2232 di-

277 2268 462 2324 citur:
493 2288 518 2314 ‹‹
552 2267 618 2320 Et
650 2265 795 2319 iram
818 2263 918 2318 Dei
941 2263 1262 2328 sustinebo,
1297 2267 1437 2335 quia
1465 2266 1714 2336 peccavi,
1739 2265 1921 2321 donec

268 2353 862 2427 justificetjudicium
887 2369 1084 2407 meum
1108 2353 1289 2421 (Mich.
1311 2369 1411 2419 vn,
1435 2355 1558 2423 9).»
1580 2353 1921 2409 Convertere

276 2443 435 2499 enim
456 2442 609 2497 Deus
632 2441 876 2512 cupiens
897 2446 1279 2512 peccatorem,
1314 2441 1483 2512 punit
1528 2458 1661 2496 eum
1695 2447 1751 2497 et
1781 2443 1918 2512 urit,

277 2536 341 2586 ut
365 2530 762 2603 purget.Unde
785 2531 903 2584 ait:
929 2553 956 2579 «
982 2531 1050 2584 Et
1069 2531 1274 2584 educet
1297 2546 1389 2584 me
1413 2530 1470 2584 in
1494 2530 1682 2585 lucem
1714 2531 1915 2601 (Ibid).

272 2619 420 2675 Nam
443 2622 499 2674 et
519 2635 712 2674 ceram
754 2618 870 2673 urit
891 2618 1064 2689 ignis,
1097 2623 1153 2672 et
1180 2617 1469 2690 liquescit,
1502 2623 1566 2672 ut
1596 2624 1915 2691 purgetur:

275 2713 332 2764 et
361 2724 467 2763 nos
498 2723 600 2779 per
638 2707 832 2778 ignem
882 2707 1229 2778 probamur:
1255 2712 1310 2762 et
1341 2707 1540 2762 fumus
1571 2713 1918 2780 consumpto

271 2795 432 2852 omni
455 2794 736 2850 materiali
761 2800 1136 2867 expurgatur,
1171 2798 1227 2850 et
1249 2811 1438 2866 neque
1469 2800 1678 2851 natura
1707 2797 1920 2853 transit

269 2887 404 2955 (52).
429 2885 632 2955 Itaque
676 2889 731 2938 et
775 2882 972 2939 anima
1011 2887 1258 2955 purgata
1286 2884 1358 2938 ab
1389 2884 1550 2938 omni
1583 2883 1732 2949 labe,
1765 2885 1826 2940 in
1859 2887 1916 2941 id

271 2973 429 3045 quod
453 2976 541 3027 est
571 2971 784 3039 deficit,
819 2988 933 3026 non
978 2972 1036 3026 in
1069 2972 1126 3026 id
1160 2972 1313 3043 quod
1347 2989 1460 3027 non
1494 2976 1620 3039 est;
1653 2974 1806 3030 unde
1837 2975 1918 3030 ait

269 3059 502 3116 Balaam
542 3075 554 3112 :
590 3083 617 3109 ‹‹
653 3059 935 3116 Moriatur
991 3061 1190 3116 anima
1233 3076 1361 3115 mea
1412 3064 1475 3115 ut
1505 3061 1702 3117 anima
1723 3063 1916 3132 justo-

2040 591 2214 647 quem
2261 575 2452 649 capilli
2503 577 2708 648 capitis
2767 577 3055 633 numerati
3113 583 3272 647 sunt,
3326 578 3536 634 dixerit
3583 595 3679 651 per

2041 665 2294 721 Isaiam:
2342 691 2369 714 ‹‹
2427 666 2520 721 Sic
2570 683 2774 723 omnes
2822 673 3022 739 gentes
3071 673 3136 722 ut
3203 668 3570 723 stillicidium
3606 668 3672 723 de

2043 756 2185 810 761
2216 772 2407 818 urceo,
2442 762 2498 810 et
2545 755 2696 811 sicut
2725 761 3090 811 momentum
3121 762 3349 812 staterae
3381 757 3668 812 aestimata:

2038 848 2198 908 sunt,
2229 849 2284 898 et
2341 850 2404 898 ut
2435 849 2676 916 sputum
2735 845 3182 900 aestimabuntur
3221 847 3347 915 (Isa.
3382 863 3472 910 XL,
3506 847 3610 913 45).
3647 870 3673 894 υ

2038 932 2122 987 Ita
2152 948 2289 1005 ergo
2341 933 2616 1004 peribunt
2645 949 2848 990 omnes
2877 938 3078 1005 gentes
3127 934 3278 989 sicut
3318 933 3671 990 stillicidium

2037 1022 2107 1076 de
2139 1039 2329 1085 urceo,
2383 1026 2439 1076 et
2499 1027 2564 1076 ut
2592 1026 2830 1092 sputum
2877 1024 3045 1094 perit,
3097 1028 3151 1076 et
3202 1023 3273 1077 ad
3306 1021 3500 1078 nullos
3537 1040 3672 1079 usus

2036 1111 2284 1182 proﬁcit.
2319 1111 2426 1165 Sed
2461 1115 2522 1164 tu
2556 1111 2656 1182 qui
2711 1110 2863 1166 nosti
2907 1110 3048 1182 quia
3100 1116 3303 1181 gentes
3335 1127 3451 1165 non
3483 1128 3548 1166 eo
3576 1129 3669 1166 us¢

2036 1215 2149 1270 que
2181 1217 2282 1270 pro
2333 1199 2514 1254 nihilo
2563 1198 2771 1254 habuit
2817 1199 2970 1255 Deus
3001 1208 3214 1262 noster,
3259 1204 3322 1252 ut
3353 1203 3407 1254 et
3435 1199 3670 1254 Abrahae

2035 1288 2280 1343 dixerit:
2316 1311 2340 1334 «
2398 1288 2822 1343 Benedicentur
2849 1287 2908 1342 in
2960 1291 3016 1342 te
3046 1303 3250 1342 omnes
3289 1293 3491 1359 gentes
3525 1288 3669 1358 (Gen.

2034 1395 2135 1446 xu,
2157 1378 2248 1447 3):
2287 1399 2313 1424 ››
2373 1382 2427 1432 et
2458 1393 2561 1448 per
2588 1376 2764 1432 David
2813 1375 3045 1431 locutus
3091 1377 3166 1431 sit
3215 1377 3286 1430 ad
3347 1376 3555 1431 Filium
3586 1378 3670 1431 di-

2035 1483 2172 1521 cens
2199 1485 2210 1520 :
2248 1489 2275 1515 «
2307 1466 2464 1521 Dabo
2503 1465 2610 1520 tibi
2641 1469 2842 1538 gentes
2871 1464 3267 1520 haereditatem
3313 1469 3476 1519 tuam
3507 1467 3670 1535 (Psal.

2039 1572 2099 1618 ιι,
2133 1556 2207 1623 8).
2237 1577 2263 1603 ››
2296 1558 2352 1608 et
2382 1554 2568 1609 infra:
2607 1579 2631 1602 ››
2665 1554 2880 1608 Omnes
2908 1557 3110 1625 gentes
3142 1552 3396 1609 servient
3423 1552 3476 1608 ei
3507 1555 3669 1622 (Psal.

2037 1660 2190 1709 LXXI,
2227 1645 2313 1712 11)
2340 1662 2352 1709 ;
2387 1642 2525 1715 quia
2555 1643 2768 1698 obtulit
2789 1647 2940 1698 Deus
2964 1642 3174 1698 Filium
3197 1659 3371 1697 suum
3405 1644 3671 1713 proomni

2035 1736 2300 1803 gentc,ut
2322 1731 2513 1788 salvos
2543 1731 2756 1787 faceret
2785 1736 3115 1803 peccatores
3139 1732 3310 1801 (Rom.
3334 1747 3457 1800 vni,
3490 1732 3615 1800 32);
3647 1755 3671 1778 η

2033 1821 2210 1876 debes
2235 1821 2343 1876 hoc
2387 1820 2512 1876 loco
2559 1821 2677 1875 vim
2718 1819 2927 1875 divina:
2957 1820 3256 1875 sententia:
3286 1821 3667 1876 considerans.

2033 1909 2530 1982 Contemplatione
2549 1908 2762 1965 etenim
2781 1913 3176 1965 creaturarum
3200 1908 3672 1980 cmlestium,quaa

2033 1997 2230 2054 multae
2255 2003 2394 2053 sunt
2424 1999 2595 2068 (sicut
2623 1997 2836 2052 caelum
2868 1997 3024 2068 quod
3056 1996 3459 2069 multipliciter
3488 1999 3673 2068 majus

2032 2104 2212 2158 quam
2241 2091 2396 2142 terra
2423 2091 2530 2153 est,
2564 2090 2628 2140 ut
2656 2103 2690 2141 a
2719 2085 3013 2158 plerisque
3061 2091 3344 2157 punctum
3376 2101 3673 2156 compara-

2030 2177 2188 2231 tione
2219 2175 2345 2231 cceli
2374 2180 2529 2231 terra
2557 2175 2634 2230 sit
2653 2175 2982 2245 aestimata),
3012 2173 3388 2247 Angelorum,
3421 2174 3671 2229 Archan-

2030 2263 2315 2337 gelorum,
2374 2264 2796 2336 Principatum,
2853 2263 3233 2329 Potestatum,
3281 2262 3671 2330 Thronorum,

2031 2352 2524 2420 Dominationum,
2549 2351 2823 2420 millium,
2851 2355 2908 2406 et
2924 2351 3119 2407 decem
3145 2351 3420 2414 millium,
3440 2351 3673 2406 etinnu-

2031 2441 2402 2497 merabilium
2434 2439 2688 2496 millium
2723 2458 2736 2508 ;
2778 2439 3268 2511 contemplatione
3297 2455 3435 2512 ergo
3464 2439 3666 2495 horum

2028 2535 2230 2603 gentes
2257 2535 2321 2585 ut
2351 2528 2721 2585 stillicidium
2770 2529 2842 2584 de
2863 2544 3034 2584 urceo
3058 2529 3358 2584 aestimate
3389 2533 3545 2595 sunt,
3573 2545 3662 2583 cu-

2021 2621 2124 2691 jus
2155 2624 2244 2674 est
2272 2619 2465 2675 omnis
2487 2617 2807 2690 plenitudo.
2854 2617 2936 2672 Ex
2957 2616 3056 2671 illa
3086 2617 3393 2689 igitur(54)
3415 2616 3668 2688 plenitu-

2029 2709 2164 2763 dine
2196 2707 2412 2763 coclesti
2443 2711 2725 2779 tanquam
2761 2710 2926 2779 gutta
2955 2705 3168 2761 cadens
3211 2707 3507 2761 aestimatae
3535 2711 3667 2761 sunt

2028 2802 2250 2869 gentes.
2310 2795 2610 2862 Quomodo
2667 2795 2820 2850 enim
2855 2797 3124 2866 poterant
3161 2794 3428 2849 maxima:
3468 2793 3661 2857 videri,

2027 2903 2162 2942 cum
2193 2887 2323 2957 ipsa
2363 2889 2519 2941 terra
2544 2884 2603 2938 in
2635 2900 2751 2956 qua
2769 2888 2908 2938 sunt
2927 2885 3152 2955 gentes,
3185 2881 3431 2937 minima
3462 2883 3660 2938 mundi

2026 2974 2213 3046 portio
2271 2973 2366 3041 sit,
2399 2977 2454 3028 et
2511 2972 2777 3028 omnium
2838 2988 2963 3043 qua:
3021 2975 3294 3041 operatus
3349 2975 3439 3025 est
3493 2974 3660 3040 Deus,

2023 3067 2307 3134 tanquam
2367 3065 2592 3117 staterae
2647 3060 2858 3133 exigua
2910 3058 3208 3115 inclinatio
3251 3062 3454 3130 gentes
3505 3059 3663 3114 sint?

267 3165 400 3204 rum
432 3149 543 3219 (53)
579 3151 762 3218 (Num.
811 3165 974 3217 χχιιι,
1012 3149 1095 3219 10)
1125 3167 1137 3213 ;
1175 3171 1201 3197 ››
1236 3153 1300 3204 ut
1337 3153 1661 3205 moreretur
1711 3150 1914 3223 lapsus
1952 3214 1987 3223 μ
2024 3149 2212 3206 Simul
2237 3165 2519 3222 cognosce
2540 3166 2643 3221 per
2665 3149 2815 3205 hanc
2835 3147 3518 3205 stateramomniaDeum
3533 3164 3661 3203 cum

265 3239 416 3309 ejus,
439 3214 506 3293 et
526 3214 770 3310 quidam
794 3214 1188 3309 improbitatis
1216 3253 1360 3292 usus
1388 3254 1400 3292 :
1425 3240 1700 3294 transiret
1717 3214 1911 3295 autem
1943 3214 1987 3285 α
2017 3238 2251 3311 justitia
2269 3214 2621 3306 condidisse,
2654 3241 2710 3293 et
2731 3238 2789 3292 in
2811 3236 2956 3310 ipsis
2985 3236 3258 3309 gentibus
3276 3235 3472 3291 inesse
3498 3237 3660 3308 quid-

265 3326 323 3381 in
357 3326 1167 3397 consuetudinem,vitamque
1181 3326 1480 3396 justorum
1507 3345 1518 3393 ;
1539 3327 1737 3383 omnia
1755 3329 1912 3384 enim

264 3415 418 3471 Deus
442 3413 603 3470 salva
623 3413 748 3469 vult
793 3430 939 3469 esse.
975 3413 1136 3469 Unde
1167 3418 1222 3469 et
1253 3413 1526 3469 Salomon
1555 3415 1661 3470 ait:
1697 3439 1725 3466 ‹‹
1759 3416 1912 3474 Deus

265 3507 513 3558 mortem
546 3519 659 3558 non
692 3502 845 3571 fecit,
878 3519 984 3557 nec
1031 3501 1259 3558 lzetatur
1289 3503 1348 3557 in
1389 3503 1712 3574 perditione
1756 3505 1911 3561 vivo-

266 3607 398 3646 rum
430 3591 577 3661 (Sap.
615 3607 650 3656 ι,
686 3591 793 3659 13).
821 3612 849 3638 ››
874 3591 1028 3646 Fecit
1048 3591 1304 3647 animam
1339 3595 1401 3645 ut
1427 3591 1539 3647 sit:
1573 3593 1788 3648 creavit
1806 3594 1907 3650 ho-

266 3677 490 3734 minem
521 3677 579 3732 in
611 3677 1129 3749 incorruptionem,
1167 3695 1341 3752 quem
1373 3681 1444 3734 ad
1477 3681 1795 3752 imaginem
1819 3683 1910 3738 sui

266 3765 401 3822 fecit
426 3783 438 3820 :
472 3766 574 3821 sed
595 3764 862 3820 homines
893 3783 927 3820 a
955 3770 1174 3821 natura;
1207 3784 1447 3823 munere
1465 3769 1784 3836 deviantes,
1814 3772 1912 3826 ob-

265 3853 468 3911 noxios
522 3855 708 3911 fecere
755 3870 816 3909 se
839 3855 1080 3921 mortui,
1113 3859 1176 3910 ut
1205 3855 1372 3926 quasi
1405 3858 1616 3912 terreni
1647 3875 1910 3915 corrum-

264 3947 496 4016 pantur.
527 3943 637 3998 Sed
671 3943 824 3998 Deus
855 3959 958 4014 per
987 3942 1392 4000 tribulationes
1413 3945 1483 4000 ad
1507 3946 1908 4017 pmnitentiam

261 4031 435 4105 cogit,
471 4035 535 4087 ut
591 4048 692 4103 per
742 4030 1142 4103 paenitentiam
1204 4037 1408 4087 uratur
1445 4037 1501 4088 et
1529 4041 1912 4093 consumatur

262 4119 406 4174 illud
439 4119 706 4175 accidens
738 4119 960 4174 malum
1018 4119 1433 4192 improbitatis,
1486 4127 1542 4176 et
1588 4128 1821 4194 pereat;
1854 4130 1912 4182 et

260 4208 423 4264 locus
458 4207 554 4263 ille
603 4207 833 4274 animm,
895 4208 993 4279 qui
1045 4214 1169 4264 erat
1227 4209 1541 4267 accidentis
1590 4212 1910 4285 impietatis

261 4294 574 4367 possessio,
609 4299 801 4366 pateat
828 4295 898 4349 ad
924 4296 1311 4366 receptionem
1333 4297 1567 4355 virtutis
1611 4304 1667 4355 et
1689 4301 1906 4372 gratiae.

258 4384 494 4440 Certum
525 4388 615 4438 est
636 4388 832 4438 autem
887 4384 1095 4439 animae
1118 4389 1389 4440 naturam
1429 4402 1552 4442 esse
1569 4389 1906 4459 pretiosam,

259 4489 386 4545 qua:
410 4471 481 4526 ad
514 4470 962 4527 similitudinem
991 4472 1092 4527 Dei
1127 4472 1280 4528 facta
1302 4475 1691 4546 receptionem
1718 4477 1911 4534 omnis

2023 3328 2158 3384 dam
2190 3325 2554 3394 naturaliter,
2585 3325 2646 3382 in
2677 3343 2792 3398 quo
2832 3325 3076 3397 justitiae
3105 3325 3398 3380 videretur
3436 3324 3520 3380 vel
3547 3326 3658 3380 exi-

2022 3432 2204 3491 guum
2237 3431 2365 3472 esse
2397 3420 2782 3482 momentum,
2807 3418 2865 3470 et
2885 3418 3126 3487 sputum
3156 3414 3354 3486 ipsum
3386 3417 3658 3484 tanquam

2021 3523 2089 3562 ex
2120 3503 2495 3560 universitate
2526 3503 2706 3560 totius
2735 3503 2993 3575 corporis
3024 3502 3357 3558 interiorem
3389 3502 3658 3558 exsistere

2021 3595 2366 3667 portionem.

2091 3685 2180 3739 50.
2217 3681 2400 3755 Magis
2447 3697 2583 3754 ergo
2639 3681 2735 3737 hic
2800 3680 3197 3737 misericordia
3261 3680 3653 3751 praedicatur:

2021 3771 2300 3844 quoniam
2332 3771 2434 3842 qui
2461 3771 2618 3827 venit
2647 3786 2901 3843 quaerere
2931 3771 3082 3841 quod
3107 3768 3376 3840 perierat,
3401 3785 3506 3824 nec
3535 3769 3654 3825 stil-

2020 3860 2284 3916 licidium
2334 3857 2478 3915 illud
2526 3858 2694 3930 quasi
2742 3858 2853 3914 vile
2892 3859 3262 3930 contempsit,
3293 3863 3351 3913 et
3397 3856 3655 3913 allevavit

2019 3952 2386 4005 momentum
2419 3950 2644 4003 staterae
2670 3963 2682 4001 :
2713 3951 2769 4002 et
2793 3951 2962 4018 sputo
2986 3945 3072 4001 illi
3098 3946 3491 4002 substantiam
3522 3945 3652 4001 boni

2019 4036 2277 4108 corporis
2290 4035 2537 4104 donans,
2561 4035 2836 4107 dignatus
2849 4038 2938 4090 est
2951 4051 3042 4091 om
3053 4051 3152 4090 nes
3171 4039 3375 4106 gentes
3397 4036 3458 4090 in
3475 4050 3651 4089 unum

2019 4141 2230 4197 corpus
2277 4123 2542 4180 Ecclesiae
2589 4122 2930 4195 congregari
2976 4123 3106 4195 (55).
3141 4124 3297 4178 Inter
3323 4127 3527 4195 gentes
3558 4140 3656 4177 au-

2016 4219 2135 4271 tem
2166 4218 2222 4270 et
2252 4211 2429 4269 Israel
2449 4211 2821 4268 annumerari
2844 4216 3034 4284 potest
3062 4227 3437 4283 nequaquam
3461 4227 3661 4283 expers

2019 4303 2222 4359 divinas
2272 4303 2401 4373 ejus
2415 4301 2699 4374 justitizs;
2733 4300 2869 4373 quia
2888 4299 3014 4372 ipse
3047 4299 3274 4371 Moyses
3303 4299 3450 4354 dixit
3481 4299 3550 4354 de
3583 4299 3660 4353 ls-

2017 4391 2170 4448 rael:
2208 4415 2235 4439 «
2267 4391 2412 4446 Ecce
2457 4387 2710 4462 populus
2739 4388 2996 4460 sapiens,
3031 4392 3091 4443 et
3119 4386 3442 4460 disciplinae
3474 4393 3658 4449 tenax,

2017 4495 2162 4553 gens
2209 4494 2428 4551 magna
2457 4479 2631 4549 (Deut.
2664 4494 2743 4545 IV,
2774 4477 2850 4548 6).
2886 4499 2914 4526 »
2946 4477 3013 4531 Et
3044 4480 3108 4531 ut
3137 4476 3287 4532 scias
3319 4476 3460 4548 quia
3488 4492 3662 4547 supra

259 4559 489 4616 virtutis
538 4558 828 4627 admittit;
863 4563 1063 4627 utpote
1113 4578 1238 4633 quae
1270 4561 1617 4633 cognitionis
1647 4580 1911 4636 supernas
1941 4580 1989 4646 D
2021 4568 2298 4624 meritum
2318 4571 2585 4623 nostrum
2608 4566 2706 4622 Dei
2720 4564 2950 4621 bonitas
2964 4564 3329 4632 redundavit,
3349 4563 3659 4636 Apostolus

257 4666 373 4705 non
406 4648 482 4702 sit
513 4647 781 4704 fraudata
812 4649 1123 4704 consortio.

332 4738 418 4792 49.
452 4734 618 4791 Nunc
675 4735 817 4792 illud
872 4752 1176 4807 superesse
1233 4737 1609 4808 arbitramur,
1656 4743 1810 4812 quod
1849 4745 1909 4800 in

258 4825 582 4883 multorum
612 4840 712 4880 ore
765 4828 1052 4892 versatur,
1103 4841 1221 4897 qua
1252 4827 1475 4882 ratione
1533 4829 1706 4900 Deus,
1739 4835 1910 4906 cujus

327 4985 440 5058 (52)
473 4984 620 5041 Edit.
657 4988 802 5051 ant.,
835 5001 1007 5058 neque
1038 4992 1295 5040 naturam
1355 4988 1594 5050 transit;
1627 4987 1791 5045 Rom.
1852 4997 1910 5047 et

253 5058 424 5131 pauci
478 5074 617 5113 mss.
675 5061 726 5112 el
755 5073 930 5133 neque
959 5059 1016 5112 in
1047 5065 1308 5133 naturam
1339 5060 1559 5133 transit.
1592 5059 1701 5133 Alii
1737 5063 1908 5133 quin-

255 5129 387 5202 que,
418 5138 468 5185 et
486 5145 670 5202 neque
700 5132 907 5182 natura
956 5131 1180 5202 transit.
1243 5129 1580 5198 Commode,
1630 5132 1723 5188 hic
1753 5129 1906 5190 enim

255 5199 452 5256 transit
483 5199 638 5255 idem
671 5206 760 5255 est
791 5204 964 5272 atque
997 5202 1053 5254 in
1092 5199 1340 5272 nihilum
1371 5202 1655 5272 redigitur.

326 5273 438 5344 (53)
458 5272 554 5344 Ita
584 5272 845 5344 quinque
869 5270 1020 5326 mss.
1046 5288 1058 5338 ;
1085 5270 1183 5326 alii
1216 5276 1411 5327 autem
1457 5270 1575 5329 tres
1605 5291 1740 5330 cum
1793 5281 1902 5332 vet.

254 5341 429 5415 odit,
449 5341 712 5398 Moridtur
739 5341 929 5397 (inima
959 5359 1084 5398 mea
1115 5344 1171 5415 in
1204 5344 1699 5415 unimajustorum.
1736 5347 1903 5402 Rom.

256 5412 472 5488 sola,...
501 5415 552 5466 in
579 5415 781 5488 animis
794 5416 1090 5484 justorum.
1113 5412 1524 5488 Suffragantur
1547 5421 1744 5473 tamen
1767 5419 1906 5475 LXX

235 5483 491 5564 inte-rp”
553 5485 706 5564 upud
767 5483 932 5564 quos.
979 5492 1234 5564 ξλτιοθάνοι
1263 5483 1491 5562 ’ἓξῲιδχή
1523 5513 1614 5559 μου
1648 5497 1697 5543 ἐν
1729 5499 1908 5564 diuini;

255 5559 515 5625 Ciuaicuv.._.
548 5555 694 5607 inter
724 5553 938 5625 animus
960 5558 1258 5625 justorum,
1368 5553 1374 5559 -
1524 5553 1532 5559 .
1742 5553 1751 5563 .
1798 5553 1833 5564 ,-

329 5624 443 5700 (54)
478 5622 638 5700 Rom.
667 5625 809 5700 edit.
844 5622 988 5700 sola,
1025 5641 1149 5694 quae
1174 5629 1368 5700 multa:
1386 5633 1511 5683 sunt
1557 5645 1771 5700 nempe,
1795 5634 1905 5687 An-

255 5695 521 5765 gelorum,
553 5696 1037 5765 Archangelorum,
1079 5698 1519 5769 Principatuum,
1550 5695 1902 5776 Potestatum,

2019 4656 2177 4713 hunc
2198 4653 2602 4729 propheticum
2632 4653 2826 4710 locum
2857 4653 3274 4725 interpretatus
3297 4652 3417 4708 ait:
3453 4673 3481 4702 «
3511 4652 3661 4707 Con—

2019 4745 2193 4802 clusit
2213 4743 2367 4800 Deus
2396 4743 2596 4799 omnia
2621 4741 2680 4798 in
2701 4741 3126 4808 incredulitate,
3160 4744 3224 4795 ut
3255 4740 3519 4795 omnium
3553 4738 3661 4794 mi-

2021 4838 2282 4892 sereatur
2311 4834 2482 4904 (Rom.
2511 4849 2590 4901 x1,
2620 4833 2692 4888 32
2720 4840 2772 4888 et
2798 4832 2936 4903 seq.)
2967 4849 2980 4898 ;
3018 4853 3040 4880 ι
3075 4835 3132 4885 et
3189 4828 3524 4900 subjunxit:
3558 4852 3583 4877 ‹‹
3618 4827 3661 4882 0

2020 4995 2373 5062 Thronorum,
2428 4993 2889 5066 Dominationum,
2921 4991 3199 5066 (millium,
3240 4994 3293 5066 et
3323 4987 3666 5066 decc-mminit:-

2020 5068 2160 5122 lium
2178 5082 2198 5127 ;
2225 5069 2276 5120 et
2304 5057 2801 5118 innumerabilium
2846 5063 3114 5128 millium,
3145 5062 3328 5132 gentes
3355 5067 3414 5132 ut
3440 5057 3667 5132 stillici-

2018 5138 2172 5192 dium
2201 5136 2267 5191 de
2292 5151 2454 5190 urceo
2475 5136 2766 5190 aestimatae
2805 5138 2951 5188 sunt.
2985 5135 3123 5188 Nam
3146 5128 3293 5187 sicut
3319 5131 3508 5186 calum
3540 5128 3668 5183 adeo

2017 5209 2199 5270 maius
2251 5210 2328 5261 est
2385 5222 2548 5276 quam
2604 5207 2775 5270 terra,
2807 5209 2868 5259 ul
2897 5221 2945 5279 a_
2953 5205 3232 5279 plerisque
3259 5203 3667 5279 comparatione

2017 5280 2144 5335 caeli
2168 5273 2409 5350 (erraui
2438 5280 2698 5350 punctum
2728 5279 2800 5332 sit
2819 5273 3096 5334 aestimata
3119 5273 3244 5341 {ita
3273 5280 3324 5329 et
3351 5275 3468 5345 ejus
3490 5273 3665 5345 pleni-

2017 5351 2288 5429 ιαᾴρᾷιῑοξξ
2316 5347 2417 5403 illa
2438 5347 2647 5429 igitur,
2674 5351 2781 5429 etc.
2929 5419 2958 5429 η
3380 5415 3389 5429 ,
3441 5418 3453 5429 ,
3536 5413 3577 5429 ,,

2091 5422 2203 5492 (55)
2233 5420 2385 5474 Mss.
2429 5415 2672 5492 aliquot,
2703 5422 2783 5492 _et
2812 5419 2959 5490 spuit
3008 5416 3251 5492 cum_illi
3302 5415 3660 5469 substantiam

2018 5487 2152 5547 boni
2180 5487 2424 5562 corporis
2453 5487 2656 5546 donare
2683 5487 2939 5562 digndlus
2967 5496 3063 5556 est,
3097 5487 3154 5542 id
3206 5493 3302 5553 est,
3335 5501 3517 5562 omnes
3541 5499 3659 5555 gen-

1992 5569 2095 5620 tes
2155 5565 2222 5619 in
2275 5558 2451 5617 unum
2477 5575 2693 5635 corpus
2743 5558 3004 5618 Ecclesiw
3053 5558 3382 5631 congregari
3415 5567 3454 5621 ;’
3488 5569 3652 5615 unus,

2015 5635 2389 5706 congregavit.
