  <div class='ocr_page' id='page_1' title='image "/cluster/home/n/w/nwhite01/storage/ocr_20150623/14/uva.x000826552/511.png"; bbox 0 0 3894 6208; ppageno 0'>
   <div class='ocr_carea' id='block_1_1' title="bbox 215 329 3598 410">
    <p class='ocr_par' dir='ltr' id='par_1_1' title="bbox 215 329 3598 410">
     <span class='ocr_line' id='line_1_1' title="bbox 215 329 3598 410; baseline 0.002 -11"><span class='ocrx_word' id='word_1_1' title='bbox 215 339 318 408; x_wconf 75' lang='lat'>993</span> <span class='ocrx_word' id='word_1_2' title='bbox 1349 329 1804 396; x_wconf 79' lang='lat' dir='ltr'>ENARRATIO</span> <span class='ocrx_word' id='word_1_3' title='bbox 1845 331 1932 397; x_wconf 86' lang='lat' dir='ltr'><strong>IN</strong></span> <span class='ocrx_word' id='word_1_4' title='bbox 1979 329 2360 398; x_wconf 85' lang='lat' dir='ltr'>PSALMUM</span> <span class='ocrx_word' id='word_1_5' title='bbox 2406 337 2452 398; x_wconf 93' lang='grc' dir='ltr'>Ι.</span> <span class='ocrx_word' id='word_1_6' title='bbox 3481 344 3598 410; x_wconf 82' lang='grc'>994</span> 
     </span>
    </p>
   </div>
   <div class='ocr_carea' id='block_1_2' title="bbox 212 463 3596 545">
    <p class='ocr_par' dir='ltr' id='par_1_2' title="bbox 212 463 3596 545">
     <span class='ocr_line' id='line_1_2' title="bbox 212 463 3596 545; baseline 0.001 -21"><span class='ocrx_word' id='word_1_7' title='bbox 212 468 432 524; x_wconf 80' lang='lat' dir='ltr'>altitudo</span> <span class='ocrx_word' id='word_1_8' title='bbox 459 464 786 522; x_wconf 83' lang='lat' dir='ltr'>divitiarum</span> <span class='ocrx_word' id='word_1_9' title='bbox 819 463 1115 538; x_wconf 65' lang='lat' dir='ltr'>sapientiai</span> <span class='ocrx_word' id='word_1_10' title='bbox 1138 469 1196 522; x_wconf 85' lang='lat' dir='ltr'>et</span> <span class='ocrx_word' id='word_1_11' title='bbox 1217 464 1469 521; x_wconf 77' lang='lat' dir='ltr'>scientiae</span> <span class='ocrx_word' id='word_1_12' title='bbox 1495 465 1624 520; x_wconf 86' lang='lat' dir='ltr'><strong>Dei!</strong></span> <span class='ocrx_word' id='word_1_13' title='bbox 1651 480 1829 537; x_wconf 90' lang='lat' dir='ltr'>quam</span> <span class='ocrx_word' id='word_1_14' title='bbox 1862 465 1916 532; x_wconf 77' lang='grc' dir='ltr'>Α</span> <span class='ocrx_word' id='word_1_15' title='bbox 2019 467 2108 519; x_wconf 86' lang='grc'>52.</span> <span class='ocrx_word' id='word_1_16' title='bbox 2147 468 2307 530; x_wconf 84' lang='lat' dir='ltr'>Quod</span> <span class='ocrx_word' id='word_1_17' title='bbox 2332 469 2487 523; x_wconf 84' lang='lat' dir='ltr'>istud</span> <span class='ocrx_word' id='word_1_18' title='bbox 2516 473 2602 526; x_wconf 89' lang='lat' dir='ltr'>est</span> <span class='ocrx_word' id='word_1_19' title='bbox 2614 471 2904 541; x_wconf 88' lang='lat' dir='ltr'>judicium</span> <span class='ocrx_word' id='word_1_20' title='bbox 2940 471 3266 530; x_wconf 88' lang='lat' dir='ltr'>sedentium</span> <span class='ocrx_word' id='word_1_21' title='bbox 3305 474 3596 545; x_wconf 87' lang='lat' dir='ltr'>judicum,</span> 
     </span>
    </p>
   </div>
   <div class='ocr_carea' id='block_1_3' title="bbox 208 552 3603 637">
    <p class='ocr_par' dir='ltr' id='par_1_3' title="bbox 208 552 3603 637">
     <span class='ocr_line' id='line_1_3' title="bbox 208 552 3603 637; baseline 0.002 -26"><span class='ocrx_word' id='word_1_22' title='bbox 208 552 582 612; x_wconf 90' lang='lat' dir='ltr'>inscrutabilia</span> <span class='ocrx_word' id='word_1_23' title='bbox 611 557 748 609; x_wconf 88' lang='lat' dir='ltr'>sunt</span> <span class='ocrx_word' id='word_1_24' title='bbox 789 553 1017 625; x_wconf 89' lang='lat' dir='ltr'>judicia</span> <span class='ocrx_word' id='word_1_25' title='bbox 1071 555 1218 626; x_wconf 88' lang='lat' dir='ltr'>ejus,</span> <span class='ocrx_word' id='word_1_26' title='bbox 1279 559 1336 610; x_wconf 89' lang='lat' dir='ltr'>et</span> <span class='ocrx_word' id='word_1_27' title='bbox 1390 553 1824 625; x_wconf 86' lang='lat' dir='ltr'>investigabiles</span> <span class='ocrx_word' id='word_1_28' title='bbox 1937 559 1992 607; x_wconf 92' lang='lat' dir='ltr'>et</span> <span class='ocrx_word' id='word_1_29' title='bbox 2023 554 2120 625; x_wconf 87' lang='lat' dir='ltr'>qui</span> <span class='ocrx_word' id='word_1_30' title='bbox 2156 554 2290 610; x_wconf 85' lang='lat' dir='ltr'>libri</span> <span class='ocrx_word' id='word_1_31' title='bbox 2339 559 2542 629; x_wconf 89' lang='lat' dir='ltr'>aperti,</span> <span class='ocrx_word' id='word_1_32' title='bbox 2577 559 2687 615; x_wconf 85' lang='lat' dir='ltr'>nisi</span> <span class='ocrx_word' id='word_1_33' title='bbox 2733 559 3102 616; x_wconf 65' lang='lat' dir='ltr'>conscientiae</span> <span class='ocrx_word' id='word_1_34' title='bbox 3157 568 3386 626; x_wconf 81' lang='lat' dir='ltr'>nostrae,</span> <span class='ocrx_word' id='word_1_35' title='bbox 3444 563 3603 637; x_wconf 64' lang='lat' dir='ltr'>velut</span> 
     </span>
    </p>
   </div>
   <div class='ocr_carea' id='block_1_4' title="bbox 207 640 3604 714">
    <p class='ocr_par' dir='ltr' id='par_1_4' title="bbox 207 640 3604 714">
     <span class='ocr_line' id='line_1_4' title="bbox 207 640 3604 714; baseline 0.002 -15"><span class='ocrx_word' id='word_1_36' title='bbox 207 644 296 699; x_wconf 72' lang='lat' dir='ltr'>viae</span> <span class='ocrx_word' id='word_1_37' title='bbox 323 643 476 714; x_wconf 85' lang='lat' dir='ltr'>ejus!</span> <span class='ocrx_word' id='word_1_38' title='bbox 510 641 648 708; x_wconf 90' lang='lat' dir='ltr'>Quis</span> <span class='ocrx_word' id='word_1_39' title='bbox 669 642 826 697; x_wconf 91' lang='lat' dir='ltr'>enim</span> <span class='ocrx_word' id='word_1_40' title='bbox 857 643 1124 714; x_wconf 84' lang='lat' dir='ltr'>cognovit</span> <span class='ocrx_word' id='word_1_41' title='bbox 1152 658 1392 698; x_wconf 86' lang='lat' dir='ltr'>sensum</span> <span class='ocrx_word' id='word_1_42' title='bbox 1439 641 1692 709; x_wconf 86' lang='lat' dir='ltr'>Domini,</span> <span class='ocrx_word' id='word_1_43' title='bbox 1724 645 1826 696; x_wconf 87' lang='lat' dir='ltr'>aut</span> <span class='ocrx_word' id='word_1_44' title='bbox 1942 640 2079 696; x_wconf 91' lang='lat' dir='ltr'>libri</span> <span class='ocrx_word' id='word_1_45' title='bbox 2113 647 2489 713; x_wconf 90' lang='lat' dir='ltr'>peccatorum</span> <span class='ocrx_word' id='word_1_46' title='bbox 2539 651 2872 701; x_wconf 88' lang='lat' dir='ltr'>nostrorum</span> <span class='ocrx_word' id='word_1_47' title='bbox 2931 649 3139 703; x_wconf 90' lang='lat' dir='ltr'>seriem</span> <span class='ocrx_word' id='word_1_48' title='bbox 3197 649 3604 706; x_wconf 76' lang='lat' dir='ltr'>continentes?</span> 
     </span>
    </p>
   </div>
   <div class='ocr_carea' id='block_1_5' title="bbox 209 729 3605 809">
    <p class='ocr_par' dir='ltr' id='par_1_5' title="bbox 209 729 3605 809">
     <span class='ocr_line' id='line_1_5' title="bbox 209 729 3605 809; baseline 0.002 -23"><span class='ocrx_word' id='word_1_49' title='bbox 209 732 325 804; x_wconf 87' lang='lat' dir='ltr'>quis</span> <span class='ocrx_word' id='word_1_50' title='bbox 354 729 710 786; x_wconf 81' lang='lat' dir='ltr'>consiliarius</span> <span class='ocrx_word' id='word_1_51' title='bbox 735 732 861 801; x_wconf 90' lang='lat' dir='ltr'>ejus</span> <span class='ocrx_word' id='word_1_52' title='bbox 891 731 1035 785; x_wconf 83' lang='lat' dir='ltr'>fuit:</span> <span class='ocrx_word' id='word_1_53' title='bbox 1070 735 1170 786; x_wconf 84' lang='lat' dir='ltr'>aut</span> <span class='ocrx_word' id='word_1_54' title='bbox 1194 731 1325 802; x_wconf 88' lang='lat' dir='ltr'>quis</span> <span class='ocrx_word' id='word_1_55' title='bbox 1347 733 1504 803; x_wconf 87' lang='lat' dir='ltr'>prior</span> <span class='ocrx_word' id='word_1_56' title='bbox 1533 731 1694 786; x_wconf 86' lang='lat' dir='ltr'>dedit</span> <span class='ocrx_word' id='word_1_57' title='bbox 1718 729 1822 798; x_wconf 90' lang='lat' dir='ltr'>illi,</span> <span class='ocrx_word' id='word_1_58' title='bbox 1936 730 2282 802; x_wconf 85' lang='lat' dir='ltr'>Quanquam</span> <span class='ocrx_word' id='word_1_59' title='bbox 2321 732 2430 787; x_wconf 91' lang='lat' dir='ltr'>hoc</span> <span class='ocrx_word' id='word_1_60' title='bbox 2460 732 2656 804; x_wconf 90' lang='lat' dir='ltr'>ipsum</span> <span class='ocrx_word' id='word_1_61' title='bbox 2690 735 2802 790; x_wconf 88' lang='lat' dir='ltr'>vile</span> <span class='ocrx_word' id='word_1_62' title='bbox 2833 735 2912 790; x_wconf 89' lang='lat' dir='ltr'>sit</span> <span class='ocrx_word' id='word_1_63' title='bbox 2969 737 3260 791; x_wconf 84' lang='lat' dir='ltr'>aestimare</span> <span class='ocrx_word' id='word_1_64' title='bbox 3290 738 3458 809; x_wconf 89' lang='lat' dir='ltr'>quasi</span> <span class='ocrx_word' id='word_1_65' title='bbox 3491 737 3605 793; x_wconf 89' lang='lat' dir='ltr'>hu-</span> 
     </span>
    </p>
   </div>
   <div class='ocr_carea' id='block_1_6' title="bbox 207 818 3604 901">
    <p class='ocr_par' dir='ltr' id='par_1_6' title="bbox 207 818 3604 901">
     <span class='ocr_line' id='line_1_6' title="bbox 207 818 3604 901; baseline 0.001 -25"><span class='ocrx_word' id='word_1_66' title='bbox 207 825 254 876; x_wconf 90' lang='lat' dir='ltr'>et</span> <span class='ocrx_word' id='word_1_67' title='bbox 282 819 616 876; x_wconf 90' lang='lat' dir='ltr'>retribuetur</span> <span class='ocrx_word' id='word_1_68' title='bbox 645 818 694 874; x_wconf 92' lang='lat' dir='ltr'>ei</span> <span class='ocrx_word' id='word_1_69' title='bbox 727 819 868 889; x_wconf 80' lang='lat' dir='ltr'>(Ibid</span> <span class='ocrx_word' id='word_1_70' title='bbox 896 819 1036 889; x_wconf 87' lang='lat'>33)?</span> <span class='ocrx_word' id='word_1_71' title='bbox 1078 840 1105 869; x_wconf 89' lang='grc'><em>››</em></span> <span class='ocrx_word' id='word_1_72' title='bbox 1167 819 1332 874; x_wconf 91' lang='lat' dir='ltr'>Hunc</span> <span class='ocrx_word' id='word_1_73' title='bbox 1387 823 1582 878; x_wconf 88' lang='lat' dir='ltr'>autem</span> <span class='ocrx_word' id='word_1_74' title='bbox 1630 818 1826 874; x_wconf 88' lang='lat' dir='ltr'>locum</span> <span class='ocrx_word' id='word_1_75' title='bbox 1937 819 2096 872; x_wconf 88' lang='lat' dir='ltr'>mani</span> <span class='ocrx_word' id='word_1_76' title='bbox 2131 819 2321 874; x_wconf 89' lang='lat' dir='ltr'>simile</span> <span class='ocrx_word' id='word_1_77' title='bbox 2365 821 2595 890; x_wconf 91' lang='lat' dir='ltr'>judicii.</span> <span class='ocrx_word' id='word_1_78' title='bbox 2656 821 2828 877; x_wconf 87' lang='lat' dir='ltr'>Aliud</span> <span class='ocrx_word' id='word_1_79' title='bbox 2886 827 2974 878; x_wconf 89' lang='lat' dir='ltr'>est</span> <span class='ocrx_word' id='word_1_80' title='bbox 3023 824 3236 879; x_wconf 82' lang='lat' dir='ltr'>Christi</span> <span class='ocrx_word' id='word_1_81' title='bbox 3289 826 3604 901; x_wconf 53' lang='lat' dir='ltr'>judicium.</span> 
     </span>
    </p>
   </div>
   <div class='ocr_carea' id='block_1_7' title="bbox 207 905 3606 986">
    <p class='ocr_par' dir='ltr' id='par_1_7' title="bbox 207 905 3606 986">
     <span class='ocr_line' id='line_1_7' title="bbox 207 905 3606 986; baseline 0.002 -24"><span class='ocrx_word' id='word_1_82' title='bbox 207 907 539 980; x_wconf 70' lang='lat' dir='ltr'>praemittens</span> <span class='ocrx_word' id='word_1_83' title='bbox 577 906 863 978; x_wconf 81' lang='lat' dir='ltr'>PrOpheta</span> <span class='ocrx_word' id='word_1_84' title='bbox 892 907 1004 962; x_wconf 86' lang='lat' dir='ltr'>ait:</span> <span class='ocrx_word' id='word_1_85' title='bbox 1041 931 1068 957; x_wconf 85' lang='lat'><strong><em>«</em></strong></span> <span class='ocrx_word' id='word_1_86' title='bbox 1101 907 1196 964; x_wconf 89' lang='lat' dir='ltr'>Sic</span> <span class='ocrx_word' id='word_1_87' title='bbox 1253 924 1457 964; x_wconf 92' lang='lat' dir='ltr'>omnes</span> <span class='ocrx_word' id='word_1_88' title='bbox 1513 911 1714 981; x_wconf 83' lang='lat' dir='ltr'>gentes</span> <span class='ocrx_word' id='word_1_89' title='bbox 1764 909 1830 962; x_wconf 88' lang='lat' dir='ltr'>ut</span> <span class='ocrx_word' id='word_1_90' title='bbox 1937 905 2037 959; x_wconf 92' lang='lat' dir='ltr'>ubi</span> <span class='ocrx_word' id='word_1_91' title='bbox 2071 907 2433 962; x_wconf 86' lang='lat' dir='ltr'>conscientia</span> <span class='ocrx_word' id='word_1_92' title='bbox 2463 909 2593 980; x_wconf 90' lang='lat' dir='ltr'>ipsa</span> <span class='ocrx_word' id='word_1_93' title='bbox 2624 925 2685 964; x_wconf 88' lang='lat' dir='ltr'>se</span> <span class='ocrx_word' id='word_1_94' title='bbox 2708 911 3054 983; x_wconf 86' lang='lat' dir='ltr'>prodit,quae</span> <span class='ocrx_word' id='word_1_95' title='bbox 3075 912 3254 968; x_wconf 84' lang='lat' dir='ltr'>latere</span> <span class='ocrx_word' id='word_1_96' title='bbox 3276 931 3388 968; x_wconf 90' lang='lat' dir='ltr'>non</span> <span class='ocrx_word' id='word_1_97' title='bbox 3413 919 3606 986; x_wconf 88' lang='lat' dir='ltr'>potest</span> 
     </span>
    </p>
   </div>
   <div class='ocr_carea' id='block_1_8' title="bbox 211 992 3605 1075">
    <p class='ocr_par' dir='ltr' id='par_1_8' title="bbox 211 992 3605 1075">
     <span class='ocr_line' id='line_1_8' title="bbox 211 992 3605 1075; baseline 0.001 -23"><span class='ocrx_word' id='word_1_98' title='bbox 211 995 547 1052; x_wconf 88' lang='lat' dir='ltr'>stillicidium</span> <span class='ocrx_word' id='word_1_99' title='bbox 578 995 649 1050; x_wconf 91' lang='lat' dir='ltr'>de</span> <span class='ocrx_word' id='word_1_100' title='bbox 678 1012 850 1051; x_wconf 87' lang='lat' dir='ltr'>urceo</span> <span class='ocrx_word' id='word_1_101' title='bbox 881 995 1182 1051; x_wconf 66' lang='lat' dir='ltr'>aestimatae</span> <span class='ocrx_word' id='word_1_102' title='bbox 1216 999 1354 1052; x_wconf 89' lang='lat' dir='ltr'>sunt</span> <span class='ocrx_word' id='word_1_103' title='bbox 1384 996 1492 1068; x_wconf 86' lang='lat' dir='ltr'>(Isa</span> <span class='ocrx_word' id='word_1_104' title='bbox 1509 997 1756 1068; x_wconf 74' lang='lat' dir='ltr'>XL,15),»</span> <span class='ocrx_word' id='word_1_105' title='bbox 1773 999 1831 1051; x_wconf 91' lang='lat' dir='ltr'>et</span> <span class='ocrx_word' id='word_1_106' title='bbox 1937 992 2300 1049; x_wconf 89' lang='lat' dir='ltr'>occultorum</span> <span class='ocrx_word' id='word_1_107' title='bbox 2323 996 2614 1052; x_wconf 87' lang='lat' dir='ltr'>arbitrum</span> <span class='ocrx_word' id='word_1_108' title='bbox 2641 1013 2653 1052; x_wconf 93' lang='lat'>:</span> <span class='ocrx_word' id='word_1_109' title='bbox 2683 997 2783 1052; x_wconf 92' lang='lat' dir='ltr'>ubi</span> <span class='ocrx_word' id='word_1_110' title='bbox 2804 1000 3190 1070; x_wconf 82' lang='lat' dir='ltr'>cogitationes</span> <span class='ocrx_word' id='word_1_111' title='bbox 3213 1001 3426 1056; x_wconf 85' lang='lat' dir='ltr'>lucenti</span> <span class='ocrx_word' id='word_1_112' title='bbox 3450 1003 3605 1075; x_wconf 89' lang='lat' dir='ltr'>apud</span> 
     </span>
    </p>
   </div>
   <div class='ocr_carea' id='block_1_9' title="bbox 208 1082 3610 1163">
    <p class='ocr_par' dir='ltr' id='par_1_9' title="bbox 208 1082 3610 1163">
     <span class='ocr_line' id='line_1_9' title="bbox 208 1082 3610 1163; baseline 0.002 -25"><span class='ocrx_word' id='word_1_113' title='bbox 208 1083 429 1154; x_wconf 89' lang='lat' dir='ltr'>reliqua,</span> <span class='ocrx_word' id='word_1_114' title='bbox 463 1087 526 1138; x_wconf 88' lang='lat' dir='ltr'>ut</span> <span class='ocrx_word' id='word_1_115' title='bbox 555 1099 873 1155; x_wconf 86' lang='lat' dir='ltr'>cognoscas</span> <span class='ocrx_word' id='word_1_116' title='bbox 905 1083 1266 1140; x_wconf 91' lang='lat' dir='ltr'>intellectum</span> <span class='ocrx_word' id='word_1_117' title='bbox 1291 1082 1472 1140; x_wconf 87' lang='lat' dir='ltr'>istum</span> <span class='ocrx_word' id='word_1_118' title='bbox 1494 1099 1628 1139; x_wconf 91' lang='lat' dir='ltr'>cum</span> <span class='ocrx_word' id='word_1_119' title='bbox 1650 1083 1829 1138; x_wconf 90' lang='lat' dir='ltr'>inter-</span> <span class='ocrx_word' id='word_1_120' title='bbox 1941 1097 2099 1151; x_wconf 90' lang='lat' dir='ltr'>eum,</span> <span class='ocrx_word' id='word_1_121' title='bbox 2119 1082 2232 1153; x_wconf 81' lang='lat' dir='ltr'>.qui</span> <span class='ocrx_word' id='word_1_122' title='bbox 2270 1083 2463 1139; x_wconf 90' lang='lat' dir='ltr'>adhuc</span> <span class='ocrx_word' id='word_1_123' title='bbox 2500 1086 2894 1158; x_wconf 86' lang='lat' dir='ltr'>cogitantibus</span> <span class='ocrx_word' id='word_1_124' title='bbox 2925 1087 3186 1153; x_wconf 89' lang='lat' dir='ltr'>dicebat;</span> <span class='ocrx_word' id='word_1_125' title='bbox 3218 1112 3245 1138; x_wconf 86' lang='lat'><strong><em>«</em></strong></span> <span class='ocrx_word' id='word_1_126' title='bbox 3279 1090 3426 1155; x_wconf 89' lang='lat' dir='ltr'>Quid</span> <span class='ocrx_word' id='word_1_127' title='bbox 3457 1091 3610 1163; x_wconf 87' lang='lat' dir='ltr'>cogi-</span> 
     </span>
    </p>
   </div>
   <div class='ocr_carea' id='block_1_10' title="bbox 1940 1170 3606 1248">
    <p class='ocr_par' dir='ltr' id='par_1_10' title="bbox 1940 1170 3606 1248">
     <span class='ocr_line' id='line_1_10' title="bbox 1940 1170 3606 1248; baseline 0.005 -24"><span class='ocrx_word' id='word_1_128' title='bbox 1940 1170 2080 1226; x_wconf 84' lang='lat' dir='ltr'>tatis</span> <span class='ocrx_word' id='word_1_129' title='bbox 2103 1171 2258 1226; x_wconf 89' lang='lat' dir='ltr'>mala</span> <span class='ocrx_word' id='word_1_130' title='bbox 2289 1171 2351 1227; x_wconf 91' lang='lat' dir='ltr'>in</span> <span class='ocrx_word' id='word_1_131' title='bbox 2391 1173 2667 1229; x_wconf 88' lang='lat' dir='ltr'>cordibus</span> <span class='ocrx_word' id='word_1_132' title='bbox 2699 1175 2910 1230; x_wconf 86' lang='lat' dir='ltr'>vestris</span> <span class='ocrx_word' id='word_1_133' title='bbox 2959 1176 3164 1244; x_wconf 84' lang='lat' dir='ltr'>(Matth.</span> <span class='ocrx_word' id='word_1_134' title='bbox 3201 1193 3277 1242; x_wconf 83' lang='lat' dir='ltr'>1x,</span> <span class='ocrx_word' id='word_1_135' title='bbox 3308 1179 3361 1248; x_wconf 90' lang='grc'>4)</span> <span class='ocrx_word' id='word_1_136' title='bbox 3387 1179 3415 1233; x_wconf 75' lang='grc' dir='ltr'>⁶Ρ</span> <span class='ocrx_word' id='word_1_137' title='bbox 3465 1183 3606 1234; x_wconf 87' lang='lat' dir='ltr'>Cum</span> 
     </span>
    </p>
   </div>
   <div class='ocr_carea' id='block_1_11' title="bbox 1941 1257 3611 1338">
    <p class='ocr_par' dir='ltr' id='par_1_11' title="bbox 1941 1257 3611 1338">
     <span class='ocr_line' id='line_1_11' title="bbox 1941 1257 3611 1338; baseline 0.005 -26"><span class='ocrx_word' id='word_1_138' title='bbox 1941 1257 2162 1313; x_wconf 64' lang='lat' dir='ltr'>Judwis</span> <span class='ocrx_word' id='word_1_139' title='bbox 2194 1259 2432 1328; x_wconf 85' lang='lat' dir='ltr'>diceret,</span> <span class='ocrx_word' id='word_1_140' title='bbox 2467 1261 2696 1317; x_wconf 88' lang='lat' dir='ltr'>dicebat</span> <span class='ocrx_word' id='word_1_141' title='bbox 2725 1262 2998 1318; x_wconf 88' lang='lat' dir='ltr'>omnibus</span> <span class='ocrx_word' id='word_1_142' title='bbox 3027 1289 3040 1330; x_wconf 84' lang='lat'><strong>;</strong></span> <span class='ocrx_word' id='word_1_143' title='bbox 3074 1281 3144 1319; x_wconf 91' lang='lat' dir='ltr'>ne</span> <span class='ocrx_word' id='word_1_144' title='bbox 3190 1265 3323 1336; x_wconf 90' lang='lat' dir='ltr'>quis</span> <span class='ocrx_word' id='word_1_145' title='bbox 3381 1271 3611 1338; x_wconf 89' lang='lat' dir='ltr'>putaret</span> 
     </span>
    </p>
   </div>
   <div class='ocr_carea' id='block_1_12' title="bbox 206 1170 1219 1243">
    <p class='ocr_par' dir='ltr' id='par_1_12' title="bbox 206 1170 1219 1243">
     <span class='ocr_line' id='line_1_12' title="bbox 206 1170 1219 1243; baseline 0.002 -17"><span class='ocrx_word' id='word_1_146' title='bbox 206 1171 504 1243; x_wconf 88' lang='lat' dir='ltr'>pretatione</span> <span class='ocrx_word' id='word_1_147' title='bbox 533 1170 865 1243; x_wconf 89' lang='lat' dir='ltr'>Apostolica</span> <span class='ocrx_word' id='word_1_148' title='bbox 894 1173 1219 1228; x_wconf 91' lang='lat' dir='ltr'>convenire.</span> 
     </span>
    </p>
   </div>
   <div class='ocr_carea' id='block_1_13' title="bbox 265 1257 1832 1334">
    <p class='ocr_par' dir='ltr' id='par_1_13' title="bbox 265 1257 1832 1334">
     <span class='ocr_line' id='line_1_13' title="bbox 265 1257 1832 1334; baseline 0.001 -22"><span class='ocrx_word' id='word_1_149' title='bbox 265 1259 344 1314; x_wconf 87' lang='grc'>51.</span> <span class='ocrx_word' id='word_1_150' title='bbox 377 1257 642 1329; x_wconf 89' lang='lat' dir='ltr'>(Vers.5.)</span> <span class='ocrx_word' id='word_1_151' title='bbox 676 1258 786 1314; x_wconf 90' lang='lat' dir='ltr'>Sed</span> <span class='ocrx_word' id='word_1_152' title='bbox 817 1258 956 1331; x_wconf 90' lang='lat' dir='ltr'>quid</span> <span class='ocrx_word' id='word_1_153' title='bbox 993 1260 1318 1316; x_wconf 88' lang='lat' dir='ltr'>evidentius</span> <span class='ocrx_word' id='word_1_154' title='bbox 1349 1277 1414 1316; x_wconf 93' lang='lat' dir='ltr'>eo</span> <span class='ocrx_word' id='word_1_155' title='bbox 1437 1261 1590 1334; x_wconf 89' lang='lat' dir='ltr'>quod</span> <span class='ocrx_word' id='word_1_156' title='bbox 1613 1259 1832 1332; x_wconf 90' lang='lat' dir='ltr'>peritu-</span> 
     </span>
    </p>
   </div>
   <div class='ocr_carea' id='block_1_14' title="bbox 205 1347 1834 1421">
    <p class='ocr_par' dir='ltr' id='par_1_14' title="bbox 205 1347 1834 1421">
     <span class='ocr_line' id='line_1_14' title="bbox 205 1347 1834 1421; baseline 0.001 -19"><span class='ocrx_word' id='word_1_157' title='bbox 205 1363 287 1403; x_wconf 85' lang='lat' dir='ltr'>ras</span> <span class='ocrx_word' id='word_1_158' title='bbox 314 1350 544 1402; x_wconf 87' lang='lat' dir='ltr'>naturas</span> <span class='ocrx_word' id='word_1_159' title='bbox 573 1363 689 1403; x_wconf 90' lang='lat' dir='ltr'>non</span> <span class='ocrx_word' id='word_1_160' title='bbox 720 1347 912 1404; x_wconf 87' lang='lat' dir='ltr'>videat</span> <span class='ocrx_word' id='word_1_161' title='bbox 939 1349 1236 1418; x_wconf 87' lang='lat' dir='ltr'>inducere,</span> <span class='ocrx_word' id='word_1_162' title='bbox 1268 1365 1403 1406; x_wconf 90' lang='lat' dir='ltr'>cum</span> <span class='ocrx_word' id='word_1_163' title='bbox 1424 1348 1551 1421; x_wconf 89' lang='lat' dir='ltr'>ipse</span> <span class='ocrx_word' id='word_1_164' title='bbox 1573 1349 1834 1419; x_wconf 91' lang='lat' dir='ltr'>subjece-</span> 
     </span>
    </p>
   </div>
   <div class='ocr_carea' id='block_1_15' title="bbox 205 1435 1838 1509">
    <p class='ocr_par' dir='ltr' id='par_1_15' title="bbox 205 1435 1838 1509">
     <span class='ocr_line' id='line_1_15' title="bbox 205 1435 1838 1509; baseline 0 -19"><span class='ocrx_word' id='word_1_165' title='bbox 205 1436 270 1490; x_wconf 86' lang='lat' dir='ltr'>rit</span> <span class='ocrx_word' id='word_1_166' title='bbox 295 1439 522 1490; x_wconf 88' lang='lat' dir='ltr'>sanctus</span> <span class='ocrx_word' id='word_1_167' title='bbox 553 1435 834 1507; x_wconf 87' lang='lat' dir='ltr'>Propheta</span> <span class='ocrx_word' id='word_1_168' title='bbox 858 1454 870 1491; x_wconf 91' lang='lat'>:</span> <span class='ocrx_word' id='word_1_169' title='bbox 909 1436 1241 1500; x_wconf 89' lang='lat' dir='ltr'>«Quoniam</span> <span class='ocrx_word' id='word_1_170' title='bbox 1264 1453 1379 1492; x_wconf 93' lang='lat' dir='ltr'>non</span> <span class='ocrx_word' id='word_1_171' title='bbox 1405 1441 1711 1509; x_wconf 86' lang='lat' dir='ltr'>resurgent</span> <span class='ocrx_word' id='word_1_172' title='bbox 1732 1437 1838 1490; x_wconf 85' lang='lat' dir='ltr'>im-</span> 
     </span>
    </p>
   </div>
   <div class='ocr_carea' id='block_1_16' title="bbox 204 1524 1835 1598">
    <p class='ocr_par' dir='ltr' id='par_1_16' title="bbox 204 1524 1835 1598">
     <span class='ocr_line' id='line_1_16' title="bbox 204 1524 1835 1598; baseline 0.001 -20"><span class='ocrx_word' id='word_1_173' title='bbox 204 1525 272 1596; x_wconf 88' lang='lat' dir='ltr'>pii</span> <span class='ocrx_word' id='word_1_174' title='bbox 294 1524 610 1594; x_wconf 86' lang='lat' dir='ltr'>injudicio.</span> <span class='ocrx_word' id='word_1_175' title='bbox 647 1546 676 1573; x_wconf 85' lang='lat'>»</span> <span class='ocrx_word' id='word_1_176' title='bbox 707 1525 832 1580; x_wconf 88' lang='lat' dir='ltr'>Non</span> <span class='ocrx_word' id='word_1_177' title='bbox 864 1525 1020 1580; x_wconf 90' lang='lat' dir='ltr'>enim</span> <span class='ocrx_word' id='word_1_178' title='bbox 1051 1525 1233 1580; x_wconf 88' lang='lat' dir='ltr'>dixit:</span> <span class='ocrx_word' id='word_1_179' title='bbox 1265 1529 1395 1581; x_wconf 91' lang='lat' dir='ltr'>Non</span> <span class='ocrx_word' id='word_1_180' title='bbox 1418 1529 1740 1598; x_wconf 85' lang='lat' dir='ltr'>resurgunt</span> <span class='ocrx_word' id='word_1_181' title='bbox 1768 1544 1780 1593; x_wconf 85' lang='lat'>;</span> <span class='ocrx_word' id='word_1_182' title='bbox 1809 1547 1835 1574; x_wconf 88' lang='grc'><strong>››</strong></span> 
     </span>
    </p>
   </div>
   <div class='ocr_carea' id='block_1_17' title="bbox 204 1612 1834 1685">
    <p class='ocr_par' dir='ltr' id='par_1_17' title="bbox 204 1612 1834 1685">
     <span class='ocr_line' id='line_1_17' title="bbox 204 1612 1834 1685; baseline 0 -18"><span class='ocrx_word' id='word_1_183' title='bbox 204 1614 291 1668; x_wconf 88' lang='lat' dir='ltr'>sed</span> <span class='ocrx_word' id='word_1_184' title='bbox 320 1612 427 1667; x_wconf 86' lang='lat' dir='ltr'>ait:</span> <span class='ocrx_word' id='word_1_185' title='bbox 463 1613 792 1685; x_wconf 83' lang='lat' dir='ltr'>Resurgent</span> <span class='ocrx_word' id='word_1_186' title='bbox 823 1613 1085 1684; x_wconf 88' lang='lat' dir='ltr'>quidem,</span> <span class='ocrx_word' id='word_1_187' title='bbox 1148 1614 1250 1669; x_wconf 89' lang='lat' dir='ltr'>sed</span> <span class='ocrx_word' id='word_1_188' title='bbox 1311 1631 1426 1670; x_wconf 92' lang='lat' dir='ltr'>non</span> <span class='ocrx_word' id='word_1_189' title='bbox 1483 1614 1541 1669; x_wconf 92' lang='lat' dir='ltr'>in</span> <span class='ocrx_word' id='word_1_190' title='bbox 1593 1613 1834 1684; x_wconf 90' lang='lat' dir='ltr'>judicio.</span> 
     </span>
    </p>
   </div>
   <div class='ocr_carea' id='block_1_18' title="bbox 204 1701 1841 1774">
    <p class='ocr_par' dir='ltr' id='par_1_18' title="bbox 204 1701 1841 1774">
     <span class='ocr_line' id='line_1_18' title="bbox 204 1701 1841 1774; baseline 0.001 -20"><span class='ocrx_word' id='word_1_191' title='bbox 204 1701 295 1763; x_wconf 86' lang='lat' dir='ltr'>Qui</span> <span class='ocrx_word' id='word_1_192' title='bbox 326 1705 513 1756; x_wconf 86' lang='lat' dir='ltr'>autem</span> <span class='ocrx_word' id='word_1_193' title='bbox 546 1703 819 1774; x_wconf 81' lang='lat' dir='ltr'>resurgit,</span> <span class='ocrx_word' id='word_1_194' title='bbox 861 1706 952 1758; x_wconf 91' lang='lat' dir='ltr'>est</span> <span class='ocrx_word' id='word_1_195' title='bbox 980 1703 1203 1774; x_wconf 87' lang='lat' dir='ltr'>utique,</span> <span class='ocrx_word' id='word_1_196' title='bbox 1237 1706 1294 1757; x_wconf 91' lang='lat' dir='ltr'>et</span> <span class='ocrx_word' id='word_1_197' title='bbox 1324 1707 1521 1758; x_wconf 89' lang='lat' dir='ltr'>manet</span> <span class='ocrx_word' id='word_1_198' title='bbox 1545 1720 1557 1769; x_wconf 89' lang='lat'><strong>;</strong></span> <span class='ocrx_word' id='word_1_199' title='bbox 1579 1703 1676 1758; x_wconf 86' lang='lat' dir='ltr'>sed</span> <span class='ocrx_word' id='word_1_200' title='bbox 1702 1701 1841 1773; x_wconf 90' lang='lat' dir='ltr'>quia</span> 
     </span>
    </p>
   </div>
   <div class='ocr_carea' id='block_1_19' title="bbox 205 1789 1840 1862">
    <p class='ocr_par' dir='ltr' id='par_1_19' title="bbox 205 1789 1840 1862">
     <span class='ocr_line' id='line_1_19' title="bbox 205 1789 1840 1862; baseline 0 -18"><span class='ocrx_word' id='word_1_201' title='bbox 205 1806 305 1844; x_wconf 90' lang='lat' dir='ltr'>non</span> <span class='ocrx_word' id='word_1_202' title='bbox 334 1789 576 1844; x_wconf 87' lang='lat' dir='ltr'>credidit</span> <span class='ocrx_word' id='word_1_203' title='bbox 605 1789 664 1844; x_wconf 92' lang='lat' dir='ltr'>in</span> <span class='ocrx_word' id='word_1_204' title='bbox 685 1790 1006 1859; x_wconf 86' lang='lat' dir='ltr'>Christum,</span> <span class='ocrx_word' id='word_1_205' title='bbox 1026 1791 1472 1862; x_wconf 89' lang='lat' dir='ltr'>jamjudicatus</span> <span class='ocrx_word' id='word_1_206' title='bbox 1489 1796 1604 1846; x_wconf 89' lang='lat' dir='ltr'>est:</span> <span class='ocrx_word' id='word_1_207' title='bbox 1633 1796 1690 1846; x_wconf 92' lang='lat' dir='ltr'>et</span> <span class='ocrx_word' id='word_1_208' title='bbox 1713 1790 1840 1844; x_wconf 91' lang='lat' dir='ltr'>ideo</span> 
     </span>
    </p>
   </div>
   <div class='ocr_carea' id='block_1_20' title="bbox 205 1877 1843 1950">
    <p class='ocr_par' dir='ltr' id='par_1_20' title="bbox 205 1877 1843 1950">
     <span class='ocr_line' id='line_1_20' title="bbox 205 1877 1843 1950; baseline 0.001 -19"><span class='ocrx_word' id='word_1_209' title='bbox 205 1893 304 1931; x_wconf 91' lang='lat' dir='ltr'>non</span> <span class='ocrx_word' id='word_1_210' title='bbox 322 1877 473 1932; x_wconf 89' lang='lat' dir='ltr'>venit</span> <span class='ocrx_word' id='word_1_211' title='bbox 494 1877 1066 1950; x_wconf 87' lang='lat' dir='ltr'>injudicium,quem</span> <span class='ocrx_word' id='word_1_212' title='bbox 1089 1879 1446 1950; x_wconf 85' lang='lat' dir='ltr'>peractijam</span> <span class='ocrx_word' id='word_1_213' title='bbox 1471 1879 1622 1934; x_wconf 71' lang='lat'>762</span> <span class='ocrx_word' id='word_1_214' title='bbox 1645 1882 1843 1933; x_wconf 88' lang='lat' dir='ltr'>manet</span> 
     </span>
    </p>
   </div>
   <div class='ocr_carea' id='block_1_21' title="bbox 205 1965 1844 2038">
    <p class='ocr_par' dir='ltr' id='par_1_21' title="bbox 205 1965 1844 2038">
     <span class='ocr_line' id='line_1_21' title="bbox 205 1965 1844 2038; baseline 0.002 -19"><span class='ocrx_word' id='word_1_215' title='bbox 205 1981 358 2036; x_wconf 85' lang='lat' dir='ltr'>poena</span> <span class='ocrx_word' id='word_1_216' title='bbox 376 1965 606 2036; x_wconf 91' lang='lat' dir='ltr'>judicii.</span> <span class='ocrx_word' id='word_1_217' title='bbox 638 1966 708 2020; x_wconf 87' lang='lat' dir='ltr'>Et</span> <span class='ocrx_word' id='word_1_218' title='bbox 736 1966 807 2021; x_wconf 89' lang='lat' dir='ltr'>de</span> <span class='ocrx_word' id='word_1_219' title='bbox 837 1966 1257 2022; x_wconf 87' lang='lat' dir='ltr'>resurrectione</span> <span class='ocrx_word' id='word_1_220' title='bbox 1317 1967 1554 2038; x_wconf 88' lang='lat' dir='ltr'>quidem</span> <span class='ocrx_word' id='word_1_221' title='bbox 1590 1965 1844 2038; x_wconf 89' lang='lat' dir='ltr'>plurima</span> 
     </span>
    </p>
   </div>
   <div class='ocr_carea' id='block_1_22' title="bbox 204 2053 1840 2126">
    <p class='ocr_par' dir='ltr' id='par_1_22' title="bbox 204 2053 1840 2126">
     <span class='ocr_line' id='line_1_22' title="bbox 204 2053 1840 2126; baseline 0.003 -21"><span class='ocrx_word' id='word_1_222' title='bbox 204 2053 512 2108; x_wconf 87' lang='lat' dir='ltr'>divinarum</span> <span class='ocrx_word' id='word_1_223' title='bbox 545 2053 985 2125; x_wconf 88' lang='lat' dir='ltr'>Scripturarum</span> <span class='ocrx_word' id='word_1_224' title='bbox 1019 2057 1159 2110; x_wconf 90' lang='lat' dir='ltr'>sunt</span> <span class='ocrx_word' id='word_1_225' title='bbox 1180 2054 1539 2120; x_wconf 89' lang='lat' dir='ltr'>testimonia,</span> <span class='ocrx_word' id='word_1_226' title='bbox 1564 2071 1693 2126; x_wconf 67' lang='lat' dir='ltr'>qua:</span> <span class='ocrx_word' id='word_1_227' title='bbox 1725 2071 1840 2110; x_wconf 92' lang='lat' dir='ltr'>non</span> 
     </span>
    </p>
   </div>
   <div class='ocr_carea' id='block_1_23' title="bbox 206 2131 1844 2212">
    <p class='ocr_par' dir='ltr' id='par_1_23' title="bbox 206 2131 1844 2212">
     <span class='ocr_line' id='line_1_23' title="bbox 206 2131 1844 2212; baseline 0.002 -17"><span class='ocrx_word' id='word_1_228' title='bbox 206 2142 670 2212; x_wconf 71' lang='lat' dir='ltr'>praetermisimus</span> <span class='ocrx_word' id='word_1_229' title='bbox 704 2142 765 2197; x_wconf 88' lang='lat' dir='ltr'>in</span> <span class='ocrx_word' id='word_1_230' title='bbox 798 2142 966 2198; x_wconf 89' lang='lat' dir='ltr'>libris</span> <span class='ocrx_word' id='word_1_231' title='bbox 1004 2131 1430 2199; x_wconf 82' lang='lat' dir='ltr'>Consolationis</span> <span class='ocrx_word' id='word_1_232' title='bbox 1469 2148 1526 2198; x_wconf 90' lang='lat' dir='ltr'>et</span> <span class='ocrx_word' id='word_1_233' title='bbox 1568 2143 1844 2199; x_wconf 85' lang='lat' dir='ltr'>Resurre-</span> 
     </span>
    </p>
   </div>
   <div class='ocr_carea' id='block_1_24' title="bbox 205 2229 1847 2304">
    <p class='ocr_par' dir='ltr' id='par_1_24' title="bbox 205 2229 1847 2304">
     <span class='ocr_line' id='line_1_24' title="bbox 205 2229 1847 2304; baseline 0.002 -20"><span class='ocrx_word' id='word_1_234' title='bbox 205 2229 532 2303; x_wconf 86' lang='lat' dir='ltr'>ctionis(56).</span> <span class='ocrx_word' id='word_1_235' title='bbox 568 2236 645 2287; x_wconf 91' lang='lat' dir='ltr'>De</span> <span class='ocrx_word' id='word_1_236' title='bbox 665 2248 730 2287; x_wconf 92' lang='lat' dir='ltr'>eo</span> <span class='ocrx_word' id='word_1_237' title='bbox 763 2236 959 2287; x_wconf 90' lang='lat' dir='ltr'>autem</span> <span class='ocrx_word' id='word_1_238' title='bbox 992 2233 1146 2304; x_wconf 90' lang='lat' dir='ltr'>quod</span> <span class='ocrx_word' id='word_1_239' title='bbox 1171 2231 1288 2288; x_wconf 88' lang='lat' dir='ltr'>ait:</span> <span class='ocrx_word' id='word_1_240' title='bbox 1324 2254 1351 2281; x_wconf 86' lang='lat'><strong><em>«</em></strong></span> <span class='ocrx_word' id='word_1_241' title='bbox 1376 2232 1501 2288; x_wconf 91' lang='lat' dir='ltr'>Non</span> <span class='ocrx_word' id='word_1_242' title='bbox 1527 2237 1847 2304; x_wconf 89' lang='lat' dir='ltr'>resurgunt</span> 
     </span>
    </p>
   </div>
   <div class='ocr_carea' id='block_1_25' title="bbox 206 2318 1848 2392">
    <p class='ocr_par' dir='ltr' id='par_1_25' title="bbox 206 2318 1848 2392">
     <span class='ocr_line' id='line_1_25' title="bbox 206 2318 1848 2392; baseline 0.002 -20"><span class='ocrx_word' id='word_1_243' title='bbox 206 2318 354 2390; x_wconf 90' lang='lat' dir='ltr'>impii</span> <span class='ocrx_word' id='word_1_244' title='bbox 382 2319 441 2374; x_wconf 90' lang='lat' dir='ltr'>in</span> <span class='ocrx_word' id='word_1_245' title='bbox 462 2319 729 2390; x_wconf 87' lang='lat' dir='ltr'>judicio;</span> <span class='ocrx_word' id='word_1_246' title='bbox 766 2342 794 2369; x_wconf 83' lang='lat'>»</span> <span class='ocrx_word' id='word_1_247' title='bbox 817 2321 1143 2376; x_wconf 88' lang='lat' dir='ltr'>secundum</span> <span class='ocrx_word' id='word_1_248' title='bbox 1177 2319 1555 2392; x_wconf 87' lang='lat' dir='ltr'>Evangelium</span> <span class='ocrx_word' id='word_1_249' title='bbox 1576 2320 1848 2377; x_wconf 91' lang='lat' dir='ltr'>absoluta</span> 
     </span>
    </p>
   </div>
   <div class='ocr_carea' id='block_1_26' title="bbox 207 2407 1848 2480">
    <p class='ocr_par' dir='ltr' id='par_1_26' title="bbox 207 2407 1848 2480">
     <span class='ocr_line' id='line_1_26' title="bbox 207 2407 1848 2480; baseline 0.001 -18"><span class='ocrx_word' id='word_1_250' title='bbox 207 2407 471 2464; x_wconf 87' lang='lat' dir='ltr'>sententia</span> <span class='ocrx_word' id='word_1_251' title='bbox 501 2412 615 2476; x_wconf 89' lang='lat' dir='ltr'>est,</span> <span class='ocrx_word' id='word_1_252' title='bbox 647 2409 786 2479; x_wconf 88' lang='lat' dir='ltr'>quia</span> <span class='ocrx_word' id='word_1_253' title='bbox 816 2425 932 2463; x_wconf 91' lang='lat' dir='ltr'>non</span> <span class='ocrx_word' id='word_1_254' title='bbox 964 2424 1168 2464; x_wconf 90' lang='lat' dir='ltr'>omnes</span> <span class='ocrx_word' id='word_1_255' title='bbox 1191 2408 1647 2480; x_wconf 90' lang='lat' dir='ltr'>judicabuntur.</span> <span class='ocrx_word' id='word_1_256' title='bbox 1696 2411 1848 2480; x_wconf 90' lang='lat' dir='ltr'>Apo-</span> 
     </span>
    </p>
   </div>
   <div class='ocr_carea' id='block_1_27' title="bbox 205 2495 1847 2569">
    <p class='ocr_par' dir='ltr' id='par_1_27' title="bbox 205 2495 1847 2569">
     <span class='ocr_line' id='line_1_27' title="bbox 205 2495 1847 2569; baseline 0 -19"><span class='ocrx_word' id='word_1_257' title='bbox 205 2495 377 2551; x_wconf 85' lang='lat' dir='ltr'>stolus</span> <span class='ocrx_word' id='word_1_258' title='bbox 407 2501 606 2552; x_wconf 87' lang='lat' dir='ltr'>autem</span> <span class='ocrx_word' id='word_1_259' title='bbox 638 2497 756 2552; x_wconf 87' lang='lat' dir='ltr'>ait:</span> <span class='ocrx_word' id='word_1_260' title='bbox 795 2518 821 2545; x_wconf 88' lang='grc'>‹‹</span> <span class='ocrx_word' id='word_1_261' title='bbox 856 2497 1073 2552; x_wconf 91' lang='lat' dir='ltr'>Omnes</span> <span class='ocrx_word' id='word_1_262' title='bbox 1102 2496 1262 2552; x_wconf 90' lang='lat' dir='ltr'>enim</span> <span class='ocrx_word' id='word_1_263' title='bbox 1294 2501 1518 2569; x_wconf 84' lang='lat' dir='ltr'>oportet</span> <span class='ocrx_word' id='word_1_264' title='bbox 1550 2513 1657 2552; x_wconf 91' lang='lat' dir='ltr'>nos</span> <span class='ocrx_word' id='word_1_265' title='bbox 1691 2499 1847 2552; x_wconf 91' lang='lat' dir='ltr'>stare</span> 
     </span>
    </p>
   </div>
   <div class='ocr_carea' id='block_1_28' title="bbox 207 2584 1841 2658">
    <p class='ocr_par' dir='ltr' id='par_1_28' title="bbox 207 2584 1841 2658">
     <span class='ocr_line' id='line_1_28' title="bbox 207 2584 1841 2658; baseline 0.001 -20"><span class='ocrx_word' id='word_1_266' title='bbox 207 2588 325 2640; x_wconf 88' lang='lat' dir='ltr'>ante</span> <span class='ocrx_word' id='word_1_267' title='bbox 352 2584 609 2642; x_wconf 89' lang='lat' dir='ltr'>tribunal</span> <span class='ocrx_word' id='word_1_268' title='bbox 640 2584 877 2650; x_wconf 88' lang='lat' dir='ltr'>Christi,</span> <span class='ocrx_word' id='word_1_269' title='bbox 911 2589 976 2640; x_wconf 92' lang='lat' dir='ltr'>ut</span> <span class='ocrx_word' id='word_1_270' title='bbox 1006 2585 1249 2658; x_wconf 88' lang='lat' dir='ltr'>recipiat</span> <span class='ocrx_word' id='word_1_271' title='bbox 1280 2585 1688 2656; x_wconf 87' lang='lat' dir='ltr'>unusquisque</span> <span class='ocrx_word' id='word_1_272' title='bbox 1711 2601 1841 2657; x_wconf 91' lang='lat' dir='ltr'>pro-</span> 
     </span>
    </p>
   </div>
   <div class='ocr_carea' id='block_1_29' title="bbox 206 2671 1844 2744">
    <p class='ocr_par' dir='ltr' id='par_1_29' title="bbox 206 2671 1844 2744">
     <span class='ocr_line' id='line_1_29' title="bbox 206 2671 1844 2744; baseline 0.001 -20"><span class='ocrx_word' id='word_1_273' title='bbox 206 2671 317 2742; x_wconf 87' lang='lat' dir='ltr'>pria</span> <span class='ocrx_word' id='word_1_274' title='bbox 349 2671 803 2744; x_wconf 88' lang='lat' dir='ltr'>corporis,prout</span> <span class='ocrx_word' id='word_1_275' title='bbox 832 2671 1034 2744; x_wconf 84' lang='lat' dir='ltr'>gessit,</span> <span class='ocrx_word' id='word_1_276' title='bbox 1067 2671 1186 2727; x_wconf 89' lang='lat' dir='ltr'>sive</span> <span class='ocrx_word' id='word_1_277' title='bbox 1216 2672 1458 2739; x_wconf 89' lang='lat' dir='ltr'>bonum,</span> <span class='ocrx_word' id='word_1_278' title='bbox 1481 2673 1599 2727; x_wconf 90' lang='lat' dir='ltr'>sive</span> <span class='ocrx_word' id='word_1_279' title='bbox 1620 2671 1844 2726; x_wconf 91' lang='lat' dir='ltr'>malum</span> 
     </span>
    </p>
   </div>
   <div class='ocr_carea' id='block_1_30' title="bbox 210 2759 1850 2832">
    <p class='ocr_par' dir='ltr' id='par_1_30' title="bbox 210 2759 1850 2832">
     <span class='ocr_line' id='line_1_30' title="bbox 210 2759 1850 2832; baseline 0.001 -18"><span class='ocrx_word' id='word_1_280' title='bbox 210 2760 273 2830; x_wconf 84' lang='lat' dir='ltr'>(II</span> <span class='ocrx_word' id='word_1_281' title='bbox 301 2760 414 2815; x_wconf 89' lang='lat' dir='ltr'>Cor.</span> <span class='ocrx_word' id='word_1_282' title='bbox 446 2778 501 2829; x_wconf 93' lang='lat' dir='ltr'>v,</span> <span class='ocrx_word' id='word_1_283' title='bbox 538 2760 651 2831; x_wconf 73' lang='grc'>40).</span> <span class='ocrx_word' id='word_1_284' title='bbox 688 2782 715 2809; x_wconf 88' lang='grc'><strong>››</strong></span> <span class='ocrx_word' id='word_1_285' title='bbox 751 2761 880 2815; x_wconf 81' lang='lat' dir='ltr'>Haec</span> <span class='ocrx_word' id='word_1_286' title='bbox 912 2765 1122 2832; x_wconf 89' lang='lat' dir='ltr'>putant</span> <span class='ocrx_word' id='word_1_287' title='bbox 1150 2759 1412 2832; x_wconf 89' lang='lat' dir='ltr'>plerique</span> <span class='ocrx_word' id='word_1_288' title='bbox 1441 2777 1569 2815; x_wconf 89' lang='lat' dir='ltr'>esse</span> <span class='ocrx_word' id='word_1_289' title='bbox 1620 2764 1850 2816; x_wconf 85' lang='lat' dir='ltr'>contra-</span> 
     </span>
    </p>
   </div>
   <div class='ocr_carea' id='block_1_31' title="bbox 210 2847 1850 2920">
    <p class='ocr_par' dir='ltr' id='par_1_31' title="bbox 210 2847 1850 2920">
     <span class='ocr_line' id='line_1_31' title="bbox 210 2847 1850 2920; baseline 0.001 -19"><span class='ocrx_word' id='word_1_290' title='bbox 210 2847 318 2915; x_wconf 87' lang='lat' dir='ltr'>ria;</span> <span class='ocrx_word' id='word_1_291' title='bbox 350 2865 450 2903; x_wconf 91' lang='lat' dir='ltr'>nec</span> <span class='ocrx_word' id='word_1_292' title='bbox 482 2848 795 2903; x_wconf 87' lang='lat' dir='ltr'>advertunt</span> <span class='ocrx_word' id='word_1_293' title='bbox 822 2848 962 2920; x_wconf 89' lang='lat' dir='ltr'>quia</span> <span class='ocrx_word' id='word_1_294' title='bbox 991 2848 1254 2904; x_wconf 90' lang='lat' dir='ltr'>Salvator</span> <span class='ocrx_word' id='word_1_295' title='bbox 1282 2850 1354 2903; x_wconf 90' lang='lat' dir='ltr'>de</span> <span class='ocrx_word' id='word_1_296' title='bbox 1405 2848 1644 2920; x_wconf 87' lang='lat' dir='ltr'>perﬁdis</span> <span class='ocrx_word' id='word_1_297' title='bbox 1702 2848 1850 2903; x_wconf 85' lang='lat' dir='ltr'>dixit</span> 
     </span>
    </p>
   </div>
   <div class='ocr_carea' id='block_1_32' title="bbox 211 2935 1860 3009">
    <p class='ocr_par' dir='ltr' id='par_1_32' title="bbox 211 2935 1860 3009">
     <span class='ocr_line' id='line_1_32' title="bbox 211 2935 1860 3009; baseline 0.001 -19"><span class='ocrx_word' id='word_1_298' title='bbox 211 2940 372 3008; x_wconf 90' lang='lat' dir='ltr'>atque</span> <span class='ocrx_word' id='word_1_299' title='bbox 399 2935 622 3009; x_wconf 88' lang='lat' dir='ltr'>impiis,</span> <span class='ocrx_word' id='word_1_300' title='bbox 656 2936 755 3007; x_wconf 90' lang='lat' dir='ltr'>qui</span> <span class='ocrx_word' id='word_1_301' title='bbox 789 2953 901 2991; x_wconf 90' lang='lat' dir='ltr'>non</span> <span class='ocrx_word' id='word_1_302' title='bbox 935 2937 1306 2991; x_wconf 86' lang='lat' dir='ltr'>crediderunt</span> <span class='ocrx_word' id='word_1_303' title='bbox 1335 2936 1394 2990; x_wconf 89' lang='lat' dir='ltr'>in</span> <span class='ocrx_word' id='word_1_304' title='bbox 1413 2937 1729 2992; x_wconf 92' lang='lat' dir='ltr'>Dominum</span> <span class='ocrx_word' id='word_1_305' title='bbox 1762 2937 1860 2992; x_wconf 88' lang='lat' dir='ltr'>Je-</span> 
     </span>
    </p>
   </div>
   <div class='ocr_carea' id='block_1_33' title="bbox 214 3025 1854 3096">
    <p class='ocr_par' dir='ltr' id='par_1_33' title="bbox 214 3025 1854 3096">
     <span class='ocr_line' id='line_1_33' title="bbox 214 3025 1854 3096; baseline 0.001 -17"><span class='ocrx_word' id='word_1_306' title='bbox 214 3042 352 3080; x_wconf 89' lang='lat' dir='ltr'>sum.</span> <span class='ocrx_word' id='word_1_307' title='bbox 383 3025 475 3081; x_wconf 88' lang='lat' dir='ltr'>Sic</span> <span class='ocrx_word' id='word_1_308' title='bbox 505 3025 664 3081; x_wconf 90' lang='lat' dir='ltr'>enim</span> <span class='ocrx_word' id='word_1_309' title='bbox 696 3025 815 3079; x_wconf 89' lang='lat' dir='ltr'>ait:</span> <span class='ocrx_word' id='word_1_310' title='bbox 855 3046 882 3074; x_wconf 85' lang='lat'><strong>«</strong></span> <span class='ocrx_word' id='word_1_311' title='bbox 913 3025 1021 3090; x_wconf 92' lang='lat' dir='ltr'>Qui</span> <span class='ocrx_word' id='word_1_312' title='bbox 1071 3025 1255 3080; x_wconf 86' lang='lat' dir='ltr'>credit</span> <span class='ocrx_word' id='word_1_313' title='bbox 1311 3025 1370 3079; x_wconf 90' lang='lat' dir='ltr'>in</span> <span class='ocrx_word' id='word_1_314' title='bbox 1404 3041 1518 3090; x_wconf 90' lang='lat' dir='ltr'>me,</span> <span class='ocrx_word' id='word_1_315' title='bbox 1552 3042 1668 3080; x_wconf 90' lang='lat' dir='ltr'>non</span> <span class='ocrx_word' id='word_1_316' title='bbox 1692 3026 1854 3096; x_wconf 89' lang='lat' dir='ltr'>judi-</span> 
     </span>
    </p>
   </div>
   <div class='ocr_carea' id='block_1_34' title="bbox 213 3113 1851 3184">
    <p class='ocr_par' dir='ltr' id='par_1_34' title="bbox 213 3113 1851 3184">
     <span class='ocr_line' id='line_1_34' title="bbox 213 3113 1851 3184; baseline 0.001 -17"><span class='ocrx_word' id='word_1_317' title='bbox 213 3114 424 3170; x_wconf 90' lang='lat' dir='ltr'>cabitur</span> <span class='ocrx_word' id='word_1_318' title='bbox 451 3133 464 3182; x_wconf 88' lang='lat'><strong>;</strong></span> <span class='ocrx_word' id='word_1_319' title='bbox 500 3114 604 3184; x_wconf 90' lang='lat' dir='ltr'>qui</span> <span class='ocrx_word' id='word_1_320' title='bbox 625 3117 821 3169; x_wconf 90' lang='lat' dir='ltr'>autem</span> <span class='ocrx_word' id='word_1_321' title='bbox 853 3131 967 3169; x_wconf 90' lang='lat' dir='ltr'>non</span> <span class='ocrx_word' id='word_1_322' title='bbox 997 3113 1202 3178; x_wconf 88' lang='lat' dir='ltr'>credit,</span> <span class='ocrx_word' id='word_1_323' title='bbox 1226 3114 1354 3183; x_wconf 90' lang='lat' dir='ltr'>jam</span> <span class='ocrx_word' id='word_1_324' title='bbox 1381 3113 1682 3184; x_wconf 88' lang='lat' dir='ltr'>judicatus</span> <span class='ocrx_word' id='word_1_325' title='bbox 1742 3118 1851 3182; x_wconf 89' lang='lat' dir='ltr'>est,</span> 
     </span>
    </p>
   </div>
   <div class='ocr_carea' id='block_1_35' title="bbox 1945 1347 3609 1421">
    <p class='ocr_par' dir='ltr' id='par_1_35' title="bbox 1945 1347 3609 1421">
     <span class='ocr_line' id='line_1_35' title="bbox 1945 1347 3609 1421; baseline 0.006 -21"><span class='ocrx_word' id='word_1_326' title='bbox 1945 1347 2101 1417; x_wconf 92' lang='lat' dir='ltr'>quod</span> <span class='ocrx_word' id='word_1_327' title='bbox 2132 1348 2363 1402; x_wconf 92' lang='lat' dir='ltr'>occulta</span> <span class='ocrx_word' id='word_1_328' title='bbox 2395 1355 2636 1420; x_wconf 76' lang='lat' dir='ltr'>possent</span> <span class='ocrx_word' id='word_1_329' title='bbox 2665 1367 2792 1405; x_wconf 91' lang='lat' dir='ltr'>esse</span> <span class='ocrx_word' id='word_1_330' title='bbox 2821 1368 2950 1421; x_wconf 70' lang='lat' dir='ltr'>quze</span> <span class='ocrx_word' id='word_1_331' title='bbox 3009 1369 3143 1408; x_wconf 91' lang='lat' dir='ltr'>eum</span> <span class='ocrx_word' id='word_1_332' title='bbox 3198 1352 3484 1419; x_wconf 85' lang='lat' dir='ltr'>fallerent,</span> <span class='ocrx_word' id='word_1_333' title='bbox 3538 1373 3609 1409; x_wconf 88' lang='lat' dir='ltr'>ne</span> 
     </span>
    </p>
   </div>
   <div class='ocr_carea' id='block_1_36' title="bbox 1947 1432 3610 1508">
    <p class='ocr_par' dir='ltr' id='par_1_36' title="bbox 1947 1432 3610 1508">
     <span class='ocr_line' id='line_1_36' title="bbox 1947 1432 3610 1508; baseline 0.006 -21"><span class='ocrx_word' id='word_1_334' title='bbox 1947 1435 2077 1505; x_wconf 90' lang='lat' dir='ltr'>quis</span> <span class='ocrx_word' id='word_1_335' title='bbox 2107 1439 2342 1506; x_wconf 88' lang='lat' dir='ltr'>putaret</span> <span class='ocrx_word' id='word_1_336' title='bbox 2373 1438 2529 1507; x_wconf 92' lang='lat' dir='ltr'>quod</span> <span class='ocrx_word' id='word_1_337' title='bbox 2559 1432 2882 1508; x_wconf 79' lang='lat' dir='ltr'>parietibus</span> <span class='ocrx_word' id='word_1_338' title='bbox 2914 1439 3130 1495; x_wconf 87' lang='lat' dir='ltr'>clausis</span> <span class='ocrx_word' id='word_1_339' title='bbox 3161 1446 3368 1498; x_wconf 85' lang='lat' dir='ltr'>testem</span> <span class='ocrx_word' id='word_1_340' title='bbox 3400 1444 3610 1499; x_wconf 90' lang='lat' dir='ltr'>occulti</span> 
     </span>
    </p>
   </div>
   <div class='ocr_carea' id='block_1_37' title="bbox 1946 1523 3614 1600">
    <p class='ocr_par' dir='ltr' id='par_1_37' title="bbox 1946 1523 3614 1600">
     <span class='ocr_line' id='line_1_37' title="bbox 1946 1523 3614 1600; baseline 0.006 -23"><span class='ocrx_word' id='word_1_341' title='bbox 1946 1523 2162 1578; x_wconf 88' lang='lat' dir='ltr'>erroris</span> <span class='ocrx_word' id='word_1_342' title='bbox 2193 1524 2490 1596; x_wconf 73' lang='lat' dir='ltr'>effugeret.</span> <span class='ocrx_word' id='word_1_343' title='bbox 2531 1526 2778 1597; x_wconf 90' lang='lat' dir='ltr'>Ideoque</span> <span class='ocrx_word' id='word_1_344' title='bbox 2819 1532 2870 1581; x_wconf 90' lang='lat' dir='ltr'>et</span> <span class='ocrx_word' id='word_1_345' title='bbox 2933 1528 3305 1600; x_wconf 85' lang='lat' dir='ltr'>Evangelista</span> <span class='ocrx_word' id='word_1_346' title='bbox 3364 1535 3614 1587; x_wconf 88' lang='lat' dir='ltr'>testatur</span> 
     </span>
    </p>
   </div>
   <div class='ocr_carea' id='block_1_38' title="bbox 1948 1611 3609 1687">
    <p class='ocr_par' dir='ltr' id='par_1_38' title="bbox 1948 1611 3609 1687">
     <span class='ocr_line' id='line_1_38' title="bbox 1948 1611 3609 1687; baseline 0.008 -24"><span class='ocrx_word' id='word_1_347' title='bbox 1948 1611 2186 1666; x_wconf 89' lang='lat' dir='ltr'>dicens:</span> <span class='ocrx_word' id='word_1_348' title='bbox 2223 1634 2252 1661; x_wconf 94' lang='grc'>‹‹</span> <span class='ocrx_word' id='word_1_349' title='bbox 2284 1617 2460 1668; x_wconf 89' lang='lat' dir='ltr'>Jesus</span> <span class='ocrx_word' id='word_1_350' title='bbox 2483 1618 2675 1668; x_wconf 89' lang='lat' dir='ltr'>autem</span> <span class='ocrx_word' id='word_1_351' title='bbox 2710 1615 2931 1670; x_wconf 83' lang='lat' dir='ltr'>sciebat</span> <span class='ocrx_word' id='word_1_352' title='bbox 2969 1617 3350 1687; x_wconf 84' lang='lat' dir='ltr'>cogitationes</span> <span class='ocrx_word' id='word_1_353' title='bbox 3407 1636 3609 1676; x_wconf 90' lang='lat' dir='ltr'>eorum</span> 
     </span>
    </p>
   </div>
   <div class='ocr_carea' id='block_1_39' title="bbox 1945 1701 3610 1781">
    <p class='ocr_par' dir='ltr' id='par_1_39' title="bbox 1945 1701 3610 1781">
     <span class='ocr_line' id='line_1_39' title="bbox 1945 1701 3610 1781; baseline 0.007 -27"><span class='ocrx_word' id='word_1_354' title='bbox 1945 1701 2105 1768; x_wconf 85' lang='lat' dir='ltr'>(Luc.</span> <span class='ocrx_word' id='word_1_355' title='bbox 2141 1717 2218 1766; x_wconf 78' lang='lat' dir='ltr'>Vl,</span> <span class='ocrx_word' id='word_1_356' title='bbox 2250 1703 2323 1768; x_wconf 87' lang='lat'>8).</span> <span class='ocrx_word' id='word_1_357' title='bbox 2363 1723 2389 1749; x_wconf 88' lang='grc'><strong>››</strong></span> <span class='ocrx_word' id='word_1_358' title='bbox 2446 1703 2743 1767; x_wconf 89' lang='lat' dir='ltr'>Quomodo</span> <span class='ocrx_word' id='word_1_359' title='bbox 2801 1720 2936 1775; x_wconf 81' lang='lat' dir='ltr'>ergo</span> <span class='ocrx_word' id='word_1_360' title='bbox 2968 1708 3084 1760; x_wconf 82' lang='lat' dir='ltr'>ait:</span> <span class='ocrx_word' id='word_1_361' title='bbox 3119 1728 3146 1755; x_wconf 87' lang='grc'>‹‹</span> <span class='ocrx_word' id='word_1_362' title='bbox 3211 1708 3366 1762; x_wconf 90' lang='lat' dir='ltr'>Libri</span> <span class='ocrx_word' id='word_1_363' title='bbox 3426 1709 3610 1781; x_wconf 88' lang='lat' dir='ltr'>aperti</span> 
     </span>
    </p>
   </div>
   <div class='ocr_carea' id='block_1_40' title="bbox 1951 1788 3609 1869">
    <p class='ocr_par' dir='ltr' id='par_1_40' title="bbox 1951 1788 3609 1869">
     <span class='ocr_line' id='line_1_40' title="bbox 1951 1788 3609 1869; baseline 0.007 -27"><span class='ocrx_word' id='word_1_364' title='bbox 1951 1788 2143 1843; x_wconf 85' lang='lat' dir='ltr'>sunt?</span> <span class='ocrx_word' id='word_1_365' title='bbox 2176 1807 2286 1844; x_wconf 90' lang='lat' dir='ltr'>non</span> <span class='ocrx_word' id='word_1_366' title='bbox 2323 1790 2529 1861; x_wconf 88' lang='lat' dir='ltr'>utique</span> <span class='ocrx_word' id='word_1_367' title='bbox 2561 1795 2884 1847; x_wconf 89' lang='lat' dir='ltr'>atramento</span> <span class='ocrx_word' id='word_1_368' title='bbox 2917 1793 3142 1866; x_wconf 89' lang='lat' dir='ltr'>scripti,</span> <span class='ocrx_word' id='word_1_369' title='bbox 3191 1796 3292 1850; x_wconf 91' lang='lat' dir='ltr'>sed</span> <span class='ocrx_word' id='word_1_370' title='bbox 3349 1797 3609 1869; x_wconf 75' lang='lat' dir='ltr'>vestigiis</span> 
     </span>
    </p>
   </div>
   <div class='ocr_carea' id='block_1_41' title="bbox 1954 1875 3614 1959">
    <p class='ocr_par' dir='ltr' id='par_1_41' title="bbox 1954 1875 3614 1959">
     <span class='ocr_line' id='line_1_41' title="bbox 1954 1875 3614 1959; baseline 0.006 -29"><span class='ocrx_word' id='word_1_371' title='bbox 1954 1875 2326 1959; x_wconf 62' lang='lat' dir='ltr'>delictorum,</span> <span class='ocrx_word' id='word_1_372' title='bbox 2361 1883 2417 1933; x_wconf 90' lang='lat' dir='ltr'>et</span> <span class='ocrx_word' id='word_1_373' title='bbox 2447 1877 2801 1951; x_wconf 84' lang='lat' dir='ltr'>ﬂagitiorum</span> <span class='ocrx_word' id='word_1_374' title='bbox 2836 1882 3614 1957; x_wconf 86' lang='lat' dir='ltr'>inquiuamento.Aperietur</span> 
     </span>
    </p>
   </div>
   <div class='ocr_carea' id='block_1_42' title="bbox 1950 1953 3611 2054">
    <p class='ocr_par' dir='ltr' id='par_1_42' title="bbox 1950 1953 3611 2054">
     <span class='ocr_line' id='line_1_42' title="bbox 1950 1953 3611 2054; baseline 0.006 -36"><span class='ocrx_word' id='word_1_375' title='bbox 1950 1964 2098 2020; x_wconf 91' lang='lat' dir='ltr'>liber</span> <span class='ocrx_word' id='word_1_376' title='bbox 2125 1953 2494 2022; x_wconf 65' lang='lat' dir='ltr'>conscientiae</span> <span class='ocrx_word' id='word_1_377' title='bbox 2551 1971 2686 2034; x_wconf 70' lang='lat' dir='ltr'>tuaz,</span> <span class='ocrx_word' id='word_1_378' title='bbox 2747 1970 3037 2040; x_wconf 85' lang='lat' dir='ltr'>aperietur</span> <span class='ocrx_word' id='word_1_379' title='bbox 3083 1971 3230 2027; x_wconf 90' lang='lat' dir='ltr'>liber</span> <span class='ocrx_word' id='word_1_380' title='bbox 3282 1953 3472 2029; x_wconf 69' lang='lat' dir='ltr'>cordis</span> <span class='ocrx_word' id='word_1_381' title='bbox 3503 1975 3611 2054; x_wconf 64' lang='lat' dir='ltr'>tui,</span> 
     </span>
    </p>
   </div>
   <div class='ocr_carea' id='block_1_43' title="bbox 1953 2051 3616 2127">
    <p class='ocr_par' dir='ltr' id='par_1_43' title="bbox 1953 2051 3616 2127">
     <span class='ocr_line' id='line_1_43' title="bbox 1953 2051 3616 2127; baseline 0.007 -21"><span class='ocrx_word' id='word_1_382' title='bbox 1953 2051 2125 2124; x_wconf 90' lang='lat' dir='ltr'>culpa</span> <span class='ocrx_word' id='word_1_383' title='bbox 2167 2058 2366 2109; x_wconf 88' lang='lat' dir='ltr'>nostra</span> <span class='ocrx_word' id='word_1_384' title='bbox 2434 2055 2792 2111; x_wconf 88' lang='lat' dir='ltr'>recitabitur.</span> <span class='ocrx_word' id='word_1_385' title='bbox 2854 2059 2954 2112; x_wconf 89' lang='lat' dir='ltr'>Est</span> <span class='ocrx_word' id='word_1_386' title='bbox 3011 2058 3091 2113; x_wconf 90' lang='lat' dir='ltr'>ibi</span> <span class='ocrx_word' id='word_1_387' title='bbox 3145 2058 3311 2127; x_wconf 89' lang='lat' dir='ltr'>liber,</span> <span class='ocrx_word' id='word_1_388' title='bbox 3369 2063 3468 2116; x_wconf 89' lang='lat' dir='ltr'>ubi</span> <span class='ocrx_word' id='word_1_389' title='bbox 3525 2051 3616 2118; x_wconf 83' lang='lat' dir='ltr'>est</span> 
     </span>
    </p>
   </div>
   <div class='ocr_carea' id='block_1_44' title="bbox 1953 2141 3612 2222">
    <p class='ocr_par' dir='ltr' id='par_1_44' title="bbox 1953 2141 3612 2222">
     <span class='ocr_line' id='line_1_44' title="bbox 1953 2141 3612 2222; baseline 0.006 -27"><span class='ocrx_word' id='word_1_390' title='bbox 1953 2141 2156 2196; x_wconf 89' lang='lat' dir='ltr'>tabula</span> <span class='ocrx_word' id='word_1_391' title='bbox 2184 2160 2196 2209; x_wconf 94' lang='lat'>;</span> <span class='ocrx_word' id='word_1_392' title='bbox 2230 2143 2347 2198; x_wconf 89' lang='lat' dir='ltr'>imo</span> <span class='ocrx_word' id='word_1_393' title='bbox 2380 2148 2517 2198; x_wconf 89' lang='lat' dir='ltr'>sunt</span> <span class='ocrx_word' id='word_1_394' title='bbox 2545 2143 2679 2198; x_wconf 90' lang='lat' dir='ltr'>libri</span> <span class='ocrx_word' id='word_1_395' title='bbox 2706 2146 2993 2217; x_wconf 89' lang='lat' dir='ltr'>inscripti,</span> <span class='ocrx_word' id='word_1_396' title='bbox 3031 2147 3128 2202; x_wconf 90' lang='lat' dir='ltr'>ubi</span> <span class='ocrx_word' id='word_1_397' title='bbox 3178 2155 3316 2204; x_wconf 89' lang='lat' dir='ltr'>sunt</span> <span class='ocrx_word' id='word_1_398' title='bbox 3365 2150 3612 2222; x_wconf 88' lang='lat' dir='ltr'>inscrip-</span> 
     </span>
    </p>
   </div>
   <div class='ocr_carea' id='block_1_45' title="bbox 1954 2229 3614 2312">
    <p class='ocr_par' dir='ltr' id='par_1_45' title="bbox 1954 2229 3614 2312">
     <span class='ocr_line' id='line_1_45' title="bbox 1954 2229 3614 2312; baseline 0.008 -29"><span class='ocrx_word' id='word_1_399' title='bbox 1954 2234 2025 2284; x_wconf 65' lang='lat' dir='ltr'>ta:</span> <span class='ocrx_word' id='word_1_400' title='bbox 2057 2229 2292 2296; x_wconf 77' lang='lat' dir='ltr'>tabulae,</span> <span class='ocrx_word' id='word_1_401' title='bbox 2324 2247 2474 2301; x_wconf 90' lang='lat' dir='ltr'>quas</span> <span class='ocrx_word' id='word_1_402' title='bbox 2516 2232 2788 2288; x_wconf 87' lang='lat' dir='ltr'>inscribit</span> <span class='ocrx_word' id='word_1_403' title='bbox 2845 2235 3062 2306; x_wconf 86' lang='lat' dir='ltr'>Spiritu</span> <span class='ocrx_word' id='word_1_404' title='bbox 3123 2243 3323 2293; x_wconf 90' lang='lat' dir='ltr'>sancto</span> <span class='ocrx_word' id='word_1_405' title='bbox 3382 2243 3614 2312; x_wconf 90' lang='lat' dir='ltr'>aposto-</span> 
     </span>
    </p>
   </div>
   <div class='ocr_carea' id='block_1_46' title="bbox 1956 2317 3615 2400">
    <p class='ocr_par' dir='ltr' id='par_1_46' title="bbox 1956 2317 3615 2400">
     <span class='ocr_line' id='line_1_46' title="bbox 1956 2317 3615 2400; baseline 0.007 -28"><span class='ocrx_word' id='word_1_406' title='bbox 1956 2317 2070 2373; x_wconf 91' lang='lat' dir='ltr'>lica</span> <span class='ocrx_word' id='word_1_407' title='bbox 2102 2319 2389 2386; x_wconf 89' lang='lat' dir='ltr'>doctrina,</span> <span class='ocrx_word' id='word_1_408' title='bbox 2422 2321 2575 2375; x_wconf 89' lang='lat' dir='ltr'>sicut</span> <span class='ocrx_word' id='word_1_409' title='bbox 2604 2320 2876 2394; x_wconf 88' lang='lat' dir='ltr'>legimus,</span> <span class='ocrx_word' id='word_1_410' title='bbox 2911 2323 3142 2380; x_wconf 90' lang='lat' dir='ltr'>dicente</span> <span class='ocrx_word' id='word_1_411' title='bbox 3173 2326 3390 2383; x_wconf 88' lang='lat' dir='ltr'>Paulo:</span> <span class='ocrx_word' id='word_1_412' title='bbox 3425 2350 3452 2377; x_wconf 88' lang='lat'>»</span> <span class='ocrx_word' id='word_1_413' title='bbox 3481 2328 3615 2400; x_wconf 82' lang='lat' dir='ltr'>Epi-</span> 
     </span>
    </p>
   </div>
   <div class='ocr_carea' id='block_1_47' title="bbox 1957 2406 3614 2484">
    <p class='ocr_par' dir='ltr' id='par_1_47' title="bbox 1957 2406 3614 2484">
     <span class='ocr_line' id='line_1_47' title="bbox 1957 2406 3614 2484; baseline 0.005 -22"><span class='ocrx_word' id='word_1_414' title='bbox 1957 2406 2106 2462; x_wconf 89' lang='lat' dir='ltr'>stola</span> <span class='ocrx_word' id='word_1_415' title='bbox 2140 2411 2340 2462; x_wconf 90' lang='lat' dir='ltr'>nostra</span> <span class='ocrx_word' id='word_1_416' title='bbox 2367 2425 2468 2463; x_wconf 91' lang='lat' dir='ltr'>vos</span> <span class='ocrx_word' id='word_1_417' title='bbox 2496 2409 2705 2464; x_wconf 88' lang='lat' dir='ltr'>estis...</span> <span class='ocrx_word' id='word_1_418' title='bbox 2760 2411 3041 2483; x_wconf 90' lang='lat' dir='ltr'>inscripta</span> <span class='ocrx_word' id='word_1_419' title='bbox 3086 2430 3202 2468; x_wconf 93' lang='lat' dir='ltr'>non</span> <span class='ocrx_word' id='word_1_420' title='bbox 3263 2419 3614 2484; x_wconf 87' lang='lat' dir='ltr'>atramento,</span> 
     </span>
    </p>
   </div>
   <div class='ocr_carea' id='block_1_48' title="bbox 1958 2493 3615 2575">
    <p class='ocr_par' dir='ltr' id='par_1_48' title="bbox 1958 2493 3615 2575">
     <span class='ocr_line' id='line_1_48' title="bbox 1958 2493 3615 2575; baseline 0.006 -25"><span class='ocrx_word' id='word_1_421' title='bbox 1958 2495 2058 2550; x_wconf 91' lang='lat' dir='ltr'>sed</span> <span class='ocrx_word' id='word_1_422' title='bbox 2093 2493 2312 2564; x_wconf 88' lang='lat' dir='ltr'>Spiritu</span> <span class='ocrx_word' id='word_1_423' title='bbox 2350 2496 2444 2550; x_wconf 90' lang='lat' dir='ltr'>Dei</span> <span class='ocrx_word' id='word_1_424' title='bbox 2477 2496 2625 2552; x_wconf 88' lang='lat' dir='ltr'>vivi:</span> <span class='ocrx_word' id='word_1_425' title='bbox 2660 2515 2775 2554; x_wconf 90' lang='lat' dir='ltr'>non</span> <span class='ocrx_word' id='word_1_426' title='bbox 2807 2499 2866 2554; x_wconf 85' lang='lat' dir='ltr'>in</span> <span class='ocrx_word' id='word_1_427' title='bbox 2913 2500 3132 2557; x_wconf 90' lang='lat' dir='ltr'>tabulis</span> <span class='ocrx_word' id='word_1_428' title='bbox 3189 2502 3456 2575; x_wconf 89' lang='lat' dir='ltr'>lapideis,</span> <span class='ocrx_word' id='word_1_429' title='bbox 3516 2505 3615 2560; x_wconf 88' lang='lat' dir='ltr'>sed</span> 
     </span>
    </p>
   </div>
   <div class='ocr_carea' id='block_1_49' title="bbox 1960 2583 3612 2664">
    <p class='ocr_par' dir='ltr' id='par_1_49' title="bbox 1960 2583 3612 2664">
     <span class='ocr_line' id='line_1_49' title="bbox 1960 2583 3612 2664; baseline 0.008 -28"><span class='ocrx_word' id='word_1_430' title='bbox 1960 2583 2018 2636; x_wconf 91' lang='lat' dir='ltr'>in</span> <span class='ocrx_word' id='word_1_431' title='bbox 2075 2583 2298 2638; x_wconf 90' lang='lat' dir='ltr'>tabulis</span> <span class='ocrx_word' id='word_1_432' title='bbox 2357 2585 2548 2640; x_wconf 91' lang='lat' dir='ltr'>cordis</span> <span class='ocrx_word' id='word_1_433' title='bbox 2607 2586 2942 2642; x_wconf 86' lang='lat' dir='ltr'>carnalibus</span> <span class='ocrx_word' id='word_1_434' title='bbox 2999 2589 3067 2659; x_wconf 91' lang='lat' dir='ltr'>(II</span> <span class='ocrx_word' id='word_1_435' title='bbox 3122 2589 3241 2645; x_wconf 83' lang='lat' dir='ltr'>Cor.</span> <span class='ocrx_word' id='word_1_436' title='bbox 3302 2610 3386 2657; x_wconf 90' lang='lat'>111,</span> <span class='ocrx_word' id='word_1_437' title='bbox 3427 2597 3479 2660; x_wconf 87' lang='lat'>2,</span> <span class='ocrx_word' id='word_1_438' title='bbox 3539 2593 3612 2664; x_wconf 85' lang='lat'>3).</span> 
     </span>
    </p>
   </div>
   <div class='ocr_carea' id='block_1_50' title="bbox 1958 2671 3617 2751">
    <p class='ocr_par' dir='ltr' id='par_1_50' title="bbox 1958 2671 3617 2751">
     <span class='ocr_line' id='line_1_50' title="bbox 1958 2671 3617 2751; baseline 0.008 -27"><span class='ocrx_word' id='word_1_439' title='bbox 1958 2675 2105 2725; x_wconf 88' lang='lat' dir='ltr'>Sunt</span> <span class='ocrx_word' id='word_1_440' title='bbox 2134 2687 2270 2742; x_wconf 89' lang='lat' dir='ltr'>ergo</span> <span class='ocrx_word' id='word_1_441' title='bbox 2321 2671 2535 2727; x_wconf 82' lang='lat' dir='ltr'>tabulae</span> <span class='ocrx_word' id='word_1_442' title='bbox 2593 2674 2784 2729; x_wconf 90' lang='lat' dir='ltr'>cordis</span> <span class='ocrx_word' id='word_1_443' title='bbox 2844 2675 3138 2749; x_wconf 70' lang='lat' dir='ltr'>inscriptae</span> <span class='ocrx_word' id='word_1_444' title='bbox 3193 2681 3341 2734; x_wconf 76' lang='lat'>103</span> <span class='ocrx_word' id='word_1_445' title='bbox 3397 2681 3617 2751; x_wconf 86' lang='lat' dir='ltr'>Spiritu</span> 
     </span>
    </p>
   </div>
   <div class='ocr_carea' id='block_1_51' title="bbox 1963 2759 3620 2838">
    <p class='ocr_par' dir='ltr' id='par_1_51' title="bbox 1963 2759 3620 2838">
     <span class='ocr_line' id='line_1_51' title="bbox 1963 2759 3620 2838; baseline 0.005 -24"><span class='ocrx_word' id='word_1_446' title='bbox 1963 2764 2188 2825; x_wconf 89' lang='lat' dir='ltr'>sancto,</span> <span class='ocrx_word' id='word_1_447' title='bbox 2216 2759 2340 2814; x_wconf 82' lang='lat' dir='ltr'>istae</span> <span class='ocrx_word' id='word_1_448' title='bbox 2374 2761 2789 2817; x_wconf 86' lang='lat' dir='ltr'>recitabantur.</span> <span class='ocrx_word' id='word_1_449' title='bbox 2825 2763 2885 2819; x_wconf 93' lang='lat' dir='ltr'>Si</span> <span class='ocrx_word' id='word_1_450' title='bbox 2915 2765 3062 2821; x_wconf 89' lang='lat' dir='ltr'>bene</span> <span class='ocrx_word' id='word_1_451' title='bbox 3095 2766 3306 2838; x_wconf 84' lang='lat' dir='ltr'>egeris,</span> <span class='ocrx_word' id='word_1_452' title='bbox 3332 2763 3620 2825; x_wconf 75' lang='lat' dir='ltr'>&#39;manebit</span> 
     </span>
    </p>
   </div>
   <div class='ocr_carea' id='block_1_52' title="bbox 1963 2848 3614 2929">
    <p class='ocr_par' dir='ltr' id='par_1_52' title="bbox 1963 2848 3614 2929">
     <span class='ocr_line' id='line_1_52' title="bbox 1963 2848 3614 2929; baseline 0.007 -26"><span class='ocrx_word' id='word_1_453' title='bbox 1963 2848 2281 2919; x_wconf 88' lang='lat' dir='ltr'>Scriptura.</span> <span class='ocrx_word' id='word_1_454' title='bbox 2312 2848 2457 2904; x_wconf 89' lang='lat' dir='ltr'>Vide</span> <span class='ocrx_word' id='word_1_455' title='bbox 2486 2866 2558 2906; x_wconf 90' lang='lat' dir='ltr'>ne</span> <span class='ocrx_word' id='word_1_456' title='bbox 2587 2850 2760 2906; x_wconf 91' lang='lat' dir='ltr'>tollas</span> <span class='ocrx_word' id='word_1_457' title='bbox 2793 2852 3045 2924; x_wconf 89' lang='lat' dir='ltr'>Spiritus</span> <span class='ocrx_word' id='word_1_458' title='bbox 3077 2857 3264 2910; x_wconf 88' lang='lat' dir='ltr'>sancti</span> <span class='ocrx_word' id='word_1_459' title='bbox 3324 2857 3574 2929; x_wconf 76' lang='lat' dir='ltr'>gratiam</span> <span class='ocrx_word' id='word_1_460' title='bbox 3602 2877 3614 2926; x_wconf 92' lang='lat'><strong>;</strong></span> 
     </span>
    </p>
   </div>
   <div class='ocr_carea' id='block_1_53' title="bbox 1961 2936 3617 3018">
    <p class='ocr_par' dir='ltr' id='par_1_53' title="bbox 1961 2936 3617 3018">
     <span class='ocr_line' id='line_1_53' title="bbox 1961 2936 3617 3018; baseline 0.008 -28"><span class='ocrx_word' id='word_1_461' title='bbox 1961 2936 2091 2991; x_wconf 88' lang='lat' dir='ltr'>vide</span> <span class='ocrx_word' id='word_1_462' title='bbox 2118 2953 2190 2992; x_wconf 91' lang='lat' dir='ltr'>ne</span> <span class='ocrx_word' id='word_1_463' title='bbox 2220 2936 2436 3005; x_wconf 91' lang='lat' dir='ltr'>deleas,</span> <span class='ocrx_word' id='word_1_464' title='bbox 2460 2941 2516 2993; x_wconf 89' lang='lat' dir='ltr'>et</span> <span class='ocrx_word' id='word_1_465' title='bbox 2563 2940 2786 2996; x_wconf 88' lang='lat' dir='ltr'>scribas</span> <span class='ocrx_word' id='word_1_466' title='bbox 2845 2945 3168 2999; x_wconf 87' lang='lat' dir='ltr'>atramento</span> <span class='ocrx_word' id='word_1_467' title='bbox 3219 2945 3441 3018; x_wconf 85' lang='lat' dir='ltr'>flagitia</span> <span class='ocrx_word' id='word_1_468' title='bbox 3493 2950 3617 3015; x_wconf 87' lang='lat' dir='ltr'>tua,</span> 
     </span>
    </p>
   </div>
   <div class='ocr_carea' id='block_1_54' title="bbox 1964 3025 3622 3097">
    <p class='ocr_par' dir='ltr' id='par_1_54' title="bbox 1964 3025 3622 3097">
     <span class='ocr_line' id='line_1_54' title="bbox 1964 3025 3622 3097; baseline 0.008 -19"><span class='ocrx_word' id='word_1_469' title='bbox 1964 3041 2034 3079; x_wconf 91' lang='lat' dir='ltr'>ne</span> <span class='ocrx_word' id='word_1_470' title='bbox 2065 3025 2259 3080; x_wconf 86' lang='lat' dir='ltr'>veniat</span> <span class='ocrx_word' id='word_1_471' title='bbox 2284 3026 2408 3082; x_wconf 91' lang='lat' dir='ltr'>dies</span> <span class='ocrx_word' id='word_1_472' title='bbox 2429 3027 2660 3097; x_wconf 90' lang='lat' dir='ltr'>judicii,</span> <span class='ocrx_word' id='word_1_473' title='bbox 2693 3034 2750 3083; x_wconf 91' lang='lat' dir='ltr'>et</span> <span class='ocrx_word' id='word_1_474' title='bbox 2778 3029 2933 3084; x_wconf 92' lang='lat' dir='ltr'>dicat</span> <span class='ocrx_word' id='word_1_475' title='bbox 2961 3031 3150 3086; x_wconf 85' lang='lat' dir='ltr'>Judex</span> <span class='ocrx_word' id='word_1_476' title='bbox 3175 3050 3186 3088; x_wconf 93' lang='lat'>:</span> <span class='ocrx_word' id='word_1_477' title='bbox 3220 3055 3248 3082; x_wconf 85' lang='lat'>»</span> <span class='ocrx_word' id='word_1_478' title='bbox 3285 3034 3622 3091; x_wconf 77' lang='lat' dir='ltr'>Recitentur</span> 
     </span>
    </p>
   </div>
   <div class='ocr_carea' id='block_1_55' title="bbox 1965 3113 3621 3188">
    <p class='ocr_par' dir='ltr' id='par_1_55' title="bbox 1965 3113 3621 3188">
     <span class='ocr_line' id='line_1_55' title="bbox 1965 3113 3621 3188; baseline 0.007 -21"><span class='ocrx_word' id='word_1_479' title='bbox 1965 3113 2119 3181; x_wconf 91' lang='lat' dir='ltr'>libri,</span> <span class='ocrx_word' id='word_1_480' title='bbox 2155 3114 2473 3169; x_wconf 88' lang='lat' dir='ltr'>recitentur</span> <span class='ocrx_word' id='word_1_481' title='bbox 2503 3115 2712 3170; x_wconf 64' lang='lat' dir='ltr'>tabulae</span> <span class='ocrx_word' id='word_1_482' title='bbox 2743 3122 3042 3188; x_wconf 82' lang='lat' dir='ltr'>gestorum</span> <span class='ocrx_word' id='word_1_483' title='bbox 3076 3122 3237 3188; x_wconf 84' lang='lat' dir='ltr'>ejus;</span> <span class='ocrx_word' id='word_1_484' title='bbox 3273 3127 3329 3177; x_wconf 92' lang='lat' dir='ltr'>et</span> <span class='ocrx_word' id='word_1_485' title='bbox 3371 3124 3525 3178; x_wconf 88' lang='lat' dir='ltr'>dicat</span> <span class='ocrx_word' id='word_1_486' title='bbox 3552 3125 3621 3178; x_wconf 89' lang='lat' dir='ltr'>ti-</span> 
     </span>
    </p>
   </div>
   <div class='ocr_carea' id='block_1_56' title="bbox 211 3189 3622 3280">
    <p class='ocr_par' dir='ltr' id='par_1_56' title="bbox 211 3189 3622 3280">
     <span class='ocr_line' id='line_1_56' title="bbox 211 3189 3622 3280; baseline 0.004 -25"><span class='ocrx_word' id='word_1_487' title='bbox 211 3203 338 3272; x_wconf 90' lang='lat' dir='ltr'>quia</span> <span class='ocrx_word' id='word_1_488' title='bbox 364 3220 476 3258; x_wconf 90' lang='lat' dir='ltr'>non</span> <span class='ocrx_word' id='word_1_489' title='bbox 510 3200 696 3258; x_wconf 86' lang='lat' dir='ltr'>credit</span> <span class='ocrx_word' id='word_1_490' title='bbox 727 3203 785 3257; x_wconf 91' lang='lat' dir='ltr'>in</span> <span class='ocrx_word' id='word_1_491' title='bbox 817 3202 1053 3257; x_wconf 89' lang='lat' dir='ltr'>nomine</span> <span class='ocrx_word' id='word_1_492' title='bbox 1087 3201 1368 3274; x_wconf 90' lang='lat' dir='ltr'>unigeniti</span> <span class='ocrx_word' id='word_1_493' title='bbox 1401 3201 1530 3257; x_wconf 91' lang='lat' dir='ltr'>Filii</span> <span class='ocrx_word' id='word_1_494' title='bbox 1561 3202 1683 3257; x_wconf 90' lang='lat' dir='ltr'>Dei.</span> <span class='ocrx_word' id='word_1_495' title='bbox 1734 3203 1852 3259; x_wconf 92' lang='lat' dir='ltr'>Hoc</span> <span class='ocrx_word' id='word_1_496' title='bbox 1883 3189 1924 3255; x_wconf 69' lang='grc' dir='ltr'>Ο</span> <span class='ocrx_word' id='word_1_497' title='bbox 1963 3201 2020 3256; x_wconf 90' lang='lat' dir='ltr'>bi</span> <span class='ocrx_word' id='word_1_498' title='bbox 2044 3220 2054 3256; x_wconf 96' lang='lat'>:</span> <span class='ocrx_word' id='word_1_499' title='bbox 2077 3203 2194 3274; x_wconf 88' lang='lat' dir='ltr'>Ego</span> <span class='ocrx_word' id='word_1_500' title='bbox 2214 3202 2422 3274; x_wconf 89' lang='lat' dir='ltr'>scripsi</span> <span class='ocrx_word' id='word_1_501' title='bbox 2447 3203 2678 3259; x_wconf 88' lang='lat' dir='ltr'>tabulas</span> <span class='ocrx_word' id='word_1_502' title='bbox 2693 3207 3176 3272; x_wconf 89' lang='lat' dir='ltr'>tuas,curdelesti</span> <span class='ocrx_word' id='word_1_503' title='bbox 3198 3211 3391 3280; x_wconf 89' lang='lat' dir='ltr'>apices</span> <span class='ocrx_word' id='word_1_504' title='bbox 3413 3228 3573 3266; x_wconf 87' lang='lat' dir='ltr'>meos</span> <span class='ocrx_word' id='word_1_505' title='bbox 3593 3211 3622 3266; x_wconf 80' lang='lat'><strong>?</strong></span> 
     </span>
    </p>
   </div>
   <div class='ocr_carea' id='block_1_57' title="bbox 211 3290 1857 3363">
    <p class='ocr_par' dir='ltr' id='par_1_57' title="bbox 211 3290 1857 3363">
     <span class='ocr_line' id='line_1_57' title="bbox 211 3290 1857 3363; baseline 0 -17"><span class='ocrx_word' id='word_1_506' title='bbox 211 3295 392 3347; x_wconf 88' lang='lat' dir='ltr'>autem</span> <span class='ocrx_word' id='word_1_507' title='bbox 421 3299 477 3347; x_wconf 89' lang='lat' dir='ltr'>et</span> <span class='ocrx_word' id='word_1_508' title='bbox 498 3291 817 3362; x_wconf 88' lang='lat' dir='ltr'>judicium,</span> <span class='ocrx_word' id='word_1_509' title='bbox 851 3291 991 3363; x_wconf 89' lang='lat' dir='ltr'>quia</span> <span class='ocrx_word' id='word_1_510' title='bbox 1016 3290 1174 3346; x_wconf 89' lang='lat' dir='ltr'>venit</span> <span class='ocrx_word' id='word_1_511' title='bbox 1204 3290 1303 3346; x_wconf 89' lang='lat' dir='ltr'>lux</span> <span class='ocrx_word' id='word_1_512' title='bbox 1360 3291 1418 3345; x_wconf 91' lang='lat' dir='ltr'>in</span> <span class='ocrx_word' id='word_1_513' title='bbox 1467 3291 1624 3346; x_wconf 90' lang='lat' dir='ltr'>hunc</span> <span class='ocrx_word' id='word_1_514' title='bbox 1684 3309 1857 3347; x_wconf 91' lang='lat' dir='ltr'>mun-</span> 
     </span>
    </p>
   </div>
   <div class='ocr_carea' id='block_1_58' title="bbox 212 3379 1860 3453">
    <p class='ocr_par' dir='ltr' id='par_1_58' title="bbox 212 3379 1860 3453">
     <span class='ocr_line' id='line_1_58' title="bbox 212 3379 1860 3453; baseline 0.001 -19"><span class='ocrx_word' id='word_1_515' title='bbox 212 3380 362 3446; x_wconf 90' lang='lat' dir='ltr'>dum,</span> <span class='ocrx_word' id='word_1_516' title='bbox 397 3385 450 3436; x_wconf 91' lang='lat' dir='ltr'>et</span> <span class='ocrx_word' id='word_1_517' title='bbox 479 3380 811 3436; x_wconf 80' lang='lat' dir='ltr'>dilexerunt</span> <span class='ocrx_word' id='word_1_518' title='bbox 841 3380 1029 3453; x_wconf 88' lang='lat' dir='ltr'>magis</span> <span class='ocrx_word' id='word_1_519' title='bbox 1062 3379 1331 3435; x_wconf 88' lang='lat' dir='ltr'>homines</span> <span class='ocrx_word' id='word_1_520' title='bbox 1361 3379 1636 3435; x_wconf 88' lang='lat' dir='ltr'>tenebras</span> <span class='ocrx_word' id='word_1_521' title='bbox 1679 3397 1860 3452; x_wconf 87' lang='lat' dir='ltr'>quam</span> 
     </span>
    </p>
   </div>
   <div class='ocr_carea' id='block_1_59' title="bbox 211 3467 1858 3540">
    <p class='ocr_par' dir='ltr' id='par_1_59' title="bbox 211 3467 1858 3540">
     <span class='ocr_line' id='line_1_59' title="bbox 211 3467 1858 3540; baseline 0.002 -20"><span class='ocrx_word' id='word_1_522' title='bbox 211 3467 386 3525; x_wconf 90' lang='lat' dir='ltr'>lucem</span> <span class='ocrx_word' id='word_1_523' title='bbox 416 3487 428 3535; x_wconf 84' lang='lat'><strong>;</strong></span> <span class='ocrx_word' id='word_1_524' title='bbox 448 3471 618 3524; x_wconf 88' lang='lat' dir='ltr'>erant</span> <span class='ocrx_word' id='word_1_525' title='bbox 633 3468 790 3522; x_wconf 90' lang='lat' dir='ltr'>enim</span> <span class='ocrx_word' id='word_1_526' title='bbox 813 3467 967 3524; x_wconf 89' lang='lat' dir='ltr'>mala</span> <span class='ocrx_word' id='word_1_527' title='bbox 988 3469 1249 3540; x_wconf 89' lang='lat' dir='ltr'>ipsorum</span> <span class='ocrx_word' id='word_1_528' title='bbox 1273 3484 1447 3540; x_wconf 87' lang='lat' dir='ltr'>opera</span> <span class='ocrx_word' id='word_1_529' title='bbox 1465 3469 1644 3540; x_wconf 84' lang='lat' dir='ltr'>(Joan.</span> <span class='ocrx_word' id='word_1_530' title='bbox 1665 3486 1752 3534; x_wconf 84' lang='lat'>111,</span> <span class='ocrx_word' id='word_1_531' title='bbox 1769 3469 1858 3538; x_wconf 69' lang='lat'>48,</span> 
     </span>
    </p>
   </div>
   <div class='ocr_carea' id='block_1_60' title="bbox 213 3551 1862 3630">
    <p class='ocr_par' dir='ltr' id='par_1_60' title="bbox 213 3551 1862 3630">
     <span class='ocr_line' id='line_1_60' title="bbox 213 3551 1862 3630; baseline 0.002 -20"><span class='ocrx_word' id='word_1_532' title='bbox 213 3559 351 3628; x_wconf 74' lang='lat'>19).»</span> <span class='ocrx_word' id='word_1_533' title='bbox 380 3559 587 3630; x_wconf 89' lang='lat' dir='ltr'>Liquet</span> <span class='ocrx_word' id='word_1_534' title='bbox 620 3556 798 3629; x_wconf 90' lang='lat' dir='ltr'>igitur</span> <span class='ocrx_word' id='word_1_535' title='bbox 826 3558 897 3612; x_wconf 93' lang='lat' dir='ltr'>de</span> <span class='ocrx_word' id='word_1_536' title='bbox 927 3557 1141 3629; x_wconf 92' lang='lat' dir='ltr'>quibus</span> <span class='ocrx_word' id='word_1_537' title='bbox 1170 3557 1392 3613; x_wconf 90' lang='lat' dir='ltr'>dictum</span> <span class='ocrx_word' id='word_1_538' title='bbox 1425 3557 1638 3624; x_wconf 90' lang='lat' dir='ltr'>sit,hoc</span> <span class='ocrx_word' id='word_1_539' title='bbox 1658 3551 1766 3624; x_wconf 82' lang='lat' dir='ltr'>est,</span> <span class='ocrx_word' id='word_1_540' title='bbox 1792 3559 1862 3614; x_wconf 91' lang='lat' dir='ltr'>de</span> 
     </span>
    </p>
   </div>
   <div class='ocr_carea' id='block_1_61' title="bbox 216 3644 1862 3720">
    <p class='ocr_par' dir='ltr' id='par_1_61' title="bbox 216 3644 1862 3720">
     <span class='ocr_line' id='line_1_61' title="bbox 216 3644 1862 3720; baseline 0.003 -21"><span class='ocrx_word' id='word_1_541' title='bbox 216 3647 283 3702; x_wconf 90' lang='lat' dir='ltr'>iis</span> <span class='ocrx_word' id='word_1_542' title='bbox 313 3647 407 3720; x_wconf 90' lang='lat' dir='ltr'>qui</span> <span class='ocrx_word' id='word_1_543' title='bbox 439 3663 558 3702; x_wconf 89' lang='lat' dir='ltr'>non</span> <span class='ocrx_word' id='word_1_544' title='bbox 593 3646 962 3701; x_wconf 89' lang='lat' dir='ltr'>crediderunt</span> <span class='ocrx_word' id='word_1_545' title='bbox 991 3645 1049 3700; x_wconf 90' lang='lat' dir='ltr'>in</span> <span class='ocrx_word' id='word_1_546' title='bbox 1081 3647 1393 3700; x_wconf 91' lang='lat' dir='ltr'>Dominum</span> <span class='ocrx_word' id='word_1_547' title='bbox 1420 3644 1644 3702; x_wconf 89' lang='lat' dir='ltr'>Jesum.</span> <span class='ocrx_word' id='word_1_548' title='bbox 1677 3651 1862 3718; x_wconf 91' lang='lat' dir='ltr'>Apos-</span> 
     </span>
    </p>
   </div>
   <div class='ocr_carea' id='block_1_62' title="bbox 216 3734 1863 3808">
    <p class='ocr_par' dir='ltr' id='par_1_62' title="bbox 216 3734 1863 3808">
     <span class='ocr_line' id='line_1_62' title="bbox 216 3734 1863 3808; baseline 0 -18"><span class='ocrx_word' id='word_1_549' title='bbox 216 3736 361 3792; x_wconf 90' lang='lat' dir='ltr'>tolus</span> <span class='ocrx_word' id='word_1_550' title='bbox 394 3751 651 3808; x_wconf 89' lang='lat' dir='ltr'>quoque,</span> <span class='ocrx_word' id='word_1_551' title='bbox 680 3735 786 3790; x_wconf 92' lang='lat' dir='ltr'>etsi</span> <span class='ocrx_word' id='word_1_552' title='bbox 819 3734 964 3789; x_wconf 86' lang='lat' dir='ltr'>dixit</span> <span class='ocrx_word' id='word_1_553' title='bbox 994 3751 1220 3803; x_wconf 88' lang='lat' dir='ltr'>omnes,</span> <span class='ocrx_word' id='word_1_554' title='bbox 1269 3736 1340 3790; x_wconf 92' lang='lat' dir='ltr'>de</span> <span class='ocrx_word' id='word_1_555' title='bbox 1383 3734 1454 3789; x_wconf 91' lang='lat' dir='ltr'>iis</span> <span class='ocrx_word' id='word_1_556' title='bbox 1486 3735 1688 3806; x_wconf 90' lang='lat' dir='ltr'>utique</span> <span class='ocrx_word' id='word_1_557' title='bbox 1719 3734 1863 3790; x_wconf 85' lang='lat' dir='ltr'>dixit</span> 
     </span>
    </p>
   </div>
   <div class='ocr_carea' id='block_1_63' title="bbox 217 3824 1863 3896">
    <p class='ocr_par' dir='ltr' id='par_1_63' title="bbox 217 3824 1863 3896">
     <span class='ocr_line' id='line_1_63' title="bbox 217 3824 1863 3896; baseline 0 -16"><span class='ocrx_word' id='word_1_558' title='bbox 217 3825 307 3896; x_wconf 92' lang='lat' dir='ltr'>qui</span> <span class='ocrx_word' id='word_1_559' title='bbox 339 3825 731 3887; x_wconf 79' lang='lat' dir='ltr'>crediderunt,</span> <span class='ocrx_word' id='word_1_560' title='bbox 765 3824 864 3890; x_wconf 78' lang='lat' dir='ltr'>sed</span> <span class='ocrx_word' id='word_1_561' title='bbox 921 3827 1160 3878; x_wconf 89' lang='lat' dir='ltr'>actuum</span> <span class='ocrx_word' id='word_1_562' title='bbox 1193 3840 1435 3878; x_wconf 89' lang='lat' dir='ltr'>suorum</span> <span class='ocrx_word' id='word_1_563' title='bbox 1469 3824 1750 3880; x_wconf 90' lang='lat' dir='ltr'>rationem</span> <span class='ocrx_word' id='word_1_564' title='bbox 1804 3825 1863 3880; x_wconf 91' lang='lat' dir='ltr'>in</span> 
     </span>
    </p>
   </div>
   <div class='ocr_carea' id='block_1_64' title="bbox 218 3911 1864 3984">
    <p class='ocr_par' dir='ltr' id='par_1_64' title="bbox 218 3911 1864 3984">
     <span class='ocr_line' id='line_1_64' title="bbox 218 3911 1864 3984; baseline 0.001 -17"><span class='ocrx_word' id='word_1_565' title='bbox 218 3913 304 3968; x_wconf 92' lang='lat' dir='ltr'>die</span> <span class='ocrx_word' id='word_1_566' title='bbox 323 3913 535 3984; x_wconf 89' lang='lat' dir='ltr'>judicii</span> <span class='ocrx_word' id='word_1_567' title='bbox 569 3911 855 3968; x_wconf 85' lang='lat' dir='ltr'>reddituri</span> <span class='ocrx_word' id='word_1_568' title='bbox 885 3916 1025 3967; x_wconf 88' lang='lat' dir='ltr'>sunt</span> <span class='ocrx_word' id='word_1_569' title='bbox 1081 3912 1254 3982; x_wconf 80' lang='lat' dir='ltr'>(Rom.</span> <span class='ocrx_word' id='word_1_570' title='bbox 1313 3929 1428 3982; x_wconf 87' lang='lat' dir='ltr'>x1v,</span> <span class='ocrx_word' id='word_1_571' title='bbox 1465 3913 1573 3983; x_wconf 77' lang='grc'>12).</span> <span class='ocrx_word' id='word_1_572' title='bbox 1603 3913 1864 3984; x_wconf 89' lang='lat' dir='ltr'>Denique</span> 
     </span>
    </p>
   </div>
   <div class='ocr_carea' id='block_1_65' title="bbox 215 3999 1862 4072">
    <p class='ocr_par' dir='ltr' id='par_1_65' title="bbox 215 3999 1862 4072">
     <span class='ocr_line' id='line_1_65' title="bbox 215 3999 1862 4072; baseline 0.003 -19"><span class='ocrx_word' id='word_1_573' title='bbox 215 3999 331 4072; x_wconf 89' lang='lat' dir='ltr'>ipse</span> <span class='ocrx_word' id='word_1_574' title='bbox 360 4001 493 4057; x_wconf 89' lang='lat' dir='ltr'>alibi</span> <span class='ocrx_word' id='word_1_575' title='bbox 530 4001 612 4056; x_wconf 87' lang='lat' dir='ltr'>ait</span> <span class='ocrx_word' id='word_1_576' title='bbox 641 4002 815 4070; x_wconf 81' lang='lat' dir='ltr'>(Rom.</span> <span class='ocrx_word' id='word_1_577' title='bbox 852 4017 911 4066; x_wconf 79' lang='grc' dir='ltr'>ιι,</span> <span class='ocrx_word' id='word_1_578' title='bbox 947 4000 1057 4071; x_wconf 85' lang='grc'>15),</span> <span class='ocrx_word' id='word_1_579' title='bbox 1091 4000 1232 4072; x_wconf 89' lang='lat' dir='ltr'>quia</span> <span class='ocrx_word' id='word_1_580' title='bbox 1287 4000 1691 4056; x_wconf 87' lang='lat' dir='ltr'>testimonium</span> <span class='ocrx_word' id='word_1_581' title='bbox 1725 4018 1862 4058; x_wconf 88' lang='lat' dir='ltr'>con-</span> 
     </span>
    </p>
   </div>
   <div class='ocr_carea' id='block_1_66' title="bbox 216 4087 1861 4158">
    <p class='ocr_par' dir='ltr' id='par_1_66' title="bbox 216 4087 1861 4158">
     <span class='ocr_line' id='line_1_66' title="bbox 216 4087 1861 4158; baseline 0 -14"><span class='ocrx_word' id='word_1_582' title='bbox 216 4090 460 4146; x_wconf 73' lang='lat' dir='ltr'>scientiae</span> <span class='ocrx_word' id='word_1_583' title='bbox 492 4091 708 4144; x_wconf 86' lang='lat' dir='ltr'>nostrae</span> <span class='ocrx_word' id='word_1_584' title='bbox 738 4088 799 4143; x_wconf 89' lang='lat' dir='ltr'>in</span> <span class='ocrx_word' id='word_1_585' title='bbox 832 4089 926 4143; x_wconf 90' lang='lat' dir='ltr'>die</span> <span class='ocrx_word' id='word_1_586' title='bbox 948 4087 1158 4158; x_wconf 91' lang='lat' dir='ltr'>judicii</span> <span class='ocrx_word' id='word_1_587' title='bbox 1187 4087 1561 4155; x_wconf 90' lang='lat' dir='ltr'>revelabitur,</span> <span class='ocrx_word' id='word_1_588' title='bbox 1607 4105 1741 4144; x_wconf 91' lang='lat' dir='ltr'>cum</span> <span class='ocrx_word' id='word_1_589' title='bbox 1772 4090 1861 4144; x_wconf 92' lang='lat' dir='ltr'>in-</span> 
     </span>
    </p>
   </div>
   <div class='ocr_carea' id='block_1_67' title="bbox 213 4176 1864 4251">
    <p class='ocr_par' dir='ltr' id='par_1_67' title="bbox 213 4176 1864 4251">
     <span class='ocr_line' id='line_1_67' title="bbox 213 4176 1864 4251; baseline 0.001 -19"><span class='ocrx_word' id='word_1_590' title='bbox 213 4179 388 4235; x_wconf 84' lang='lat' dir='ltr'>vicem</span> <span class='ocrx_word' id='word_1_591' title='bbox 418 4176 800 4251; x_wconf 87' lang='lat' dir='ltr'>cogitationes</span> <span class='ocrx_word' id='word_1_592' title='bbox 827 4182 1040 4232; x_wconf 84' lang='lat' dir='ltr'>nostrae</span> <span class='ocrx_word' id='word_1_593' title='bbox 1092 4181 1194 4231; x_wconf 90' lang='lat' dir='ltr'>aut</span> <span class='ocrx_word' id='word_1_594' title='bbox 1248 4179 1613 4234; x_wconf 86' lang='lat' dir='ltr'>accusabunt</span> <span class='ocrx_word' id='word_1_595' title='bbox 1671 4195 1755 4246; x_wconf 91' lang='lat' dir='ltr'>se,</span> <span class='ocrx_word' id='word_1_596' title='bbox 1798 4183 1864 4234; x_wconf 89' lang='lat' dir='ltr'>ut</span> 
     </span>
    </p>
   </div>
   <div class='ocr_carea' id='block_1_68' title="bbox 215 4264 1864 4340">
    <p class='ocr_par' dir='ltr' id='par_1_68' title="bbox 215 4264 1864 4340">
     <span class='ocr_line' id='line_1_68' title="bbox 215 4264 1864 4340; baseline 0 -18"><span class='ocrx_word' id='word_1_597' title='bbox 215 4268 491 4340; x_wconf 86' lang='lat' dir='ltr'>scriptum</span> <span class='ocrx_word' id='word_1_598' title='bbox 525 4270 633 4333; x_wconf 91' lang='lat' dir='ltr'>est,</span> <span class='ocrx_word' id='word_1_599' title='bbox 677 4269 778 4320; x_wconf 90' lang='lat' dir='ltr'>aut</span> <span class='ocrx_word' id='word_1_600' title='bbox 828 4265 1161 4332; x_wconf 86' lang='lat' dir='ltr'>defendent,</span> <span class='ocrx_word' id='word_1_601' title='bbox 1221 4269 1280 4320; x_wconf 90' lang='lat' dir='ltr'>et</span> <span class='ocrx_word' id='word_1_602' title='bbox 1337 4264 1618 4335; x_wconf 88' lang='lat' dir='ltr'>patebunt</span> <span class='ocrx_word' id='word_1_603' title='bbox 1674 4267 1864 4322; x_wconf 83' lang='lat' dir='ltr'>cordis</span> 
     </span>
    </p>
   </div>
   <div class='ocr_carea' id='block_1_69' title="bbox 215 4351 1858 4424">
    <p class='ocr_par' dir='ltr' id='par_1_69' title="bbox 215 4351 1858 4424">
     <span class='ocr_line' id='line_1_69' title="bbox 215 4351 1858 4424; baseline -0.001 -14"><span class='ocrx_word' id='word_1_604' title='bbox 215 4355 454 4412; x_wconf 90' lang='lat' dir='ltr'>occulta.</span> <span class='ocrx_word' id='word_1_605' title='bbox 491 4354 643 4421; x_wconf 88' lang='lat' dir='ltr'>Quid</span> <span class='ocrx_word' id='word_1_606' title='bbox 675 4357 878 4408; x_wconf 88' lang='lat' dir='ltr'>autem</span> <span class='ocrx_word' id='word_1_607' title='bbox 912 4353 1021 4408; x_wconf 90' lang='lat' dir='ltr'>hoc</span> <span class='ocrx_word' id='word_1_608' title='bbox 1051 4351 1375 4408; x_wconf 90' lang='lat' dir='ltr'>evidentius</span> <span class='ocrx_word' id='word_1_609' title='bbox 1406 4353 1560 4424; x_wconf 91' lang='lat' dir='ltr'>quod</span> <span class='ocrx_word' id='word_1_610' title='bbox 1583 4353 1664 4408; x_wconf 89' lang='lat' dir='ltr'>ait</span> <span class='ocrx_word' id='word_1_611' title='bbox 1682 4352 1858 4410; x_wconf 87' lang='lat' dir='ltr'>alibi:</span> 
     </span>
    </p>
   </div>
   <div class='ocr_carea' id='block_1_70' title="bbox 216 4441 1860 4515">
    <p class='ocr_par' dir='ltr' id='par_1_70' title="bbox 216 4441 1860 4515">
     <span class='ocr_line' id='line_1_70' title="bbox 216 4441 1860 4515; baseline -0.001 -15"><span class='ocrx_word' id='word_1_612' title='bbox 216 4468 239 4492; x_wconf 88' lang='grc'>‹‹</span> <span class='ocrx_word' id='word_1_613' title='bbox 268 4445 480 4500; x_wconf 89' lang='lat' dir='ltr'>Omnes</span> <span class='ocrx_word' id='word_1_614' title='bbox 505 4441 742 4515; x_wconf 89' lang='lat' dir='ltr'>quidem</span> <span class='ocrx_word' id='word_1_615' title='bbox 777 4458 1174 4515; x_wconf 90' lang='lat' dir='ltr'>resurgemus,</span> <span class='ocrx_word' id='word_1_616' title='bbox 1208 4442 1308 4497; x_wconf 88' lang='lat' dir='ltr'>sed</span> <span class='ocrx_word' id='word_1_617' title='bbox 1335 4459 1452 4497; x_wconf 90' lang='lat' dir='ltr'>non</span> <span class='ocrx_word' id='word_1_618' title='bbox 1496 4459 1700 4498; x_wconf 91' lang='lat' dir='ltr'>omnes</span> <span class='ocrx_word' id='word_1_619' title='bbox 1750 4443 1860 4498; x_wconf 85' lang='lat' dir='ltr'>im-</span> 
     </span>
    </p>
   </div>
   <div class='ocr_carea' id='block_1_71' title="bbox 1970 3289 3622 3366">
    <p class='ocr_par' dir='ltr' id='par_1_71' title="bbox 1970 3289 3622 3366">
     <span class='ocr_line' id='line_1_71' title="bbox 1970 3289 3622 3366; baseline 0.007 -22"><span class='ocrx_word' id='word_1_620' title='bbox 1970 3291 2086 3362; x_wconf 89' lang='lat' dir='ltr'>Ego</span> <span class='ocrx_word' id='word_1_621' title='bbox 2119 3289 2327 3361; x_wconf 88' lang='lat' dir='ltr'>scripsi</span> <span class='ocrx_word' id='word_1_622' title='bbox 2385 3292 2538 3346; x_wconf 89' lang='lat' dir='ltr'>dona</span> <span class='ocrx_word' id='word_1_623' title='bbox 2596 3309 2747 3361; x_wconf 89' lang='lat' dir='ltr'>mea,</span> <span class='ocrx_word' id='word_1_624' title='bbox 2798 3297 3089 3366; x_wconf 90' lang='lat' dir='ltr'>quomodo</span> <span class='ocrx_word' id='word_1_625' title='bbox 3146 3297 3351 3352; x_wconf 91' lang='lat' dir='ltr'>delesti</span> <span class='ocrx_word' id='word_1_626' title='bbox 3409 3316 3622 3355; x_wconf 90' lang='lat' dir='ltr'>mune-</span> 
     </span>
    </p>
   </div>
   <div class='ocr_carea' id='block_1_72' title="bbox 1973 3379 3620 3462">
    <p class='ocr_par' dir='ltr' id='par_1_72' title="bbox 1973 3379 3620 3462">
     <span class='ocr_line' id='line_1_72' title="bbox 1973 3379 3620 3462; baseline 0.006 -30"><span class='ocrx_word' id='word_1_627' title='bbox 1973 3395 2207 3445; x_wconf 89' lang='lat' dir='ltr'>ramea,</span> <span class='ocrx_word' id='word_1_628' title='bbox 2241 3382 2298 3433; x_wconf 89' lang='lat' dir='ltr'>et</span> <span class='ocrx_word' id='word_1_629' title='bbox 2348 3379 2633 3451; x_wconf 89' lang='lat' dir='ltr'>scripsisti</span> <span class='ocrx_word' id='word_1_630' title='bbox 2696 3383 3008 3452; x_wconf 86' lang='lat' dir='ltr'>opprobria</span> <span class='ocrx_word' id='word_1_631' title='bbox 3061 3388 3190 3440; x_wconf 87' lang='lat' dir='ltr'>tua!</span> <span class='ocrx_word' id='word_1_632' title='bbox 3242 3385 3366 3441; x_wconf 92' lang='lat' dir='ltr'>Non</span> <span class='ocrx_word' id='word_1_633' title='bbox 3426 3386 3620 3462; x_wconf 89' lang='lat' dir='ltr'>legisti</span> 
     </span>
    </p>
   </div>
   <div class='ocr_carea' id='block_1_73' title="bbox 1971 3466 3614 3545">
    <p class='ocr_par' dir='ltr' id='par_1_73' title="bbox 1971 3466 3614 3545">
     <span class='ocr_line' id='line_1_73' title="bbox 1971 3466 3614 3545; baseline 0.007 -25"><span class='ocrx_word' id='word_1_634' title='bbox 1971 3467 2110 3538; x_wconf 89' lang='lat' dir='ltr'>quia</span> <span class='ocrx_word' id='word_1_635' title='bbox 2135 3467 2324 3522; x_wconf 90' lang='lat' dir='ltr'>scribo</span> <span class='ocrx_word' id='word_1_636' title='bbox 2343 3466 2371 3520; x_wconf 71' lang='lat'>‘2</span> <span class='ocrx_word' id='word_1_637' title='bbox 2395 3468 2519 3521; x_wconf 89' lang='lat' dir='ltr'>Non</span> <span class='ocrx_word' id='word_1_638' title='bbox 2548 3468 2650 3522; x_wconf 89' lang='lat' dir='ltr'>tibi</span> <span class='ocrx_word' id='word_1_639' title='bbox 2704 3469 2820 3523; x_wconf 88' lang='lat' dir='ltr'>dixi</span> <span class='ocrx_word' id='word_1_640' title='bbox 2881 3487 2984 3542; x_wconf 90' lang='lat' dir='ltr'>per</span> <span class='ocrx_word' id='word_1_641' title='bbox 3013 3488 3077 3527; x_wconf 93' lang='lat' dir='ltr'>os</span> <span class='ocrx_word' id='word_1_642' title='bbox 3125 3473 3424 3545; x_wconf 63' lang='lat' dir='ltr'>Prophetas</span> <span class='ocrx_word' id='word_1_643' title='bbox 3465 3476 3576 3532; x_wconf 90' lang='lat' dir='ltr'>mei</span> <span class='ocrx_word' id='word_1_644' title='bbox 3603 3495 3614 3531; x_wconf 96' lang='lat'>:</span> 
     </span>
    </p>
   </div>
   <div class='ocr_carea' id='block_1_74' title="bbox 1978 3554 3620 3626">
    <p class='ocr_par' dir='ltr' id='par_1_74' title="bbox 1978 3554 3620 3626">
     <span class='ocr_line' id='line_1_74' title="bbox 1978 3554 3620 3626; baseline 0.009 -22"><span class='ocrx_word' id='word_1_645' title='bbox 1978 3578 1997 3604; x_wconf 73' lang='grc' dir='ltr'><strong>α</strong></span> <span class='ocrx_word' id='word_1_646' title='bbox 2035 3555 2262 3626; x_wconf 84' lang='lat' dir='ltr'>Lingua</span> <span class='ocrx_word' id='word_1_647' title='bbox 2290 3571 2418 3610; x_wconf 91' lang='lat' dir='ltr'>mea</span> <span class='ocrx_word' id='word_1_648' title='bbox 2447 3554 2708 3612; x_wconf 79' lang='lat' dir='ltr'>calamus</span> <span class='ocrx_word' id='word_1_649' title='bbox 2735 3557 2938 3613; x_wconf 61' lang='lat' dir='ltr'>scriba</span> <span class='ocrx_word' id='word_1_650' title='bbox 2986 3559 3258 3617; x_wconf 90' lang='lat' dir='ltr'>velociter</span> <span class='ocrx_word' id='word_1_651' title='bbox 3313 3563 3620 3621; x_wconf 89' lang='lat' dir='ltr'>scribentis</span> 
     </span>
    </p>
   </div>
   <div class='ocr_carea' id='block_1_75' title="bbox 1972 3643 3349 3715">
    <p class='ocr_par' dir='ltr' id='par_1_75' title="bbox 1972 3643 3349 3715">
     <span class='ocr_line' id='line_1_75' title="bbox 1972 3643 3349 3715; baseline 0.007 -17"><span class='ocrx_word' id='word_1_652' title='bbox 1972 3645 2143 3715; x_wconf 83' lang='lat' dir='ltr'>(Psal.</span> <span class='ocrx_word' id='word_1_653' title='bbox 2174 3661 2324 3709; x_wconf 84' lang='lat' dir='ltr'>XLIV,</span> <span class='ocrx_word' id='word_1_654' title='bbox 2358 3645 2412 3715; x_wconf 89' lang='lat'>2)</span> <span class='ocrx_word' id='word_1_655' title='bbox 2433 3643 2460 3698; x_wconf 88' lang='lat'><strong><em>?</em></strong></span> <span class='ocrx_word' id='word_1_656' title='bbox 2480 3644 2775 3714; x_wconf 91' lang='lat' dir='ltr'>judicium</span> <span class='ocrx_word' id='word_1_657' title='bbox 2808 3652 3002 3703; x_wconf 89' lang='lat' dir='ltr'>autem</span> <span class='ocrx_word' id='word_1_658' title='bbox 3033 3649 3207 3706; x_wconf 90' lang='lat' dir='ltr'>Verbi</span> <span class='ocrx_word' id='word_1_659' title='bbox 3239 3656 3349 3708; x_wconf 89' lang='lat' dir='ltr'>est.</span> 
     </span>
    </p>
   </div>
   <div class='ocr_carea' id='block_1_76' title="bbox 2044 3731 3621 3806">
    <p class='ocr_par' dir='ltr' id='par_1_76' title="bbox 2044 3731 3621 3806">
     <span class='ocr_line' id='line_1_76' title="bbox 2044 3731 3621 3806; baseline 0.009 -20"><span class='ocrx_word' id='word_1_660' title='bbox 2044 3733 2132 3787; x_wconf 86' lang='lat'>53.</span> <span class='ocrx_word' id='word_1_661' title='bbox 2169 3756 2195 3782; x_wconf 88' lang='grc'>‹‹</span> <span class='ocrx_word' id='word_1_662' title='bbox 2230 3731 2396 3788; x_wconf 90' lang='lat' dir='ltr'>Multi</span> <span class='ocrx_word' id='word_1_663' title='bbox 2429 3749 2565 3806; x_wconf 92' lang='lat' dir='ltr'>ergo</span> <span class='ocrx_word' id='word_1_664' title='bbox 2597 3735 3013 3793; x_wconf 89' lang='lat' dir='ltr'>dormientium</span> <span class='ocrx_word' id='word_1_665' title='bbox 3054 3739 3112 3794; x_wconf 91' lang='lat' dir='ltr'>in</span> <span class='ocrx_word' id='word_1_666' title='bbox 3172 3741 3402 3798; x_wconf 90' lang='lat' dir='ltr'>tumulo</span> <span class='ocrx_word' id='word_1_667' title='bbox 3459 3748 3621 3800; x_wconf 73' lang='lat' dir='ltr'>terrm</span> 
     </span>
    </p>
   </div>
   <div class='ocr_carea' id='block_1_77' title="bbox 1973 3822 3619 3895">
    <p class='ocr_par' dir='ltr' id='par_1_77' title="bbox 1973 3822 3619 3895">
     <span class='ocr_line' id='line_1_77' title="bbox 1973 3822 3619 3895; baseline 0.006 -18"><span class='ocrx_word' id='word_1_668' title='bbox 1973 3827 2233 3893; x_wconf 88' lang='lat' dir='ltr'>surgent,</span> <span class='ocrx_word' id='word_1_669' title='bbox 2270 3822 2369 3893; x_wconf 92' lang='lat' dir='ltr'>qui</span> <span class='ocrx_word' id='word_1_670' title='bbox 2401 3823 2546 3878; x_wconf 91' lang='lat' dir='ltr'>bene</span> <span class='ocrx_word' id='word_1_671' title='bbox 2577 3830 2843 3895; x_wconf 90' lang='lat' dir='ltr'>egerunt,</span> <span class='ocrx_word' id='word_1_672' title='bbox 2879 3827 2936 3881; x_wconf 91' lang='lat' dir='ltr'>in</span> <span class='ocrx_word' id='word_1_673' title='bbox 2962 3831 3441 3887; x_wconf 89' lang='lat' dir='ltr'>resurrectionem</span> <span class='ocrx_word' id='word_1_674' title='bbox 3470 3833 3619 3888; x_wconf 56' lang='lat' dir='ltr'>vitae:</span> 
     </span>
    </p>
   </div>
   <div class='ocr_carea' id='block_1_78' title="bbox 1973 3911 3620 3990">
    <p class='ocr_par' dir='ltr' id='par_1_78' title="bbox 1973 3911 3620 3990">
     <span class='ocr_line' id='line_1_78' title="bbox 1973 3911 3620 3990; baseline 0.007 -27"><span class='ocrx_word' id='word_1_675' title='bbox 1973 3911 2075 3981; x_wconf 90' lang='lat' dir='ltr'>qui</span> <span class='ocrx_word' id='word_1_676' title='bbox 2109 3911 2259 3965; x_wconf 86' lang='lat' dir='ltr'>male</span> <span class='ocrx_word' id='word_1_677' title='bbox 2289 3917 2553 3982; x_wconf 86' lang='lat' dir='ltr'>egerunt,</span> <span class='ocrx_word' id='word_1_678' title='bbox 2587 3913 2644 3966; x_wconf 92' lang='lat' dir='ltr'>in</span> <span class='ocrx_word' id='word_1_679' title='bbox 2676 3917 3159 3974; x_wconf 88' lang='lat' dir='ltr'>resurrectionem</span> <span class='ocrx_word' id='word_1_680' title='bbox 3185 3919 3393 3990; x_wconf 89' lang='lat' dir='ltr'>judicii</span> <span class='ocrx_word' id='word_1_681' title='bbox 3441 3923 3620 3989; x_wconf 79' lang='lat' dir='ltr'>(Joan.</span> 
     </span>
    </p>
   </div>
   <div class='ocr_carea' id='block_1_79' title="bbox 1972 4001 3621 4075">
    <p class='ocr_par' dir='ltr' id='par_1_79' title="bbox 1972 4001 3621 4075">
     <span class='ocr_line' id='line_1_79' title="bbox 1972 4001 3621 4075; baseline 0.003 -22"><span class='ocrx_word' id='word_1_682' title='bbox 1972 4016 2025 4066; x_wconf 91' lang='lat' dir='ltr'>v,</span> <span class='ocrx_word' id='word_1_683' title='bbox 2052 4002 2142 4066; x_wconf 89' lang='lat'>28,</span> <span class='ocrx_word' id='word_1_684' title='bbox 2175 4001 2286 4066; x_wconf 82' lang='lat'>29).</span> <span class='ocrx_word' id='word_1_685' title='bbox 2321 4001 2482 4064; x_wconf 91' lang='lat' dir='ltr'>Quod</span> <span class='ocrx_word' id='word_1_686' title='bbox 2509 4001 2707 4056; x_wconf 89' lang='lat' dir='ltr'>Daniel</span> <span class='ocrx_word' id='word_1_687' title='bbox 2742 4003 2843 4067; x_wconf 88' lang='lat' dir='ltr'>ait,</span> <span class='ocrx_word' id='word_1_688' title='bbox 2877 4027 2904 4052; x_wconf 89' lang='lat'><strong>«</strong></span> <span class='ocrx_word' id='word_1_689' title='bbox 2938 4003 2997 4056; x_wconf 92' lang='lat' dir='ltr'>in</span> <span class='ocrx_word' id='word_1_690' title='bbox 3028 4006 3202 4059; x_wconf 87' lang='lat' dir='ltr'>vitam</span> <span class='ocrx_word' id='word_1_691' title='bbox 3241 4012 3514 4062; x_wconf 65' lang='lat' dir='ltr'>aeternam</span> <span class='ocrx_word' id='word_1_692' title='bbox 3543 4026 3556 4075; x_wconf 88' lang='lat'>;</span> <span class='ocrx_word' id='word_1_693' title='bbox 3595 4032 3621 4058; x_wconf 73' lang='grc' dir='ltr'>υ</span> 
     </span>
    </p>
   </div>
   <div class='ocr_carea' id='block_1_80' title="bbox 1972 4087 3622 4160">
    <p class='ocr_par' dir='ltr' id='par_1_80' title="bbox 1972 4087 3622 4160">
     <span class='ocr_line' id='line_1_80' title="bbox 1972 4087 3622 4160; baseline 0.005 -18"><span class='ocrx_word' id='word_1_694' title='bbox 1972 4088 2079 4142; x_wconf 89' lang='lat' dir='ltr'>hoc</span> <span class='ocrx_word' id='word_1_695' title='bbox 2110 4087 2403 4143; x_wconf 89' lang='lat' dir='ltr'>Salvator:</span> <span class='ocrx_word' id='word_1_696' title='bbox 2439 4111 2469 4138; x_wconf 86' lang='grc'>‹‹</span> <span class='ocrx_word' id='word_1_697' title='bbox 2527 4089 2588 4143; x_wconf 89' lang='lat' dir='ltr'>in</span> <span class='ocrx_word' id='word_1_698' title='bbox 2646 4091 3126 4147; x_wconf 89' lang='lat' dir='ltr'>resurrectionem</span> <span class='ocrx_word' id='word_1_699' title='bbox 3185 4095 3335 4160; x_wconf 65' lang='lat' dir='ltr'>vitae,</span> <span class='ocrx_word' id='word_1_700' title='bbox 3371 4118 3397 4144; x_wconf 87' lang='lat'>»</span> <span class='ocrx_word' id='word_1_701' title='bbox 3455 4096 3622 4152; x_wconf 85' lang='lat' dir='ltr'>dixit.</span> 
     </span>
    </p>
   </div>
   <div class='ocr_carea' id='block_1_81' title="bbox 1970 4162 3628 4250">
    <p class='ocr_par' dir='ltr' id='par_1_81' title="bbox 1970 4162 3628 4250">
     <span class='ocr_line' id='line_1_81' title="bbox 1970 4162 3628 4250; baseline 0.005 -18"><span class='ocrx_word' id='word_1_702' title='bbox 1970 4176 2113 4232; x_wconf 89' lang='lat' dir='ltr'>Item</span> <span class='ocrx_word' id='word_1_703' title='bbox 2146 4177 2301 4248; x_wconf 90' lang='lat' dir='ltr'>quod</span> <span class='ocrx_word' id='word_1_704' title='bbox 2331 4177 2413 4230; x_wconf 90' lang='lat' dir='ltr'>ait</span> <span class='ocrx_word' id='word_1_705' title='bbox 2444 4177 2644 4232; x_wconf 89' lang='lat' dir='ltr'>Daniel</span> <span class='ocrx_word' id='word_1_706' title='bbox 2674 4195 2686 4231; x_wconf 94' lang='lat'>:</span> <span class='ocrx_word' id='word_1_707' title='bbox 2719 4162 2782 4232; x_wconf 82' lang='lat' dir='ltr'>in</span> <span class='ocrx_word' id='word_1_708' title='bbox 2817 4180 3194 4250; x_wconf 88' lang='lat' dir='ltr'>opprobrium</span> <span class='ocrx_word' id='word_1_709' title='bbox 3227 4189 3283 4236; x_wconf 86' lang='lat' dir='ltr'>et</span> <span class='ocrx_word' id='word_1_710' title='bbox 3330 4185 3628 4241; x_wconf 82' lang='lat' dir='ltr'>confusio-</span> 
     </span>
    </p>
   </div>
   <div class='ocr_carea' id='block_1_82' title="bbox 1973 4264 3622 4342">
    <p class='ocr_par' dir='ltr' id='par_1_82' title="bbox 1973 4264 3622 4342">
     <span class='ocr_line' id='line_1_82' title="bbox 1973 4264 3622 4342; baseline 0.001 -22"><span class='ocrx_word' id='word_1_711' title='bbox 1973 4281 2104 4320; x_wconf 90' lang='lat' dir='ltr'>nem</span> <span class='ocrx_word' id='word_1_712' title='bbox 2127 4283 2139 4332; x_wconf 91' lang='lat'>;</span> <span class='ocrx_word' id='word_1_713' title='bbox 2176 4287 2203 4314; x_wconf 85' lang='grc'><strong>››</strong></span> <span class='ocrx_word' id='word_1_714' title='bbox 2233 4264 2498 4320; x_wconf 87' lang='lat' dir='ltr'>Salvator</span> <span class='ocrx_word' id='word_1_715' title='bbox 2526 4264 2729 4332; x_wconf 86' lang='lat' dir='ltr'>dixit,«</span> <span class='ocrx_word' id='word_1_716' title='bbox 2751 4266 2810 4321; x_wconf 90' lang='lat' dir='ltr'>in</span> <span class='ocrx_word' id='word_1_717' title='bbox 2834 4269 3320 4325; x_wconf 90' lang='lat' dir='ltr'>resurrectionem</span> <span class='ocrx_word' id='word_1_718' title='bbox 3335 4272 3566 4342; x_wconf 88' lang='lat' dir='ltr'>judicii.</span> <span class='ocrx_word' id='word_1_719' title='bbox 3592 4297 3622 4324; x_wconf 83' lang='grc'>››</span> 
     </span>
    </p>
   </div>
   <div class='ocr_carea' id='block_1_83' title="bbox 1973 4353 3624 4429">
    <p class='ocr_par' dir='ltr' id='par_1_83' title="bbox 1973 4353 3624 4429">
     <span class='ocr_line' id='line_1_83' title="bbox 1973 4353 3624 4429; baseline 0.006 -20"><span class='ocrx_word' id='word_1_720' title='bbox 1973 4354 2134 4409; x_wconf 91' lang='lat' dir='ltr'>Unde</span> <span class='ocrx_word' id='word_1_721' title='bbox 2165 4371 2279 4408; x_wconf 90' lang='lat' dir='ltr'>non</span> <span class='ocrx_word' id='word_1_722' title='bbox 2309 4353 2538 4425; x_wconf 84' lang='lat' dir='ltr'>expedit</span> <span class='ocrx_word' id='word_1_723' title='bbox 2567 4354 2734 4409; x_wconf 83' lang='lat' dir='ltr'>nobis</span> <span class='ocrx_word' id='word_1_724' title='bbox 2762 4355 3140 4426; x_wconf 87' lang='lat' dir='ltr'>adjudicium</span> <span class='ocrx_word' id='word_1_725' title='bbox 3162 4359 3357 4416; x_wconf 90' lang='lat' dir='ltr'>venire</span> <span class='ocrx_word' id='word_1_726' title='bbox 3386 4379 3398 4429; x_wconf 95' lang='lat'>;</span> <span class='ocrx_word' id='word_1_727' title='bbox 3431 4366 3491 4417; x_wconf 89' lang='lat' dir='ltr'>et</span> <span class='ocrx_word' id='word_1_728' title='bbox 3506 4379 3624 4419; x_wconf 87' lang='lat' dir='ltr'>non</span> 
     </span>
    </p>
   </div>
   <div class='ocr_carea' id='block_1_84' title="bbox 1971 4442 3625 4521">
    <p class='ocr_par' dir='ltr' id='par_1_84' title="bbox 1971 4442 3625 4521">
     <span class='ocr_line' id='line_1_84' title="bbox 1971 4442 3625 4521; baseline 0.005 -23"><span class='ocrx_word' id='word_1_729' title='bbox 1971 4443 2202 4514; x_wconf 87' lang='lat' dir='ltr'>expedit</span> <span class='ocrx_word' id='word_1_730' title='bbox 2223 4459 2336 4497; x_wconf 90' lang='lat' dir='ltr'>non</span> <span class='ocrx_word' id='word_1_731' title='bbox 2350 4442 2572 4510; x_wconf 89' lang='lat' dir='ltr'>venire;</span> <span class='ocrx_word' id='word_1_732' title='bbox 2594 4459 2664 4498; x_wconf 88' lang='lat' dir='ltr'>ne</span> <span class='ocrx_word' id='word_1_733' title='bbox 2678 4448 2780 4498; x_wconf 91' lang='lat' dir='ltr'>aut</span> <span class='ocrx_word' id='word_1_734' title='bbox 2801 4445 3181 4516; x_wconf 68' lang='lat' dir='ltr'>praedamnati</span> <span class='ocrx_word' id='word_1_735' title='bbox 3196 4447 3417 4504; x_wconf 90' lang='lat' dir='ltr'>videam</span> <span class='ocrx_word' id='word_1_736' title='bbox 3429 4455 3625 4521; x_wconf 87' lang='lat' dir='ltr'>ur,aut</span> 
     </span>
    </p>
   </div>
   <div class='ocr_carea' id='block_1_85' title="bbox 216 4529 3621 4617">
    <p class='ocr_par' dir='ltr' id='par_1_85' title="bbox 216 4529 3621 4617">
     <span class='ocr_line' id='line_1_85' title="bbox 216 4529 3621 4617; baseline 0.003 -30"><span class='ocrx_word' id='word_1_737' title='bbox 216 4534 579 4590; x_wconf 88' lang='lat' dir='ltr'>mutabimur</span> <span class='ocrx_word' id='word_1_738' title='bbox 611 4532 658 4602; x_wconf 90' lang='grc' dir='ltr'>(Ι</span> <span class='ocrx_word' id='word_1_739' title='bbox 689 4531 814 4587; x_wconf 84' lang='lat' dir='ltr'>Cor.</span> <span class='ocrx_word' id='word_1_740' title='bbox 847 4549 940 4599; x_wconf 88' lang='lat' dir='ltr'>xv,</span> <span class='ocrx_word' id='word_1_741' title='bbox 970 4531 1060 4602; x_wconf 65' lang='lat'>54)</span> <span class='ocrx_word' id='word_1_742' title='bbox 1087 4530 1114 4584; x_wconf 83' lang='lat'><strong><em>?</em></strong></span> <span class='ocrx_word' id='word_1_743' title='bbox 1137 4552 1166 4578; x_wconf 88' lang='lat'>»</span> <span class='ocrx_word' id='word_1_744' title='bbox 1197 4531 1678 4587; x_wconf 87' lang='lat' dir='ltr'>Immutabuntur</span> <span class='ocrx_word' id='word_1_745' title='bbox 1707 4534 1861 4589; x_wconf 90' lang='lat' dir='ltr'>enim</span> <span class='ocrx_word' id='word_1_746' title='bbox 1893 4553 1939 4617; x_wconf 71' lang='grc' dir='ltr'>Β</span> <span class='ocrx_word' id='word_1_747' title='bbox 1969 4531 2028 4586; x_wconf 90' lang='lat' dir='ltr'>in</span> <span class='ocrx_word' id='word_1_748' title='bbox 2060 4531 2166 4586; x_wconf 88' lang='lat' dir='ltr'>hac</span> <span class='ocrx_word' id='word_1_749' title='bbox 2187 4529 2316 4586; x_wconf 91' lang='lat' dir='ltr'>labe</span> <span class='ocrx_word' id='word_1_750' title='bbox 2331 4531 2601 4586; x_wconf 85' lang='lat' dir='ltr'>vitiorum</span> <span class='ocrx_word' id='word_1_751' title='bbox 2628 4533 2946 4588; x_wconf 90' lang='lat' dir='ltr'>subeamus</span> <span class='ocrx_word' id='word_1_752' title='bbox 2976 4535 3122 4590; x_wconf 89' lang='lat' dir='ltr'>tanti</span> <span class='ocrx_word' id='word_1_753' title='bbox 3145 4539 3621 4610; x_wconf 87' lang='lat' dir='ltr'>pondusjudicii.</span> 
     </span>
    </p>
   </div>
   <div class='ocr_carea' id='block_1_86' title="bbox 209 4621 1860 4693">
    <p class='ocr_par' dir='ltr' id='par_1_86' title="bbox 209 4621 1860 4693">
     <span class='ocr_line' id='line_1_86' title="bbox 209 4621 1860 4693; baseline 0 -17"><span class='ocrx_word' id='word_1_754' title='bbox 209 4621 345 4690; x_wconf 86' lang='lat' dir='ltr'>justi</span> <span class='ocrx_word' id='word_1_755' title='bbox 376 4621 434 4678; x_wconf 89' lang='lat' dir='ltr'>in</span> <span class='ocrx_word' id='word_1_756' title='bbox 487 4621 949 4692; x_wconf 89' lang='lat' dir='ltr'>corruptionem,</span> <span class='ocrx_word' id='word_1_757' title='bbox 991 4625 1270 4676; x_wconf 87' lang='lat' dir='ltr'>manente</span> <span class='ocrx_word' id='word_1_758' title='bbox 1301 4622 1562 4693; x_wconf 89' lang='lat' dir='ltr'>corporis</span> <span class='ocrx_word' id='word_1_759' title='bbox 1598 4621 1860 4678; x_wconf 87' lang='lat' dir='ltr'>veritate.</span> 
     </span>
    </p>
   </div>
   <div class='ocr_carea' id='block_1_87' title="bbox 211 4708 1864 4782">
    <p class='ocr_par' dir='ltr' id='par_1_87' title="bbox 211 4708 1864 4782">
     <span class='ocr_line' id='line_1_87' title="bbox 211 4708 1864 4782; baseline 0.002 -19"><span class='ocrx_word' id='word_1_760' title='bbox 211 4710 408 4766; x_wconf 91' lang='lat' dir='ltr'>Daniel</span> <span class='ocrx_word' id='word_1_761' title='bbox 440 4726 675 4782; x_wconf 90' lang='lat' dir='ltr'>quoque</span> <span class='ocrx_word' id='word_1_762' title='bbox 723 4708 900 4764; x_wconf 91' lang='lat' dir='ltr'>dicit:</span> <span class='ocrx_word' id='word_1_763' title='bbox 953 4731 982 4759; x_wconf 86' lang='lat'><strong>«</strong></span> <span class='ocrx_word' id='word_1_764' title='bbox 1037 4708 1337 4764; x_wconf 88' lang='lat' dir='ltr'>Judicium</span> <span class='ocrx_word' id='word_1_765' title='bbox 1393 4709 1564 4777; x_wconf 90' lang='lat' dir='ltr'>sedit,</span> <span class='ocrx_word' id='word_1_766' title='bbox 1625 4715 1680 4766; x_wconf 89' lang='lat' dir='ltr'>et</span> <span class='ocrx_word' id='word_1_767' title='bbox 1731 4711 1864 4766; x_wconf 88' lang='lat' dir='ltr'>libri</span> 
     </span>
    </p>
   </div>
   <div class='ocr_carea' id='block_1_88' title="bbox 214 4797 1863 4871">
    <p class='ocr_par' dir='ltr' id='par_1_88' title="bbox 214 4797 1863 4871">
     <span class='ocr_line' id='line_1_88' title="bbox 214 4797 1863 4871; baseline 0.002 -19"><span class='ocrx_word' id='word_1_768' title='bbox 214 4801 392 4871; x_wconf 87' lang='lat' dir='ltr'>aperti</span> <span class='ocrx_word' id='word_1_769' title='bbox 423 4805 566 4855; x_wconf 89' lang='lat' dir='ltr'>sunt</span> <span class='ocrx_word' id='word_1_770' title='bbox 596 4800 762 4870; x_wconf 86' lang='lat' dir='ltr'>(Dan.</span> <span class='ocrx_word' id='word_1_771' title='bbox 790 4815 894 4866; x_wconf 79' lang='lat' dir='ltr'>v11,</span> <span class='ocrx_word' id='word_1_772' title='bbox 927 4799 1035 4869; x_wconf 82' lang='lat'>10).</span> <span class='ocrx_word' id='word_1_773' title='bbox 1071 4817 1099 4848; x_wconf 87' lang='grc'><strong>››</strong></span> <span class='ocrx_word' id='word_1_774' title='bbox 1130 4797 1395 4853; x_wconf 88' lang='lat' dir='ltr'>Ostendit</span> <span class='ocrx_word' id='word_1_775' title='bbox 1416 4814 1552 4870; x_wconf 90' lang='lat' dir='ltr'>ergo</span> <span class='ocrx_word' id='word_1_776' title='bbox 1569 4799 1863 4870; x_wconf 88' lang='lat' dir='ltr'>judicium</span> 
     </span>
    </p>
   </div>
   <div class='ocr_carea' id='block_1_89' title="bbox 212 4885 1871 4956">
    <p class='ocr_par' dir='ltr' id='par_1_89' title="bbox 212 4885 1871 4956">
     <span class='ocr_line' id='line_1_89' title="bbox 212 4885 1871 4956; baseline 0.001 -15"><span class='ocrx_word' id='word_1_777' title='bbox 212 4886 498 4956; x_wconf 83' lang='lat' dir='ltr'>futurum,</span> <span class='ocrx_word' id='word_1_778' title='bbox 531 4887 784 4943; x_wconf 80' lang='lat' dir='ltr'>maxime</span> <span class='ocrx_word' id='word_1_779' title='bbox 815 4902 948 4942; x_wconf 89' lang='lat' dir='ltr'>cum</span> <span class='ocrx_word' id='word_1_780' title='bbox 980 4885 1117 4940; x_wconf 88' lang='lat' dir='ltr'>alibi</span> <span class='ocrx_word' id='word_1_781' title='bbox 1168 4885 1322 4942; x_wconf 90' lang='lat' dir='ltr'>idem</span> <span class='ocrx_word' id='word_1_782' title='bbox 1380 4887 1571 4943; x_wconf 89' lang='lat' dir='ltr'>dicat:</span> <span class='ocrx_word' id='word_1_783' title='bbox 1609 4909 1637 4937; x_wconf 84' lang='lat'><strong>«</strong></span> <span class='ocrx_word' id='word_1_784' title='bbox 1697 4887 1871 4951; x_wconf 85' lang='lat' dir='ltr'>Multi</span> 
     </span>
    </p>
   </div>
   <div class='ocr_carea' id='block_1_90' title="bbox 216 4975 1868 5047">
    <p class='ocr_par' dir='ltr' id='par_1_90' title="bbox 216 4975 1868 5047">
     <span class='ocr_line' id='line_1_90' title="bbox 216 4975 1868 5047; baseline -0.001 -15"><span class='ocrx_word' id='word_1_785' title='bbox 216 4977 310 5047; x_wconf 91' lang='lat' dir='ltr'>qui</span> <span class='ocrx_word' id='word_1_786' title='bbox 343 4978 552 5034; x_wconf 88' lang='lat' dir='ltr'>sedent</span> <span class='ocrx_word' id='word_1_787' title='bbox 574 4975 634 5031; x_wconf 90' lang='lat' dir='ltr'>in</span> <span class='ocrx_word' id='word_1_788' title='bbox 681 4975 908 5031; x_wconf 86' lang='lat' dir='ltr'>tumulo</span> <span class='ocrx_word' id='word_1_789' title='bbox 938 4978 1131 5043; x_wconf 62' lang='lat' dir='ltr'>terrae,</span> <span class='ocrx_word' id='word_1_790' title='bbox 1162 4979 1497 5047; x_wconf 83' lang='lat' dir='ltr'>exsurgent,</span> <span class='ocrx_word' id='word_1_791' title='bbox 1548 4975 1643 5030; x_wconf 89' lang='lat' dir='ltr'>isti</span> <span class='ocrx_word' id='word_1_792' title='bbox 1675 4976 1733 5030; x_wconf 93' lang='lat' dir='ltr'>in</span> <span class='ocrx_word' id='word_1_793' title='bbox 1789 4976 1868 5030; x_wconf 90' lang='lat' dir='ltr'>vi-</span> 
     </span>
    </p>
   </div>
   <div class='ocr_carea' id='block_1_91' title="bbox 213 5063 1864 5136">
    <p class='ocr_par' dir='ltr' id='par_1_91' title="bbox 213 5063 1864 5136">
     <span class='ocr_line' id='line_1_91' title="bbox 213 5063 1864 5136; baseline 0 -16"><span class='ocrx_word' id='word_1_794' title='bbox 213 5069 333 5121; x_wconf 83' lang='lat' dir='ltr'>tam</span> <span class='ocrx_word' id='word_1_795' title='bbox 364 5071 664 5131; x_wconf 70' lang='lat' dir='ltr'>aeternam,</span> <span class='ocrx_word' id='word_1_796' title='bbox 695 5069 752 5120; x_wconf 91' lang='lat' dir='ltr'>et</span> <span class='ocrx_word' id='word_1_797' title='bbox 779 5065 875 5120; x_wconf 89' lang='lat' dir='ltr'>isti</span> <span class='ocrx_word' id='word_1_798' title='bbox 918 5064 976 5119; x_wconf 89' lang='lat' dir='ltr'>in</span> <span class='ocrx_word' id='word_1_799' title='bbox 1036 5063 1414 5136; x_wconf 87' lang='lat' dir='ltr'>opprobrium</span> <span class='ocrx_word' id='word_1_800' title='bbox 1465 5068 1524 5119; x_wconf 88' lang='lat' dir='ltr'>et</span> <span class='ocrx_word' id='word_1_801' title='bbox 1571 5063 1864 5120; x_wconf 85' lang='lat' dir='ltr'>confusio-</span> 
     </span>
    </p>
   </div>
   <div class='ocr_carea' id='block_1_92' title="bbox 216 5151 1869 5226">
    <p class='ocr_par' dir='ltr' id='par_1_92' title="bbox 216 5151 1869 5226">
     <span class='ocr_line' id='line_1_92' title="bbox 216 5151 1869 5226; baseline 0.001 -19"><span class='ocrx_word' id='word_1_802' title='bbox 216 5170 345 5209; x_wconf 89' lang='lat' dir='ltr'>nem</span> <span class='ocrx_word' id='word_1_803' title='bbox 377 5157 778 5222; x_wconf 82' lang='lat' dir='ltr'>aeternam;et</span> <span class='ocrx_word' id='word_1_804' title='bbox 823 5154 1219 5226; x_wconf 87' lang='lat' dir='ltr'>intelligentes</span> <span class='ocrx_word' id='word_1_805' title='bbox 1276 5151 1668 5225; x_wconf 90' lang='lat' dir='ltr'>splendebunt</span> <span class='ocrx_word' id='word_1_806' title='bbox 1716 5152 1869 5208; x_wconf 91' lang='lat' dir='ltr'>sicut</span> 
     </span>
    </p>
   </div>
   <div class='ocr_carea' id='block_1_93' title="bbox 214 5240 1865 5315">
    <p class='ocr_par' dir='ltr' id='par_1_93' title="bbox 214 5240 1865 5315">
     <span class='ocr_line' id='line_1_93' title="bbox 214 5240 1865 5315; baseline -0.001 -17"><span class='ocrx_word' id='word_1_807' title='bbox 214 5243 495 5315; x_wconf 87' lang='lat' dir='ltr'>splendor</span> <span class='ocrx_word' id='word_1_808' title='bbox 523 5242 669 5312; x_wconf 75' lang='lat' dir='ltr'>cce-li,</span> <span class='ocrx_word' id='word_1_809' title='bbox 701 5247 758 5299; x_wconf 91' lang='lat' dir='ltr'>et</span> <span class='ocrx_word' id='word_1_810' title='bbox 785 5243 856 5298; x_wconf 92' lang='lat' dir='ltr'>de</span> <span class='ocrx_word' id='word_1_811' title='bbox 878 5242 1060 5314; x_wconf 90' lang='lat' dir='ltr'>justis</span> <span class='ocrx_word' id='word_1_812' title='bbox 1113 5241 1282 5298; x_wconf 92' lang='lat' dir='ltr'>multi</span> <span class='ocrx_word' id='word_1_813' title='bbox 1313 5242 1464 5298; x_wconf 89' lang='lat' dir='ltr'>sicut</span> <span class='ocrx_word' id='word_1_814' title='bbox 1494 5240 1678 5298; x_wconf 65' lang='lat' dir='ltr'>stella;</span> <span class='ocrx_word' id='word_1_815' title='bbox 1707 5241 1865 5298; x_wconf 84' lang='lat' dir='ltr'>luce-</span> 
     </span>
    </p>
   </div>
   <div class='ocr_carea' id='block_1_94' title="bbox 216 5330 944 5404">
    <p class='ocr_par' dir='ltr' id='par_1_94' title="bbox 216 5330 944 5404">
     <span class='ocr_line' id='line_1_94' title="bbox 216 5330 944 5404; baseline 0.005 -20"><span class='ocrx_word' id='word_1_816' title='bbox 216 5330 363 5385; x_wconf 88' lang='lat' dir='ltr'>bunt</span> <span class='ocrx_word' id='word_1_817' title='bbox 395 5332 554 5401; x_wconf 88' lang='lat' dir='ltr'>(Dan.</span> <span class='ocrx_word' id='word_1_818' title='bbox 584 5347 685 5400; x_wconf 80' lang='lat' dir='ltr'>x11,</span> <span class='ocrx_word' id='word_1_819' title='bbox 716 5334 774 5402; x_wconf 84' lang='lat'>2,</span> <span class='ocrx_word' id='word_1_820' title='bbox 805 5333 880 5404; x_wconf 87' lang='lat'>3).</span> <span class='ocrx_word' id='word_1_821' title='bbox 917 5352 944 5379; x_wconf 85' lang='lat'>»</span> 
     </span>
    </p>
   </div>
   <div class='ocr_carea' id='block_1_95' title="bbox 288 5561 1869 5640">
    <p class='ocr_par' dir='ltr' id='par_1_95' title="bbox 288 5561 1869 5640">
     <span class='ocr_line' id='line_1_95' title="bbox 288 5561 1869 5640; baseline 0.001 -20"><span class='ocrx_word' id='word_1_822' title='bbox 288 5564 399 5636; x_wconf 85' lang='lat'>(56)</span> <span class='ocrx_word' id='word_1_823' title='bbox 430 5563 693 5640; x_wconf 80' lang='lat' dir='ltr'>Intellige</span> <span class='ocrx_word' id='word_1_824' title='bbox 747 5564 929 5624; x_wconf 84' lang='lat' dir='ltr'>libros</span> <span class='ocrx_word' id='word_1_825' title='bbox 980 5564 1056 5623; x_wconf 78' lang='lat' dir='ltr'>Da</span> <span class='ocrx_word' id='word_1_826' title='bbox 1107 5565 1303 5639; x_wconf 66' lang='lat' dir='ltr'>fratris</span> <span class='ocrx_word' id='word_1_827' title='bbox 1360 5562 1528 5636; x_wconf 72' lang='lat' dir='ltr'>obitu,</span> <span class='ocrx_word' id='word_1_828' title='bbox 1561 5565 1620 5620; x_wconf 88' lang='lat' dir='ltr'>et</span> <span class='ocrx_word' id='word_1_829' title='bbox 1649 5567 1728 5624; x_wconf 82' lang='lat' dir='ltr'>De</span> <span class='ocrx_word' id='word_1_830' title='bbox 1763 5561 1869 5638; x_wconf 74' lang='lat' dir='ltr'>ﬁde</span> 
     </span>
    </p>
   </div>
   <div class='ocr_carea' id='block_1_96' title="bbox 219 5634 664 5695">
    <p class='ocr_par' dir='ltr' id='par_1_96' title="bbox 219 5634 664 5695">
     <span class='ocr_line' id='line_1_96' title="bbox 219 5634 664 5695; baseline 0.007 -3"><span class='ocrx_word' id='word_1_831' title='bbox 219 5634 664 5695; x_wconf 58' lang='lat' dir='ltr'>Retur&#39;rectiom&#39;i.</span> 
     </span>
    </p>
   </div>
   <div class='ocr_carea' id='block_1_97' title="bbox 1975 4619 3623 4697">
    <p class='ocr_par' dir='ltr' id='par_1_97' title="bbox 1975 4619 3623 4697">
     <span class='ocr_line' id='line_1_97' title="bbox 1975 4619 3623 4697; baseline 0.007 -23"><span class='ocrx_word' id='word_1_832' title='bbox 1975 4620 2260 4691; x_wconf 88' lang='lat' dir='ltr'>Propheta</span> <span class='ocrx_word' id='word_1_833' title='bbox 2290 4624 2454 4692; x_wconf 88' lang='lat' dir='ltr'>rogat</span> <span class='ocrx_word' id='word_1_834' title='bbox 2484 4637 2555 4675; x_wconf 89' lang='lat' dir='ltr'>ne</span> <span class='ocrx_word' id='word_1_835' title='bbox 2586 4619 2762 4677; x_wconf 90' lang='lat' dir='ltr'>intret</span> <span class='ocrx_word' id='word_1_836' title='bbox 2790 4622 3072 4678; x_wconf 89' lang='lat' dir='ltr'>Dominus</span> <span class='ocrx_word' id='word_1_837' title='bbox 3095 4626 3150 4679; x_wconf 92' lang='lat' dir='ltr'>in</span> <span class='ocrx_word' id='word_1_838' title='bbox 3173 4626 3466 4697; x_wconf 90' lang='lat' dir='ltr'>judicium</span> <span class='ocrx_word' id='word_1_839' title='bbox 3488 4645 3623 4685; x_wconf 87' lang='lat' dir='ltr'>cum</span> 
     </span>
    </p>
   </div>
   <div class='ocr_carea' id='block_1_98' title="bbox 1975 4709 3625 4789">
    <p class='ocr_par' dir='ltr' id='par_1_98' title="bbox 1975 4709 3625 4789">
     <span class='ocr_line' id='line_1_98' title="bbox 1975 4709 3625 4789; baseline 0.004 -24"><span class='ocrx_word' id='word_1_840' title='bbox 1975 4725 2137 4765; x_wconf 89' lang='lat' dir='ltr'>servo</span> <span class='ocrx_word' id='word_1_841' title='bbox 2169 4725 2273 4764; x_wconf 91' lang='lat' dir='ltr'>suo</span> <span class='ocrx_word' id='word_1_842' title='bbox 2304 4709 2476 4779; x_wconf 81' lang='lat' dir='ltr'>(Psal.</span> <span class='ocrx_word' id='word_1_843' title='bbox 2511 4727 2678 4775; x_wconf 84' lang='lat' dir='ltr'>cxxu,</span> <span class='ocrx_word' id='word_1_844' title='bbox 2711 4711 2767 4781; x_wconf 87' lang='lat'>2)</span> <span class='ocrx_word' id='word_1_845' title='bbox 2795 4729 2808 4780; x_wconf 92' lang='lat'><strong>;</strong></span> <span class='ocrx_word' id='word_1_846' title='bbox 2841 4717 3060 4784; x_wconf 90' lang='lat' dir='ltr'>quanto</span> <span class='ocrx_word' id='word_1_847' title='bbox 3091 4715 3280 4788; x_wconf 83' lang='lat' dir='ltr'>magis</span> <span class='ocrx_word' id='word_1_848' title='bbox 3311 4733 3427 4773; x_wconf 92' lang='lat' dir='ltr'>non</span> <span class='ocrx_word' id='word_1_849' title='bbox 3461 4718 3625 4789; x_wconf 88' lang='lat' dir='ltr'>judi-</span> 
     </span>
    </p>
   </div>
   <div class='ocr_carea' id='block_1_99' title="bbox 1975 4796 3624 4874">
    <p class='ocr_par' dir='ltr' id='par_1_99' title="bbox 1975 4796 3624 4874">
     <span class='ocr_line' id='line_1_99' title="bbox 1975 4796 3624 4874; baseline 0.004 -21"><span class='ocrx_word' id='word_1_850' title='bbox 1975 4799 2133 4854; x_wconf 90' lang='lat' dir='ltr'>cium</span> <span class='ocrx_word' id='word_1_851' title='bbox 2162 4796 2390 4852; x_wconf 92' lang='lat' dir='ltr'>Domini</span> <span class='ocrx_word' id='word_1_852' title='bbox 2422 4797 2628 4853; x_wconf 90' lang='lat' dir='ltr'>timere</span> <span class='ocrx_word' id='word_1_853' title='bbox 2659 4799 2940 4857; x_wconf 89' lang='lat' dir='ltr'>debemus</span> <span class='ocrx_word' id='word_1_854' title='bbox 2961 4802 2988 4855; x_wconf 80' lang='lat'>‘?</span> <span class='ocrx_word' id='word_1_855' title='bbox 3017 4807 3172 4859; x_wconf 92' lang='lat' dir='ltr'>Pone</span> <span class='ocrx_word' id='word_1_856' title='bbox 3201 4804 3341 4874; x_wconf 90' lang='lat' dir='ltr'>quia</span> <span class='ocrx_word' id='word_1_857' title='bbox 3397 4805 3624 4862; x_wconf 88' lang='lat' dir='ltr'>miseri-</span> 
     </span>
    </p>
   </div>
   <div class='ocr_carea' id='block_1_100' title="bbox 1976 4885 3628 4964">
    <p class='ocr_par' dir='ltr' id='par_1_100' title="bbox 1976 4885 3628 4964">
     <span class='ocr_line' id='line_1_100' title="bbox 1976 4885 3628 4964; baseline 0.004 -22"><span class='ocrx_word' id='word_1_858' title='bbox 1976 4904 2105 4942; x_wconf 90' lang='lat' dir='ltr'>cors</span> <span class='ocrx_word' id='word_1_859' title='bbox 2136 4887 2418 4942; x_wconf 91' lang='lat' dir='ltr'>Dominus</span> <span class='ocrx_word' id='word_1_860' title='bbox 2450 4885 2714 4958; x_wconf 90' lang='lat' dir='ltr'>ignoscet</span> <span class='ocrx_word' id='word_1_861' title='bbox 2745 4894 2966 4960; x_wconf 89' lang='lat' dir='ltr'>quanta</span> <span class='ocrx_word' id='word_1_862' title='bbox 2995 4892 3316 4962; x_wconf 87' lang='lat' dir='ltr'>prodentur</span> <span class='ocrx_word' id='word_1_863' title='bbox 3336 4909 3462 4964; x_wconf 68' lang='lat' dir='ltr'>quae</span> <span class='ocrx_word' id='word_1_864' title='bbox 3486 4892 3628 4949; x_wconf 87' lang='lat' dir='ltr'>late-</span> 
     </span>
    </p>
   </div>
   <div class='ocr_carea' id='block_1_101' title="bbox 1976 4975 3622 5050">
    <p class='ocr_par' dir='ltr' id='par_1_101' title="bbox 1976 4975 3622 5050">
     <span class='ocr_line' id='line_1_101' title="bbox 1976 4975 3622 5050; baseline 0.004 -20"><span class='ocrx_word' id='word_1_865' title='bbox 1976 4991 2036 5030; x_wconf 87' lang='lat' dir='ltr'>re</span> <span class='ocrx_word' id='word_1_866' title='bbox 2067 4975 2372 5030; x_wconf 90' lang='lat' dir='ltr'>credebam</span> <span class='ocrx_word' id='word_1_867' title='bbox 2393 4975 2420 5028; x_wconf 84' lang='lat'><strong><em>?</em></strong></span> <span class='ocrx_word' id='word_1_868' title='bbox 2451 4975 2557 5038; x_wconf 91' lang='lat' dir='ltr'>Qui</span> <span class='ocrx_word' id='word_1_869' title='bbox 2588 4976 2799 5046; x_wconf 88' lang='lat' dir='ltr'>pudor,</span> <span class='ocrx_word' id='word_1_870' title='bbox 2830 4994 2956 5047; x_wconf 68' lang='lat' dir='ltr'>qua:</span> <span class='ocrx_word' id='word_1_871' title='bbox 2989 4978 3251 5032; x_wconf 87' lang='lat' dir='ltr'>confusio</span> <span class='ocrx_word' id='word_1_872' title='bbox 3299 4979 3408 5034; x_wconf 87' lang='lat' dir='ltr'>erit</span> <span class='ocrx_word' id='word_1_873' title='bbox 3455 4980 3622 5050; x_wconf 87' lang='lat' dir='ltr'>mihi,</span> 
     </span>
    </p>
   </div>
   <div class='ocr_carea' id='block_1_102' title="bbox 1975 5061 3622 5137">
    <p class='ocr_par' dir='ltr' id='par_1_102' title="bbox 1975 5061 3622 5137">
     <span class='ocr_line' id='line_1_102' title="bbox 1975 5061 3622 5137; baseline 0.004 -19"><span class='ocrx_word' id='word_1_874' title='bbox 1975 5080 2109 5118; x_wconf 90' lang='lat' dir='ltr'>cum</span> <span class='ocrx_word' id='word_1_875' title='bbox 2141 5063 2233 5118; x_wconf 89' lang='lat' dir='ltr'>his</span> <span class='ocrx_word' id='word_1_876' title='bbox 2267 5063 2366 5134; x_wconf 88' lang='lat' dir='ltr'>qui</span> <span class='ocrx_word' id='word_1_877' title='bbox 2397 5061 2544 5118; x_wconf 89' lang='lat' dir='ltr'>alios</span> <span class='ocrx_word' id='word_1_878' title='bbox 2575 5064 2890 5134; x_wconf 79' lang='lat' dir='ltr'>profitebar</span> <span class='ocrx_word' id='word_1_879' title='bbox 2917 5065 3141 5133; x_wconf 84' lang='lat' dir='ltr'>decere,</span> <span class='ocrx_word' id='word_1_880' title='bbox 3190 5066 3315 5137; x_wconf 90' lang='lat' dir='ltr'>ipse</span> <span class='ocrx_word' id='word_1_881' title='bbox 3345 5067 3402 5122; x_wconf 90' lang='lat' dir='ltr'>in</span> <span class='ocrx_word' id='word_1_882' title='bbox 3426 5085 3492 5124; x_wconf 87' lang='lat' dir='ltr'>eo</span> <span class='ocrx_word' id='word_1_883' title='bbox 3524 5069 3622 5126; x_wconf 89' lang='lat' dir='ltr'>de-</span> 
     </span>
    </p>
   </div>
   <div class='ocr_carea' id='block_1_103' title="bbox 1974 5151 3127 5225">
    <p class='ocr_par' dir='ltr' id='par_1_103' title="bbox 1974 5151 3127 5225">
     <span class='ocr_line' id='line_1_103' title="bbox 1974 5151 3127 5225; baseline -0.001 -17"><span class='ocrx_word' id='word_1_884' title='bbox 1974 5152 2321 5225; x_wconf 87' lang='lat' dir='ltr'>prehendar,</span> <span class='ocrx_word' id='word_1_885' title='bbox 2353 5151 2411 5205; x_wconf 92' lang='lat' dir='ltr'>in</span> <span class='ocrx_word' id='word_1_886' title='bbox 2445 5167 2556 5222; x_wconf 89' lang='lat' dir='ltr'>quo</span> <span class='ocrx_word' id='word_1_887' title='bbox 2588 5151 2732 5207; x_wconf 89' lang='lat' dir='ltr'>alios</span> <span class='ocrx_word' id='word_1_888' title='bbox 2762 5152 3078 5224; x_wconf 89' lang='lat' dir='ltr'>arguebam</span> <span class='ocrx_word' id='word_1_889' title='bbox 3099 5153 3127 5207; x_wconf 85' lang='lat'><strong>?</strong></span> 
     </span>
    </p>
   </div>
   <div class='ocr_carea' id='block_1_104' title="bbox 2044 5239 3622 5316">
    <p class='ocr_par' dir='ltr' id='par_1_104' title="bbox 2044 5239 3622 5316">
     <span class='ocr_line' id='line_1_104' title="bbox 2044 5239 3622 5316; baseline 0.004 -21"><span class='ocrx_word' id='word_1_890' title='bbox 2044 5242 2133 5295; x_wconf 81' lang='grc'>54.</span> <span class='ocrx_word' id='word_1_891' title='bbox 2166 5240 2233 5294; x_wconf 90' lang='lat' dir='ltr'>Et</span> <span class='ocrx_word' id='word_1_892' title='bbox 2263 5239 2392 5294; x_wconf 92' lang='lat' dir='ltr'>ideo</span> <span class='ocrx_word' id='word_1_893' title='bbox 2425 5239 2700 5311; x_wconf 89' lang='lat' dir='ltr'>quoniam</span> <span class='ocrx_word' id='word_1_894' title='bbox 2733 5245 2789 5295; x_wconf 90' lang='lat' dir='ltr'>et</span> <span class='ocrx_word' id='word_1_895' title='bbox 2818 5241 3079 5296; x_wconf 87' lang='lat' dir='ltr'>Salvator</span> <span class='ocrx_word' id='word_1_896' title='bbox 3103 5243 3218 5298; x_wconf 91' lang='lat' dir='ltr'>duo</span> <span class='ocrx_word' id='word_1_897' title='bbox 3273 5260 3486 5316; x_wconf 89' lang='lat' dir='ltr'>genera</span> <span class='ocrx_word' id='word_1_898' title='bbox 3536 5264 3622 5302; x_wconf 87' lang='lat' dir='ltr'>re-</span> 
     </span>
    </p>
   </div>
   <div class='ocr_carea' id='block_1_105' title="bbox 1977 5327 3623 5408">
    <p class='ocr_par' dir='ltr' id='par_1_105' title="bbox 1977 5327 3623 5408">
     <span class='ocr_line' id='line_1_105' title="bbox 1977 5327 3623 5408; baseline 0.004 -23"><span class='ocrx_word' id='word_1_899' title='bbox 1977 5327 2356 5385; x_wconf 88' lang='lat' dir='ltr'>surrectionis</span> <span class='ocrx_word' id='word_1_900' title='bbox 2388 5327 2583 5400; x_wconf 86' lang='lat' dir='ltr'>posuit</span> <span class='ocrx_word' id='word_1_901' title='bbox 2613 5329 2747 5401; x_wconf 85' lang='lat'>(57),</span> <span class='ocrx_word' id='word_1_902' title='bbox 2779 5333 2836 5385; x_wconf 91' lang='lat' dir='ltr'>et</span> <span class='ocrx_word' id='word_1_903' title='bbox 2879 5329 3136 5386; x_wconf 88' lang='lat' dir='ltr'>Joannes</span> <span class='ocrx_word' id='word_1_904' title='bbox 3167 5332 3225 5387; x_wconf 90' lang='lat' dir='ltr'>in</span> <span class='ocrx_word' id='word_1_905' title='bbox 3276 5335 3623 5408; x_wconf 85' lang='lat' dir='ltr'>Apocalypsi</span> 
     </span>
    </p>
   </div>
   <div class='ocr_carea' id='block_1_106' title="bbox 2047 5556 3623 5630">
    <p class='ocr_par' dir='ltr' id='par_1_106' title="bbox 2047 5556 3623 5630">
     <span class='ocr_line' id='line_1_106' title="bbox 2047 5556 3623 5630; baseline 0.007 -16"><span class='ocrx_word' id='word_1_906' title='bbox 2047 5557 2160 5630; x_wconf 86' lang='lat'>(57)</span> <span class='ocrx_word' id='word_1_907' title='bbox 2191 5556 2432 5630; x_wconf 84' lang='lat' dir='ltr'>Videtur</span> <span class='ocrx_word' id='word_1_908' title='bbox 2459 5556 2554 5630; x_wconf 90' lang='lat' dir='ltr'>hic</span> <span class='ocrx_word' id='word_1_909' title='bbox 2586 5574 2700 5630; x_wconf 89' lang='lat' dir='ltr'>non</span> <span class='ocrx_word' id='word_1_910' title='bbox 2761 5557 3014 5616; x_wconf 89' lang='lat' dir='ltr'>multum</span> <span class='ocrx_word' id='word_1_911' title='bbox 3068 5565 3335 5622; x_wconf 88' lang='lat' dir='ltr'>recedere</span> <span class='ocrx_word' id='word_1_912' title='bbox 3382 5570 3623 5625; x_wconf 78' lang='lat' dir='ltr'>sanctus</span> 
     </span>
    </p>
   </div>
   <div class='ocr_carea' id='block_1_107' title="bbox 1973 5629 3621 5710">
    <p class='ocr_par' dir='ltr' id='par_1_107' title="bbox 1973 5629 3621 5710">
     <span class='ocr_line' id='line_1_107' title="bbox 1973 5629 3621 5710; baseline 0.005 -20"><span class='ocrx_word' id='word_1_913' title='bbox 1973 5629 2318 5691; x_wconf 85' lang='lat' dir='ltr'>Ambrosius</span> <span class='ocrx_word' id='word_1_914' title='bbox 2348 5630 2421 5689; x_wconf 84' lang='lat' dir='ltr'>ad</span> <span class='ocrx_word' id='word_1_915' title='bbox 2451 5629 2725 5710; x_wconf 83' lang='lat' dir='ltr'>opinione</span> <span class='ocrx_word' id='word_1_916' title='bbox 2754 5631 3396 5702; x_wconf 83' lang='lat' dir='ltr'>Chiliastarum.Noli~m</span> <span class='ocrx_word' id='word_1_917' title='bbox 3427 5643 3621 5703; x_wconf 76' lang='lat' dir='ltr'>autem</span> 
     </span>
    </p>
   </div>
  </div>
