3894 6208
289 356 407 417 995

1767 355 1833 416 8.
1880 352 2257 416 AMBROSII

3541 358 3644 424 99,
3690 370 3695 377 .

289 488 471 545 dixit:
508 511 535 539 «
570 487 783 544 Beatus
815 486 914 560 qui
943 485 1119 543 habet
1146 487 1369 557 partem
1400 485 1459 540 in
1498 486 1689 558 prima
1748 502 1936 541 resur—
1962 487 2017 553 Α
2047 485 2278 553 derunt,
2322 488 2378 541 et
2434 484 2608 540 ﬁdem
2657 499 2826 540 suam
2880 484 3055 541 etiam
3113 484 3378 558 operibus
3424 495 3645 549 exsecuti

288 577 546 634 rectione
577 580 761 648 (Apoc.
794 594 886 644 xx,
916 577 994 647 6),
1026 575 1125 631 isti
1181 574 1337 631 enim
1397 574 1524 631 sine
1572 573 1796 646 judicio
1846 592 1941 630 ve-

292 668 463 722 niunt
486 667 557 721 ad
590 666 872 739 gratiam:
907 665 1004 737 qui
1040 668 1233 720 autem
1284 680 1402 719 non
1449 662 1690 719 veniunt
1720 663 1792 718 ad
1824 662 1941 734 pri-

291 771 449 811 mam
477 753 989 821 resurrectionem,
1022 753 1123 808 sed
1155 752 1227 808 ad
1270 752 1591 808 secundam
1646 768 1940 806 reservan-

287 848 404 909 tur,
438 842 532 899 isti
575 847 839 908 urentur,
894 844 1079 897 donec
1138 839 1429 913 impleant
1484 845 1749 913 tempora
1792 839 1944 895 inter

286 931 539 1002 primam
570 935 626 985 et
658 930 978 986 secundam
1028 928 1554 986 resurrectionem:
1589 933 1691 985 aut
1718 928 1766 983 si
1827 944 1939 983 non

285 1017 673 1092 impleverint,
732 1016 959 1074 diutius
1029 1017 1090 1073 in
1147 1017 1434 1090 supplicio
1494 1017 1939 1091 permanebunt.

284 1108 418 1164 Ideo
474 1122 613 1179 ergo
679 1122 955 1179 rogemus
1021 1110 1088 1162 ut
1146 1105 1205 1160 in
1273 1106 1466 1178 prima
1521 1103 1943 1161 resurrectione

286 1200 513 1270 partem
544 1194 760 1250 habere
790 1210 1139 1250 mereamur.
1174 1194 1323 1249 Sunt
1343 1194 1445 1266 qui
1502 1181 1943 1250 resurrexerunt

282 1287 342 1342 in
374 1283 647 1358 passione
676 1282 891 1338 Christi
917 1301 929 1350 ;
958 1286 1015 1339 et
1043 1282 1143 1339 isti
1174 1281 1347 1354 plane
1379 1281 1553 1349 beati,
1613 1281 1713 1354 qui
1773 1298 1939 1337 acce-

282 1377 497 1446 perunt
525 1370 741 1427 Christi
772 1370 1043 1443 gratiam,
1092 1374 1149 1426 et
1205 1369 1517 1426 audierunt
1569 1386 1771 1425 vocem
1811 1370 1940 1440 ejus

282 1464 353 1519 de
385 1479 503 1534 qua
524 1461 803 1532 scriptum
836 1463 962 1515 est:
997 1481 1024 1507 «
1056 1459 1229 1515 Venit
1258 1458 1401 1515 hora
1421 1459 1658 1531 quando
1703 1458 1941 1514 audient

283 1548 501 1607 mortui
522 1563 722 1604 vocem
755 1546 882 1603 Filii
916 1547 1039 1613 Dei,
1095 1552 1153 1604 et
1208 1547 1309 1619 qui
1372 1548 1688 1616 audierint,
1746 1547 1940 1602 vivent

279 1643 469 1711 (Joan.
499 1656 553 1707 v,
583 1639 693 1708 25).
733 1637 896 1692 nEt:
959 1660 986 1686 ‹‹
1050 1636 1304 1708 Ingressi
1357 1641 1497 1692 sunt
1552 1635 1611 1690 in
1672 1640 1936 1692 sanctam

279 1728 568 1784 civitatem
601 1724 819 1798 (Matth.
877 1742 1054 1790 xxvn,
1112 1727 1202 1780 53.
1242 1748 1267 1773 ››
1326 1725 1471 1781 Puto
1530 1724 1684 1796 quod
1748 1724 1937 1796 magis

2054 578 2212 640 sunt,
2245 572 2358 645 ipsi
2393 590 2509 628 non
2554 572 2827 645 judicari,
2889 574 2991 630 sed
3040 591 3276 648 surgere
3328 576 3384 632 in
3438 580 3646 639 concilio

2044 664 2342 733 justorum
2373 665 2707 733 peccatores
2747 665 2945 718 autem
2999 663 3100 735 qui
3157 680 3270 718 non
3321 672 3543 735 possunt
3573 667 3644 724 in-

2049 754 2139 805 ter
2157 750 2358 822 justos
2388 765 2647 820 surgere,
2680 755 2921 822 surgent
2948 750 3010 806 in
3031 751 3277 822 judicio.
3328 752 3499 810 Habes
3526 756 3648 815 duos

2050 839 2305 894 ordines.
2367 838 2599 894 Tertius
2669 846 2935 911 superest
2990 839 3321 912 impiorum,
3378 843 3470 914 qui
3527 861 3649 916 quo-

2052 926 2208 983 niam
2238 944 2352 983 non
2382 927 2773 996 crediderunt,
2798 928 2926 999 jam
2965 928 3218 1000 judicati
3248 934 3415 998 sunt;
3444 934 3497 987 et
3544 932 3649 992 ideo

2050 1033 2166 1072 non
2197 1019 2449 1089 surgunt
2475 1016 2533 1071 in
2575 1015 2821 1088 judicio,
2875 1017 2976 1073 sed
3011 1018 3083 1073 ad
3113 1034 3376 1089 poenam:
3415 1042 3441 1069 «
3471 1020 3649 1077 dilexe-

2050 1109 2188 1160 runt
2214 1104 2371 1160 enim
2402 1103 2592 1177 magis
2621 1105 2891 1162 tenebras
2921 1123 3097 1177 quam
3129 1105 3318 1164 lucem
3371 1108 3529 1179 (Joan.
3578 1127 3651 1177 ιιι,

2050 1194 2177 1261 19);
2217 1215 2244 1241 ››
2276 1196 2332 1248 et
2360 1192 2488 1248 ideo
2510 1192 2804 1264 judicium
2832 1210 3037 1250 eorum
3066 1212 3239 1266 pcena
3274 1199 3377 1266 est,
3426 1200 3479 1253 et
3527 1198 3648 1255 forte

2048 1298 2221 1352 poena
2272 1282 2663 1337 tenebrarum.
2724 1283 2791 1337 Et
2853 1287 3080 1355 poterat
3148 1282 3383 1355 quidem
3445 1284 3653 1360 intelligi

2048 1370 2204 1442 quod
2235 1370 2274 1425 ii
2307 1369 2406 1443 qui
2438 1369 2591 1426 mala
2635 1387 2812 1443 opera
2842 1371 3080 1440 habent,
3139 1373 3435 1429 credentes
3485 1377 3649 1431 tamen

2049 1458 2109 1514 in
2150 1458 2471 1525 Christum,
2500 1458 2760 1515 volentes
2806 1459 3044 1531 quidem
3105 1464 3259 1516 recte
3312 1460 3519 1528 vivere;
3569 1463 3653 1518 sed

2047 1546 2179 1602 victi
2214 1546 2501 1603 illecebris
2530 1551 2922 1619 peccatorum,
2967 1546 3296 1604 dilexerunt
3349 1548 3474 1621 plus
3524 1554 3653 1607 tene-

2048 1635 2183 1691 bras
2215 1652 2391 1706 quam
2424 1635 2615 1691 lucem
2640 1652 2654 1690 :
2688 1635 2746 1691 id
2775 1639 2883 1704 est,
2908 1640 3224 1710 utrumque
3246 1636 3654 1706 dilexerunt,sed

2049 1723 2237 1795 magis
2267 1724 2556 1779 tenebras.
2590 1724 2702 1780 Sed
2733 1724 2871 1796 quia
2902 1724 2973 1780 de
3000 1724 3118 1781 illis
3143 1725 3425 1797 praemisit
3444 1726 3532 1799 qui
3560 1743 3655 1783 non

275 1816 437 1872 illam
471 1815 761 1887 signiﬁcet
790 1829 1130 1885 supernam,
1159 1830 1341 1886 quam
1370 1814 1545 1870 istam
1576 1811 1926 1881 Jerusalem,
1961 1854 2008 1919 Β
2047 1812 2435 1879 crediderunt,
2471 1812 2555 1867 sic
2612 1812 3018 1885 accipiendum
3080 1818 3219 1885 puto
3280 1813 3429 1885 quod
3481 1813 3655 1869 dilexe-

278 1921 456 1978 quam
489 1902 741 1974 reliquit,
774 1919 950 1973 quam
983 1902 1274 1958 incusavit
1302 1903 1457 1974 quod
1486 1901 1546 1957 in
1568 1902 1742 1958 istam
1774 1901 1932 1973 pedi-

276 1993 409 2060 bus,
441 1992 500 2048 in
530 1991 693 2047 illam
724 1995 921 2047 autem
951 2007 1266 2063 supernam
1300 1989 1524 2046 meritis
1565 1990 1931 2046 intraverint.

344 2084 436 2137 55.
466 2081 573 2136 Sed
626 2078 770 2134 illud
829 2072 1161 2150 caveamus,
1221 2084 1285 2134 ut
1340 2079 1435 2134 hic
1493 2078 1667 2150 positi
1726 2095 1929 2151 surga-

275 2188 409 2228 mus
439 2170 508 2226 de
538 2167 765 2224 tumulo
797 2172 980 2223 terras.
1032 2167 1183 2224 Sunt
1211 2167 1312 2239 qui
1360 2167 1617 2222 viventes
1665 2166 1932 2239 sepulcro

274 2265 415 2317 sunt
445 2256 790 2314 circumdati
816 2261 872 2311 et
912 2255 1119 2328 repleti
1152 2255 1421 2323 mortuis,
1454 2272 1707 2327 quorum
1729 2259 1933 2327 guttur

275 2347 611 2420 sepulcrum
641 2350 751 2413 est,
792 2361 907 2399 non
966 2343 1331 2415 loquentium
1389 2345 1565 2400 verba
1621 2343 1771 2410 vitae,
1829 2344 1927 2399 sed

277 2436 504 2493 mortis.
537 2435 594 2489 Si
621 2434 713 2488 hic
763 2432 1253 2488 resurrexerimus
1313 2450 1347 2487 a
1396 2432 1667 2501 mortuis,
1700 2437 1757 2488 et
1812 2431 1930 2487 illic

277 2539 688 2596 resurgemus:
745 2524 794 2577 si
854 2520 947 2576 hic
1005 2537 1121 2577 non
1183 2520 1471 2577 fuerimus
1530 2538 1666 2578 ossa
1725 2521 1925 2588 arida;

280 2615 431 2671 764
481 2612 580 2669 sed
639 2610 1039 2682 acceperimus
1105 2626 1293 2667 rorem
1364 2609 1560 2676 Verbi,
1621 2610 1928 2667 humorem

276 2702 527 2775 Spiritus
557 2700 765 2767 sancti,
788 2703 844 2755 et
874 2697 1016 2754 illuc
1044 2699 1294 2755 vivimus
1319 2717 1332 2767 ;
1370 2699 1454 2755 sic
1485 2698 1580 2753 hic
1631 2716 1737 2757 nos
1776 2699 1926 2754 exci-

274 2790 484 2847 taverit
514 2789 688 2845 Jesus
716 2804 854 2843 voce
883 2804 992 2843 sua
1034 2778 1272 2859 magna,
1305 2793 1369 2842 ut
1424 2786 1695 2843 excitavit
1753 2788 1928 2843 Laza-

277 2894 430 2945 rum,
455 2882 514 2933 et
568 2886 672 2948 per
726 2873 1046 2946 discipulos
1103 2890 1243 2930 suos
1300 2874 1535 2931 solverit
1589 2892 1623 2931 a
1679 2874 1926 2931 vinculis

276 2966 507 3031 mortis,
546 2968 599 3019 et
629 2962 924 3017 induxerit
952 2961 1011 3016 in
1035 2962 1404 3030 Bethaniam,
1437 2963 1537 3018 ubi
1579 2968 1703 3019 erat
1753 2965 1925 3019 Laza-

275 3071 397 3122 rus,
430 3052 547 3109 hoc,
571 3057 679 3117 est,
713 3051 771 3105 in
803 3051 1044 3106 domum
1077 3050 1448 3118 obeditionis,
1475 3056 1534 3107 et
1588 3052 1925 3108 adhibuerit

274 3142 368 3198 hic
394 3140 653 3198 convivio
700 3156 847 3208 suo;
898 3143 955 3195 et
988 3138 1107 3196 illic
1163 3156 1297 3195 cum
1357 3141 1559 3196 eodem
1617 3142 1920 3197 recumbe-

2044 1904 2181 1955 runt
2209 1900 2498 1967 tenebras,
2527 1904 2584 1956 et
2614 1917 2729 1957 non
2772 1900 3000 1969 lucem;
3060 1901 3161 1957 lux
3214 1902 3374 1958 enim
3425 1901 3655 1959 Christus

2042 1993 2150 2045 est.
2183 1988 2290 2053 Qui
2313 2004 2449 2060 ergo
2480 2005 2595 2045 non
2625 1989 3000 2045 crediderunt
3045 1989 3186 2061 luci,
3247 1989 3551 2046 absurdum
3584 1993 3657 2046 est

2042 2082 2107 2133 ut
2151 2076 2344 2133 lucem
2382 2076 2470 2132 vel
2516 2075 2795 2133 dilexisse
2849 2078 3181 2144 credantur,
3243 2094 3417 2149 quam
3469 2076 3656 2134 nescie-

2042 2170 2195 2222 runt.
2228 2188 2256 2215 ‹‹
2286 2164 2634 2221 Nescierunt
2688 2166 2868 2233 enim,
2901 2181 3089 2238 neque
3146 2164 3555 2236 intellexerunt,
3606 2166 3655 2220 in

2040 2253 2296 2311 tenebris
2344 2252 2668 2320 ambulant,
2729 2278 2756 2302 »
2815 2253 2966 2309 sicut
3023 2253 3313 2326 scriptum
3369 2257 3455 2309 est
3512 2252 3654 2324 (Psal.

2041 2360 2225 2412 LXXXI,
2250 2344 2327 2413 5).

2110 2431 2179 2486 57
2211 2428 2397 2503 (Vers.
2428 2431 2508 2503 6.)
2539 2429 2852 2502 Sequitur:
2888 2454 2914 2480 ‹‹
2968 2430 3260 2497 Quoniam
3308 2430 3461 2487 novit
3494 2428 3658 2486 Domi-

2040 2536 2152 2577 nus
2183 2520 2336 2575 viam
2355 2520 2679 2590 justorum,
2710 2523 2767 2574 et
2801 2519 2907 2574 iter
2939 2518 3260 2591 impiorum
3281 2519 3499 2593 peribit.
3523 2517 3658 2573 »Ad-

2037 2614 2194 2665 verte
2223 2624 2503 2665 sensum:
2541 2631 2562 2658 ι
2599 2609 2723 2664 Νοιι
2757 2613 3073 2681 resurgunt
3101 2609 3277 2681 impii
3319 2609 3377 2664 in
3423 2605 3655 2679 judicio:

2038 2698 2317 2770 quoniam
2339 2698 2497 2752 novit
2512 2697 2795 2753 Dominus
2806 2697 2958 2753 viam
2972 2699 3329 2771 justorum.«
3342 2696 3473 2752 Vias
3488 2711 3659 2752 eorum

2038 2787 2238 2859 utique
2264 2786 2442 2852 novit,
2467 2803 2716 2857 quorum
2757 2785 2956 2858 dirigit
3000 2801 3282 2859 gressus;
3344 2788 3479 2841 sunt
3529 2783 3660 2838 enim

2036 2892 2273 2948 gressus
2307 2874 2634 2941 hominum,
2668 2874 2771 2945 qui
2799 2891 2834 2930 a
2862 2874 3110 2930 Domino
3140 2874 3491 2946 diriguntur.
3537 2871 3658 2927 Diri-

2035 2968 2256 3036 guntur
2275 2980 2309 3018 a
2322 2963 2568 3018 Domino
2589 2968 2645 3018 et
2662 2962 2762 3018 viae
2782 2962 3033 3019 viri.llas
3058 2964 3223 3019 novit
3240 2963 3515 3020 Dominus
3530 2960 3650 3027 vias,

2035 3069 2161 3125 quae
2184 3055 2323 3107 sunt
2350 3056 2538 3119 rectae,
2570 3068 2698 3123 qua;
2728 3051 2800 3107 ad
2831 3049 2992 3107 illam
3024 3052 3203 3107 vitam
3228 3052 3476 3108 tendunt
3499 3048 3659 3104 dicen-

2037 3139 2149 3197 tis:
2183 3165 2209 3191 α
2244 3141 2362 3213 Ego
2393 3157 2523 3196 sum
2557 3140 2666 3208 via,
2698 3139 2930 3207 veritas,
2964 3145 3021 3196 et
3044 3140 3162 3196 vita
3204 3143 3375 3213 (Joan
3404 3156 3513 3208 x1v,
3538 3139 3605 3206 6).
3632 3156 3654 3184 ι)

275 3248 430 3298 mus,
497 3234 556 3287 et
618 3246 751 3285 cum
816 3244 883 3284 eo
950 3244 1180 3300 semper
1243 3228 1635 3301 epulabimur,
1701 3235 1760 3285 et
1823 3221 1993 3286 illeC
2034 3229 2162 3285 Haec
2195 3230 2347 3285 bona
2376 3233 2465 3285 est
2492 3228 2919 3285 viaztortuosa
2949 3234 3145 3285 autem
3204 3234 3300 3286 est
3327 3229 3420 3285 via
3472 3222 3657 3284 saeculi.

273 3320 442 3377 nobis
473 3318 755 3375 redolebit
792 3321 1181 3390 unguentum,
1242 3319 1399 3389 quod
1450 3318 1610 3375 solus
1665 3318 1928 3390 proditor

272 3407 503 3465 dolebat
530 3407 805 3463 effusum.

342 3498 432 3552 56.
465 3496 650 3567 (Vers.
681 3496 762 3565 5.)
828 3496 975 3567 Ergo
1028 3516 1055 3545 α
1092 3494 1258 3567 impii
1318 3512 1433 3551 non
1493 3501 1809 3570 resurgunt
1866 3497 1923 3550 in

266 3585 550 3658 judicio,»
584 3584 694 3639 hoc
717 3585 891 3651 est,in
923 3584 1246 3655 portionem
1278 3601 1480 3640 eorum
1510 3585 1607 3657 qui
1631 3585 1923 3655 judicium

275 3670 526 3727 subituri
559 3662 733 3724 sunt:
772 3692 798 3719 ‹‹
832 3686 936 3724 nec
967 3675 1302 3741 peceatores
1333 3677 1649 3744 resurgunt
1684 3672 1741 3726 in
1791 3690 1923 3727 con-

273 3750 807 3829 ciliojustorumf»
837 3756 1012 3814 Vides
1044 3756 1182 3828 quia
1211 3764 1464 3832 surgunt
1495 3760 1681 3831 impii,
1725 3767 1781 3816 et
1812 3777 1925 3815 non

275 3836 528 3920 surgunt
558 3846 614 3900 in
637 3844 861 3917 judicio
883 3846 1209 3918 justorum,
1244 3848 1384 3919 quia
1427 3854 1760 3919 peccatores
1817 3849 1926 3904 etsi

275 3952 390 3991 non
445 3938 760 4007 resurgunt
815 3935 873 3989 in
933 3933 1178 3991 concilio
1226 3936 1547 4006 justorum,
1611 3943 1928 4011 resurgunt

272 4030 470 4080 tamen
499 4022 559 4079 in
581 4022 826 4095 judicio.
862 4022 1022 4079 Unde
1074 4022 1346 4079 videntur
1390 4026 1489 4096 qui
1540 4026 1687 4081 bene
1742 4026 1924 4082 credi-

275 4183 745 4256 eamintelligas,
777 4200 893 4256 qua
917 4188 1316 4256 Damascenus
1348 4182 1445 4240 lib.
1498 4187 1571 4240 De
1628 4184 1928 4242 haeresib‘us

275 4254 472 4310 tradit.
507 4254 865 4327 Origenistas
895 4255 1185 4321 docuisse,
1219 4254 1424 4309 Christi
1452 4272 1678 4327 regnum
1710 4256 1928 4313 tandem

275 4325 574 4398 aliquando
616 4325 946 4398 desiturum,
980 4396 987 4398 Α
1023 4334 1075 4398 el
1104 4397 1109 4398 γ
1139 4328 1306 4382 simul
1361 4325 1583 4394 angelos
1637 4328 1926 4398 desituros,

277 4396 465 4470 neque
494 4396 668 4470 etiam
692 4396 902 4453 Gobari
921 4396 1221 4453 tritheistac
1243 4397 1670 4468 blasphemiam
1693 4416 1811 4470 qua
1832 4396 1929 4455 as;

279 4468 464 4524 seruit
493 4484 619 4540 cum
637 4468 807 4539 juslis
830 4472 1207 4540 resurrecturi:
1233 4484 1442 4540 quoque
1470 4472 1655 4524 omnia
1710 4468 1926 4525 anima-

280 4541 385 4604 lia,
414 4543 521 4593 etc.’
556 4539 668 4594 Sed
699 4554 826 4593 eam
858 4556 975 4611 qua
1002 4539 1504 4611 dicebantur'jusli
1531 4543 1774 4610 primum
1810 4558 1924 4597 om-

276 4612 437 4682 nium
465 4611 745 4675 revicturi,
776 4613 828 4664 et
878 4610 1007 4664 cum
1060 4610 1272 4665 Christo
1323 4611 1384 4664 in
1439 4626 1655 4666 summa
1679 4628 1814 4682 pace
1867 4629 1931 4669 ac

275 4681 551 4754 voluptate
579 4682 864 4747 regnaturi
887 4696 989 4754 per
1014 4682 1168 4735 mille
1223 4696 1437 4754 annos;
1466 4685 1582 4751 post
1636 4681 1776 4753 quod
1804 4694 1927 4754 spa-

278 4754 418 4809 tium
472 4751 627 4822 [ἱενεί
682 4752 1007 4805 resurrectio
1071 4752 1345 4822 goneralis
1403 4759 1565 4821 atque
1618 4751 1931 4811 universale

270 4821 568 4896 judicium.
611 4822 774 4888 Quod
834 4821 1229 4896 quidemietsi
1284 4822 1591 4896 Ambrosio
1646 4825 1931 4896 tribuere-

285 4911 419 4949 mus
473 4910 590 4949 non
628 4897 802 4965 esset
855 4891 964 4965 cur
1020 4891 1219 4965 mirari
1297 4892 1611 4965 quisquam
1677 4895 1928 4952 deberet.

281 4965 515 5021 Certum
547 4964 701 5020 enim
736 4969 824 5019 est
878 4964 934 5018 in
965 4979 1031 5018 ea
1060 4963 1330 5023 opinione
1374 4963 1489 5020 non
1545 4969 1773 5021 tantum
1806 4967 1931 5023 Ori-

280 5052 486 5109 genem
517 5036 689 5106 cujus
713 5035 1004 5092 sententia
1024 5035 1277 5109 subinde
1302 5036 1358 5090 in
1384 5035 1600 5109 scripta
1620 5054 1729 5094 sua
1748 5042 1934 5095 trans-

282 5107 417 5163 tulit
445 5114 685 5180 sanctus
724 5112 957 5180 noster;
1004 5107 1109 5180 sed
1166 5107 1340 5162 etiam
1400 5107 1728 5180 complures
1786 5109 1933 5167 alios

282 5179 688 5252 fuisseimagni
716 5179 971 5252 nominis
1002 5176 1199 5252 Patres
1229 5182 1355 5233 tum
1376 5176 1609 5252 Graecos
1631 5183 1756 5236 tum
1778 5181 1933 5237 Lati-

284 5267 411 5306 nos.
446 5249 663 5305 Horu‘m
695 5250 1014 5306 reverentia
1035 5249 1299 5305 eamdem
1362 5250 1713 5307 sententiam
1765 5253 1933 5308 dam-

284 5337 424 5376 nare
455 5337 569 5376 non
600 5321 726 5377 ausi
760 5326 900 5376 sunt
929 5321 1161 5376 Hieron.
1191 5320 1248 5374 in
1278 5320 1543 5376 Jeremiae
1573 5339 1687 5389 xux,
1739 5325 1826 5389 11,
1878 5328 1937 5379 et

284 5393 527 5514 August.
563 5391 662 5447 lib.
713 5410 806 5457 xx,
834 5409 960 5463 cap.
1006 5394 1061 5455 7,
1096 5391 1197 5463 qui
1256 5389 1363 5446 hoc
1419 5392 1549 5464 ipso
1606 5393 1730 5449 loco
1789 5395 1935 5451 satis

284 5462 389 5514 dec
416 5468 544 5514 arat
567 5461 709 5514 nihil
743 5464 801 5514 in
833 5463 943 5514 hoc
997 5462 1269 5514 deamata
1323 5461 1436 5514 sibi
1493 5465 1681 5514 magis
1735 5465 1935 5514 dismli-

283 5461 544 5517 declarat
567 5461 709 5515 nihil
743 5461 951 5544 in‘lio'c.
997 5461 1269 5544 dogmatis
1323 5461 1461 5544 sibi
1493 5465 1681 5544 magis
1735 5465 1939 5544 displi-

285 5547 435 5606 cere,
469 5546 646 5606 quam
678 5533 833 5606 quod
859 5532 989 5606 istic
1017 5532 1310 5606 spiritales
1339 5532 1664 5606 voluptates
1695 5552 1810 5592 non
1832 5532 1938 5593 ad-

1959 4587 2006 4651 D

2036 3320 2160 3375 Non
2192 3318 2470 3390 dignatur
2497 3316 2662 3373 illam
2691 3317 2843 3373 viam
2876 3317 3217 3374 nosse.Illos
3243 3318 3402 3375 enim
3430 3312 3660 3389 agnoscit

2036 3406 2138 3480 qui
2168 3410 2308 3462 sunt
2337 3404 2545 3478 ipsius,
2605 3406 2705 3478 qui
2763 3412 3083 3478 operantur
3137 3422 3322 3479 opera
3376 3406 3532 3477 ejus:
3576 3399 3661 3474 qui

2036 3500 2231 3551 autem
2263 3498 2582 3567 Operantur
2609 3492 3000 3566 iniquitatem,
3032 3494 3125 3551 his
3168 3495 3320 3550 dicit
3374 3491 3658 3549 Dominus:

2036 3608 2061 3633 ‹‹
2127 3582 2417 3639 Discedite
2484 3598 2518 3638 a
2577 3598 2691 3651 me,
2760 3598 2965 3638 omnes
3021 3582 3279 3656 cperarii
3340 3577 3659 3653 iniquitatis‘

2038 3691 2152 3728 non
2184 3670 2315 3727 novi
2345 3687 2448 3726 vos
2479 3671 2633 3740 (Luc.
2672 3687 2798 3742 xm,
2829 3673 2943 3739 27).
2988 3693 3014 3721 υ
3072 3671 3199 3727 Non
3264 3687 3369 3745 per
3423 3671 3661 3742 ignoran-

2038 3777 2200 3829 uam,
2235 3761 2336 3816 sed
2367 3776 2470 3831 per
2498 3758 2557 3814 id
2590 3760 2743 3831 quod
2800 3760 3030 3833 indigni
3088 3761 3213 3817 sint
3269 3759 3512 3816 scientia
3557 3752 3661 3820 Dei,

2038 3848 2400 3905 nesciuntur.

2111 3937 2260 3994 765
2292 3938 2382 3993 58.
2419 3935 2665 3993 Pulchre
2696 3941 2894 3994 autem
2925 3937 3043 3993 ait:
3081 3960 3109 3988 «
3138 3938 3211 3992 Et
3240 3937 3353 3994 iter
3380 3933 3661 4008 impiorum

2036 4026 2267 4099 peribit.
2304 4048 2331 4075 ››
2364 4024 2626 4098 Speravit
2655 4025 2920 4094 Latinus,
2953 4029 3018 4081 ut
3047 4025 3158 4082 iter
3186 4026 3432 4096 diceret,
3462 4029 3518 4080 et
3558 4027 3664 4077 tan-

2034 4187 2160 4260 ipse
2230 4184 2594 4260 Augustinus
2670 4184 2889 4260 ibidem
2965 4185 3182 4260 fatetur
3215 4201 3322 4260 _se_
3364 4182 3493 4260 illas
3535 4179 3662 4260 dum

2035 4247 2198 4330 prius
2256 4247 2412 4330 cuin
2449 4255 2792 4330 millenariis
2850 4257 3110 4330 sentiret,
3157 4255 3497 4330 admisisse.
3528 4247 3665 4330 Quod

2033 4318 2169 4385 vero
2199 4344 2331 4400 non
2363 4327 2609 4400 obscure
2665 4327 2894 4383 videtur
2949 4327 3044 4382 hic
3083 4318 3141 4382 et
3194 4327 3357 4400 infra
3413 4339 3568 4400 num.

2036 4405 2211 4471 atque
2240 4398 2384 4471 alibi
2409 4398 2604 4471 doceri
2635 4415 2838 4454 omnes
2868 4403 3199 4470 peccatores
3244 4398 3351 4471 qui
3411 4397 3469 4451 in
3498 4393 3668 4470 Chris-

2035 4468 2162 4543 tum
2194 4469 2566 4543 crediderint,
2608 4475 2739 4542 post
2796 4468 3148 4543 expurgata-
3170 4468 3282 4543 per
3336 4468 3528 4543 ignem
3580 4468 3669 4516 cri-

2038 4542 2199 4597 mina
2224 4540 2542 4613 salvandos
2573 4536 2729 4613 esse,
2761 4536 2888 4597 non‘
2910 4536 3084 4613 modo
3116 4536 3395 4612 Oi‘igenis
3424 4536 3673 4613 aliorum-

2081 4629 2152 4668 ue
2180 4611 2503 4667 multorum
2531 4612 2798 4681 eiusdem
2827 4610 3013 4667 astatis
3042 4608 3287 4666 Patrufn
3314 4627 3386 4666 ea
3414 4608 3672 4681 sententia

2081 4631 2152 4668 ue
2180 4631 2503 4667 multorum
2531 4631 2798 4681 ejusdem
2827 4631 3013 4667 astans
3042 4631 3287 4666 ratrum
3314 4631 3386 4666 ea
3414 4631 3671 4666 seuwuua

2038 4631 2169 4750 linit,
2201 4699 2403 4739 verum
2432 4687 2491 4757 et
2515 4682 2827 4757 ipsiusmet
2857 4681 3189 4757 Hieronymi
3223 4680 3331 4757 lib.
3368 4698 3396 4757 ι
3433 4678 3671 4757 Adiing

2038 4746 2230 4824 Pelag.
2264 4771 2391 4827 cap.
2421 4755 2477 4823 9,
2510 4746 2734 4827 etalibi
2764 4753 3033 4827 pluribus
3064 4746 3232 4827 locis.
3267 4752 3438 4827 Unde
3458 4746 3671 4827 colligas

2038 4821 2293 4897 errorem
2320 4821 2481 4897 hunc
2508 4824 2628 4881 illis
2658 4821 3020 4897 tem'poribus
3050 4824 3309 4897 necdum
3364 4823 3437 4878 ab
3467 4821 3666 4897 Eccle-

2040 4898 2128 4954 sia
2151 4896 2373 4972 liquido
2404 4895 2587 4972 fuisse
2618 4892 3010 4969 reprobatum.
3043 4896 3167 4972 sed.
3185 4911 3341 4972 c_um_
3357 4892 3672 4972 ambrosius

2084 4962 2261 5023 raefat.
2321 4968 2381 5040 in
2413 4966 2555 5039 psal.
2608 4962 2820 5034 xxivn,
2868 4984 3029 5023 num.
3082 4970 3119 5022 2
3157 4964 3448 5040 absolute
3502 4962 3670 5040 dicat:

2089 5041 2181 5095 am
2245 5041 2294 5094 si
2356 5030 2500 5094 hanc
2575 5030 2818 5110 peccata
2872 5039 3066 5109 gravia
3142 5038 3475 5110 portaveris,
3552 5030 3670 5090 έιιίε.

2089 5126 2253 5152 omna.
2317 5109 2373 5152 in
2418 5110 2608 5152 futura
2676 5109 2810 5152 vita,
2873 5111 3118 5152 rpnuiam
3154 5124 3264 5152 nan
3335 5105 3584 5152 habebis:
3628 5101 3677 5152 et

2041 5126 2253 5182 nempe
2317 5109 2375 5165 in
2417 5105 2615 5165 futura
2676 5109 2815 5176 vita,
2872 5105 3118 5181 requiem
3142 5105 3267 5164 ἠοη
3334 5105 3586 5168 habebis;
3628 5105 3675 5173 ei

2042 5181 2177 5237 alibi
2211 5196 2326 5236 non
2356 5179 2669 5236 dissimilia
2696 5181 2924 5236 tradat:
2956 5196 3092 5236 eum
3123 5180 3235 5235 hoc
3287 5178 3402 5235 loci
3434 5191 3543 5231 non
3571 5178 3674 5227 tam

2042 5270 2107 5293 ογ
2141 5252 2370 5293 nrnnrin
2430 5268 2602 5293 nnnm
2632 5267 2696 5293 ριν
2730 5256 3179 5293 mnmnrntnrnm
3217 5250 3459 5293 pair-nm
3507 5244 3675 5293 mento

2042 5270 2111 5309 ex
2141 5252 2395 5324 propria,
2430 5268 2606 5322 quam
2632 5267 2700 5307 ex
2730 5256 3183 5308 memoratorum
3217 5250 3460 5305 Patrum
3506 5250 3675 5319 mente

2040 5325 2302 5395 locutum
2330 5322 2957 5395 possumusgjudicare,
3006 5321 3348 5395 Porro__d3_
3374 5320 3485 5395 hac
3524 5326 3676 5395 omni

2042 5388 2455 5467 Chiliastarum
2474 5388 2751 5467 doctrina
2780 5395 2880 5466 qui
2905 5393 3131 5467 plenius
3148 5391 3394 5467 aliquid
3417 5388 3680 5467 desideraf

2044 5467 2146 5534 bit,
2207 5466 2376 5521 adeat
2430 5464 2657 5519 Sixtum
2714 5456 3030 5521 Senensem
3086 5456 3451 5520 Bibliotheca:
3502 5456 3677 5515 sancta

2043 5537 2147 5593 lib.
2178 5554 2235 5603 v,
2280 5536 2479 5592 adnot.
2528 5536 2658 5601 233,
2689 5541 2750 5593 et
2774 5536 2878 5604 lib.
2911 5550 2988 5604 v1,
3021 5536 3219 5592 adnot.
3254 5535 3389 5601 347,
3423 5547 3527 5591 nec
3580 5539 3677 5585 non

285 5602 904 5690 φξῐῇςτξδξιξιξλξρᾲιαιρ
921 5602 1225 5690 ambrosio
1243 5602 1935 5690 atqugaiiisquibusdam
2046 5609 2107 5669 P.
2138 5607 2204 5668 D.
2224 5602 2507 5669 Huctium
2538 5608 2758 5690 Origen.
2790 5602 2893 5668 lib.
2922 5602 2986 5678 u,
3018 5609 3224 5684 quast,
3258 5606 3319 5664 9.

287 5673 451 5755 ipsas
480 5668 709 5733 admitti
735 5672 996 5751 potuisse
1046 5673 1186 5734 hinc
1242 5668 1489 5753 intelligi
1545 5668 1739 5753 datur,
1774 5681 1935 5756 quod
