3894 6208
139 351 142 355 '
169 367 273 429 991

1187 365 1646 430 ENARRA'I‘IO
1689 367 1769 430 ΙΝ
1811 369 2192 435 PSALMUM
2237 371 2476 434 XXXV.

3415 381 3535 446 998

170 514 324 571 quam
351 497 616 554 discrevit
645 498 754 555 iter
780 498 960 567 avia;
995 499 1228 557 Graecus
1260 505 1454 558 autem
1494 501 1552 556 in
1615 506 1777 558 utro-
1807 508 1862 573 Α
1892 504 2046 574 quod
2079 521 2183 560 nec
2215 506 2286 561 ab
2318 505 2485 562 initio
2529 507 2662 579 fuit,
2695 525 2798 564 nec
2856 507 2984 565 erit.
3045 512 3207 578 Quod
3265 515 3534 572 accidens

170 603 264 660 que
287 587 429 643 viam
458 587 621 644 dixit.
647 589 769 645 Non
799 588 982 646 otiose
1009 593 1206 645 tamen
1236 589 1498 656 Latinus,
1533 590 1672 662 quia
1716 594 1773 646 et

170 675 453 731 Dominus:
486 697 512 725 «
544 675 658 748 Ego
691 692 822 732 sum
851 676 964 744 via,
1003 698 1022 726 ο
1059 675 1239 744 dixit;
1291 693 1406 732 non
1439 675 1619 733 dixit:
1654 678 1768 750 Ego

167 781 279 819 sum
337 756 460 819 iter.
518 763 708 821 Perire
791 768 986 821 autem
1040 765 1150 821 iter
1203 764 1517 837 impiorum
1602 765 1768 834 dixit,

167 869 264 907 non
315 851 538 925 impios.
587 854 786 910 Servat
832 869 1035 910 eorum
1086 854 1500 923 substantiam,
1555 854 1656 926 qui
1721 854 1772 910 si

165 944 558 1009 convertantur,
589 943 738 1000 766
768 942 961 999 solum
995 944 1105 999 iter
1132 941 1452 1015 impietatis
1482 943 1772 1014 amittent,

222 1081 320 1152 (58)
351 1082 487 1138 Mss.
516 1083 805 1151 nonnulli,
828 1092 890 1141 ut
900 1087 1117 1157 peccati
1143 1086 1381 1142 vinculo.

1881 592 2060 663 igitur
2141 598 2229 648 est
2309 595 2497 666 perit:
2559 598 2713 667 quod
2774 599 3230 670 substantivum,
3314 608 3529 661 manet.

1880 679 2127 736 Pereunt
2157 685 2350 737 autem
2382 683 2567 755 impii,
2601 687 2892 758 quomodo
2949 688 3199 746 dicitur;
3235 713 3262 740 ‹‹
3323 693 3534 750 Anima

1880 784 2006 839 quae
2037 773 2258 840 peccat,
2292 769 2421 842 ipsa
2462 773 2745 831 morietur
2793 775 3200 845 (E.tech.xv111,
3246 780 3335 848 4):
3390 803 3418 829 ››
3470 786 3536 838 ut

1881 857 2101 927 peccati
2129 857 2328 914 aculeo
2361 860 2495 930 (58),
2551 877 2666 916 non
2700 863 2858 918 omni
2890 865 3232 922 substantiae
3260 885 3380 925 suae
3407 869 3533 926 dis-

1882 944 2172 1002 solutione
2222 947 2570 1004 moriantur.

171 1239 3525 1271 W

821 1383 932 1468 IN
990 1382 1536 1471 PSALMUM
1592 1383 1934 1469 XXXV
1993 1382 2648 1472 ENARRATIO
2686 1377 2837 1468 (⁵9).

745 1717 1136 1774 ΡΗίΕΡΑΤΙΟ.

212 1807 254 1863 -Ι,
303 1807 580 1863 Dicturus
626 1807 917 1879 Propheta
962 1806 1022 1861 in
1066 1807 1292 1879 psalmo
1351 1809 1614 1880 sequenti
1660 1809 1772 1880 (60)

149 1913 256 1966 qua:
278 1901 424 1952 esset
453 1897 645 1952 forma
667 1895 835 1968 justi,
868 1898 1001 1952 ante
1031 1896 1279 1952 formam
1311 1897 1594 1969 expressit
1625 1897 1774 1967 inju-

148 1985 230 2039 sti.
276 1985 466 2056 Neque
529 1985 686 2040 enim
744 1999 1062 2058 possumus
1118 2001 1463 2058 cognoscere
1519 2002 1643 2058 quae
1695 1985 1774 2041 sit

147 2072 310 2129 forma
329 2073 599 2145 justitiaa,
636 2072 748 2129 nisi
773 2089 1198 2146 cognoscamus
1232 2089 1360 2144 qua
1393 2073 1471 2128 sit
1492 2073 1770 2144 iniquita-

143 2162 209 2217 tis
235 2162 445 2235 efﬁgies
477 2183 492 2233 ;
527 2166 667 2219 sunt
699 2162 854 2218 enim
881 2162 992 2217 sibi
1023 2163 1276 2218 adversus
1309 2165 1484 2234 atque
1538 2167 1771 2218 contra-

145 2249 246 2304 riae.
276 2250 541 2323 Namque
571 2250 630 2305 in
661 2249 847 2306 altera
877 2249 1128 2322 simplex
1144 2250 1425 2306 habitudo
1449 2255 1686 2320 naturae,
1711 2252 1770 2305 in

144 2337 304 2394 altera
347 2338 529 2394 fallax
591 2337 848 2394 versutia
913 2338 1224 2410 nequitiae:
1310 2337 1424 2394 alia
1487 2339 1770 2395 virtutum

140 2424 402 2499 imagines
431 2427 688 2501 praefert,
720 2427 834 2483 alia
888 2426 1161 2484 vitiorum
1221 2427 1570 2483 commercia
1626 2444 1772 2498 pras-

142 2516 307 2572 tendit
343 2517 481 2589 (64).
517 2515 831 2572 Convenire
863 2520 1060 2572 autem
1077 2516 1235 2572 hunc
1265 2515 1528 2572 ordinem
1559 2519 1615 2572 et
1644 2515 1774 2587 ipsa

139 2605 268 2659 ratio
330 2605 532 2662 docet:
584 2609 640 2660 et
695 2605 744 2660 si
802 2605 872 2660 de
929 2604 1239 2660 contrariis
1299 2604 1587 2660 sumenda
1633 2608 1773 2660 sunt

137 2694 469 2760 testimonia,
535 2693 648 2765 ipsi
709 2693 974 2748 doctores
1060 2692 1440 2766 philosophia:
1517 2693 1769 2748 confessi

140 2785 280 2849 sunt,
311 2782 448 2838 dum
492 2786 839 2853 sequuntur.
875 2781 1016 2849 Quis
1073 2785 1268 2838 autem
1319 2781 1546 2837 dubitet
1602 2781 1772 2854 longe

137 2869 464 2927 anteriorem
509 2869 784 2926 Davidem
832 2869 1090 2926 Platonis
1148 2869 1330 2926 fuisse
1385 2869 1768 2942 temporibus,

137 2974 292 3029 quem
323 2977 435 3016 non
473 2958 667 3016 solum
695 2961 974 3031 magister
1001 2959 1129 3029 ejus
1158 2959 1291 3030 (62),
1353 2958 1456 3014 sed
1514 2974 1618 3013 nec
1676 2957 1764 3014 avi

134 3048 352 3118 quidem
381 3065 629 3105 avorum
661 3048 788 3119 ejus
816 3047 1011 3102 videre
1041 3051 1391 3120 potuerunt:
1418 3063 1551 3102 cum
1582 3045 1679 3102 ille
1710 3046 1770 3102 in

135 3135 396 3210 principio
409 3137 580 3209 regni
597 3136 768 3192 fuerit
782 3136 1116 3192 Judaaorum
1136 3136 1315 3207 (quod
1342 3151 1446 3208 per
1463 3134 1772 3192 innumera

133 3240 400 3281 annorum
431 3224 732 3281 curricula
754 3228 1136 3297 propagatum
1168 3223 1299 3296 est),
1330 3223 1442 3280 iste
1471 3228 1603 3296 post
1632 3228 1774 3280 tem-

132 3329 259 3383 pora
287 3313 670 3387 captivitatis,
704 3313 920 3385 quibus
958 3329 1204 3385 regnum
1257 3313 1446 3386 gentis
1494 3314 1620 3384 ejus
1643 3314 1770 3384 jam

133 3400 305 3458 fuerat
331 3401 695 3459 dissolutum
733 3444 744 3456 .
779 3402 926 3474 Ergo
958 3401 1082 3474 ipse
1115 3401 1214 3473 qui
1245 3405 1403 3457 tenet
1444 3401 1505 3456 in
1565 3417 1770 3461 omnes

125 3490 402 3546 sacularis
433 3490 742 3562 sapientiae
771 3489 1183 3562 principatum,
1216 3506 1350 3545 cum
1384 3489 1600 3546 diceret
1653 3507 1768 3546 non

123 3595 281 3649 posse
336 3579 592 3635 formam
643 3579 886 3650 justitim
954 3578 1392 3650 comprehendi,
1463 3579 1576 3634 nisi
1635 3583 1771 3635 ante

123 3668 551 3726 discutiendam
583 3667 887 3738 iniustitia:
913 3667 1124 3722 seriem
1156 3667 1541 3739 putavissent,
1575 3684 1766 3724 exem-

123 3754 273 3826 plum
305 3756 513 3813 attulit
564 3755 716 3826 quod
772 3755 809 3810 ii
865 3754 964 3826 qui
1020 3754 1202 3811 velint
1231 3772 1439 3810 aurum
1491 3771 1768 3827 qua-rere,

121 3843 275 3913 prius
327 3861 388 3900 se
431 3845 564 3898 luto
626 3842 934 3898 obliniant.
994 3845 1218 3898 Aurum
1267 3843 1466 3914 itaqne
1514 3843 1768 3914 justitia,

121 3929 391 4003 iniquitas
419 3932 618 3987 lutum
654 3935 759 3986 est.
793 3931 955 3994 Quod
987 3947 1021 3985 a
1051 3931 1267 3986 nostris
1319 3947 1552 4002 quoque
1608 3931 1770 4003 prius

120 4018 332 4075 dictum
363 4035 500 4077 esse
531 4036 645 4074 non
678 4019 923 4074 dubium
965 4022 1072 4086 est,
1132 4034 1267 4074 cum
1317 4017 1600 4091 scriptum
1653 4020 1768 4075 sit:

119 4125 142 4156 ι
170 4107 238 4163 Ut
267 4108 468 4165 lutum
500 4107 826 4179 platearum
858 4107 1063 4162 delebo
1092 4123 1192 4163 eos
1221 4109 1396 4176 (Psal.
1433 4124 1568 4176 xvn,
1598 4109 1705 4180 43).
1739 4129 1768 4159 ››

112 4195 175 4250 Et
203 4213 330 4254 vere
360 4198 564 4254 lutum
592 4215 604 4264 ;
640 4197 778 4269 quia
806 4213 904 4252 eos
936 4196 1209 4268 inquinat
1237 4195 1338 4267 qui
1389 4195 1501 4251 sibi
1559 4212 1770 4268 appro-

117 4283 549 4357 pinquaverint.
584 4285 904 4356 Fugiamus
929 4300 1065 4357 ergo
1095 4283 1470 4355 injustitiam,
1495 4300 1566 4339 ne
1598 4283 1773 4342 luteis

121 4373 389 4430 sordibus
451 4373 856 4444 inquinemur,
917 4377 1096 4444 atque
1143 4372 1204 4427 in
1255 4373 1383 4443 ejus
1436 4373 1771 4445 voraginem

1799 1723 1846 1787 B
1876 1722 2189 1784 lavandum
2221 1739 2392 1777 omne
2423 1729 2745 1795 peccatum.
2781 1725 3061 1804 Ordinem
3093 1726 3369 1797 diximus,
3393 1731 3534 1788 titu-

1881 1807 2005 1864 lum
2038 1809 2496 1866 consideremus.

1949 1901 2002 1951 2.
2037 1897 2220 1967 (Vers.
2254 1900 2329 1968 1.)
2379 1922 2408 1948 ‹‹
2458 1904 2522 1954 In
2573 1901 2772 1972 ﬁnem,
2821 1902 3034 1975 inquit,
3083 1920 3246 1962 servo
3303 1907 3535 1965 Domini

1883 1985 2148 2057 psalmus
2169 1987 2281 2058 (63)
2313 1987 2515 2043 David.
2544 2013 2569 2038 ››
2606 1991 2664 2044 In
2692 1995 2810 2047 toto
2833 1991 3342 2066 psalteriicorpore
3373 1997 3535 2054 solus

1880 2073 1974 2128 hic
2004 2073 2210 2130 titulus
2240 2079 2348 2141 est,
2373 2078 2523 2148 quod
2544 2078 2836 2148 psalmum
2859 2096 3024 2136 servo
3051 2081 3280 2137 Domini
3304 2101 3364 2140 se
3386 2085 3536 2140 scri-

1880 2162 2069 2234 psisse
2090 2167 2354 2220 testetur.
2389 2167 2528 2230 Quis
2561 2167 2669 2221 iste
2700 2173 2788 2222 est
2819 2185 3019 2224 servus
3062 2170 3294 2226 Domini
3339 2173 3534 2230 videa-

1882 2268 2014 2306 mus
2041 2269 2052 2305 :
2078 2253 2218 2323 quid
2253 2253 2461 2323 psalmi
2495 2254 2675 2309 series
2707 2255 3028 2327 signiﬁcet:
3065 2257 3158 2313 cui
3190 2259 3384 2317 dictus
3440 2262 3535 2318 hic

1880 2338 2146 2410 psalmus
2177 2341 2297 2395 sit?
2330 2341 2654 2398 Audiamus
2684 2343 2753 2398 ad
2786 2360 2960 2415 quem
3018 2345 3330 2417 loquatur:
3361 2372 3390 2399 «
3423 2349 3535 2406 Do-

1881 2427 2057 2495 mine,
2092 2427 2301 2499 inquit,
2335 2428 2394 2483 in
2423 2429 2565 2485 caelo
2597 2431 2996 2488 misericordia
3051 2439 3172 2501 tua,
3229 2440 3287 2491 et
3324 2437 3536 2494 veritas

1880 2518 1982 2569 tua
2010 2531 2196 2587 usque
2229 2517 2299 2571 ad
2333 2517 2542 2573 nubes.
2571 2519 2810 2574 Justitia
2831 2524 2933 2575 tua
2963 2521 3122 2578 sicut
3153 2529 3382 2581 montes
3412 2528 3533 2594 Dei,

1874 2604 2100 2674 judicia
2130 2608 2232 2660 tua
2262 2605 2510 2677 abyssus
2568 2607 2773 2662 multa.
2828 2609 2998 2679 (Psal.
3061 2628 3229 2678 xxxv,
3281 2615 3338 2682 6,
3393 2616 3470 2684 7).
3503 2637 3531 2666 ››

1879 2693 1980 2746 Cui
2014 2691 2144 2760 hoc,
2176 2692 2285 2748 nisi
2320 2693 2462 2749 Filio
2493 2695 2595 2750 Dei
2626 2695 2840 2751 dicitur
2867 2696 2895 2750 ?
2925 2697 3056 2754 Haec
3088 2700 3244 2756 enim
3277 2718 3394 2758 non
3420 2702 3532 2758 hu-

1879 2797 2086 2849 manae,
2120 2782 2222 2837 sed
2255 2782 2460 2838 divina:
2485 2787 2622 2838 sunt
2643 2785 2966 2856 potestatis.
2985 2787 3095 2842 Sed
3118 2788 3257 2860 quid
3275 2790 3390 2846 sibi
3409 2791 3536 2848 vult

1879 2869 2036 2940 quod
2067 2885 2229 2925 servo
2261 2871 2491 2926 Domini
2522 2873 2635 2926 dici
2678 2873 2972 2944 psalmum
3021 2875 3179 2932 hunc
3211 2879 3363 2934 766
3393 2879 3534 2934 titu-

1878 2956 1974 3012 lus
2021 2957 2333 3014 declaravit
2377 2962 2547 3031 (Psal.
2599 2979 2824 3031 LXXXIX,
2886 2963 2961 3034 4),
3018 2981 3151 3020 cum
3209 2967 3532 3026 orationem

1884 3045 2064 3118 Moysi
2098 3046 2352 3103 hominis
2382 3048 2484 3104 Dei
2516 3049 2806 3118 maluerit,
2827 3068 3005 3123 quam
3039 3054 3186 3110 servi
3211 3055 3443 3112 Domini
3472 3057 3531 3113 in

1829 3128 1845 3153 ⁴
1883 3135 2200 3206 posteriore
2230 3135 2399 3191 titulo
2431 3154 2769 3210 nuncupare
2794 3139 2822 3194 ‘I
2853 3142 3005 3212 quod
3031 3158 3166 3213 ergo
3219 3145 3530 3201 consilium

1881 3222 2178 3294 Prophetas
2211 3224 2385 3280 fuerit
2415 3241 2530 3280 non
2563 3225 2851 3299 intelligo,
2873 3227 2963 3283 vel
2987 3230 3180 3300 potius
3209 3231 3399 3303 ipsius
3421 3234 3532 3288 Do-

1880 3310 2021 3364 mini
2045 3311 2380 3381 Salvatoris,
2414 3313 2513 3384 qui
2545 3312 2776 3369 locutus
2807 3319 2896 3370 est
2917 3315 2977 3369 in
3020 3317 3324 3388 Propheta,
3387 3320 3532 3378 Vere

1871 3398 2237 3470 judiciaejus
2257 3399 2408 3455 sicut
2437 3401 2685 3474 abyssus
2715 3401 2920 3466 multa,
2952 3409 3017 3458 ut
3045 3421 3208 3461 servo
3251 3406 3531 3463 honoriﬁ-

1879 3487 2129 3542 centiam
2200 3493 2540 3557 reservaret,
2621 3490 2733 3545 sibi
2784 3493 3176 3549 conditionem
3234 3495 3530 3554 servitutis

1879 3575 2210 3630 ascriberet.
2232 3575 2446 3632 Videor
2491 3577 2637 3632 mihi
2670 3577 3010 3651 intelligere,
3034 3581 3235 3638 videor
3262 3583 3531 3642 hausisse

1879 3663 2100 3734 aliquid
2133 3664 2203 3718 de
2233 3663 2421 3735 gratia
2449 3665 2718 3737 spiritali.
2751 3668 3048 3724 Adversus
3104 3669 3434 3742 injustiam,
3468 3678 3533 3729 ut

1879 3750 2156 3814 diximus.
2190 3752 2454 3824 psalmus
2486 3753 2580 3810 hic
2632 3756 2887 3828 scriptus
2917 3763 3038 3814 est:
3100 3764 3155 3815 et
3212 3760 3341 3817 ideo
3398 3761 3532 3834 plus

1879 3843 2153 3910 gravatur
2178 3838 2422 3910 injustia
2451 3842 2828 3914 perﬁdorum,
2863 3845 2960 3916 qui
2984 3845 3279 3902 Christum
3321 3847 3529 3904 Jesum

1878 3927 2192 3982 Dominum
2223 3929 2477 4001 recipere
2510 3931 2978 4003 noluerunt,cum
2998 3932 3092 3987 ille
3115 3938 3348 4005 propter
3369 3935 3530 4006 ipsos

1878 4015 2200 4086 susceperit
2238 4017 2597 4074 servitutem.
2652 4020 2800 4083 Quid
2855 4021 3012 4076 enim
3046 4025 3166 4076 tam
3226 4022 3524 4093 iniquum,

1879 4119 2057 4173 quam
2089 4103 2347 4175 ingratos
2378 4105 2559 4162 fuisse
2590 4108 2767 4162 tantis
2800 4107 3130 4175 beneﬁciis;
3191 4114 3253 4164 ut
3304 4111 3525 4182 quibus

1878 4190 1973 4246 ille
2000 4190 2246 4246 salutem
2280 4193 2464 4259 daret,
2497 4193 2558 4248 hi
2589 4195 2936 4267 sanguinem
2967 4197 3096 4266 ejus
3127 4198 3530 4256 effunderent?

1882 4280 2140 4351 Denique
2164 4279 2301 4335 alibi
2325 4297 2459 4336 cum
2489 4282 2560 4336 de
2587 4299 2695 4338 sua
2724 4272 2995 4354 passione
3042 4284 3398 4358 loqueretur,
3453 4291 3526 4345 ad

1879 4370 2260 4424 acervandam
2290 4369 2543 4425 Judaicaa
2584 4370 2902 4443 impietatis
2931 4373 3211 4430 invidiam
3270 4375 3354 4431 sic
3396 4378 3478 4434 ait
3509 4396 3522 4434 :

113 4477 221 4515 non
278 4480 384 4535 pes
416 4466 627 4518 noster
651 4460 920 4529 exterior,
980 4461 1104 4528 sed,
1137 4461 1294 4532 quod
1347 4465 1436 4517 est
1507 4463 1763 4534 gravius,
1798 4449 1846 4512 D
1907 4480 1935 4507 «
1959 4458 2040 4512 Ne
2070 4462 2295 4512 avertas
2327 4459 2530 4514 faciem
2561 4464 2723 4516 tuam
2755 4478 2788 4516 a
2837 4478 3016 4533 puero
3042 4468 3178 4519 tuo:
3243 4465 3525 4535 quoniam

108 4565 268 4605 mens
314 4557 526 4608 nostra
584 4555 898 4622 mergatur.
967 4549 1036 4604 Et
1092 4549 1463 4622 philosophia
1518 4549 1756 4622 quidem

110 4654 314 4695 aurum
347 4657 412 4696 se
445 4655 707 4711 quaerere
738 4638 918 4706 dicit;
959 4639 1058 4694 sed
1092 4637 1309 4694 luttum
1371 4642 1583 4708 versat,
1643 4656 1769 4711 qua:

109 4727 477 4785 divinitatem
511 4728 721 4799 quaerit
750 4727 808 4782 in
841 4726 1074 4795 statuis;
1109 4727 1209 4782 sed
1237 4743 1378 4782 vasa
1408 4727 1574 4798 ﬁguli
1606 4727 1767 4800 virga

107 4818 458 4891 confringet.
519 4817 637 4874 Nos
698 4833 906 4872 aurum
965 4816 1308 4888 quaerimus,
1366 4831 1483 4886 quo
1522 4831 1770 4888 corpora

105 4910 306 4962 nostra
337 4905 721 4974 mundemus,
750 4903 1261 4961 mortiﬁcationem
1290 4903 1426 4960 Jesu
1459 4902 1674 4958 Christi
1706 4905 1765 4958 in

103 5009 343 5065 corpore
366 4998 572 5050 nostro
593 4993 1070 5048 circumferentes
1095 5009 1108 5060 ;
1138 4995 1203 5045 ut
1224 4993 1281 5046 et
1299 4990 1418 5045 vita
1435 4989 1466 5044 J
1473 5005 1577 5044 esu
1607 4988 1767 5045 Chri-

102 5082 173 5135 sti
206 5083 266 5137 in
291 5098 542 5155 corpore
573 5086 770 5138 nostro
804 5080 1230 5136 manifestetur.
1273 5079 1498 5135 Bonum
1529 5094 1765 5147 aurum,

99 5171 347 5242 sanguis
380 5175 476 5226 est
504 5169 742 5237 Christi,
771 5169 934 5225 dives
963 5169 1034 5224 ad
1059 5167 1332 5240 pretium,
1374 5166 1637 5239 proﬁuus
1691 5167 1762 5222 ad

167 5312 284 5383 (59)
318 5311 512 5383 Scrip.
547 5317 679 5383 post
708 5329 802 5368 an.
823 5312 947 5367 393.

169 5381 285 5454 (60')
319 5381 496 5438 Rom.
523 5381 662 5439 edit.
697 5383 840 5448 sola,
871 5385 930 5437 in
962 5381 1169 5453 psalmo
1197 5382 1502 5454 tricensimo
1549 5383 1758 5454 quinto.

95 5452 295 5528 Minus
327 5454 484 5537 bene
512 5472 526 5522 ;
562 5452 1172 5537 quandoquidem‘non
1205 5452 1384 5522 hunc,
1405 5453 1506 5537 sed
1537 5452 1760 5537 tricesi:

95 5523 262 5580 mum
297 5528 538 5581 sextum
568 5523 918 5583 Ambrosius
955 5524 1278 5580 indicatum
1332 5523 1549 5596 voluit:
1591 5525 1759 5596 quod

95 5597 422 5678 utriusque
473 5597 680 5668 psalmi
743 5599 1154 5671 argumentum
1212 5594 1602 5652 consideranti
1622 5594 1758 5669 ipla-

93 5685 240 5726 num
273 5671 415 5725 erit.

1866 4545 2131 4610 tribulor,
2165 4545 2435 4602 velociter
2463 4549 2671 4603 exaudi
2721 4566 2881 4604 me...
2917 4551 3086 4622 (Psat.
3157 4569 3351 4623 vam,
3411 4555 3520 4627 18).

1878 4639 2103 4708 Pauper
2132 4639 2188 4691 et
2217 4634 2418 4691 dolens
2451 4653 2556 4709 ego
2590 4653 2719 4691 sum
2755 4638 2912 4708 (Ibid.
2945 4638 3056 4712 30).

1948 4725 2002 4780 3.
2037 4725 2196 4792 Veni,
2230 4724 2426 4794 Paule,
2460 4724 2840 4798 interpretare
2884 4728 3073 4795 nobis,
3136 4745 3253 4801 qua
3301 4732 3524 4789 ratione

1879 4813 2160 4870 Dominus
2193 4813 2318 4869 coeli
2342 4819 2514 4886 atque
2545 4819 2830 4871 terrarum
2864 4834 2926 4872 se
2974 4835 3290 4890 pauperem
3363 4820 3523 4875 dixe-

1875 4902 1970 4968 rit,
2003 4907 2059 4958 et
2087 4920 2214 4974 qua:
2247 4903 2322 4959 sit
2352 4903 2463 4959 ista
2496 4909 2831 4977 paupertas.
2864 4907 2949 4960 Tu
2985 4910 3136 4962 certe
3167 4905 3329 4961 illum
3375 4907 3522 4962 divi-

1877 4994 1994 5045 tem
2018 4991 2215 5047 dixisti
2241 5009 2254 5046 :
2285 4993 2578 5063 quomodo
2610 4994 2766 5051 idem
2796 4994 2957 5050 dives
2988 4997 3045 5049 et
3102 5011 3322 5066 pauper
3378 5000 3466 5051 est
3494 4996 3522 5052 ?

1873 5078 2200 5135 Audiamus
2258 5081 2662 5138 testimonium
2713 5081 2898 5138 Pauli.
2963 5106 2990 5131 ‹‹
3044 5082 3238 5148 Scitis,
3300 5083 3516 5154 inquit,

1871 5166 2120 5238 gratiam
2151 5167 2380 5223 Domini
2415 5171 2598 5225 nostri
2629 5170 2768 5226 Jesu
2795 5170 3010 5228 Christi
3037 5197 3051 5239 ;
3093 5171 3229 5242 quia
3286 5176 3522 5243 propter

1965 5309 2058 5386 ﬁt)
2080 5308 2220 5386 Mss.
2253 5307 2494 5386 aliquot,
2528 5313 2785 5386 vitiorum
2802 5318 3106 5370 commenta
3131 5316 3445 5386 prwtendit.

1967 5380 2059 5446 62)
2081 5379 2380 5458 “Magister;
2420 5380 2534 5450 ejus
2568 5379 2625 5434 id
2681 5388 2788 5448 est,
2845 5379 3207 5458 Socratesfad
3255 5403 3451 5458 quem,
3487 5403 3522 5442 a

1871 5466 2050 5530 regno
2070 5450 2262 5530 David
2289 5450 2582 5530 effluxere,
2602 5465 2670 5530 ex
2700 5457 3085 5530 quorumdam
3119 5450 3519 5530 chronologia,

1873 5521 2031 5578 omni
2061 5523 2187 5576 633.
2225 5521 2387 5584 Quod
2418 5535 2552 5575 vero
2585 5523 2651 5574 ad
2679 5523 2839 5592 regni
2889 5525 3226 5582 Judazorum
3258 5521 3519 5584 duratio¥

1871 5609 2026 5659 nem,
2060 5608 2189 5647 eam
2221 5592 2401 5648 fuisse
2431 5607 2717 5648 annorum
2751 5593 2853 5647 484
2887 5594 3064 5652 iidem
3096 5599 3356 5655 tradunt.

1941 5666 2052 5742 (63)
2085 5664 2250 5726 Rom.
2283 5662 2422 5726 edit.
2454 5661 2907 5742 pratermiserat
2960 5682 3159 5728 vocem
3197 5669 3479 5736 Psalmm.
