3894 6208
389 302 507 365 999

1852 302 1916 359 S.
1963 296 2333 365 AMBROSII

3655 297 3795 383 ίθαο

386 452 488 490 vos
518 449 740 507 pauper
768 433 957 489 factus
985 436 1094 499 est,
1127 448 1259 488 cum
1282 432 1441 489 dives
1461 436 1650 497 esset;
1685 438 1745 486 ut
1774 448 1875 485 vos
1905 433 2034 503 ejus
2062 434 2115 498 Α
2147 437 2307 486 utero
2339 432 2599 504 accipiet,
2630 437 2686 487 et
2711 430 2896 506 pariet
2925 430 3133 501 ﬁlium,
3160 432 3553 507 etvocabitur
3592 448 3794 501 nomen

386 521 585 594 inopia
622 520 956 577 ditaremini
1012 522 1086 589 (II
1139 512 1391 589 Cor,vui,
1448 522 1525 592 9).
1587 520 1788 574 »\'eni
1839 524 1895 573 et
1951 526 2033 585 tu,

386 610 558 676 Isaia,
590 610 970 681 interpretare
1002 609 1171 665 nobis
1202 610 1496 680 quomodo
1527 625 1590 665 se
1620 607 1909 663 dolentem
1948 607 2035 662 di-

382 699 535 755 xerit
581 698 870 768 Christus,
903 696 1004 770 qui
1032 697 1264 753 dolores
1293 697 1605 753 vulnerum
1655 713 1863 754 sanare
1896 713 2036 750 con-

384 786 591 844 suevit.
626 787 886 843 Medicus
915 785 1092 853 venit,
1126 793 1193 841 ut
1220 792 1451 842 curaret
1482 802 1703 858 aegros:
1739 786 1880 856 quid
1911 784 2037 856 ipse

383 875 587 930 habuit
607 874 761 945 quod
796 874 1019 929 doleret
1047 873 1076 927 ?
1104 875 1434 931 Audiamus
1464 875 1645 930 etiam
1677 875 1835 930 Isaia:
1873 872 2036 928 testi-

382 962 667 1018 monium.
705 983 727 1012 ι
773 962 880 1016 Pro
912 962 1103 1027 nobis,
1164 961 1381 1033 inquit,
1418 962 1610 1017 dolet:
1646 966 1703 1017 et
1749 978 1855 1016 nos
1884 961 2036 1015 aesti-

380 1051 672 1108 mavimus
701 1066 836 1105 eum
867 1049 1076 1105 essein
1108 1048 1414 1105 doloribus
1448 1051 1574 1120 (Isa.
1609 1067 1730 1117 LIII,
1759 1050 1833 1117 4).
1867 1072 1895 1098 ››
1928 1050 2034 1103 Ex-

380 1140 596 1212 pressit
640 1137 849 1193 medici
881 1138 1152 1192 affectum
1187 1180 1201 1205 ,
1234 1138 1356 1210 qui,
1390 1138 1620 1193 etiamsi
1653 1138 1777 1210 ipse
1806 1136 2036 1191 nullum

379 1227 595 1281 vulnus
624 1226 829 1281 habuit
860 1226 1001 1296 quid
1034 1225 1276 1290 doleret,
1320 1230 1515 1281 tamen
1573 1242 1918 1293 compassus
1948 1229 2038 1279 est

377 1313 716 1370 vulneratis.
750 1314 867 1368 Hoc
899 1312 1087 1385 igitur
1118 1315 1179 1369 in
1204 1313 1437 1386 psalmo
1453 1314 1741 1370 Dominus
1760 1314 2038 1385 exprobat

377 1404 631 1460 Judaeis:
668 1404 783 1472 Ego
816 1406 1051 1474 propter
1077 1419 1179 1457 vos
1202 1414 1443 1475 paupa‘,
1474 1418 1580 1474 ego
1613 1418 1717 1473 pro
1737 1401 1900 1457 vobis
1929 1402 2037 1456 do-

377 1492 524 1559 lens,
558 1497 616 1547 et
644 1509 744 1547 vos
775 1491 920 1545 mihi
947 1507 1159 1546 manus
1190 1490 1403 1562 impias
1436 1491 1721 1546 intulistis
1752 1491 2031 1545 dicentes:

376 1608 401 1629 ‹‹
437 1580 742 1636 Tollamus
763 1580 1018 1649 justum,
1047 1581 1186 1652 quia
1216 1580 1443 1636 inutilis
1474 1584 1561 1635 est
1592 1579 1760 1635 nobis
1784 1580 1934 1650 (δερ.
1970 1596 2036 1650 ιι,

376 1672 486 1739 12).
520 1668 865 1739 lnjiciamus
898 1669 1121 1739 lignum
1186 1669 1243 1724 in
1275 1685 1486 1740 panem
1533 1670 1663 1739 ejus
1708 1670 1922 1739 (Jerem.
1952 1685 2031 1731 xi,

380 1759 526 1825 19).»
548 1758 701 1812 Bene
732 1772 948 1826 panem
978 1757 1125 1810 dixit
1157 1773 1258 1827 pro
1283 1774 1456 1813 carne
1485 1758 1634 1827 ejus.
1667 1756 1768 1813 llle
1798 1756 2035 1811 alimen-

374 1852 500 1903 tum
531 1843 761 1910 detulit,
797 1844 891 1898 isti
928 1860 1028 1915 pro
1051 1844 1330 1900 beneﬁcio
1372 1844 1620 1900 retulere
1651 1845 2027 1916 supplicium.

372 1934 497 1989 Non
530 1934 746 1989 mirum
778 1947 916 2003 ergo
944 1932 995 1988 si
1024 1933 1315 1999 esuriunt,
1350 1933 1451 2004 qui
1482 1933 1595 1988 sibi
1616 1933 1745 1987 vita:
1796 1939 2027 1987 aeternis

369 2020 713 2079 alimoniam
734 2021 1120 2092 denegarunt.
1148 2020 1395 2076 Pulchre
1415 2022 1591 2076 etiam
1619 2020 1737 2075 duo
1761 2022 1874 2077 ista
1893 2022 2029 2091 jun~

368 2116 615 2167 xerunt:
650 2134 677 2160 σι
712 2108 1055 2179 Injiciamus
1086 2108 1315 2180 lignum
1346 2109 1404 2163 in
1438 2125 1650 2181 panem
1679 2110 1829 2179 ejus.
1868 2132 1893 2157 υ
1925 2109 2029 2163 Ne-

367 2200 633 2256 sciebant
654 2198 797 2269 quid
829 2197 1211 2267 loquerentur
1238 2198 1448 2263 Judaei,
1481 2202 1537 2253 et
1572 2197 1912 2267 mysterium
1941 2197 2023 2253 lo-

368 2289 719 2360 quebantur.
752 2286 1099 2341 Paradisum
1131 2287 1301 2340 nobis
1325 2303 1468 2341 crux
1508 2287 1759 2341 reddidit
1784 2286 2019 2342 Christi.

368 2376 489 2431 lloo
524 2379 616 2430 est
646 2374 871 2445 lignum
904 2375 1060 2444 quod
1102 2374 1236 2428 Adae
1270 2374 1554 2429 Dominus
1585 2374 2025 2443 demonstravit,

367 2465 570 2519 dicens
598 2464 672 2519 de
700 2463 859 2535 ligno
890 2464 1041 2527 vitae,
1074 2463 1230 2534 quod
1257 2469 1411 2518 esset
1440 2463 1497 2517 in
1526 2464 1718 2520 medio
1743 2464 2023 2536 paradisi,

366 2553 760 2609 edendumzde
789 2550 949 2623 ligno
979 2556 1174 2608 autem
1197 2552 1454 2606 scientia:
1488 2552 1625 2607 boni
1658 2557 1716 2607 et
1739 2551 2022 2620 mali,non

362 2642 678 2698 edendum.
712 2640 936 2695 Erravit
990 2639 1197 2703 Adam,
1223 2640 1500 2696 mandata
1544 2656 1660 2695 non
1710 2640 2021 2703 tenuit,in—

362 2731 678 2786 terdictum
726 2728 1004 2798 gustavit.
1079 2729 1223 2783 701
1292 2728 1398 2783 Per
1451 2728 1678 2799 lignum
1737 2728 2022 2798 coepimus

362 2818 792 2888 esurtre;quia
822 2832 999 2872 suum
1041 2832 1176 2872 caro
1207 2818 1434 2887 accepit
1484 2816 1854 2871 alimentum.
1890 2817 2021 2871 Ideo

365 2905 651 2963 Dominus
676 2904 736 2959 in
760 2903 990 2960 Christo
1036 2920 1272 2960 carnem
1322 2904 1523 2973 junxit
1550 2909 1607 2959 et
1662 2903 1911 2977 lignum,
1959 2907 2036 2971 ut.

367 2995 550 3050 fames
599 2992 841 3063 antiqua
890 2997 1168 3056 cessaret,
1238 2993 1365 3047 vitae
1406 2994 1595 3064 gratia
1660 2994 2019 3049 redderetur.

364 3083 608 3138 Beatum
640 3080 866 3153 lignum
893 3079 1142 3146 Domini,
1175 3081 1333 3152 quod
1348 3083 1615 3137 omnium
1636 3086 1872 3153 peccata
1887 3098 2023 3137 cru-

2145 522 2274 591 ejus
2343 520 2722 588 Emmanuel;
2772 522 2925 593 quod
2980 520 3423 594 interpretatur,
3482 520 3795 597 Nobiscum

2144 611 2296 664 Deus
2326 610 2454 679 (lsa.
2478 626 2580 674 vn,
2624 609 2726 675 14;
2760 608 2942 664 Matth.
2977 627 3015 676 ι,
3046 610 3158 678 23].
3208 609 3377 673 Quod
3432 608 3598 677 enim
3647 607 3795 664 aliud

2146 697 2259 751 nisi
2292 696 2471 753 Filius
2500 696 2599 753 Dei
2631 699 2739 765 (65)
2774 701 3085 752 nomenest
3105 695 3318 751 Christi
3339 696 3368 752 ?
3390 695 3602 768 Accipe
3622 696 3796 751 aliud.

2146 784 2377 840 Dixerat
2435 785 2672 857 quidem
2722 790 2779 840 et
2833 784 3063 839 Gabriel
3105 785 3180 839 ad
3234 784 3457 857 Ioseph
3490 784 3567 863 de
3598 784 3795 855 Maria.

2153 873 2401 929 aPariet
2455 872 2665 939 ﬁlium,
2723 878 2780 929 et
2832 874 3063 929 vocabit
3134 889 3349 929 nomen
3406 874 3540 944 eius
3597 873 3797 929 Jesum

2147 961 2351 1031 (Matth.
2387 979 2427 1027 ι,
2457 962 2565 1032 21).
2602 985 2629 1009 ››
2657 962 2865 1033 Accipe
2894 959 2996 1017 Dei
3024 978 3221 1016 vocem
3257 977 3270 1015 :
3306 984 3336 1011 ‹‹
3363 962 3433 1016 Et
3475 965 3567 1027 tu,
3630 961 3797 1016 Beth-

2146 1048 2295 1105 leem
2323 1050 2558 1118 Judiea,
2590 1066 2707 1106 non
2735 1066 2801 1106 es
2824 1049 3072 1107 minima
3099 1049 3254 1105 inter
3281 1048 3584 1122 principes
3624 1049 3797 1116 Juda,

2142 1154 2211 1193 ex
2258 1144 2312 1193 te
2369 1139 2525 1194 enim
2587 1138 2736 1194 exiet
2791 1138 3064 1209 Princeps
3133 1138 3234 1209 qui
3302 1143 3464 1210 regat
3509 1137 3796 1210 populum

2148 1243 2345 1281 meum
2406 1226 2584 1297 (Hich.
2641 1243 2697 1294 v,
2749 1227 2828 1297 2).
2888 1248 2915 1274 ι)
2970 1227 3215 1281 Adverte
3266 1225 3680 1298 mysterium:
3735 1243 3796 1283 ex

2147 1319 2309 1370 utero
2338 1315 2599 1387 Virginis
2626 1315 2781 1375 idem
2812 1320 2869 1371 et
2893 1331 3093 1370 servus
3132 1314 3307 1369 exivit
3355 1319 3415 1369 et
3471 1313 3794 1381 dominus;

2144 1419 2349 1459 servus
2377 1403 2448 1458 ad
2479 1403 2861 1475 operandum,
2893 1403 3170 1458 dominus
3212 1403 3287 1457 ad
3335 1402 3794 1474 imperandum;

2148 1496 2212 1545 ut
2242 1507 2485 1562 regnum
2518 1491 2633 1546 Deo
2665 1492 2724 1545 in
2772 1491 3079 1546 hominum
3129 1491 3431 1547 mentibus
3482 1491 3795 1547 radicaret.

2145 1579 2425 1651 Utrimque
2464 1597 2642 1645 unus,
2698 1597 2810 1635 non
2867 1578 3015 1634 alter
3068 1596 3139 1634 ex
3189 1579 3376 1644 Patre,
3443 1583 3502 1634 et
3532 1580 3686 1635 alter
3737 1597 3799 1634 ex

2142 1667 2377 1739 Virgine
2404 1687 2415 1733 ;
2445 1669 2545 1723 sed
2576 1669 2729 1723 idem
2752 1668 2851 1740 qui
2882 1673 3014 1724 ante
3045 1667 3260 1723 saecula
3291 1684 3362 1722 ex
3416 1667 3610 1738 Patre,
3678 1670 3797 1741 ipse

2144 1761 2347 1827 postea
2374 1772 2607 1810 carnem
2638 1756 2898 1826 suscepit
2927 1771 2998 1810 ex
3042 1755 3303 1828 Virgine.
3354 1756 3491 1813 Ideo
3548 1772 3694 1838 ergo
3744 1762 3797 1813 et

2140 1861 2342 1900 servus
2366 1850 2620 1911 vocatur,
2654 1850 2711 1901 et
2750 1844 3074 1911 Dominus;
3104 1849 3347 1917 propter
3394 1862 3505 1901 nos
3558 1862 3793 1903 servus:

2137 1933 2238 1988 sed
2262 1933 2484 1987 unitate
2511 1933 2718 1989 divine
2738 1933 3078 1989 substantia:
3108 1937 3259 1987 Deus
3299 1950 3367 1989 ex
3422 1933 3571 2002 Deo,
3633 1934 3794 1990 Prin-

2136 2038 2274 2093 ceps
2302 2037 2373 2075 ex
2400 2022 2687 2094 Principe,
2719 2020 2961 2093 aqualis
2989 2038 3059 2076 ex
3086 2020 3301 2092 aequali
3327 2040 3342 2090 ;
3383 2038 3582 2095 neque
3639 2010 3791 2079 enim

2135 2112 2480 2180 degenerem
2508 2110 2713 2181 genuit
2740 2110 2800 2165 in
2830 2126 2947 2181 quo
2972 2126 3034 2165 se
3072 2110 3195 2182 ipse
3239 2109 3613 2183 complaeere
3673 2128 3792 2168 me-

2136 2198 2382 2253 moravit
2412 2198 2615 2265 (Matth.
2650 2215 2736 2262 ιιι,
2767 2198 2879 2267 l7).

2202 2288 2256 2341 5.
2289 2286 2588 2356 Magnum,
2622 2286 2832 2356 inquit,
2855 2286 2955 2341 tibi
2979 2292 3068 2342 est
3087 2288 3276 2342 vocari
3294 2303 3555 2357 puerum
3571 2304 3790 2356 meum,

2137 2380 2201 2430 ut
2230 2379 2458 2430 statuas
2488 2375 2674 2429 tribus
2703 2373 2901 2430 Jacob.
2934 2376 3137 2430 Servat
3164 2375 3385 2448 ubique
3442 2392 3571 2433 sua:
3629 2393 3790 2434 voca-

2133 2461 2273 2518 bula
2298 2462 2623 2535 dignitatis.
2649 2462 2897 2534 Magnus
2916 2468 3086 2528 Deus,
3110 2468 3167 2519 et
3194 2480 3455 2536 magnus
3485 2482 3672 2538 puer:
3693 2482 3788 2523 nec

2134 2552 2193 2606 in
2207 2567 2379 2606 carne
2394 2550 2818 2623 magnitudinis
2834 2567 2952 2605 sua?
2972 2567 3184 2607 nomen
3198 2552 3450 2619 amittit,
3471 2544 3654 2624 cujus
3671 2568 3787 2611 ma-

2130 2638 2459 2711 gnitudinis
2516 2638 2713 2693 nullus
2767 2644 2855 2694 est
2914 2639 3067 2694 linis.
3132 2626 3465 2720 Meritoque
3524 2655 3784 2707 securus,

2132 2750 2160 2775 α
2216 2743 2351 2783 cum
2394 2728 2452 2782 in
2503 2726 2691 2781 forma
2745 2726 2845 2781 Dei
2891 2732 3067 2803 esset,
3128 2732 3193 2782 ut
3245 2727 3578 2800 Apostolus
3634 2728 3784 2795 dicit,

2128 2832 2246 2871 non
2275 2815 2540 2885 rapinam
2572 2815 2889 2870 arbitratus
2912 2819 3005 2871 est
3033 2831 3161 2872 esse
3183 2832 3248 2871 se
3306 2816 3607 2888 aqualem
3638 2821 3780 2877 Deo:

2130 2904 2232 2959 sed
2264 2903 2677 2973 semetispsum
2709 2902 2979 2970 exinavit,
3010 2903 3259 2959 formam
3285 2905 3443 2961 servi
3472 2905 3781 2979 accipiens,

2130 2991 2192 3047 in
2225 2990 2671 3046 similitudinem
2704 2991 3013 3047 hominum
3044 2992 3253 3059 factus,
3284 2997 3343 3048 et
3359 2993 3563 3066 specie
3592 2995 3781 3053 inven-

2132 3085 2227 3136 tus
2261 3087 2324 3136 ut
2356 3080 2570 3147 homo;
2603 3079 2933 3136 humiliavit
2968 3082 3378 3154 semetipsum,
3430 3083 3633 3139 factus
3663 3084 3779 3141 obe-

363 3171 583 3227 ciﬁxit:
618 3170 787 3226 beata
815 3186 951 3225 caro
980 3168 1235 3233 Domini,
1291 3186 1421 3240 quae
1486 3171 1706 3226 victum
1747 3170 2022 3226 omnibus
2052 3150 2095 3217 Ο
2134 3170 2300 3225 diens
2338 3185 2526 3241 usque
2569 3168 2641 3223 ad
2692 3174 2962 3236 mortem,
3010 3176 3259 3225 mortem
3321 3175 3535 3227 autem
3602 3171 3776 3227 crucis

364 3259 725 3316 ministravit
748 3259 762 3312 !

434 3350 487 3403 4.
520 3348 601 3404 De
631 3351 977 3419 paupertate
1005 3346 1188 3418 igitur
1215 3352 1271 3402 et
1302 3346 1505 3403 dolore
1524 3346 1754 3402 Domini
1786 3348 2016 3409 idonea,

362 3443 428 3493 ut
450 3437 726 3501 arbitror,
758 3443 1095 3491 sanctorum
1122 3436 1476 3507 protulimus
1491 3437 1845 3501 testimonia,
1875 3452 2023 3506 quo-

362 3542 495 3580 rum
524 3525 671 3581 alter
699 3525 843 3579 vidit
870 3530 930 3579 et
960 3524 1125 3589 dixit,
1159 3524 1307 3581 alter
1330 3531 1419 3581 est
1449 3524 1671 3580 electus
1704 3531 1769 3581 ut
1784 3525 2020 3594 diceret_

362 3612 629 3685 Ipsm-um
659 3613 843 3683 igitur
872 3613 971 3683 qui
995 3613 1219 3684 probati
1241 3618 1402 3678 sunt,
1427 3613 1499 3668 de
1540 3613 1816 3669 servitute
1835 3613 2024 3668 Domi-

2130 3260 2399 3330 (Philipp.
2434 3275 2494 3320 ιι,
2523 3259 2666 3327 6-8).
2697 3257 2801 3312 Hic
2829 3261 2920 3313 est
2946 3274 3083 3330 ergo
3136 3257 3385 3329 aequalis
3447 3259 3628 3330 quasi
3688 3258 3776 3316 Dei

2130 3346 2333 3411 Filius,
2364 3346 2457 3402 hic
2487 3344 2637 3402 servi
2696 3346 2944 3401 formam
3000 3346 3063 3400 in
3118 3363 3292 3403 carne
3349 3349 3645 3419 suscepit,
3694 3347 3775 3402 hic

2130 3441 2376 3491 mortem
2406 3435 2678 3507 gustavit,
2709 3434 2882 3505 cujus
2914 3434 3262 3506 magnitudo
3302 3450 3421 3490 non
3481 3435 3667 3491 habet
3718 3435 3777 3490 ti-

2132 3541 2264 3581 nem
2290 3542 2305 3589 ;
2339 3524 2478 3594 quia
2507 3521 2644 3577 ﬁnis
2666 3521 2815 3594 legis
2829 3526 2917 3578 est
2943 3521 3211 3577 Christus
3224 3521 3627 3594 adjustitiam
3640 3520 3786 3579 omni

2131 3612 2423 3666 credenti:
2458 3615 2523 3666 ut
2550 3611 2611 3666 in
2640 3610 2835 3683 ipsum
2866 3626 3071 3665 omnes
3097 3611 3436 3678 credamus,
3487 3610 3655 3667 hunc
3711 3611 3787 3665 in-

367 3702 424 3756 ni
484 3700 817 3756 testimonia
866 3700 1081 3756 iterum
1125 3702 1493 3771 proferemus
1548 3701 1668 3756 imo
1723 3720 1831 3755 sua
1895 3719 2022 3772 quze
2133 3702 2276 3754 timo
2306 3700 2617 3755 adoremus
2646 3699 2876 3754 all'ectu.
2906 3703 3068 3754 Bona
3097 3698 3373 3765 servitus,
3406 3715 3543 3771 quae
3598 3713 3790 3756 omnes

363 3791 437 3845 de
464 3805 529 3845 se
559 3788 685 3860 ipse
727 3788 958 3843 locutus
987 3788 1047 3843 in
1079 3794 1329 3858 utroque
1357 3794 1467 3843 est.
1501 3790 1831 3844 Audiamus
1886 3806 2023 3860 ergo
2132 3789 2345 3843 liberos
2377 3789 2549 3844 fecit:
2587 3788 2739 3845 168
2765 3786 2912 3842 bona
2944 3787 3219 3851 servitus,
3253 3804 3385 3859 quae
3418 3804 3648 3845 nomen
3700 3804 3791 3844 su-

363 3879 505 3950 quid
534 3877 842 3933 dicat:«Sic
872 3875 1015 3932 dicit
1036 3875 1455 3947 Dominus,qui
1489 3877 1656 3931 ﬁnxit
1682 3895 1773 3931 me
1810 3894 1880 3933 ex
1900 3883 2026 3933 ute-
2133 3893 2236 3948 per
2265 3892 2435 3932 omne
2465 3892 2677 3932 nomen
2706 3874 3045 3947 acquisivit;
3078 3875 3236 3930 bona
3280 3875 3630 3945 humilitas,
3678 3892 3790 3949 qua

365 3983 429 4021 ro
456 3981 691 4021 servum
722 3963 837 4019 sibi
867 3963 940 4019 ad
970 3964 1448 4035 congregandum
1466 3963 1647 4021 Jacob
1669 3971 1723 4020 et
1744 3964 1922 4021 Israel
1950 3966 2022 4020 ad
2132 3965 2268 4021 fecit
2296 3970 2361 4020 ut
2390 3966 2449 4020 in
2479 3965 2716 4021 nomine
2744 3965 2869 4035 ejus
2897 3981 3103 4020 omnes
3140 3980 3297 4037 genu
3351 3965 3572 4036 ﬁgant,
3604 3966 3785 4023 cales-

365 4072 502 4110 enm
530 4056 662 4123 (Im,
694 4069 846 4121 χιιι,
872 4054 955 4121 5).
993 4051 1374 4108 Advertimus
1403 4068 1541 4123 ergo
1584 4054 1740 4123 quod
1793 4060 2027 4125 propter
2134 4053 2304 4123 tium,
2336 4054 2721 4120 terrestrium,
2752 4057 2809 4107 et
2837 4052 3201 4108 infernarum
3228 4071 3244 4120 ;
3277 4058 3339 4108 et
3364 4056 3573 4110 omnis
3601 4055 3785 4127 lingua

360 4142 875 4214 congregationem
906 4140 1127 4213 populi,
1154 4141 1411 4199 formam
1434 4145 1759 4213 susceperit
1778 4143 2024 4199 servitu-
2133 4142 2480 4197 conﬁteatur
2508 4141 2785 4214 quoniam
2814 4140 3101 4197 Dominus
3130 4141 3307 4198 Jesus
3343 4142 3407 4198 in
3466 4143 3663 4216 gloria
3708 4146 3780 4200 est

362 4235 457 4286 tis.
488 4232 694 4295 Audis,
724 4231 944 4297 Judwe,
967 4234 1026 4286 et
1052 4220 1125 4285 de
1154 4230 1346 4301 gratia
1374 4230 1793 4287 contumeliam
1846 4232 2025 4286 refers
2135 4229 2236 4285 Dei
2258 4229 2465 4284 Patris.
2498 4230 2560 4283 ln
2590 4228 2746 4284 hunc
2767 4245 2903 4301 ergo
2935 4228 3109 4285 tinem
3150 4230 3433 4303 dirigitur
3484 4232 3590 4288 hic
3643 4229 3776 4306 psal-

364 4321 477 4389 (ὃ-ί)
504 4337 518 4383 ;
550 4324 605 4373 et
658 4318 767 4373 hoc
817 4319 888 4373 ad
938 4318 1247 4389 perﬁdiam
1298 4319 1552 4384 deliras,
1603 4326 1842 4390 prOptcr
1868 4320 2024 4389 quod
2135 4334 2291 4385 mus,
2323 4322 2389 4373 ut
2414 4322 2471 4373 et
2502 4333 2609 4372 nos
2638 4318 2786 4373 servi
2816 4318 3005 4375 simus
3034 4318 3108 4373 ad
3138 4318 3470 4389 justitiam,
3528 4337 3651 4377 non
3694 4336 3773 4375 su-

362 4407 555 4478 magis
584 4408 820 4462 credere
847 4407 1125 4461 debuisti.
1157 4406 1243 4461 Ad
1266 4411 1322 4461 te
1354 4408 1683 4462 vocandum
1743 4407 1920 4477 venit,
1967 4412 2027 4462 et
2134 4406 2299 4478 perbi
2326 4406 2401 4461 ad
2433 4405 2845 4477 arrogantiam.
2887 4406 3147 4462 Servitus
3202 4407 3366 4463 enim
3424 4409 3774 4481 stipendium

362 4495 725 4550 conviciaris.
748 4496 829 4550 Ex
859 4501 1024 4549 utero
1045 4511 1281 4550 servum
1332 4514 1395 4550 se
1426 4496 1593 4549 dixit.
1629 4496 1806 4559 Audi,
1860 4495 2025 4550 Aria-
2056 4518 2105 4581 Β
2133 4494 2419 4551 libertatis
2445 4500 2533 4550 est
2564 4496 2673 4565 (66,
2710 4513 2723 4561 ;
2774 4494 3134 4567 stipendium
3164 4501 3367 4550 autem
3422 4495 3642 4554 mortis
3695 4513 3775 4552 ar-

364 4597 460 4645 ne,
485 4597 555 4635 ex
580 4598 697 4651 quo
728 4588 932 4648 utero;
982 4581 1292 4653 paululum
1341 4599 1524 4653 supra
1576 4600 1833 4638 recurre:
1874 4608 1901 4632 «
1944 4584 2026 4640 Ex
2137 4583 2404 4655 rogantia
2429 4588 2537 4640 est.
2568 4583 2675 4637 Sed
2703 4584 2830 4654 jam
2884 4583 3077 4656 ipsam
3126 4582 3345 4657 psalmi
3374 4586 3605 4643 seriem
3658 4584 3777 4642 adeo

364 4674 551 4735 utero,
578 4668 792 4740 inquit,
829 4669 1038 4724 matris
1068 4686 1231 4733 mea,
1262 4670 1487 4725 vocavit
1505 4671 1789 4728 Dominus
1812 4688 2022 4729 nomen
2133 4671 2375 4726 riamur.

312 4792 329 4799 -
360 4773 561 4814 meum
594 4758 720 4827 (lsa.
752 4773 908 4822 ηιξ,
936 4757 1012 4825 1).
1048 4779 1075 4805 ››
1105 4756 1267 4819 Quod
1298 4774 1511 4813 nomen
1569 4760 1701 4829 ejus
1755 4762 1852 4825 sit,
1913 4777 2022 4816 au-

360 4844 618 4910 diamus,
652 4859 772 4916 quo
802 4859 938 4900 eum
969 4843 1140 4900 Pater
1187 4843 1429 4898 vocavit.
1465 4868 1491 4894 u
1546 4845 1689 4902 Ecce
1742 4848 1904 4919 virgo
1957 4848 2018 4903 in

431 5024 543 5089 (64)
574 5021 712 5078 Cod.
753 5022 892 5087 duo,
924 5023 1319 5077 contumeliam
1354 5024 1515 5077 seris.

432 5094 544 5163 (65)
574 5092 740 5149 Rom.
772 5094 913 5149 edit.
945 5094 1031 5148 sic
1059 5092 1366 5165 verbailla
1420 5098 1808 5163 contraxerat,
1868 5096 2017 5165 Quod

362 5180 557 5219 nomen
583 5165 715 5220 quid
741 5165 899 5218 aliud
926 5168 1005 5220 est
1030 5166 1144 5219 nisi
1171 5164 1346 5219 Filius
1385 5165 1529 5219 Dei?

2757 4760 3193 4816 BNARRATIO.

2199 4851 2255 4903 6.
2293 4848 2477 4922 (Vera.
2508 4848 2587 4919 2.)
2619 4872 2646 4897 (ι
2678 4847 2837 4904 Dixit
2854 4848 3133 4920 injustus,
3166 4854 3232 4905 ut
3258 4849 3587 4925 delinquat
3600 4852 3729 4910 sibi.
3756 4874 3774 4895 -

2129 5030 2263 5098 post
2288 5032 2512 5098 certum
2540 5026 2988 5098 stipendiorum,
3019 5027 3080 5082 id
3108 5034 3199 5083 est
3229 5044 3558 5094 annorum,
3588 5042 3768 5087 nume

2130 5096 2264 5153 rum
2293 5096 2508 5175 missio
2530 5096 2777 5175 dabatur
2804 5096 3113 5175 militibus.
3136 5098 3230 5154 Sic
3262 5115 3404 5172 ergo
3434 5101 3767 5175 interpreta-

2127 5184 2292 5223 mur:
2325 5167 2674 5223 Servitutem
2706 5169 2972 5239 sequitur
3000 5167 3260 5237 libertas,
3305 5167 3367 5225 et
3412 5167 3767 5228 ωσι-ἐυτυ-

432 5235 545 5319 (βὸ)
576 5235 793 5319 omnes
823 5237 988 5303 edit.,
1023 5235 1493 5319 Servit‘utisnenim
1548 5236 2017 5319 stipendiuin__li-
2124 5240 2427 5319 gantiam;
2461 5235 3127 5319 quemadmodum_post
3179 5235 3433 5319 emerita
3490 5241 3764 5319 stipgpdil

362 5305 923 5378 agitaretuomnes
955 5324 1124 5362 mss..
1172 5308 1416 5363 Servitus
1469 5305 1633 5363 enim'
1677 5309 2014 5378 slipendium
2124 5305 2328 5368 missio
2385 5305 2760 5366 conceditur:
2817 5309 2906 5365 vel
2962 5305 3218 5375 brevius,
3278 5313 3547 5370 servitus
3578 5305 3760 5371 Ἤιτει*-

360 5374 628 5429 ιῶσξαιίδ
657 5380 756 5431 est.
790 5378 1006 5433 lterum
1053 5378 1191 5434 edit.
1250 5378 1418 5450 Rom.
1478 5378 1627 5446 sola,
1679 5374 2014 5450 slipendium
2122 5382 2228 5438 tati
2279 5379 2512 5448 militat,
2567 5382 2740 5438 morti

314 5494 323 5499 -
359 5453 545 5498 autem
573 5450 909 5511 eum
936 5465 1081 5503 mors
1099 5455 1180 5505 est
1198 5466 1221 5511 ;
1252 5449 1377 5505 alia:
1396 5465 1463 5505 ac
1484 5466 1631 5506 mss.
1654 5456 1719 5505 ut
1741 5450 1801 5505 in
1822 5456 2007 5506 textu.

359 5512 471 5596 sed
500 5518 569 5596 ut
622 5512 785 5596 locus
840 5518 937 5596 hic
959 5518 1219 5596 alioquin
1275 5520 1563 5596 obscurus
1595 5521 2005 5596 _intelligatur,

350 5582 778 5661 advertendum
806 5582 1153 5651 allusionein
1182 5590 1309 5657 ﬁeri
1340 5592 1415 5653 ad
1438 5591 1734 5667 militiam,
1765 5582 1845 5653 iri'
1887 5582 2009 5675 qua

2121 5453 2285 5582 satis.
2322 5452 2591 5510 indicant
2629 5451 3030 5514 antecedentia
3082 5451 3217 5511 illa:

2121 5540 2150 5582 e
2216 5565 2230 5581 .

2120 5540 2230 5583 etc.

3046 5383 3149 5447 tia,
3208 5383 3277 5438 Et
3330 5382 3501 5440 hunc
3546 5396 3759 5440 sensum

3302 5455 3757 5527 Bonam-du.
