  <div class='ocr_page' id='page_1' title='image "/cluster/home/n/w/nwhite01/storage/ocr_20150623/14/uva.x000826552/515.png"; bbox 0 0 3894 6208; ppageno 0'>
   <div class='ocr_carea' id='block_1_1' title="bbox 138 350 277 410">
    <p class='ocr_par' dir='ltr' id='par_1_1' title="bbox 138 350 277 410">
     <span class='ocr_line' id='line_1_1' title="bbox 138 350 277 410; baseline -0.014 0"><span class='ocrx_word' id='word_1_1' title='bbox 138 350 277 410; x_wconf 62' lang='lat' dir='ltr'><strong>illi]!</strong></span> 
     </span>
    </p>
   </div>
   <div class='ocr_carea' id='block_1_2' title="bbox 1189 340 2466 411">
    <p class='ocr_par' dir='ltr' id='par_1_2' title="bbox 1189 340 2466 411">
     <span class='ocr_line' id='line_1_2' title="bbox 1189 340 2466 411; baseline -0.002 -3"><span class='ocrx_word' id='word_1_2' title='bbox 1189 344 1647 411; x_wconf 78' lang='lat' dir='ltr'><strong>ENARBA&#39;I‘IO</strong></span> <span class='ocrx_word' id='word_1_3' title='bbox 1688 347 1767 408; x_wconf 82' lang='lat' dir='ltr'><strong>IN</strong></span> <span class='ocrx_word' id='word_1_4' title='bbox 1811 340 2187 408; x_wconf 69' lang='lat' dir='ltr'><strong>PSALMUM</strong></span> <span class='ocrx_word' id='word_1_5' title='bbox 2232 345 2466 407; x_wconf 82' lang='lat' dir='ltr'><strong>XXXV.</strong></span> 
     </span>
    </p>
   </div>
   <div class='ocr_carea' id='block_1_3' title="bbox 3372 344 3530 411">
    <p class='ocr_par' dir='ltr' id='par_1_3' title="bbox 3372 344 3530 411">
     <span class='ocr_line' id='line_1_3' title="bbox 3372 344 3530 411; baseline 0.025 -4"><span class='ocrx_word' id='word_1_6' title='bbox 3372 344 3530 411; x_wconf 69' lang='grc' dir='ltr'><strong>ιθθξ</strong></span> 
     </span>
    </p>
   </div>
   <div class='ocr_carea' id='block_1_4' title="bbox 137 464 3530 554">
    <p class='ocr_par' dir='ltr' id='par_1_4' title="bbox 137 464 3530 554">
     <span class='ocr_line' id='line_1_4' title="bbox 137 464 3530 554; baseline 0 -16"><span class='ocrx_word' id='word_1_7' title='bbox 137 481 517 549; x_wconf 82' lang='lat' dir='ltr'><strong>Quiddixerit,</strong></span> <span class='ocrx_word' id='word_1_8' title='bbox 541 480 1205 554; x_wconf 66' lang='lat' dir='ltr'><strong>nonnpreslit,etideo</strong></span> <span class='ocrx_word' id='word_1_9' title='bbox 1219 481 1301 537; x_wconf 88' lang='lat' dir='ltr'><strong>sic</strong></span> <span class='ocrx_word' id='word_1_10' title='bbox 1324 479 1771 553; x_wconf 86' lang='lat' dir='ltr'><strong>intelligendum</strong></span> <span class='ocrx_word' id='word_1_11' title='bbox 1800 482 1855 548; x_wconf 81' lang='grc' dir='ltr'><strong>Α</strong></span> <span class='ocrx_word' id='word_1_12' title='bbox 1884 486 2014 546; x_wconf 89' lang='lat' dir='ltr'><strong>tur;</strong></span> <span class='ocrx_word' id='word_1_13' title='bbox 2050 481 2148 535; x_wconf 88' lang='lat' dir='ltr'><strong>sed</strong></span> <span class='ocrx_word' id='word_1_14' title='bbox 2180 479 2307 535; x_wconf 82' lang='lat' dir='ltr'><strong>sine</strong></span> <span class='ocrx_word' id='word_1_15' title='bbox 2330 478 2449 535; x_wconf 89' lang='lat' dir='ltr'><strong>ulla</strong></span> <span class='ocrx_word' id='word_1_16' title='bbox 2479 464 2914 537; x_wconf 81' lang='lat' dir='ltr'><strong>intermissione</strong></span> <span class='ocrx_word' id='word_1_17' title='bbox 2945 478 3070 554; x_wconf 87' lang='lat' dir='ltr'><strong>ipse</strong></span> <span class='ocrx_word' id='word_1_18' title='bbox 3092 480 3205 536; x_wconf 85' lang='lat' dir='ltr'>sibi</span> <span class='ocrx_word' id='word_1_19' title='bbox 3236 494 3379 539; x_wconf 86' lang='lat' dir='ltr'><strong>suus</strong></span> <span class='ocrx_word' id='word_1_20' title='bbox 3410 496 3530 539; x_wconf 89' lang='lat' dir='ltr'><strong>car-</strong></span> 
     </span>
    </p>
   </div>
   <div class='ocr_carea' id='block_1_5' title="bbox 134 569 1772 644">
    <p class='ocr_par' dir='ltr' id='par_1_5' title="bbox 134 569 1772 644">
     <span class='ocr_line' id='line_1_5' title="bbox 134 569 1772 644; baseline -0.002 -16"><span class='ocrx_word' id='word_1_21' title='bbox 134 571 393 636; x_wconf 72' lang='lat' dir='ltr'><strong>arbitrov,</strong></span> <span class='ocrx_word' id='word_1_22' title='bbox 434 570 576 643; x_wconf 81' lang='lat' dir='ltr'><strong>quia</strong></span> <span class='ocrx_word' id='word_1_23' title='bbox 619 570 907 644; x_wconf 82' lang='lat' dir='ltr'><strong>quidquid</strong></span> <span class='ocrx_word' id='word_1_24' title='bbox 958 570 1101 626; x_wconf 84' lang='lat' dir='ltr'><strong>dicit</strong></span> <span class='ocrx_word' id='word_1_25' title='bbox 1144 569 1421 642; x_wconf 87' lang='lat' dir='ltr'><strong>injustus,</strong></span> <span class='ocrx_word' id='word_1_26' title='bbox 1471 574 1772 641; x_wconf 88' lang='lat' dir='ltr'><strong>peccatum</strong></span> 
     </span>
    </p>
   </div>
   <div class='ocr_carea' id='block_1_6' title="bbox 133 657 1775 732">
    <p class='ocr_par' dir='ltr' id='par_1_6' title="bbox 133 657 1775 732">
     <span class='ocr_line' id='line_1_6' title="bbox 133 657 1775 732; baseline -0.004 -14"><span class='ocrx_word' id='word_1_27' title='bbox 133 664 236 718; x_wconf 77' lang='lat' dir='ltr'><strong>est.</strong></span> <span class='ocrx_word' id='word_1_28' title='bbox 258 657 461 723; x_wconf 70' lang='lat' dir='ltr'><strong>Omnis</strong></span> <span class='ocrx_word' id='word_1_29' title='bbox 478 659 638 716; x_wconf 78' lang='lat' dir='ltr'><strong>enim</strong></span> <span class='ocrx_word' id='word_1_30' title='bbox 670 658 981 732; x_wconf 77' lang='lat' dir='ltr'><strong>injustitia,</strong></span> <span class='ocrx_word' id='word_1_31' title='bbox 1003 664 1310 732; x_wconf 80' lang='lat' dir='ltr'><strong>peccatum</strong></span> <span class='ocrx_word' id='word_1_32' title='bbox 1331 677 1345 728; x_wconf 91' lang='lat'><strong>;</strong></span> <span class='ocrx_word' id='word_1_33' title='bbox 1369 658 1650 731; x_wconf 89' lang='lat' dir='ltr'><strong>quoniam</strong></span> <span class='ocrx_word' id='word_1_34' title='bbox 1676 657 1775 713; x_wconf 91' lang='lat' dir='ltr'><strong>ubi</strong></span> 
     </span>
    </p>
   </div>
   <div class='ocr_carea' id='block_1_7' title="bbox 129 748 1771 823">
    <p class='ocr_par' dir='ltr' id='par_1_7' title="bbox 129 748 1771 823">
     <span class='ocr_line' id='line_1_7' title="bbox 129 748 1771 823; baseline -0.003 -16"><span class='ocrx_word' id='word_1_35' title='bbox 129 764 405 823; x_wconf 78' lang='lat' dir='ltr'><strong>organum</strong></span> <span class='ocrx_word' id='word_1_36' title='bbox 452 748 753 815; x_wconf 83' lang='lat' dir='ltr'><strong>vitiosum,</strong></span> <span class='ocrx_word' id='word_1_37' title='bbox 805 749 1099 821; x_wconf 80' lang='lat' dir='ltr'><strong>quomodo</strong></span> <span class='ocrx_word' id='word_1_38' title='bbox 1163 752 1355 820; x_wconf 77' lang='lat' dir='ltr'><strong>potest</strong></span> <span class='ocrx_word' id='word_1_39' title='bbox 1416 752 1625 803; x_wconf 89' lang='lat' dir='ltr'><strong>cantus</strong></span> <span class='ocrx_word' id='word_1_40' title='bbox 1654 762 1771 802; x_wconf 91' lang='lat' dir='ltr'><strong>non</strong></span> 
     </span>
    </p>
   </div>
   <div class='ocr_carea' id='block_1_8' title="bbox 128 835 1772 910">
    <p class='ocr_par' dir='ltr' id='par_1_8' title="bbox 128 835 1772 910">
     <span class='ocr_line' id='line_1_8' title="bbox 128 835 1772 910; baseline -0.002 -15"><span class='ocrx_word' id='word_1_41' title='bbox 128 852 253 902; x_wconf 77' lang='lat' dir='ltr'><strong>esse</strong></span> <span class='ocrx_word' id='word_1_42' title='bbox 294 838 588 894; x_wconf 78' lang='lat' dir='ltr'><strong>vitiosus?</strong></span> <span class='ocrx_word' id='word_1_43' title='bbox 648 836 961 910; x_wconf 84' lang='lat' dir='ltr'><strong>Degenerls</strong></span> <span class='ocrx_word' id='word_1_44' title='bbox 1000 836 1256 893; x_wconf 66' lang='lat' dir='ltr'><strong>materiae</strong></span> <span class='ocrx_word' id='word_1_45' title='bbox 1287 835 1520 893; x_wconf 90' lang='lat' dir='ltr'><strong>decolor</strong></span> <span class='ocrx_word' id='word_1_46' title='bbox 1567 841 1772 909; x_wconf 88' lang='lat' dir='ltr'><strong>partus</strong></span> 
     </span>
    </p>
   </div>
   <div class='ocr_carea' id='block_1_9' title="bbox 129 920 1771 1001">
    <p class='ocr_par' dir='ltr' id='par_1_9' title="bbox 129 920 1771 1001">
     <span class='ocr_line' id='line_1_9' title="bbox 129 920 1771 1001; baseline -0.004 -15"><span class='ocrx_word' id='word_1_47' title='bbox 129 933 235 986; x_wconf 78' lang='lat' dir='ltr'><strong>est.</strong></span> <span class='ocrx_word' id='word_1_48' title='bbox 264 926 557 999; x_wconf 76' lang='lat' dir='ltr'><strong>Quidquid</strong></span> <span class='ocrx_word' id='word_1_49' title='bbox 585 920 1014 1001; x_wconf 21' lang='lat' dir='ltr'><strong>ergo‘loquitur</strong></span> <span class='ocrx_word' id='word_1_50' title='bbox 1044 926 1326 997; x_wconf 84' lang='lat' dir='ltr'><strong>injustus,</strong></span> <span class='ocrx_word' id='word_1_51' title='bbox 1348 925 1632 997; x_wconf 77' lang='lat' dir='ltr'><strong>iniquitas</strong></span> <span class='ocrx_word' id='word_1_52' title='bbox 1662 928 1771 992; x_wconf 89' lang='lat' dir='ltr'><strong>est,</strong></span> 
     </span>
    </p>
   </div>
   <div class='ocr_carea' id='block_1_10' title="bbox 127 1014 1773 1090">
    <p class='ocr_par' dir='ltr' id='par_1_10' title="bbox 127 1014 1773 1090">
     <span class='ocr_line' id='line_1_10' title="bbox 127 1014 1773 1090; baseline -0.002 -17"><span class='ocrx_word' id='word_1_53' title='bbox 127 1033 254 1090; x_wconf 64' lang='lat' dir='ltr'><strong>qua</strong></span> <span class='ocrx_word' id='word_1_54' title='bbox 278 1019 335 1073; x_wconf 86' lang='lat' dir='ltr'><strong>in</strong></span> <span class='ocrx_word' id='word_1_55' title='bbox 365 1032 541 1073; x_wconf 84' lang='lat' dir='ltr'><strong>suum</strong></span> <span class='ocrx_word' id='word_1_56' title='bbox 570 1016 820 1072; x_wconf 82' lang='lat' dir='ltr'><strong>refertur</strong></span> <span class='ocrx_word' id='word_1_57' title='bbox 865 1020 1187 1083; x_wconf 78' lang='lat' dir='ltr'><strong>auctorem,</strong></span> <span class='ocrx_word' id='word_1_58' title='bbox 1222 1015 1376 1071; x_wconf 83' lang='lat' dir='ltr'><strong>sicut</strong></span> <span class='ocrx_word' id='word_1_59' title='bbox 1403 1014 1611 1087; x_wconf 71' lang='lat' dir='ltr'><strong>vipera:</strong></span> <span class='ocrx_word' id='word_1_60' title='bbox 1641 1029 1773 1086; x_wconf 88' lang='lat' dir='ltr'><strong>par-</strong></span> 
     </span>
    </p>
   </div>
   <div class='ocr_carea' id='block_1_11' title="bbox 127 1103 1773 1179">
    <p class='ocr_par' dir='ltr' id='par_1_11' title="bbox 127 1103 1773 1179">
     <span class='ocr_line' id='line_1_11' title="bbox 127 1103 1773 1179; baseline -0.004 -15"><span class='ocrx_word' id='word_1_61' title='bbox 127 1113 245 1175; x_wconf 82' lang='lat' dir='ltr'><strong>tus,</strong></span> <span class='ocrx_word' id='word_1_62' title='bbox 275 1106 372 1179; x_wconf 89' lang='lat' dir='ltr'><strong>qui</strong></span> <span class='ocrx_word' id='word_1_63' title='bbox 406 1105 594 1178; x_wconf 88' lang='lat' dir='ltr'><strong>primo</strong></span> <span class='ocrx_word' id='word_1_64' title='bbox 628 1118 796 1161; x_wconf 88' lang='lat' dir='ltr'><strong>suam</strong></span> <span class='ocrx_word' id='word_1_65' title='bbox 820 1105 1038 1161; x_wconf 86' lang='lat' dir='ltr'><strong>scindit</strong></span> <span class='ocrx_word' id='word_1_66' title='bbox 1066 1108 1390 1177; x_wconf 86' lang='lat' dir='ltr'><strong>parentem,</strong></span> <span class='ocrx_word' id='word_1_67' title='bbox 1416 1106 1483 1159; x_wconf 89' lang='lat' dir='ltr'><strong>ut</strong></span> <span class='ocrx_word' id='word_1_68' title='bbox 1500 1103 1773 1176; x_wconf 76' lang='lat' dir='ltr'><strong>frequens</strong></span> 
     </span>
    </p>
   </div>
   <div class='ocr_carea' id='block_1_12' title="bbox 125 1192 1768 1267">
    <p class='ocr_par' dir='ltr' id='par_1_12' title="bbox 125 1192 1768 1267">
     <span class='ocr_line' id='line_1_12' title="bbox 125 1192 1768 1267; baseline -0.003 -15"><span class='ocrx_word' id='word_1_69' title='bbox 125 1208 315 1252; x_wconf 72' lang='lat' dir='ltr'><strong>sermo</strong></span> <span class='ocrx_word' id='word_1_70' title='bbox 341 1197 434 1251; x_wconf 71' lang='lat' dir='ltr'><strong>est</strong></span> <span class='ocrx_word' id='word_1_71' title='bbox 462 1194 557 1266; x_wconf 75' lang='lat' dir='ltr'><strong>(De</strong></span> <span class='ocrx_word' id='word_1_72' title='bbox 590 1194 773 1262; x_wconf 64' lang='grc' dir='ltr'><strong>Τυδέα,</strong></span> <span class='ocrx_word' id='word_1_73' title='bbox 807 1204 933 1267; x_wconf 79' lang='lat' dir='ltr'><strong>cap,</strong></span> <span class='ocrx_word' id='word_1_74' title='bbox 968 1193 1058 1263; x_wconf 73' lang='grc'><strong>49,</strong></span> <span class='ocrx_word' id='word_1_75' title='bbox 1091 1209 1257 1248; x_wconf 88' lang='lat' dir='ltr'><strong>num.</strong></span> <span class='ocrx_word' id='word_1_76' title='bbox 1293 1194 1381 1248; x_wconf 79' lang='grc'><strong>41.</strong></span> <span class='ocrx_word' id='word_1_77' title='bbox 1415 1196 1473 1247; x_wconf 85' lang='lat' dir='ltr'><strong>et</strong></span> <span class='ocrx_word' id='word_1_78' title='bbox 1494 1192 1600 1248; x_wconf 83' lang='lat' dir='ltr'><strong>inf.</strong></span> <span class='ocrx_word' id='word_1_79' title='bbox 1621 1192 1768 1248; x_wconf 74' lang='lat' dir='ltr'><strong>Psal.</strong></span> 
     </span>
    </p>
   </div>
   <div class='ocr_carea' id='block_1_13' title="bbox 123 1280 1774 1355">
    <p class='ocr_par' dir='ltr' id='par_1_13' title="bbox 123 1280 1774 1355">
     <span class='ocr_line' id='line_1_13' title="bbox 123 1280 1774 1355; baseline -0.004 -14"><span class='ocrx_word' id='word_1_80' title='bbox 123 1300 335 1351; x_wconf 66' lang='lat' dir='ltr'><strong>xxx-vn,</strong></span> <span class='ocrx_word' id='word_1_81' title='bbox 366 1299 530 1339; x_wconf 89' lang='lat' dir='ltr'><strong>num.</strong></span> <span class='ocrx_word' id='word_1_82' title='bbox 562 1283 637 1353; x_wconf 91' lang='lat'><strong>8).</strong></span> <span class='ocrx_word' id='word_1_83' title='bbox 671 1282 795 1339; x_wconf 91' lang='lat' dir='ltr'><strong>Sibi</strong></span> <span class='ocrx_word' id='word_1_84' title='bbox 824 1298 967 1355; x_wconf 86' lang='lat' dir='ltr'><strong>ergo</strong></span> <span class='ocrx_word' id='word_1_85' title='bbox 998 1281 1312 1353; x_wconf 88' lang='lat' dir='ltr'><strong>delinquit.</strong></span> <span class='ocrx_word' id='word_1_86' title='bbox 1334 1280 1486 1336; x_wconf 79' lang='lat' dir='ltr'><strong>Nihil</strong></span> <span class='ocrx_word' id='word_1_87' title='bbox 1509 1280 1618 1336; x_wconf 91' lang='lat' dir='ltr'><strong>hac</strong></span> <span class='ocrx_word' id='word_1_88' title='bbox 1648 1297 1774 1336; x_wconf 88' lang='lat' dir='ltr'><strong>sen-</strong></span> 
     </span>
    </p>
   </div>
   <div class='ocr_carea' id='block_1_14' title="bbox 125 1364 1773 1441">
    <p class='ocr_par' dir='ltr' id='par_1_14' title="bbox 125 1364 1773 1441">
     <span class='ocr_line' id='line_1_14' title="bbox 125 1364 1773 1441; baseline -0.003 -11"><span class='ocrx_word' id='word_1_89' title='bbox 125 1373 309 1430; x_wconf 67' lang='lat' dir='ltr'><strong>tentia</strong></span> <span class='ocrx_word' id='word_1_90' title='bbox 335 1371 649 1428; x_wconf 73' lang='lat' dir='ltr'><strong>sublimius</strong></span> <span class='ocrx_word' id='word_1_91' title='bbox 696 1364 920 1427; x_wconf 76' lang='lat' dir='ltr'><strong>dictum</strong></span> <span class='ocrx_word' id='word_1_92' title='bbox 969 1370 1243 1426; x_wconf 88' lang='lat' dir='ltr'><strong>arbitror.</strong></span> <span class='ocrx_word' id='word_1_93' title='bbox 1280 1371 1342 1424; x_wconf 89' lang='lat' dir='ltr'><strong>In</strong></span> <span class='ocrx_word' id='word_1_94' title='bbox 1373 1368 1491 1425; x_wconf 84' lang='lat' dir='ltr'><strong>illis</strong></span> <span class='ocrx_word' id='word_1_95' title='bbox 1529 1368 1629 1441; x_wconf 87' lang='lat' dir='ltr'><strong>qui</strong></span> <span class='ocrx_word' id='word_1_96' title='bbox 1660 1369 1773 1425; x_wconf 88' lang='lat' dir='ltr'><strong>sibi</strong></span> 
     </span>
    </p>
   </div>
   <div class='ocr_carea' id='block_1_15' title="bbox 123 1457 1771 1534">
    <p class='ocr_par' dir='ltr' id='par_1_15' title="bbox 123 1457 1771 1534">
     <span class='ocr_line' id='line_1_15' title="bbox 123 1457 1771 1534; baseline -0.004 -15"><span class='ocrx_word' id='word_1_97' title='bbox 123 1462 469 1534; x_wconf 69' lang='lat' dir='ltr'><strong>sapientiam</strong></span> <span class='ocrx_word' id='word_1_98' title='bbox 500 1460 697 1517; x_wconf 67' lang='lat' dir='ltr'><strong>smeuli</strong></span> <span class='ocrx_word' id='word_1_99' title='bbox 722 1460 1120 1527; x_wconf 75' lang='lat' dir='ltr'><strong>vindicarunt,</strong></span> <span class='ocrx_word' id='word_1_100' title='bbox 1141 1457 1420 1514; x_wconf 86' lang='lat' dir='ltr'><strong>nihiltale</strong></span> <span class='ocrx_word' id='word_1_101' title='bbox 1439 1457 1553 1531; x_wconf 88' lang='lat' dir='ltr'><strong>legi</strong></span> <span class='ocrx_word' id='word_1_102' title='bbox 1578 1476 1591 1527; x_wconf 89' lang='lat'><strong>;</strong></span> <span class='ocrx_word' id='word_1_103' title='bbox 1624 1457 1771 1513; x_wconf 81' lang='lat' dir='ltr'><strong>nihil</strong></span> 
     </span>
    </p>
   </div>
   <div class='ocr_carea' id='block_1_16' title="bbox 121 1545 1773 1623">
    <p class='ocr_par' dir='ltr' id='par_1_16' title="bbox 121 1545 1773 1623">
     <span class='ocr_line' id='line_1_16' title="bbox 121 1545 1773 1623; baseline -0.001 -18"><span class='ocrx_word' id='word_1_104' title='bbox 121 1551 245 1607; x_wconf 85' lang='lat' dir='ltr'><strong>tale</strong></span> <span class='ocrx_word' id='word_1_105' title='bbox 268 1549 525 1623; x_wconf 83' lang='lat' dir='ltr'><strong>cognovi.</strong></span> <span class='ocrx_word' id='word_1_106' title='bbox 556 1549 673 1605; x_wconf 87' lang='lat' dir='ltr'><strong>Nec</strong></span> <span class='ocrx_word' id='word_1_107' title='bbox 694 1548 934 1615; x_wconf 86' lang='lat' dir='ltr'><strong>mirum,</strong></span> <span class='ocrx_word' id='word_1_108' title='bbox 960 1548 1439 1620; x_wconf 82' lang='lat' dir='ltr'><strong>quandoquidem</strong></span> <span class='ocrx_word' id='word_1_109' title='bbox 1468 1546 1548 1602; x_wconf 83' lang='lat' dir='ltr'><strong>illi</strong></span> <span class='ocrx_word' id='word_1_110' title='bbox 1570 1545 1773 1603; x_wconf 88' lang='lat' dir='ltr'><strong>huma-</strong></span> 
     </span>
    </p>
   </div>
   <div class='ocr_carea' id='block_1_17' title="bbox 122 1635 1767 1712">
    <p class='ocr_par' dir='ltr' id='par_1_17' title="bbox 122 1635 1767 1712">
     <span class='ocr_line' id='line_1_17' title="bbox 122 1635 1767 1712; baseline -0.003 -17"><span class='ocrx_word' id='word_1_111' title='bbox 122 1657 199 1697; x_wconf 86' lang='lat' dir='ltr'><strong>ne</strong></span> <span class='ocrx_word' id='word_1_112' title='bbox 244 1639 473 1712; x_wconf 84' lang='lat' dir='ltr'><strong>ingenio</strong></span> <span class='ocrx_word' id='word_1_113' title='bbox 505 1638 683 1695; x_wconf 84' lang='lat' dir='ltr'><strong>locuti</strong></span> <span class='ocrx_word' id='word_1_114' title='bbox 729 1642 888 1707; x_wconf 82' lang='lat' dir='ltr'><strong>sunt,</strong></span> <span class='ocrx_word' id='word_1_115' title='bbox 921 1637 1032 1693; x_wconf 80' lang='lat' dir='ltr'><strong>hoc</strong></span> <span class='ocrx_word' id='word_1_116' title='bbox 1082 1636 1298 1692; x_wconf 75' lang='lat' dir='ltr'><strong>infudit</strong></span> <span class='ocrx_word' id='word_1_117' title='bbox 1345 1635 1597 1709; x_wconf 84' lang='lat' dir='ltr'><strong>Spiritus</strong></span> <span class='ocrx_word' id='word_1_118' title='bbox 1643 1635 1767 1702; x_wconf 88' lang='lat' dir='ltr'><strong>Dei,</strong></span> 
     </span>
    </p>
   </div>
   <div class='ocr_carea' id='block_1_18' title="bbox 122 1723 1768 1803">
    <p class='ocr_par' dir='ltr' id='par_1_18' title="bbox 122 1723 1768 1803">
     <span class='ocr_line' id='line_1_18' title="bbox 122 1723 1768 1803; baseline -0.004 -17"><span class='ocrx_word' id='word_1_119' title='bbox 122 1730 377 1803; x_wconf 80' lang='lat' dir='ltr'><strong>Spiritus</strong></span> <span class='ocrx_word' id='word_1_120' title='bbox 419 1727 717 1783; x_wconf 77' lang='lat' dir='ltr'><strong>veritatis:</strong></span> <span class='ocrx_word' id='word_1_121' title='bbox 773 1726 913 1800; x_wconf 84' lang='lat' dir='ltr'><strong>quia</strong></span> <span class='ocrx_word' id='word_1_122' title='bbox 961 1726 1221 1798; x_wconf 78' lang='lat' dir='ltr'><strong>injustas</strong></span> <span class='ocrx_word' id='word_1_123' title='bbox 1287 1724 1398 1780; x_wconf 88' lang='lat' dir='ltr'><strong>sibi</strong></span> <span class='ocrx_word' id='word_1_124' title='bbox 1447 1723 1768 1796; x_wconf 72' lang='lat' dir='ltr'><strong>delinquat,</strong></span> 
     </span>
    </p>
   </div>
   <div class='ocr_carea' id='block_1_19' title="bbox 122 1813 1771 1891">
    <p class='ocr_par' dir='ltr' id='par_1_19' title="bbox 122 1813 1771 1891">
     <span class='ocr_line' id='line_1_19' title="bbox 122 1813 1771 1891; baseline -0.005 -15"><span class='ocrx_word' id='word_1_125' title='bbox 122 1818 237 1876; x_wconf 81' lang='lat' dir='ltr'><strong>sibi</strong></span> <span class='ocrx_word' id='word_1_126' title='bbox 267 1821 498 1891; x_wconf 76' lang='lat' dir='ltr'><strong>generet</strong></span> <span class='ocrx_word' id='word_1_127' title='bbox 526 1816 787 1883; x_wconf 80' lang='lat' dir='ltr'><strong>vulnera,</strong></span> <span class='ocrx_word' id='word_1_128' title='bbox 824 1826 887 1872; x_wconf 77' lang='lat' dir='ltr'><strong>ee</strong></span> <span class='ocrx_word' id='word_1_129' title='bbox 918 1815 1043 1887; x_wconf 86' lang='lat' dir='ltr'><strong>ipse</strong></span> <span class='ocrx_word' id='word_1_130' title='bbox 1093 1813 1408 1870; x_wconf 85' lang='lat' dir='ltr'><strong>confodiat.</strong></span> <span class='ocrx_word' id='word_1_131' title='bbox 1443 1814 1589 1869; x_wconf 88' lang='lat' dir='ltr'><strong>Nam</strong></span> <span class='ocrx_word' id='word_1_132' title='bbox 1620 1813 1771 1868; x_wconf 83' lang='lat' dir='ltr'><strong>sicut</strong></span> 
     </span>
    </p>
   </div>
   <div class='ocr_carea' id='block_1_20' title="bbox 123 1903 1770 1980">
    <p class='ocr_par' dir='ltr' id='par_1_20' title="bbox 123 1903 1770 1980">
     <span class='ocr_line' id='line_1_20' title="bbox 123 1903 1770 1980; baseline -0.004 -16"><span class='ocrx_word' id='word_1_133' title='bbox 123 1908 305 1980; x_wconf 59' lang='lat' dir='ltr'><strong>spina</strong></span> <span class='ocrx_word' id='word_1_134' title='bbox 334 1910 659 1963; x_wconf 85' lang='lat' dir='ltr'><strong>nascuntur</strong></span> <span class='ocrx_word' id='word_1_135' title='bbox 685 1906 743 1961; x_wconf 89' lang='lat' dir='ltr'><strong>in</strong></span> <span class='ocrx_word' id='word_1_136' title='bbox 778 1920 953 1961; x_wconf 83' lang='lat' dir='ltr'><strong>manu</strong></span> <span class='ocrx_word' id='word_1_137' title='bbox 986 1903 1222 1969; x_wconf 85' lang='lat' dir='ltr'><strong>ebriosi,</strong></span> <span class='ocrx_word' id='word_1_138' title='bbox 1252 1909 1315 1959; x_wconf 89' lang='lat' dir='ltr'><strong>ut</strong></span> <span class='ocrx_word' id='word_1_139' title='bbox 1352 1903 1652 1975; x_wconf 89' lang='lat' dir='ltr'><strong>Scriptura</strong></span> <span class='ocrx_word' id='word_1_140' title='bbox 1682 1918 1770 1958; x_wconf 77' lang='lat' dir='ltr'><strong>as-</strong></span> 
     </span>
    </p>
   </div>
   <div class='ocr_carea' id='block_1_21' title="bbox 124 1991 1769 2067">
    <p class='ocr_par' dir='ltr' id='par_1_21' title="bbox 124 1991 1769 2067">
     <span class='ocr_line' id='line_1_21' title="bbox 124 1991 1769 2067; baseline -0.003 -15"><span class='ocrx_word' id='word_1_141' title='bbox 124 1997 271 2053; x_wconf 83' lang='lat' dir='ltr'><strong>serit</strong></span> <span class='ocrx_word' id='word_1_142' title='bbox 296 1997 477 2067; x_wconf 80' lang='lat' dir='ltr'><strong>(Prov.</strong></span> <span class='ocrx_word' id='word_1_143' title='bbox 510 2010 665 2061; x_wconf 67' lang='lat' dir='ltr'><strong>xxvr,</strong></span> <span class='ocrx_word' id='word_1_144' title='bbox 695 1995 773 2065; x_wconf 82' lang='lat'><strong>9),</strong></span> <span class='ocrx_word' id='word_1_145' title='bbox 806 1994 887 2048; x_wconf 86' lang='lat' dir='ltr'><strong>ita</strong></span> <span class='ocrx_word' id='word_1_146' title='bbox 905 1996 961 2048; x_wconf 91' lang='lat' dir='ltr'><strong>et</strong></span> <span class='ocrx_word' id='word_1_147' title='bbox 982 1991 1188 2063; x_wconf 89' lang='lat' dir='ltr'><strong>injusti</strong></span> <span class='ocrx_word' id='word_1_148' title='bbox 1209 2006 1477 2048; x_wconf 87' lang='lat' dir='ltr'><strong>sermone</strong></span> <span class='ocrx_word' id='word_1_149' title='bbox 1516 2007 1769 2047; x_wconf 86' lang='lat' dir='ltr'><strong>nascun-</strong></span> 
     </span>
    </p>
   </div>
   <div class='ocr_carea' id='block_1_22' title="bbox 122 2072 1766 2156">
    <p class='ocr_par' dir='ltr' id='par_1_22' title="bbox 122 2072 1766 2156">
     <span class='ocr_line' id='line_1_22' title="bbox 122 2072 1766 2156; baseline -0.003 -16"><span class='ocrx_word' id='word_1_150' title='bbox 122 2090 246 2151; x_wconf 80' lang='lat' dir='ltr'><strong>tur,</strong></span> <span class='ocrx_word' id='word_1_151' title='bbox 266 2100 388 2156; x_wconf 67' lang='lat' dir='ltr'><strong>qua:</strong></span> <span class='ocrx_word' id='word_1_152' title='bbox 400 2072 798 2155; x_wconf 77' lang='lat' dir='ltr'><strong>compungunt</strong></span> <span class='ocrx_word' id='word_1_153' title='bbox 813 2082 1169 2153; x_wconf 77' lang='lat' dir='ltr'><strong>loquentem.</strong></span> <span class='ocrx_word' id='word_1_154' title='bbox 1191 2080 1766 2153; x_wconf 87' lang='lat' dir='ltr'><strong>Loquiturinjustus,</strong></span> 
     </span>
    </p>
   </div>
   <div class='ocr_carea' id='block_1_23' title="bbox 119 2168 1768 2241">
    <p class='ocr_par' dir='ltr' id='par_1_23' title="bbox 119 2168 1768 2241">
     <span class='ocr_line' id='line_1_23' title="bbox 119 2168 1768 2241; baseline -0.004 -11"><span class='ocrx_word' id='word_1_155' title='bbox 119 2179 185 2230; x_wconf 85' lang='lat' dir='ltr'><strong>et</strong></span> <span class='ocrx_word' id='word_1_156' title='bbox 230 2173 468 2230; x_wconf 74' lang='lat' dir='ltr'><strong>interior</strong></span> <span class='ocrx_word' id='word_1_157' title='bbox 506 2172 636 2240; x_wconf 81' lang='lat' dir='ltr'><strong>ejus</strong></span> <span class='ocrx_word' id='word_1_158' title='bbox 682 2169 1041 2227; x_wconf 78' lang='lat' dir='ltr'><strong>conscientia</strong></span> <span class='ocrx_word' id='word_1_159' title='bbox 1086 2169 1468 2237; x_wconf 82' lang='lat' dir='ltr'><strong>vulneratur;</strong></span> <span class='ocrx_word' id='word_1_160' title='bbox 1524 2169 1663 2241; x_wconf 88' lang='lat' dir='ltr'><strong>quia</strong></span> <span class='ocrx_word' id='word_1_161' title='bbox 1708 2168 1768 2224; x_wconf 86' lang='lat' dir='ltr'><strong>in</strong></span> 
     </span>
    </p>
   </div>
   <div class='ocr_carea' id='block_1_24' title="bbox 120 2257 1770 2333">
    <p class='ocr_par' dir='ltr' id='par_1_24' title="bbox 120 2257 1770 2333">
     <span class='ocr_line' id='line_1_24' title="bbox 120 2257 1770 2333; baseline -0.004 -13"><span class='ocrx_word' id='word_1_162' title='bbox 120 2263 289 2320; x_wconf 84' lang='lat' dir='ltr'><strong>omni</strong></span> <span class='ocrx_word' id='word_1_163' title='bbox 318 2276 587 2319; x_wconf 83' lang='lat' dir='ltr'><strong>sermone</strong></span> <span class='ocrx_word' id='word_1_164' title='bbox 616 2274 789 2333; x_wconf 77' lang='lat' dir='ltr'><strong>quem</strong></span> <span class='ocrx_word' id='word_1_165' title='bbox 816 2258 1095 2331; x_wconf 86' lang='lat' dir='ltr'><strong>loquitur,</strong></span> <span class='ocrx_word' id='word_1_166' title='bbox 1126 2276 1243 2315; x_wconf 91' lang='lat' dir='ltr'><strong>nou</strong></span> <span class='ocrx_word' id='word_1_167' title='bbox 1283 2262 1372 2315; x_wconf 90' lang='lat' dir='ltr'><strong>est</strong></span> <span class='ocrx_word' id='word_1_168' title='bbox 1401 2257 1625 2314; x_wconf 83' lang='lat' dir='ltr'><strong>fraudis</strong></span> <span class='ocrx_word' id='word_1_169' title='bbox 1654 2258 1770 2313; x_wconf 88' lang='lat' dir='ltr'><strong>im—</strong></span> 
     </span>
    </p>
   </div>
   <div class='ocr_carea' id='block_1_25' title="bbox 118 2346 1768 2423">
    <p class='ocr_par' dir='ltr' id='par_1_25' title="bbox 118 2346 1768 2423">
     <span class='ocr_line' id='line_1_25' title="bbox 118 2346 1768 2423; baseline -0.005 -14"><span class='ocrx_word' id='word_1_170' title='bbox 118 2352 346 2410; x_wconf 87' lang='lat' dir='ltr'><strong>munis.</strong></span> <span class='ocrx_word' id='word_1_171' title='bbox 368 2351 549 2422; x_wconf 82' lang='lat' dir='ltr'><strong>Cujus</strong></span> <span class='ocrx_word' id='word_1_172' title='bbox 569 2346 726 2406; x_wconf 86' lang='lat' dir='ltr'><strong>enim</strong></span> <span class='ocrx_word' id='word_1_173' title='bbox 748 2348 977 2423; x_wconf 84' lang='lat' dir='ltr'><strong>gravior</strong></span> <span class='ocrx_word' id='word_1_174' title='bbox 995 2351 1083 2404; x_wconf 90' lang='lat' dir='ltr'><strong>est</strong></span> <span class='ocrx_word' id='word_1_175' title='bbox 1102 2364 1291 2421; x_wconf 64' lang='lat' dir='ltr'><strong>pinna,</strong></span> <span class='ocrx_word' id='word_1_176' title='bbox 1312 2364 1489 2419; x_wconf 88' lang='lat' dir='ltr'><strong>quam</strong></span> <span class='ocrx_word' id='word_1_177' title='bbox 1515 2347 1768 2420; x_wconf 90' lang='lat' dir='ltr'><strong>propria,</strong></span> 
     </span>
    </p>
   </div>
   <div class='ocr_carea' id='block_1_26' title="bbox 117 2435 1772 2515">
    <p class='ocr_par' dir='ltr' id='par_1_26' title="bbox 117 2435 1772 2515">
     <span class='ocr_line' id='line_1_26' title="bbox 117 2435 1772 2515; baseline -0.005 -16"><span class='ocrx_word' id='word_1_178' title='bbox 117 2458 263 2500; x_wconf 90' lang='lat' dir='ltr'><strong>cum</strong></span> <span class='ocrx_word' id='word_1_179' title='bbox 293 2456 395 2515; x_wconf 90' lang='lat' dir='ltr'><strong>pro</strong></span> <span class='ocrx_word' id='word_1_180' title='bbox 427 2439 588 2498; x_wconf 79' lang='lat' dir='ltr'><strong>Omni</strong></span> <span class='ocrx_word' id='word_1_181' title='bbox 630 2452 899 2496; x_wconf 84' lang='lat' dir='ltr'><strong>sermone</strong></span> <span class='ocrx_word' id='word_1_182' title='bbox 944 2438 1040 2492; x_wconf 87' lang='lat' dir='ltr'><strong>det</strong></span> <span class='ocrx_word' id='word_1_183' title='bbox 1082 2436 1330 2509; x_wconf 66' lang='lat' dir='ltr'><strong>pinnas?</strong></span> <span class='ocrx_word' id='word_1_184' title='bbox 1359 2437 1611 2509; x_wconf 90' lang='lat' dir='ltr'><strong>Serpens</strong></span> <span class='ocrx_word' id='word_1_185' title='bbox 1643 2435 1772 2491; x_wconf 88' lang='lat' dir='ltr'><strong>aliis</strong></span> 
     </span>
    </p>
   </div>
   <div class='ocr_carea' id='block_1_27' title="bbox 118 2524 1771 2598">
    <p class='ocr_par' dir='ltr' id='par_1_27' title="bbox 118 2524 1771 2598">
     <span class='ocr_line' id='line_1_27' title="bbox 118 2524 1771 2598; baseline -0.005 -10"><span class='ocrx_word' id='word_1_186' title='bbox 118 2530 385 2588; x_wconf 75' lang='lat' dir='ltr'><strong>infundit</strong></span> <span class='ocrx_word' id='word_1_187' title='bbox 412 2544 723 2591; x_wconf 88' lang='lat' dir='ltr'><strong>venenum,</strong></span> <span class='ocrx_word' id='word_1_188' title='bbox 764 2527 1023 2598; x_wconf 79' lang='lat' dir='ltr'><strong>injustas</strong></span> <span class='ocrx_word' id='word_1_189' title='bbox 1054 2525 1166 2582; x_wconf 88' lang='lat' dir='ltr'><strong>sibi</strong></span> <span class='ocrx_word' id='word_1_190' title='bbox 1196 2541 1207 2581; x_wconf 91' lang='lat'><strong>:</strong></span> <span class='ocrx_word' id='word_1_191' title='bbox 1240 2525 1464 2581; x_wconf 83' lang='lat' dir='ltr'><strong>incum</strong></span> <span class='ocrx_word' id='word_1_192' title='bbox 1496 2524 1653 2581; x_wconf 89' lang='lat' dir='ltr'><strong>enim</strong></span> <span class='ocrx_word' id='word_1_193' title='bbox 1683 2539 1771 2580; x_wconf 90' lang='lat' dir='ltr'><strong>re-</strong></span> 
     </span>
    </p>
   </div>
   <div class='ocr_carea' id='block_1_28' title="bbox 118 2612 1775 2690">
    <p class='ocr_par' dir='ltr' id='par_1_28' title="bbox 118 2612 1775 2690">
     <span class='ocr_line' id='line_1_28' title="bbox 118 2612 1775 2690; baseline -0.005 -13"><span class='ocrx_word' id='word_1_194' title='bbox 118 2619 395 2677; x_wconf 80' lang='lat' dir='ltr'><strong>funditur</strong></span> <span class='ocrx_word' id='word_1_195' title='bbox 423 2616 711 2690; x_wconf 84' lang='lat' dir='ltr'><strong>quidquid</strong></span> <span class='ocrx_word' id='word_1_196' title='bbox 741 2614 1029 2672; x_wconf 71' lang='lat' dir='ltr'><strong>effuderit.</strong></span> <span class='ocrx_word' id='word_1_197' title='bbox 1063 2614 1326 2685; x_wconf 88' lang='lat' dir='ltr'><strong>lnjustus</strong></span> <span class='ocrx_word' id='word_1_198' title='bbox 1356 2613 1532 2685; x_wconf 86' lang='lat' dir='ltr'><strong>igitur</strong></span> <span class='ocrx_word' id='word_1_199' title='bbox 1556 2617 1612 2668; x_wconf 89' lang='lat' dir='ltr'><strong>et</strong></span> <span class='ocrx_word' id='word_1_200' title='bbox 1643 2612 1775 2668; x_wconf 88' lang='lat' dir='ltr'><strong>aliis</strong></span> 
     </span>
    </p>
   </div>
   <div class='ocr_carea' id='block_1_29' title="bbox 122 2702 1778 2777">
    <p class='ocr_par' dir='ltr' id='par_1_29' title="bbox 122 2702 1778 2777">
     <span class='ocr_line' id='line_1_29' title="bbox 122 2702 1778 2777; baseline -0.007 -11"><span class='ocrx_word' id='word_1_201' title='bbox 122 2708 375 2777; x_wconf 88' lang='lat' dir='ltr'><strong>inutilis,</strong></span> <span class='ocrx_word' id='word_1_202' title='bbox 403 2710 461 2763; x_wconf 80' lang='lat' dir='ltr'><strong>et</strong></span> <span class='ocrx_word' id='word_1_203' title='bbox 488 2706 601 2762; x_wconf 88' lang='lat' dir='ltr'><strong>sibi</strong></span> <span class='ocrx_word' id='word_1_204' title='bbox 631 2704 841 2760; x_wconf 88' lang='lat' dir='ltr'><strong>noxius</strong></span> <span class='ocrx_word' id='word_1_205' title='bbox 869 2720 881 2759; x_wconf 89' lang='lat'><strong>:</strong></span> <span class='ocrx_word' id='word_1_206' title='bbox 909 2702 1059 2774; x_wconf 91' lang='lat' dir='ltr'><strong>justi</strong></span> <span class='ocrx_word' id='word_1_207' title='bbox 1090 2706 1283 2758; x_wconf 86' lang='lat' dir='ltr'><strong>autem</strong></span> <span class='ocrx_word' id='word_1_208' title='bbox 1314 2703 1432 2757; x_wconf 88' lang='lat' dir='ltr'><strong>vita</strong></span> <span class='ocrx_word' id='word_1_209' title='bbox 1482 2703 1778 2757; x_wconf 84' lang='lat' dir='ltr'><strong>fructuosa</strong></span> 
     </span>
    </p>
   </div>
   <div class='ocr_carea' id='block_1_30' title="bbox 122 2790 1774 2867">
    <p class='ocr_par' dir='ltr' id='par_1_30' title="bbox 122 2790 1774 2867">
     <span class='ocr_line' id='line_1_30' title="bbox 122 2790 1774 2867; baseline -0.007 -11"><span class='ocrx_word' id='word_1_210' title='bbox 122 2800 285 2867; x_wconf 81' lang='lat' dir='ltr'><strong>aiiis,</strong></span> <span class='ocrx_word' id='word_1_211' title='bbox 315 2802 373 2853; x_wconf 87' lang='lat' dir='ltr'><strong>et</strong></span> <span class='ocrx_word' id='word_1_212' title='bbox 412 2796 525 2853; x_wconf 82' lang='lat' dir='ltr'><strong>sibi</strong></span> <span class='ocrx_word' id='word_1_213' title='bbox 571 2794 779 2851; x_wconf 78' lang='lat' dir='ltr'><strong>dulcis.</strong></span> <span class='ocrx_word' id='word_1_214' title='bbox 830 2791 983 2848; x_wconf 84' lang='lat' dir='ltr'><strong>Dicit</strong></span> <span class='ocrx_word' id='word_1_215' title='bbox 1032 2790 1189 2848; x_wconf 91' lang='lat' dir='ltr'><strong>enim</strong></span> <span class='ocrx_word' id='word_1_216' title='bbox 1236 2791 1505 2847; x_wconf 89' lang='lat' dir='ltr'><strong>Salomon</strong></span> <span class='ocrx_word' id='word_1_217' title='bbox 1537 2808 1550 2845; x_wconf 86' lang='lat'>:</span> <span class='ocrx_word' id='word_1_218' title='bbox 1584 2814 1611 2840; x_wconf 89' lang='grc'><strong>‹‹</strong></span> <span class='ocrx_word' id='word_1_219' title='bbox 1648 2790 1774 2856; x_wconf 79' lang='lat' dir='ltr'><strong>Fili,</strong></span> 
     </span>
    </p>
   </div>
   <div class='ocr_carea' id='block_1_31' title="bbox 122 2879 1779 2967">
    <p class='ocr_par' dir='ltr' id='par_1_31' title="bbox 122 2879 1779 2967">
     <span class='ocr_line' id='line_1_31' title="bbox 122 2879 1779 2967; baseline -0.008 -20"><span class='ocrx_word' id='word_1_220' title='bbox 122 2889 182 2947; x_wconf 83' lang='lat' dir='ltr'><strong>si</strong></span> <span class='ocrx_word' id='word_1_221' title='bbox 212 2885 447 2967; x_wconf 80' lang='lat' dir='ltr'><strong>sapiens</strong></span> <span class='ocrx_word' id='word_1_222' title='bbox 472 2885 609 2955; x_wconf 88' lang='lat' dir='ltr'><strong>eris,</strong></span> <span class='ocrx_word' id='word_1_223' title='bbox 650 2882 757 2939; x_wconf 87' lang='lat' dir='ltr'><strong>tibi</strong></span> <span class='ocrx_word' id='word_1_224' title='bbox 806 2881 1041 2965; x_wconf 78' lang='lat' dir='ltr'><strong>sapiens</strong></span> <span class='ocrx_word' id='word_1_225' title='bbox 1085 2881 1222 2947; x_wconf 89' lang='lat' dir='ltr'><strong>eris,</strong></span> <span class='ocrx_word' id='word_1_226' title='bbox 1273 2885 1331 2935; x_wconf 90' lang='lat' dir='ltr'><strong>et</strong></span> <span class='ocrx_word' id='word_1_227' title='bbox 1381 2879 1698 2951; x_wconf 88' lang='lat' dir='ltr'><strong>proximis;</strong></span> <span class='ocrx_word' id='word_1_228' title='bbox 1728 2880 1779 2934; x_wconf 90' lang='lat' dir='ltr'><strong>si</strong></span> 
     </span>
    </p>
   </div>
   <div class='ocr_carea' id='block_1_32' title="bbox 126 2966 1776 3049">
    <p class='ocr_par' dir='ltr' id='par_1_32' title="bbox 126 2966 1776 3049">
     <span class='ocr_line' id='line_1_32' title="bbox 126 2966 1776 3049; baseline -0.007 -15"><span class='ocrx_word' id='word_1_229' title='bbox 126 2980 330 3035; x_wconf 81' lang='lat' dir='ltr'><strong>autem</strong></span> <span class='ocrx_word' id='word_1_230' title='bbox 362 2973 556 3030; x_wconf 85' lang='lat' dir='ltr'><strong>malus</strong></span> <span class='ocrx_word' id='word_1_231' title='bbox 598 2970 870 3039; x_wconf 83' lang='lat' dir='ltr'><strong>evaseris,</strong></span> <span class='ocrx_word' id='word_1_232' title='bbox 920 2968 1083 3049; x_wconf 84' lang='lat' dir='ltr'><strong>solus</strong></span> <span class='ocrx_word' id='word_1_233' title='bbox 1130 2969 1368 3025; x_wconf 83' lang='lat' dir='ltr'><strong>hauries</strong></span> <span class='ocrx_word' id='word_1_234' title='bbox 1412 2966 1565 3024; x_wconf 86' lang='lat' dir='ltr'><strong>mala</strong></span> <span class='ocrx_word' id='word_1_235' title='bbox 1594 2969 1776 3041; x_wconf 84' lang='lat' dir='ltr'><strong>(Prov.</strong></span> 
     </span>
    </p>
   </div>
   <div class='ocr_carea' id='block_1_33' title="bbox 124 3058 453 3135">
    <p class='ocr_par' dir='ltr' id='par_1_33' title="bbox 124 3058 453 3135">
     <span class='ocr_line' id='line_1_33' title="bbox 124 3058 453 3135; baseline -0.015 -12"><span class='ocrx_word' id='word_1_236' title='bbox 124 3080 209 3134; x_wconf 80' lang='lat' dir='ltr'><strong>xx,</strong></span> <span class='ocrx_word' id='word_1_237' title='bbox 247 3064 357 3135; x_wconf 77' lang='grc'><strong>12).</strong></span> <span class='ocrx_word' id='word_1_238' title='bbox 391 3085 421 3113; x_wconf 76' lang='grc' dir='ltr'><strong>ιι</strong></span> <span class='ocrx_word' id='word_1_239' title='bbox 450 3058 453 3059; x_wconf 14' lang='grc' dir='ltr'><em>ν</em></span> 
     </span>
    </p>
   </div>
   <div class='ocr_carea' id='block_1_34' title="bbox 197 3162 1780 3243">
    <p class='ocr_par' dir='ltr' id='par_1_34' title="bbox 197 3162 1780 3243">
     <span class='ocr_line' id='line_1_34' title="bbox 197 3162 1780 3243; baseline -0.004 -17"><span class='ocrx_word' id='word_1_240' title='bbox 197 3174 257 3226; x_wconf 85' lang='lat'><strong>7.</strong></span> <span class='ocrx_word' id='word_1_241' title='bbox 291 3168 660 3239; x_wconf 30' lang='lat' dir='ltr'><strong>Adve‘rtimus</strong></span> <span class='ocrx_word' id='word_1_242' title='bbox 690 3182 826 3243; x_wconf 90' lang='lat' dir='ltr'><strong>ergo</strong></span> <span class='ocrx_word' id='word_1_243' title='bbox 857 3164 998 3236; x_wconf 88' lang='lat' dir='ltr'><strong>quia</strong></span> <span class='ocrx_word' id='word_1_244' title='bbox 1018 3164 1256 3237; x_wconf 88' lang='lat' dir='ltr'><strong>justitia</strong></span> <span class='ocrx_word' id='word_1_245' title='bbox 1285 3162 1417 3219; x_wconf 86' lang='lat' dir='ltr'><strong>aliis</strong></span> <span class='ocrx_word' id='word_1_246' title='bbox 1465 3166 1555 3219; x_wconf 90' lang='lat' dir='ltr'><strong>est</strong></span> <span class='ocrx_word' id='word_1_247' title='bbox 1584 3164 1780 3235; x_wconf 89' lang='lat' dir='ltr'><strong>potius</strong></span> 
     </span>
    </p>
   </div>
   <div class='ocr_carea' id='block_1_35' title="bbox 119 3252 1776 3332">
    <p class='ocr_par' dir='ltr' id='par_1_35' title="bbox 119 3252 1776 3332">
     <span class='ocr_line' id='line_1_35' title="bbox 119 3252 1776 3332; baseline -0.007 -14"><span class='ocrx_word' id='word_1_248' title='bbox 119 3266 290 3325; x_wconf 83' lang='lat' dir='ltr'><strong>nata,</strong></span> <span class='ocrx_word' id='word_1_249' title='bbox 324 3272 502 3332; x_wconf 89' lang='lat' dir='ltr'><strong>quam</strong></span> <span class='ocrx_word' id='word_1_250' title='bbox 533 3254 645 3317; x_wconf 89' lang='lat' dir='ltr'><strong>sibi</strong></span> <span class='ocrx_word' id='word_1_251' title='bbox 671 3272 684 3310; x_wconf 91' lang='lat'>:</span> <span class='ocrx_word' id='word_1_252' title='bbox 718 3269 1027 3317; x_wconf 88' lang='lat' dir='ltr'><strong>commune</strong></span> <span class='ocrx_word' id='word_1_253' title='bbox 1048 3252 1579 3322; x_wconf 90' lang='lat' dir='ltr'><strong>commodum,non</strong></span> <span class='ocrx_word' id='word_1_254' title='bbox 1602 3266 1776 3307; x_wconf 90' lang='lat' dir='ltr'><strong>suum</strong></span> 
     </span>
    </p>
   </div>
   <div class='ocr_carea' id='block_1_36' title="bbox 117 3339 1778 3422">
    <p class='ocr_par' dir='ltr' id='par_1_36' title="bbox 117 3339 1778 3422">
     <span class='ocr_line' id='line_1_36' title="bbox 117 3339 1778 3422; baseline -0.007 -15"><span class='ocrx_word' id='word_1_255' title='bbox 117 3350 430 3422; x_wconf 72' lang='lat' dir='ltr'><strong>exspectat</strong></span> <span class='ocrx_word' id='word_1_256' title='bbox 456 3363 470 3413; x_wconf 90' lang='lat'><strong>;</strong></span> <span class='ocrx_word' id='word_1_257' title='bbox 503 3348 561 3399; x_wconf 90' lang='lat' dir='ltr'><strong>et</strong></span> <span class='ocrx_word' id='word_1_258' title='bbox 584 3342 837 3413; x_wconf 87' lang='lat' dir='ltr'><strong>alienum</strong></span> <span class='ocrx_word' id='word_1_259' title='bbox 868 3344 1087 3399; x_wconf 91' lang='lat' dir='ltr'><strong>bonum</strong></span> <span class='ocrx_word' id='word_1_260' title='bbox 1113 3358 1217 3413; x_wconf 92' lang='lat' dir='ltr'><strong>pro</strong></span> <span class='ocrx_word' id='word_1_261' title='bbox 1248 3357 1353 3397; x_wconf 87' lang='lat' dir='ltr'><strong>suo</strong></span> <span class='ocrx_word' id='word_1_262' title='bbox 1376 3340 1536 3397; x_wconf 88' lang='lat' dir='ltr'><strong>ducit</strong></span> <span class='ocrx_word' id='word_1_263' title='bbox 1556 3339 1778 3396; x_wconf 80' lang='lat' dir='ltr'><strong>emolu-</strong></span> 
     </span>
    </p>
   </div>
   <div class='ocr_carea' id='block_1_37' title="bbox 117 3429 1779 3505">
    <p class='ocr_par' dir='ltr' id='par_1_37' title="bbox 117 3429 1779 3505">
     <span class='ocr_line' id='line_1_37' title="bbox 117 3429 1779 3505; baseline -0.007 -10"><span class='ocrx_word' id='word_1_264' title='bbox 117 3442 352 3495; x_wconf 86' lang='lat' dir='ltr'><strong>mento.</strong></span> <span class='ocrx_word' id='word_1_265' title='bbox 403 3435 576 3495; x_wconf 87' lang='lat' dir='ltr'><strong>Beata</strong></span> <span class='ocrx_word' id='word_1_266' title='bbox 621 3437 679 3488; x_wconf 90' lang='lat' dir='ltr'><strong>et</strong></span> <span class='ocrx_word' id='word_1_267' title='bbox 733 3432 1010 3505; x_wconf 63' lang='lat' dir='ltr'><strong>praeclara</strong></span> <span class='ocrx_word' id='word_1_268' title='bbox 1058 3430 1311 3502; x_wconf 88' lang='lat' dir='ltr'><strong>justitia,</strong></span> <span class='ocrx_word' id='word_1_269' title='bbox 1374 3430 1504 3500; x_wconf 88' lang='lat' dir='ltr'><strong>ejus</strong></span> <span class='ocrx_word' id='word_1_270' title='bbox 1558 3429 1779 3485; x_wconf 89' lang='lat' dir='ltr'><strong>bonum</strong></span> 
     </span>
    </p>
   </div>
   <div class='ocr_carea' id='block_1_38' title="bbox 120 3517 1783 3596">
    <p class='ocr_par' dir='ltr' id='par_1_38' title="bbox 120 3517 1783 3596">
     <span class='ocr_line' id='line_1_38' title="bbox 120 3517 1783 3596; baseline -0.007 -12"><span class='ocrx_word' id='word_1_271' title='bbox 120 3525 414 3585; x_wconf 86' lang='lat' dir='ltr'><strong>omnibus</strong></span> <span class='ocrx_word' id='word_1_272' title='bbox 463 3522 730 3596; x_wconf 80' lang='lat' dir='ltr'><strong>proiicit:</strong></span> <span class='ocrx_word' id='word_1_273' title='bbox 776 3536 846 3577; x_wconf 91' lang='lat' dir='ltr'><strong>ex</strong></span> <span class='ocrx_word' id='word_1_274' title='bbox 899 3536 1015 3577; x_wconf 90' lang='lat' dir='ltr'><strong>uno</strong></span> <span class='ocrx_word' id='word_1_275' title='bbox 1066 3518 1413 3592; x_wconf 86' lang='lat' dir='ltr'><strong>plerumque</strong></span> <span class='ocrx_word' id='word_1_276' title='bbox 1464 3519 1535 3577; x_wconf 88' lang='lat' dir='ltr'><strong>ad</strong></span> <span class='ocrx_word' id='word_1_277' title='bbox 1588 3517 1783 3591; x_wconf 87' lang='lat' dir='ltr'><strong>plures</strong></span> 
     </span>
    </p>
   </div>
   <div class='ocr_carea' id='block_1_39' title="bbox 118 3598 1782 3691">
    <p class='ocr_par' dir='ltr' id='par_1_39' title="bbox 118 3598 1782 3691">
     <span class='ocr_line' id='line_1_39' title="bbox 118 3598 1782 3691; baseline -0.005 -20"><span class='ocrx_word' id='word_1_278' title='bbox 118 3598 730 3691; x_wconf 79' lang='lat' dir='ltr'><strong>proficiscitur,atque</strong></span> <span class='ocrx_word' id='word_1_279' title='bbox 761 3608 833 3664; x_wconf 88' lang='lat' dir='ltr'><strong>ad</strong></span> <span class='ocrx_word' id='word_1_280' title='bbox 864 3623 1067 3681; x_wconf 80' lang='lat' dir='ltr'><strong>omnes</strong></span> <span class='ocrx_word' id='word_1_281' title='bbox 1099 3606 1379 3680; x_wconf 85' lang='lat' dir='ltr'><strong>pervenit.</strong></span> <span class='ocrx_word' id='word_1_282' title='bbox 1418 3606 1624 3663; x_wconf 84' lang='lat' dir='ltr'><strong>Justus</strong></span> <span class='ocrx_word' id='word_1_283' title='bbox 1672 3606 1782 3663; x_wconf 90' lang='lat' dir='ltr'><strong>Da-</strong></span> 
     </span>
    </p>
   </div>
   <div class='ocr_carea' id='block_1_40' title="bbox 119 3693 1785 3773">
    <p class='ocr_par' dir='ltr' id='par_1_40' title="bbox 119 3693 1785 3773">
     <span class='ocr_line' id='line_1_40' title="bbox 119 3693 1785 3773; baseline -0.007 -14"><span class='ocrx_word' id='word_1_284' title='bbox 119 3703 252 3772; x_wconf 85' lang='lat' dir='ltr'><strong>vid,</strong></span> <span class='ocrx_word' id='word_1_285' title='bbox 287 3700 388 3773; x_wconf 90' lang='lat' dir='ltr'><strong>qui</strong></span> <span class='ocrx_word' id='word_1_286' title='bbox 417 3697 692 3771; x_wconf 84' lang='lat' dir='ltr'><strong>parcebat</strong></span> <span class='ocrx_word' id='word_1_287' title='bbox 726 3696 988 3763; x_wconf 87' lang='lat' dir='ltr'><strong>inimico,</strong></span> <span class='ocrx_word' id='word_1_288' title='bbox 1016 3699 1073 3751; x_wconf 88' lang='lat' dir='ltr'><strong>et</strong></span> <span class='ocrx_word' id='word_1_289' title='bbox 1104 3693 1357 3751; x_wconf 84' lang='lat' dir='ltr'><strong>malebat</strong></span> <span class='ocrx_word' id='word_1_290' title='bbox 1391 3693 1785 3751; x_wconf 86' lang='lat' dir='ltr'><strong>innocentiam</strong></span> 
     </span>
    </p>
   </div>
   <div class='ocr_carea' id='block_1_41' title="bbox 124 3781 1786 3861">
    <p class='ocr_par' dir='ltr' id='par_1_41' title="bbox 124 3781 1786 3861">
     <span class='ocr_line' id='line_1_41' title="bbox 124 3781 1786 3861; baseline -0.008 -12"><span class='ocrx_word' id='word_1_291' title='bbox 124 3806 336 3857; x_wconf 75' lang='lat' dir='ltr'><strong>suam,</strong></span> <span class='ocrx_word' id='word_1_292' title='bbox 367 3803 544 3861; x_wconf 89' lang='lat' dir='ltr'><strong>quam</strong></span> <span class='ocrx_word' id='word_1_293' title='bbox 579 3787 759 3842; x_wconf 90' lang='lat' dir='ltr'><strong>vitam</strong></span> <span class='ocrx_word' id='word_1_294' title='bbox 790 3785 976 3852; x_wconf 88' lang='lat' dir='ltr'><strong>tueri;</strong></span> <span class='ocrx_word' id='word_1_295' title='bbox 1011 3800 1082 3839; x_wconf 91' lang='lat' dir='ltr'><strong>ne</strong></span> <span class='ocrx_word' id='word_1_296' title='bbox 1130 3782 1284 3839; x_wconf 91' lang='lat' dir='ltr'><strong>malo</strong></span> <span class='ocrx_word' id='word_1_297' title='bbox 1328 3782 1561 3855; x_wconf 90' lang='lat' dir='ltr'><strong>publico</strong></span> <span class='ocrx_word' id='word_1_298' title='bbox 1598 3781 1786 3837; x_wconf 52' lang='lat' dir='ltr'><strong>vindi-</strong></span> 
     </span>
    </p>
   </div>
   <div class='ocr_carea' id='block_1_42' title="bbox 1885 568 2710 641">
    <p class='ocr_par' dir='ltr' id='par_1_42' title="bbox 1885 568 2710 641">
     <span class='ocr_line' id='line_1_42' title="bbox 1885 568 2710 641; baseline 0.002 -17"><span class='ocrx_word' id='word_1_299' title='bbox 1885 568 2037 624; x_wconf 86' lang='lat' dir='ltr'><strong>nifex</strong></span> <span class='ocrx_word' id='word_1_300' title='bbox 2067 572 2208 640; x_wconf 89' lang='lat' dir='ltr'><strong>erat,</strong></span> <span class='ocrx_word' id='word_1_301' title='bbox 2235 568 2360 641; x_wconf 89' lang='lat' dir='ltr'><strong>ipse</strong></span> <span class='ocrx_word' id='word_1_302' title='bbox 2382 586 2710 641; x_wconf 88' lang='lat' dir='ltr'><strong>percussor.</strong></span> 
     </span>
    </p>
   </div>
   <div class='ocr_carea' id='block_1_43' title="bbox 1953 666 3532 740">
    <p class='ocr_par' dir='ltr' id='par_1_43' title="bbox 1953 666 3532 740">
     <span class='ocr_line' id='line_1_43' title="bbox 1953 666 3532 740; baseline 0.004 -20"><span class='ocrx_word' id='word_1_303' title='bbox 1953 668 2005 721; x_wconf 91' lang='lat'><strong>8.</strong></span> <span class='ocrx_word' id='word_1_304' title='bbox 2036 666 2170 732; x_wconf 71' lang='lat' dir='ltr'><strong>Quae</strong></span> <span class='ocrx_word' id='word_1_305' title='bbox 2216 682 2387 738; x_wconf 71' lang='lat' dir='ltr'><strong>pinna</strong></span> <span class='ocrx_word' id='word_1_306' title='bbox 2433 668 2623 738; x_wconf 86' lang='lat' dir='ltr'><strong>major</strong></span> <span class='ocrx_word' id='word_1_307' title='bbox 2668 683 2845 740; x_wconf 88' lang='lat' dir='ltr'><strong>quam</strong></span> <span class='ocrx_word' id='word_1_308' title='bbox 2895 668 3100 737; x_wconf 88' lang='lat' dir='ltr'><strong>timere</strong></span> <span class='ocrx_word' id='word_1_309' title='bbox 3147 669 3303 740; x_wconf 89' lang='lat' dir='ltr'><strong>quod</strong></span> <span class='ocrx_word' id='word_1_310' title='bbox 3350 669 3532 726; x_wconf 86' lang='lat' dir='ltr'><strong>vitare</strong></span> 
     </span>
    </p>
   </div>
   <div class='ocr_carea' id='block_1_44' title="bbox 1884 744 3534 828">
    <p class='ocr_par' dir='ltr' id='par_1_44' title="bbox 1884 744 3534 828">
     <span class='ocr_line' id='line_1_44' title="bbox 1884 744 3534 828; baseline 0.003 -19"><span class='ocrx_word' id='word_1_311' title='bbox 1884 772 1999 810; x_wconf 92' lang='lat' dir='ltr'><strong>non</strong></span> <span class='ocrx_word' id='word_1_312' title='bbox 2060 754 2272 827; x_wconf 89' lang='lat' dir='ltr'><strong>possis,</strong></span> <span class='ocrx_word' id='word_1_313' title='bbox 2335 771 2437 810; x_wconf 90' lang='lat' dir='ltr'><strong>nec</strong></span> <span class='ocrx_word' id='word_1_314' title='bbox 2487 756 2641 828; x_wconf 90' lang='lat' dir='ltr'><strong>quod</strong></span> <span class='ocrx_word' id='word_1_315' title='bbox 2700 756 2993 825; x_wconf 87' lang='lat' dir='ltr'><strong>timueris,</strong></span> <span class='ocrx_word' id='word_1_316' title='bbox 3050 757 3340 821; x_wconf 81' lang='lat' dir='ltr'><strong>evadere?</strong></span> <span class='ocrx_word' id='word_1_317' title='bbox 3370 744 3534 814; x_wconf 81' lang='lat' dir='ltr'><strong>Unde</strong></span> 
     </span>
    </p>
   </div>
   <div class='ocr_carea' id='block_1_45' title="bbox 1882 834 3532 919">
    <p class='ocr_par' dir='ltr' id='par_1_45' title="bbox 1882 834 3532 919">
     <span class='ocr_line' id='line_1_45' title="bbox 1882 834 3532 919; baseline 0.002 -21"><span class='ocrx_word' id='word_1_318' title='bbox 1882 843 2157 916; x_wconf 65' lang='lat' dir='ltr'><strong>preclare</strong></span> <span class='ocrx_word' id='word_1_319' title='bbox 2187 842 2364 899; x_wconf 86' lang='lat' dir='ltr'><strong>David</strong></span> <span class='ocrx_word' id='word_1_320' title='bbox 2398 845 2728 916; x_wconf 83' lang='lat' dir='ltr'><strong>exprimens</strong></span> <span class='ocrx_word' id='word_1_321' title='bbox 2765 846 3206 911; x_wconf 82' lang='lat' dir='ltr'><strong>conventionem</strong></span> <span class='ocrx_word' id='word_1_322' title='bbox 3256 834 3532 919; x_wconf 76' lang='lat' dir='ltr'><strong>gravissi-</strong></span> 
     </span>
    </p>
   </div>
   <div class='ocr_carea' id='block_1_46' title="bbox 1883 921 3531 1003">
    <p class='ocr_par' dir='ltr' id='par_1_46' title="bbox 1883 921 3531 1003">
     <span class='ocr_line' id='line_1_46' title="bbox 1883 921 3531 1003; baseline 0.001 -16"><span class='ocrx_word' id='word_1_323' title='bbox 1883 947 2043 987; x_wconf 90' lang='lat' dir='ltr'><strong>mam</strong></span> <span class='ocrx_word' id='word_1_324' title='bbox 2078 930 2443 997; x_wconf 78' lang='lat' dir='ltr'><strong>conscientiae</strong></span> <span class='ocrx_word' id='word_1_325' title='bbox 2482 932 2820 1003; x_wconf 89' lang='lat' dir='ltr'><strong>peccatricis</strong></span> <span class='ocrx_word' id='word_1_326' title='bbox 2868 933 2949 989; x_wconf 87' lang='lat' dir='ltr'><strong>ait</strong></span> <span class='ocrx_word' id='word_1_327' title='bbox 2979 950 2992 989; x_wconf 89' lang='lat'>:</span> <span class='ocrx_word' id='word_1_328' title='bbox 3027 957 3056 985; x_wconf 91' lang='grc'><strong>‹‹</strong></span> <span class='ocrx_word' id='word_1_329' title='bbox 3098 921 3389 1000; x_wconf 81' lang='lat' dir='ltr'><strong>Quoniam</strong></span> <span class='ocrx_word' id='word_1_330' title='bbox 3419 930 3531 990; x_wconf 84' lang='lat' dir='ltr'><strong>ini-</strong></span> 
     </span>
    </p>
   </div>
   <div class='ocr_carea' id='block_1_47' title="bbox 1884 1010 3532 1093">
    <p class='ocr_par' dir='ltr' id='par_1_47' title="bbox 1884 1010 3532 1093">
     <span class='ocr_line' id='line_1_47' title="bbox 1884 1010 3532 1093; baseline 0.006 -19"><span class='ocrx_word' id='word_1_331' title='bbox 1884 1019 2165 1093; x_wconf 83' lang='lat' dir='ltr'><strong>quitatem</strong></span> <span class='ocrx_word' id='word_1_332' title='bbox 2208 1034 2399 1075; x_wconf 87' lang='lat' dir='ltr'><strong>meam</strong></span> <span class='ocrx_word' id='word_1_333' title='bbox 2431 1035 2534 1092; x_wconf 87' lang='lat' dir='ltr'><strong>ego</strong></span> <span class='ocrx_word' id='word_1_334' title='bbox 2566 1036 2873 1093; x_wconf 90' lang='lat' dir='ltr'><strong>cognosco,</strong></span> <span class='ocrx_word' id='word_1_335' title='bbox 2921 1026 2979 1078; x_wconf 92' lang='lat' dir='ltr'><strong>et</strong></span> <span class='ocrx_word' id='word_1_336' title='bbox 3023 1023 3300 1080; x_wconf 88' lang='lat' dir='ltr'><strong>delictum</strong></span> <span class='ocrx_word' id='word_1_337' title='bbox 3328 1010 3532 1085; x_wconf 83' lang='lat' dir='ltr'><strong>meum</strong></span> 
     </span>
    </p>
   </div>
   <div class='ocr_carea' id='block_1_48' title="bbox 1886 1104 3534 1183">
    <p class='ocr_par' dir='ltr' id='par_1_48' title="bbox 1886 1104 3534 1183">
     <span class='ocr_line' id='line_1_48' title="bbox 1886 1104 3534 1183; baseline 0.002 -19"><span class='ocrx_word' id='word_1_338' title='bbox 1886 1112 2089 1164; x_wconf 91' lang='lat' dir='ltr'><strong>contra</strong></span> <span class='ocrx_word' id='word_1_339' title='bbox 2136 1124 2231 1164; x_wconf 90' lang='lat' dir='ltr'><strong>me</strong></span> <span class='ocrx_word' id='word_1_340' title='bbox 2285 1113 2376 1164; x_wconf 88' lang='lat' dir='ltr'><strong>est</strong></span> <span class='ocrx_word' id='word_1_341' title='bbox 2432 1125 2666 1182; x_wconf 90' lang='lat' dir='ltr'><strong>semper</strong></span> <span class='ocrx_word' id='word_1_342' title='bbox 2720 1110 2889 1181; x_wconf 76' lang='lat' dir='ltr'><strong>(Psal.</strong></span> <span class='ocrx_word' id='word_1_343' title='bbox 2932 1128 2982 1180; x_wconf 72' lang='grc' dir='ltr'><strong>ι,</strong></span> <span class='ocrx_word' id='word_1_344' title='bbox 3014 1112 3089 1183; x_wconf 72' lang='grc'><strong>4).</strong></span> <span class='ocrx_word' id='word_1_345' title='bbox 3126 1134 3147 1161; x_wconf 73' lang='grc' dir='ltr'><strong>ι)</strong></span> <span class='ocrx_word' id='word_1_346' title='bbox 3198 1104 3534 1168; x_wconf 75' lang='grc' dir='ltr'><strong>ΟΙΥιιιιάἰῐυι·</strong></span> 
     </span>
    </p>
   </div>
   <div class='ocr_carea' id='block_1_49' title="bbox 1885 1186 3532 1279">
    <p class='ocr_par' dir='ltr' id='par_1_49' title="bbox 1885 1186 3532 1279">
     <span class='ocr_line' id='line_1_49' title="bbox 1885 1186 3532 1279; baseline 0.003 -27"><span class='ocrx_word' id='word_1_347' title='bbox 1885 1197 2042 1253; x_wconf 89' lang='lat' dir='ltr'><strong>enim</strong></span> <span class='ocrx_word' id='word_1_348' title='bbox 2076 1196 2246 1253; x_wconf 89' lang='lat' dir='ltr'><strong>nobis</strong></span> <span class='ocrx_word' id='word_1_349' title='bbox 2276 1196 2454 1252; x_wconf 89' lang='lat' dir='ltr'><strong>ultrix</strong></span> <span class='ocrx_word' id='word_1_350' title='bbox 2484 1198 2669 1254; x_wconf 89' lang='lat' dir='ltr'><strong>nostri</strong></span> <span class='ocrx_word' id='word_1_351' title='bbox 2698 1198 2892 1271; x_wconf 87' lang='lat' dir='ltr'><strong>imago</strong></span> <span class='ocrx_word' id='word_1_352' title='bbox 2941 1199 3159 1273; x_wconf 84' lang='lat' dir='ltr'><strong>peccati</strong></span> <span class='ocrx_word' id='word_1_353' title='bbox 3185 1218 3198 1269; x_wconf 93' lang='lat'><strong>;</strong></span> <span class='ocrx_word' id='word_1_354' title='bbox 3259 1186 3532 1279; x_wconf 83' lang='lat' dir='ltr'><strong>necquic-</strong></span> 
     </span>
    </p>
   </div>
   <div class='ocr_carea' id='block_1_50' title="bbox 1883 1278 3531 1371">
    <p class='ocr_par' dir='ltr' id='par_1_50' title="bbox 1883 1278 3531 1371">
     <span class='ocr_line' id='line_1_50' title="bbox 1883 1278 3531 1371; baseline 0.004 -30"><span class='ocrx_word' id='word_1_355' title='bbox 1883 1291 2008 1342; x_wconf 88' lang='lat' dir='ltr'><strong>tum</strong></span> <span class='ocrx_word' id='word_1_356' title='bbox 2038 1303 2201 1342; x_wconf 88' lang='lat' dir='ltr'><strong>reum</strong></span> <span class='ocrx_word' id='word_1_357' title='bbox 2236 1302 2411 1341; x_wconf 89' lang='lat' dir='ltr'><strong>suum</strong></span> <span class='ocrx_word' id='word_1_358' title='bbox 2464 1302 2593 1342; x_wconf 88' lang='lat' dir='ltr'><strong>esse</strong></span> <span class='ocrx_word' id='word_1_359' title='bbox 2626 1278 2931 1360; x_wconf 80' lang='lat' dir='ltr'><strong>permittit,</strong></span> <span class='ocrx_word' id='word_1_360' title='bbox 2960 1284 3223 1346; x_wconf 82' lang='lat' dir='ltr'><strong>inferens</strong></span> <span class='ocrx_word' id='word_1_361' title='bbox 3255 1291 3531 1371; x_wconf 78' lang='lat' dir='ltr'><strong>miseram</strong></span> 
     </span>
    </p>
   </div>
   <div class='ocr_carea' id='block_1_51' title="bbox 1881 1375 3532 1447">
    <p class='ocr_par' dir='ltr' id='par_1_51' title="bbox 1881 1375 3532 1447">
     <span class='ocr_line' id='line_1_51' title="bbox 1881 1375 3532 1447; baseline 0.002 -15"><span class='ocrx_word' id='word_1_362' title='bbox 1881 1376 2255 1432; x_wconf 88' lang='lat' dir='ltr'><strong>servitutem:</strong></span> <span class='ocrx_word' id='word_1_363' title='bbox 2291 1379 2468 1446; x_wconf 89' lang='lat' dir='ltr'><strong>atque</strong></span> <span class='ocrx_word' id='word_1_364' title='bbox 2490 1375 2550 1430; x_wconf 89' lang='lat' dir='ltr'><strong>in</strong></span> <span class='ocrx_word' id='word_1_365' title='bbox 2577 1392 2686 1431; x_wconf 90' lang='lat' dir='ltr'><strong>sua</strong></span> <span class='ocrx_word' id='word_1_366' title='bbox 2721 1376 2955 1431; x_wconf 89' lang='lat' dir='ltr'><strong>vincula</strong></span> <span class='ocrx_word' id='word_1_367' title='bbox 2976 1378 3171 1447; x_wconf 88' lang='lat' dir='ltr'><strong>trahit,</strong></span> <span class='ocrx_word' id='word_1_368' title='bbox 3199 1382 3264 1435; x_wconf 85' lang='lat' dir='ltr'><strong>ut</strong></span> <span class='ocrx_word' id='word_1_369' title='bbox 3281 1380 3532 1443; x_wconf 86' lang='lat' dir='ltr'><strong>enodare</strong></span> 
     </span>
    </p>
   </div>
   <div class='ocr_carea' id='block_1_52' title="bbox 1882 1454 3529 1543">
    <p class='ocr_par' dir='ltr' id='par_1_52' title="bbox 1882 1454 3529 1543">
     <span class='ocr_line' id='line_1_52' title="bbox 1882 1454 3529 1543; baseline 0.001 -23"><span class='ocrx_word' id='word_1_370' title='bbox 1882 1480 1944 1520; x_wconf 86' lang='lat' dir='ltr'><strong>se</strong></span> <span class='ocrx_word' id='word_1_371' title='bbox 1974 1481 2090 1520; x_wconf 88' lang='lat' dir='ltr'><strong>non</strong></span> <span class='ocrx_word' id='word_1_372' title='bbox 2135 1467 2345 1536; x_wconf 85' lang='lat' dir='ltr'><strong>queat;</strong></span> <span class='ocrx_word' id='word_1_373' title='bbox 2401 1464 2677 1536; x_wconf 83' lang='lat' dir='ltr'><strong>quoniam</strong></span> <span class='ocrx_word' id='word_1_374' title='bbox 2716 1464 2915 1521; x_wconf 91' lang='lat' dir='ltr'><strong>volens</strong></span> <span class='ocrx_word' id='word_1_375' title='bbox 2962 1465 3088 1539; x_wconf 89' lang='lat' dir='ltr'><strong>ipse</strong></span> <span class='ocrx_word' id='word_1_376' title='bbox 3137 1482 3199 1523; x_wconf 88' lang='lat' dir='ltr'><strong>se</strong></span> <span class='ocrx_word' id='word_1_377' title='bbox 3246 1454 3529 1543; x_wconf 76' lang='lat' dir='ltr'><strong>vendidit,</strong></span> 
     </span>
    </p>
   </div>
   <div class='ocr_carea' id='block_1_53' title="bbox 1881 1542 3533 1630">
    <p class='ocr_par' dir='ltr' id='par_1_53' title="bbox 1881 1542 3533 1630">
     <span class='ocr_line' id='line_1_53' title="bbox 1881 1542 3533 1630; baseline 0.003 -22"><span class='ocrx_word' id='word_1_378' title='bbox 1881 1553 1972 1608; x_wconf 93' lang='lat' dir='ltr'><strong>cui</strong></span> <span class='ocrx_word' id='word_1_379' title='bbox 2022 1552 2275 1608; x_wconf 81' lang='lat' dir='ltr'><strong>liberum</strong></span> <span class='ocrx_word' id='word_1_380' title='bbox 2322 1557 2447 1608; x_wconf 89' lang='lat' dir='ltr'><strong>erat</strong></span> <span class='ocrx_word' id='word_1_381' title='bbox 2495 1552 2841 1610; x_wconf 89' lang='lat' dir='ltr'><strong>delictorum</strong></span> <span class='ocrx_word' id='word_1_382' title='bbox 2900 1569 3013 1612; x_wconf 65' lang='lat' dir='ltr'><strong>tera</strong></span> <span class='ocrx_word' id='word_1_383' title='bbox 3044 1555 3189 1629; x_wconf 65' lang='lat' dir='ltr'><strong>non}</strong></span> <span class='ocrx_word' id='word_1_384' title='bbox 3209 1544 3441 1630; x_wconf 77' lang='lat' dir='ltr'><strong>capere,</strong></span> 
     </span>
    </p>
   </div>
   <div class='ocr_carea' id='block_1_54' title="bbox 1880 1640 3532 1719">
    <p class='ocr_par' dir='ltr' id='par_1_54' title="bbox 1880 1640 3532 1719">
     <span class='ocr_line' id='line_1_54' title="bbox 1880 1640 3532 1719; baseline 0.003 -23"><span class='ocrx_word' id='word_1_385' title='bbox 1880 1640 2207 1698; x_wconf 87' lang='lat' dir='ltr'><strong>libertatem</strong></span> <span class='ocrx_word' id='word_1_386' title='bbox 2236 1641 2583 1698; x_wconf 70' lang='lat' dir='ltr'><strong>innocentiae</strong></span> <span class='ocrx_word' id='word_1_387' title='bbox 2630 1657 2942 1700; x_wconf 88' lang='lat' dir='ltr'><strong>reservare.</strong></span> <span class='ocrx_word' id='word_1_388' title='bbox 2994 1643 3196 1717; x_wconf 90' lang='lat' dir='ltr'><strong>Itaque</strong></span> <span class='ocrx_word' id='word_1_389' title='bbox 3229 1645 3372 1701; x_wconf 90' lang='lat' dir='ltr'><strong>dum</strong></span> <span class='ocrx_word' id='word_1_390' title='bbox 3402 1652 3532 1719; x_wconf 85' lang='lat' dir='ltr'><strong>ora-</strong></span> 
     </span>
    </p>
   </div>
   <div class='ocr_carea' id='block_1_55' title="bbox 1884 1730 3534 1803">
    <p class='ocr_par' dir='ltr' id='par_1_55' title="bbox 1884 1730 3534 1803">
     <span class='ocr_line' id='line_1_55' title="bbox 1884 1730 3534 1803; baseline 0.004 -16"><span class='ocrx_word' id='word_1_391' title='bbox 1884 1747 2039 1797; x_wconf 89' lang='lat' dir='ltr'><strong>mus,</strong></span> <span class='ocrx_word' id='word_1_392' title='bbox 2074 1734 2373 1803; x_wconf 90' lang='lat' dir='ltr'><strong>peccatum</strong></span> <span class='ocrx_word' id='word_1_393' title='bbox 2417 1730 2774 1787; x_wconf 75' lang='lat' dir='ltr'><strong>offunditur:</strong></span> <span class='ocrx_word' id='word_1_394' title='bbox 2825 1732 2925 1788; x_wconf 90' lang='lat' dir='ltr'><strong>ubi</strong></span> <span class='ocrx_word' id='word_1_395' title='bbox 2976 1749 3183 1789; x_wconf 89' lang='lat' dir='ltr'><strong>somno</strong></span> <span class='ocrx_word' id='word_1_396' title='bbox 3229 1750 3440 1792; x_wconf 88' lang='lat' dir='ltr'><strong>sensus</strong></span> <span class='ocrx_word' id='word_1_397' title='bbox 3470 1751 3534 1793; x_wconf 87' lang='lat' dir='ltr'><strong>se</strong></span> 
     </span>
    </p>
   </div>
   <div class='ocr_carea' id='block_1_56' title="bbox 1884 1819 3535 1896">
    <p class='ocr_par' dir='ltr' id='par_1_56' title="bbox 1884 1819 3535 1896">
     <span class='ocr_line' id='line_1_56' title="bbox 1884 1819 3535 1896; baseline 0.004 -21"><span class='ocrx_word' id='word_1_398' title='bbox 1884 1821 2146 1891; x_wconf 83' lang='lat' dir='ltr'><strong>corporis</strong></span> <span class='ocrx_word' id='word_1_399' title='bbox 2197 1819 2554 1887; x_wconf 87' lang='lat' dir='ltr'><strong>relaxaverit,</strong></span> <span class='ocrx_word' id='word_1_400' title='bbox 2614 1826 2916 1892; x_wconf 87' lang='lat' dir='ltr'><strong>peccatum</strong></span> <span class='ocrx_word' id='word_1_401' title='bbox 2983 1822 3249 1879; x_wconf 88' lang='lat' dir='ltr'><strong>recurrit.</strong></span> <span class='ocrx_word' id='word_1_402' title='bbox 3293 1824 3535 1896; x_wconf 79' lang='lat' dir='ltr'><strong>Semper</strong></span> 
     </span>
    </p>
   </div>
   <div class='ocr_carea' id='block_1_57' title="bbox 1880 1908 3533 1981">
    <p class='ocr_par' dir='ltr' id='par_1_57' title="bbox 1880 1908 3533 1981">
     <span class='ocr_line' id='line_1_57' title="bbox 1880 1908 3533 1981; baseline 0.002 -17"><span class='ocrx_word' id='word_1_403' title='bbox 1880 1908 2051 1965; x_wconf 89' lang='lat' dir='ltr'><strong>nobis</strong></span> <span class='ocrx_word' id='word_1_404' title='bbox 2082 1924 2243 1964; x_wconf 87' lang='lat' dir='ltr'><strong>error</strong></span> <span class='ocrx_word' id='word_1_405' title='bbox 2274 1912 2474 1973; x_wconf 85' lang='lat' dir='ltr'><strong>noster</strong></span> <span class='ocrx_word' id='word_1_406' title='bbox 2504 1912 2783 1981; x_wconf 79' lang='lat' dir='ltr'><strong>tanquam</strong></span> <span class='ocrx_word' id='word_1_407' title='bbox 2828 1910 3022 1966; x_wconf 91' lang='lat' dir='ltr'><strong>malus</strong></span> <span class='ocrx_word' id='word_1_408' title='bbox 3070 1915 3306 1970; x_wconf 86' lang='lat' dir='ltr'><strong>exactor</strong></span> <span class='ocrx_word' id='word_1_409' title='bbox 3331 1908 3533 1969; x_wconf 80' lang='lat' dir='ltr'><strong>occur-</strong></span> 
     </span>
    </p>
   </div>
   <div class='ocr_carea' id='block_1_58' title="bbox 1880 1996 3532 2069">
    <p class='ocr_par' dir='ltr' id='par_1_58' title="bbox 1880 1996 3532 2069">
     <span class='ocr_line' id='line_1_58' title="bbox 1880 1996 3532 2069; baseline 0.004 -18"><span class='ocrx_word' id='word_1_410' title='bbox 1880 1997 1974 2064; x_wconf 90' lang='lat' dir='ltr'><strong>rit,</strong></span> <span class='ocrx_word' id='word_1_411' title='bbox 2027 1996 2113 2053; x_wconf 90' lang='lat' dir='ltr'><strong>vel</strong></span> <span class='ocrx_word' id='word_1_412' title='bbox 2165 2002 2444 2069; x_wconf 89' lang='lat' dir='ltr'><strong>tanquam</strong></span> <span class='ocrx_word' id='word_1_413' title='bbox 2497 1997 2802 2069; x_wconf 84' lang='lat' dir='ltr'><strong>improbus</strong></span> <span class='ocrx_word' id='word_1_414' title='bbox 2851 2000 3141 2056; x_wconf 88' lang='lat' dir='ltr'><strong>fenerator</strong></span> <span class='ocrx_word' id='word_1_415' title='bbox 3183 1996 3532 2058; x_wconf 77' lang='lat' dir='ltr'><strong>conveniens</strong></span> 
     </span>
    </p>
   </div>
   <div class='ocr_carea' id='block_1_59' title="bbox 1878 2082 3532 2162">
    <p class='ocr_par' dir='ltr' id='par_1_59' title="bbox 1878 2082 3532 2162">
     <span class='ocr_line' id='line_1_59' title="bbox 1878 2082 3532 2162; baseline 0.003 -20"><span class='ocrx_word' id='word_1_416' title='bbox 1878 2086 2218 2142; x_wconf 88' lang='lat' dir='ltr'><strong>debitorem.</strong></span> <span class='ocrx_word' id='word_1_417' title='bbox 2254 2085 2417 2141; x_wconf 89' lang='lat' dir='ltr'><strong>Unde</strong></span> <span class='ocrx_word' id='word_1_418' title='bbox 2437 2086 2720 2142; x_wconf 89' lang='lat' dir='ltr'><strong>Dominus</strong></span> <span class='ocrx_word' id='word_1_419' title='bbox 2743 2087 2826 2143; x_wconf 88' lang='lat' dir='ltr'><strong>ait</strong></span> <span class='ocrx_word' id='word_1_420' title='bbox 2850 2106 2861 2143; x_wconf 94' lang='lat'><strong>:</strong></span> <span class='ocrx_word' id='word_1_421' title='bbox 2889 2110 2917 2138; x_wconf 86' lang='lat'><strong>«</strong></span> <span class='ocrx_word' id='word_1_422' title='bbox 2938 2088 3046 2152; x_wconf 90' lang='lat' dir='ltr'><strong>Qui</strong></span> <span class='ocrx_word' id='word_1_423' title='bbox 3068 2089 3205 2146; x_wconf 83' lang='lat' dir='ltr'><strong>facit</strong></span> <span class='ocrx_word' id='word_1_424' title='bbox 3228 2082 3532 2162; x_wconf 81' lang='lat' dir='ltr'><strong>peceatum</strong></span> 
     </span>
    </p>
   </div>
   <div class='ocr_carea' id='block_1_60' title="bbox 1880 2166 3535 2253">
    <p class='ocr_par' dir='ltr' id='par_1_60' title="bbox 1880 2166 3535 2253">
     <span class='ocr_line' id='line_1_60' title="bbox 1880 2166 3535 2253; baseline 0.002 -21"><span class='ocrx_word' id='word_1_425' title='bbox 1880 2191 2083 2232; x_wconf 89' lang='lat' dir='ltr'><strong>servus</strong></span> <span class='ocrx_word' id='word_1_426' title='bbox 2114 2178 2202 2230; x_wconf 89' lang='lat' dir='ltr'><strong>est</strong></span> <span class='ocrx_word' id='word_1_427' title='bbox 2231 2174 2451 2246; x_wconf 88' lang='lat' dir='ltr'><strong>peccati</strong></span> <span class='ocrx_word' id='word_1_428' title='bbox 2482 2175 2663 2245; x_wconf 87' lang='lat' dir='ltr'><strong>(Joan.</strong></span> <span class='ocrx_word' id='word_1_429' title='bbox 2694 2176 2934 2249; x_wconf 76' lang='lat' dir='ltr'><strong>vm,3t).</strong></span> <span class='ocrx_word' id='word_1_430' title='bbox 2958 2198 2986 2225; x_wconf 87' lang='lat'>»</span> <span class='ocrx_word' id='word_1_431' title='bbox 3010 2178 3111 2253; x_wconf 86' lang='lat' dir='ltr'><strong>sed</strong></span> <span class='ocrx_word' id='word_1_432' title='bbox 3143 2177 3346 2253; x_wconf 83' lang='lat' dir='ltr'><strong>justus</strong></span> <span class='ocrx_word' id='word_1_433' title='bbox 3374 2166 3535 2235; x_wconf 85' lang='lat' dir='ltr'><strong>novit</strong></span> 
     </span>
    </p>
   </div>
   <div class='ocr_carea' id='block_1_61' title="bbox 1881 2252 3537 2337">
    <p class='ocr_par' dir='ltr' id='par_1_61' title="bbox 1881 2252 3537 2337">
     <span class='ocr_line' id='line_1_61' title="bbox 1881 2252 3537 2337; baseline 0.001 -18"><span class='ocrx_word' id='word_1_434' title='bbox 1881 2263 2376 2337; x_wconf 88' lang='lat' dir='ltr'><strong>quemadmodum</strong></span> <span class='ocrx_word' id='word_1_435' title='bbox 2411 2267 2780 2335; x_wconf 88' lang='lat' dir='ltr'><strong>peccatorum</strong></span> <span class='ocrx_word' id='word_1_436' title='bbox 2811 2252 3057 2320; x_wconf 88' lang='lat' dir='ltr'><strong>suorum</strong></span> <span class='ocrx_word' id='word_1_437' title='bbox 3079 2252 3308 2323; x_wconf 87' lang='lat' dir='ltr'><strong>vincula</strong></span> <span class='ocrx_word' id='word_1_438' title='bbox 3327 2256 3537 2324; x_wconf 85' lang='lat' dir='ltr'><strong>dissol-</strong></span> 
     </span>
    </p>
   </div>
   <div class='ocr_carea' id='block_1_62' title="bbox 1877 2339 3535 2428">
    <p class='ocr_par' dir='ltr' id='par_1_62' title="bbox 1877 2339 3535 2428">
     <span class='ocr_line' id='line_1_62' title="bbox 1877 2339 3535 2428; baseline 0.001 -19"><span class='ocrx_word' id='word_1_439' title='bbox 1877 2358 1993 2421; x_wconf 89' lang='lat' dir='ltr'><strong>vat,</strong></span> <span class='ocrx_word' id='word_1_440' title='bbox 2013 2369 2119 2409; x_wconf 91' lang='lat' dir='ltr'><strong>nec</strong></span> <span class='ocrx_word' id='word_1_441' title='bbox 2131 2356 2426 2423; x_wconf 79' lang='lat' dir='ltr'><strong>exspectat</strong></span> <span class='ocrx_word' id='word_1_442' title='bbox 2445 2354 2980 2425; x_wconf 88' lang='lat' dir='ltr'><strong>accusatorem,sed</strong></span> <span class='ocrx_word' id='word_1_443' title='bbox 2996 2356 3271 2428; x_wconf 74' lang='lat' dir='ltr'><strong>praevenit</strong></span> <span class='ocrx_word' id='word_1_444' title='bbox 3284 2339 3535 2413; x_wconf 78' lang='lat' dir='ltr'><strong>utconﬂ-</strong></span> 
     </span>
    </p>
   </div>
   <div class='ocr_carea' id='block_1_63' title="bbox 1882 2432 3533 2518">
    <p class='ocr_par' dir='ltr' id='par_1_63' title="bbox 1882 2432 3533 2518">
     <span class='ocr_line' id='line_1_63' title="bbox 1882 2432 3533 2518; baseline 0.001 -20"><span class='ocrx_word' id='word_1_445' title='bbox 1882 2442 2054 2498; x_wconf 89' lang='lat' dir='ltr'><strong>tendo</strong></span> <span class='ocrx_word' id='word_1_446' title='bbox 2085 2457 2261 2496; x_wconf 86' lang='lat' dir='ltr'><strong>suum</strong></span> <span class='ocrx_word' id='word_1_447' title='bbox 2294 2440 2499 2495; x_wconf 88' lang='lat' dir='ltr'><strong>allevet</strong></span> <span class='ocrx_word' id='word_1_448' title='bbox 2523 2457 2695 2497; x_wconf 90' lang='lat' dir='ltr'><strong>omne</strong></span> <span class='ocrx_word' id='word_1_449' title='bbox 2717 2432 2993 2503; x_wconf 85' lang='lat' dir='ltr'><strong>delictum</strong></span> <span class='ocrx_word' id='word_1_450' title='bbox 3019 2461 3032 2511; x_wconf 92' lang='lat'><strong>;</strong></span> <span class='ocrx_word' id='word_1_451' title='bbox 3053 2460 3125 2499; x_wconf 89' lang='lat' dir='ltr'><strong>ne</strong></span> <span class='ocrx_word' id='word_1_452' title='bbox 3146 2444 3358 2505; x_wconf 87' lang='lat' dir='ltr'><strong>habeat</strong></span> <span class='ocrx_word' id='word_1_453' title='bbox 3379 2444 3533 2518; x_wconf 91' lang='lat' dir='ltr'><strong>quod</strong></span> 
     </span>
    </p>
   </div>
   <div class='ocr_carea' id='block_1_64' title="bbox 1884 2518 3530 2605">
    <p class='ocr_par' dir='ltr' id='par_1_64' title="bbox 1884 2518 3530 2605">
     <span class='ocr_line' id='line_1_64' title="bbox 1884 2518 3530 2605; baseline 0.001 -18"><span class='ocrx_word' id='word_1_454' title='bbox 1884 2528 2254 2587; x_wconf 89' lang='lat' dir='ltr'><strong>adversarius</strong></span> <span class='ocrx_word' id='word_1_455' title='bbox 2274 2529 2639 2585; x_wconf 89' lang='lat' dir='ltr'><strong>criminetur.</strong></span> <span class='ocrx_word' id='word_1_456' title='bbox 2658 2530 2909 2603; x_wconf 83' lang='lat' dir='ltr'><strong>Ideoque</strong></span> <span class='ocrx_word' id='word_1_457' title='bbox 2925 2532 3226 2605; x_wconf 87' lang='lat' dir='ltr'><strong>Scriptura</strong></span> <span class='ocrx_word' id='word_1_458' title='bbox 3240 2518 3530 2601; x_wconf 84' lang='lat' dir='ltr'><strong>tibidicit;</strong></span> 
     </span>
    </p>
   </div>
   <div class='ocr_carea' id='block_1_65' title="bbox 1890 2612 3532 2694">
    <p class='ocr_par' dir='ltr' id='par_1_65' title="bbox 1890 2612 3532 2694">
     <span class='ocr_line' id='line_1_65' title="bbox 1890 2612 3532 2694; baseline 0.005 -25"><span class='ocrx_word' id='word_1_459' title='bbox 1890 2644 1909 2669; x_wconf 73' lang='grc' dir='ltr'>α</span> <span class='ocrx_word' id='word_1_460' title='bbox 1932 2621 2137 2675; x_wconf 89' lang='lat' dir='ltr'><strong>Justus</strong></span> <span class='ocrx_word' id='word_1_461' title='bbox 2151 2618 2207 2673; x_wconf 92' lang='lat' dir='ltr'><strong>in</strong></span> <span class='ocrx_word' id='word_1_462' title='bbox 2223 2617 2508 2691; x_wconf 90' lang='lat' dir='ltr'><strong>principio</strong></span> <span class='ocrx_word' id='word_1_463' title='bbox 2520 2620 2809 2675; x_wconf 88' lang='lat' dir='ltr'><strong>sermonis</strong></span> <span class='ocrx_word' id='word_1_464' title='bbox 2825 2624 3130 2676; x_wconf 85' lang='lat' dir='ltr'><strong>accusator</strong></span> <span class='ocrx_word' id='word_1_465' title='bbox 3140 2625 3229 2678; x_wconf 91' lang='lat' dir='ltr'><strong>est</strong></span> <span class='ocrx_word' id='word_1_466' title='bbox 3244 2612 3336 2677; x_wconf 88' lang='lat' dir='ltr'><strong>sui</strong></span> <span class='ocrx_word' id='word_1_467' title='bbox 3348 2616 3532 2694; x_wconf 87' lang='lat' dir='ltr'><strong>(Prov.</strong></span> 
     </span>
    </p>
   </div>
   <div class='ocr_carea' id='block_1_66' title="bbox 1888 2694 3535 2783">
    <p class='ocr_par' dir='ltr' id='par_1_66' title="bbox 1888 2694 3535 2783">
     <span class='ocr_line' id='line_1_66' title="bbox 1888 2694 3535 2783; baseline 0.001 -19"><span class='ocrx_word' id='word_1_468' title='bbox 1888 2726 2048 2775; x_wconf 85' lang='lat' dir='ltr'><strong>xvm,</strong></span> <span class='ocrx_word' id='word_1_469' title='bbox 2082 2707 2192 2779; x_wconf 80' lang='lat' dir='ltr'><strong>l7).</strong></span> <span class='ocrx_word' id='word_1_470' title='bbox 2226 2728 2253 2754; x_wconf 67' lang='grc' dir='ltr'><strong>ιι</strong></span> <span class='ocrx_word' id='word_1_471' title='bbox 2284 2707 2496 2762; x_wconf 90' lang='lat' dir='ltr'><strong>Vocem</strong></span> <span class='ocrx_word' id='word_1_472' title='bbox 2520 2709 2678 2763; x_wconf 91' lang='lat' dir='ltr'><strong>enim</strong></span> <span class='ocrx_word' id='word_1_473' title='bbox 2707 2707 2878 2781; x_wconf 91' lang='lat' dir='ltr'><strong>eripit</strong></span> <span class='ocrx_word' id='word_1_474' title='bbox 2907 2709 3259 2779; x_wconf 88' lang='lat' dir='ltr'><strong>adversario,</strong></span> <span class='ocrx_word' id='word_1_475' title='bbox 3286 2715 3343 2766; x_wconf 91' lang='lat' dir='ltr'><strong>et</strong></span> <span class='ocrx_word' id='word_1_476' title='bbox 3365 2694 3535 2783; x_wconf 80' lang='lat' dir='ltr'><strong>quasi</strong></span> 
     </span>
    </p>
   </div>
   <div class='ocr_carea' id='block_1_67' title="bbox 1888 2787 3535 2870">
    <p class='ocr_par' dir='ltr' id='par_1_67' title="bbox 1888 2787 3535 2870">
     <span class='ocr_line' id='line_1_67' title="bbox 1888 2787 3535 2870; baseline 0.001 -17"><span class='ocrx_word' id='word_1_477' title='bbox 1888 2800 2101 2854; x_wconf 86' lang='lat' dir='ltr'><strong>dentes</strong></span> <span class='ocrx_word' id='word_1_478' title='bbox 2135 2797 2421 2869; x_wconf 89' lang='lat' dir='ltr'><strong>quosdam</strong></span> <span class='ocrx_word' id='word_1_479' title='bbox 2458 2800 2690 2869; x_wconf 89' lang='lat' dir='ltr'><strong>paratos</strong></span> <span class='ocrx_word' id='word_1_480' title='bbox 2720 2797 2791 2852; x_wconf 88' lang='lat' dir='ltr'><strong>ad</strong></span> <span class='ocrx_word' id='word_1_481' title='bbox 2822 2797 3079 2870; x_wconf 55' lang='lat' dir='ltr'><strong>prudam</strong></span> <span class='ocrx_word' id='word_1_482' title='bbox 3110 2787 3535 2856; x_wconf 83' lang='lat' dir='ltr'><strong>criminationis</strong></span> 
     </span>
    </p>
   </div>
   <div class='ocr_carea' id='block_1_68' title="bbox 1888 2886 3538 2957">
    <p class='ocr_par' dir='ltr' id='par_1_68' title="bbox 1888 2886 3538 2957">
     <span class='ocr_line' id='line_1_68' title="bbox 1888 2886 3538 2957; baseline 0.001 -16"><span class='ocrx_word' id='word_1_483' title='bbox 1888 2886 2129 2950; x_wconf 63' lang='lat' dir='ltr'><strong>infestae,</strong></span> <span class='ocrx_word' id='word_1_484' title='bbox 2163 2888 2531 2957; x_wconf 86' lang='lat' dir='ltr'><strong>peccatorum</strong></span> <span class='ocrx_word' id='word_1_485' title='bbox 2566 2902 2809 2942; x_wconf 90' lang='lat' dir='ltr'><strong>suorum</strong></span> <span class='ocrx_word' id='word_1_486' title='bbox 2848 2887 3213 2945; x_wconf 84' lang='lat' dir='ltr'><strong>confessione</strong></span> <span class='ocrx_word' id='word_1_487' title='bbox 3242 2889 3538 2946; x_wconf 82' lang='lat' dir='ltr'><strong>constrin-</strong></span> 
     </span>
    </p>
   </div>
   <div class='ocr_carea' id='block_1_69' title="bbox 1889 2964 3535 3050">
    <p class='ocr_par' dir='ltr' id='par_1_69' title="bbox 1889 2964 3535 3050">
     <span class='ocr_line' id='line_1_69' title="bbox 1889 2964 3535 3050; baseline 0.003 -21"><span class='ocrx_word' id='word_1_488' title='bbox 1889 2975 1974 3048; x_wconf 86' lang='lat' dir='ltr'><strong>git</strong></span> <span class='ocrx_word' id='word_1_489' title='bbox 2006 2976 2138 3045; x_wconf 89' lang='lat'><strong>(67).</strong></span> <span class='ocrx_word' id='word_1_490' title='bbox 2171 2972 2322 3028; x_wconf 89' lang='lat' dir='ltr'><strong>Dixit</strong></span> <span class='ocrx_word' id='word_1_491' title='bbox 2351 2973 2383 3029; x_wconf 89' lang='lat' dir='ltr'>J</span> <span class='ocrx_word' id='word_1_492' title='bbox 2391 2974 2536 3029; x_wconf 87' lang='lat' dir='ltr'><strong>udas</strong></span> <span class='ocrx_word' id='word_1_493' title='bbox 2567 2975 2873 3032; x_wconf 88' lang='lat' dir='ltr'><strong>Iscariotes</strong></span> <span class='ocrx_word' id='word_1_494' title='bbox 2907 2980 2973 3031; x_wconf 88' lang='lat' dir='ltr'><strong>ut</strong></span> <span class='ocrx_word' id='word_1_495' title='bbox 3002 2976 3371 3050; x_wconf 89' lang='lat' dir='ltr'><strong>delinqueret</strong></span> <span class='ocrx_word' id='word_1_496' title='bbox 3399 2964 3535 3034; x_wconf 83' lang='lat' dir='ltr'><strong>sibi.</strong></span> 
     </span>
    </p>
   </div>
   <div class='ocr_carea' id='block_1_70' title="bbox 1890 3052 3537 3138">
    <p class='ocr_par' dir='ltr' id='par_1_70' title="bbox 1890 3052 3537 3138">
     <span class='ocr_line' id='line_1_70' title="bbox 1890 3052 3537 3138; baseline 0.003 -21"><span class='ocrx_word' id='word_1_497' title='bbox 1890 3062 2037 3128; x_wconf 89' lang='lat' dir='ltr'><strong>Quid</strong></span> <span class='ocrx_word' id='word_1_498' title='bbox 2064 3062 2245 3117; x_wconf 90' lang='lat' dir='ltr'><strong>dixit:</strong></span> <span class='ocrx_word' id='word_1_499' title='bbox 2280 3085 2307 3112; x_wconf 76' lang='grc' dir='ltr'><strong><em>α</em></strong></span> <span class='ocrx_word' id='word_1_500' title='bbox 2340 3060 2522 3125; x_wconf 87' lang='lat' dir='ltr'><strong>Quem</strong></span> <span class='ocrx_word' id='word_1_501' title='bbox 2553 3052 2853 3123; x_wconf 86' lang='lat' dir='ltr'><strong>osculatus</strong></span> <span class='ocrx_word' id='word_1_502' title='bbox 2903 3065 3089 3134; x_wconf 84' lang='lat' dir='ltr'><strong>fuero,</strong></span> <span class='ocrx_word' id='word_1_503' title='bbox 3136 3065 3262 3138; x_wconf 89' lang='lat' dir='ltr'><strong>ipse</strong></span> <span class='ocrx_word' id='word_1_504' title='bbox 3293 3069 3420 3125; x_wconf 83' lang='lat' dir='ltr'><strong>est:</strong></span> <span class='ocrx_word' id='word_1_505' title='bbox 3451 3056 3537 3122; x_wconf 80' lang='lat' dir='ltr'><strong>te-</strong></span> 
     </span>
    </p>
   </div>
   <div class='ocr_carea' id='block_1_71' title="bbox 1892 3145 3537 3226">
    <p class='ocr_par' dir='ltr' id='par_1_71' title="bbox 1892 3145 3537 3226">
     <span class='ocr_line' id='line_1_71' title="bbox 1892 3145 3537 3226; baseline 0.002 -19"><span class='ocrx_word' id='word_1_506' title='bbox 1892 3156 2025 3207; x_wconf 90' lang='lat' dir='ltr'><strong>nete</strong></span> <span class='ocrx_word' id='word_1_507' title='bbox 2054 3167 2188 3207; x_wconf 90' lang='lat' dir='ltr'><strong>eum</strong></span> <span class='ocrx_word' id='word_1_508' title='bbox 2220 3152 2426 3220; x_wconf 74' lang='lat' dir='ltr'><strong>(Matth,</strong></span> <span class='ocrx_word' id='word_1_509' title='bbox 2470 3164 2623 3219; x_wconf 75' lang='lat' dir='ltr'><strong>XXVI,</strong></span> <span class='ocrx_word' id='word_1_510' title='bbox 2657 3152 2766 3225; x_wconf 86' lang='grc'><strong>48).</strong></span> <span class='ocrx_word' id='word_1_511' title='bbox 2805 3175 2832 3202; x_wconf 88' lang='grc'><strong>››</strong></span> <span class='ocrx_word' id='word_1_512' title='bbox 2864 3148 2982 3209; x_wconf 91' lang='lat' dir='ltr'><strong>Hoc</strong></span> <span class='ocrx_word' id='word_1_513' title='bbox 3025 3154 3189 3222; x_wconf 82' lang='lat' dir='ltr'><strong>dixit,</strong></span> <span class='ocrx_word' id='word_1_514' title='bbox 3240 3158 3297 3211; x_wconf 89' lang='lat' dir='ltr'><strong>et</strong></span> <span class='ocrx_word' id='word_1_515' title='bbox 3320 3145 3384 3210; x_wconf 81' lang='lat' dir='ltr'><strong>se</strong></span> <span class='ocrx_word' id='word_1_516' title='bbox 3411 3154 3537 3226; x_wconf 79' lang='lat' dir='ltr'><strong>ipse</strong></span> 
     </span>
    </p>
   </div>
   <div class='ocr_carea' id='block_1_72' title="bbox 1889 3226 3534 3316">
    <p class='ocr_par' dir='ltr' id='par_1_72' title="bbox 1889 3226 3534 3316">
     <span class='ocr_line' id='line_1_72' title="bbox 1889 3226 3534 3316; baseline 0.002 -21"><span class='ocrx_word' id='word_1_517' title='bbox 1889 3240 2120 3313; x_wconf 89' lang='lat' dir='ltr'><strong>proprio</strong></span> <span class='ocrx_word' id='word_1_518' title='bbox 2140 3254 2236 3294; x_wconf 88' lang='lat' dir='ltr'><strong>ore</strong></span> <span class='ocrx_word' id='word_1_519' title='bbox 2252 3238 2442 3311; x_wconf 88' lang='lat' dir='ltr'><strong>egitin</strong></span> <span class='ocrx_word' id='word_1_520' title='bbox 2465 3242 2733 3295; x_wconf 90' lang='lat' dir='ltr'><strong>mortem.</strong></span> <span class='ocrx_word' id='word_1_521' title='bbox 2753 3242 3010 3305; x_wconf 86' lang='lat' dir='ltr'><strong>Quantos</strong></span> <span class='ocrx_word' id='word_1_522' title='bbox 3032 3246 3313 3314; x_wconf 86' lang='lat' dir='ltr'><strong>putamus</strong></span> <span class='ocrx_word' id='word_1_523' title='bbox 3330 3242 3390 3296; x_wconf 88' lang='lat' dir='ltr'><strong>in</strong></span> <span class='ocrx_word' id='word_1_524' title='bbox 3406 3226 3534 3316; x_wconf 87' lang='lat' dir='ltr'><strong>ipso</strong></span> 
     </span>
    </p>
   </div>
   <div class='ocr_carea' id='block_1_73' title="bbox 1888 3328 3536 3403">
    <p class='ocr_par' dir='ltr' id='par_1_73' title="bbox 1888 3328 3536 3403">
     <span class='ocr_line' id='line_1_73' title="bbox 1888 3328 3536 3403; baseline 0.001 -19"><span class='ocrx_word' id='word_1_525' title='bbox 1888 3330 2070 3385; x_wconf 83' lang='lat' dir='ltr'><strong>fuisse</strong></span> <span class='ocrx_word' id='word_1_526' title='bbox 2099 3331 2440 3395; x_wconf 87' lang='lat' dir='ltr'><strong>tortores,ut</strong></span> <span class='ocrx_word' id='word_1_527' title='bbox 2458 3328 2567 3382; x_wconf 90' lang='lat' dir='ltr'><strong>sibi</strong></span> <span class='ocrx_word' id='word_1_528' title='bbox 2592 3329 2717 3402; x_wconf 91' lang='lat' dir='ltr'><strong>ipse</strong></span> <span class='ocrx_word' id='word_1_529' title='bbox 2737 3332 2856 3384; x_wconf 91' lang='lat' dir='ltr'><strong>tam</strong></span> <span class='ocrx_word' id='word_1_530' title='bbox 2878 3330 3071 3403; x_wconf 86' lang='lat' dir='ltr'><strong>gravis</strong></span> <span class='ocrx_word' id='word_1_531' title='bbox 3101 3346 3279 3402; x_wconf 73' lang='lat' dir='ltr'><strong>pcenaa</strong></span> <span class='ocrx_word' id='word_1_532' title='bbox 3301 3334 3536 3387; x_wconf 82' lang='lat' dir='ltr'><strong>exactor</strong></span> 
     </span>
    </p>
   </div>
   <div class='ocr_carea' id='block_1_74' title="bbox 1892 3415 3394 3497">
    <p class='ocr_par' dir='ltr' id='par_1_74' title="bbox 1892 3415 3394 3497">
     <span class='ocr_line' id='line_1_74' title="bbox 1892 3415 3394 3497; baseline 0.001 -25"><span class='ocrx_word' id='word_1_533' title='bbox 1892 3415 2277 3482; x_wconf 90' lang='lat' dir='ltr'><strong>incumberet,</strong></span> <span class='ocrx_word' id='word_1_534' title='bbox 2303 3419 2360 3470; x_wconf 89' lang='lat' dir='ltr'><strong>et</strong></span> <span class='ocrx_word' id='word_1_535' title='bbox 2380 3417 2695 3489; x_wconf 87' lang='lat' dir='ltr'><strong>semetipse</strong></span> <span class='ocrx_word' id='word_1_536' title='bbox 2726 3417 2935 3490; x_wconf 90' lang='lat' dir='ltr'><strong>laqueo</strong></span> <span class='ocrx_word' id='word_1_537' title='bbox 2958 3417 3394 3497; x_wconf 80' lang='lat' dir='ltr'><strong>strangularet?</strong></span> 
     </span>
    </p>
   </div>
   <div class='ocr_carea' id='block_1_75' title="bbox 1962 3500 3546 3589">
    <p class='ocr_par' dir='ltr' id='par_1_75' title="bbox 1962 3500 3546 3589">
     <span class='ocr_line' id='line_1_75' title="bbox 1962 3500 3546 3589; baseline 0.002 -19"><span class='ocrx_word' id='word_1_538' title='bbox 1962 3516 2014 3570; x_wconf 87' lang='lat'><strong>9.</strong></span> <span class='ocrx_word' id='word_1_539' title='bbox 2033 3539 2059 3563; x_wconf 77' lang='grc' dir='ltr'><strong>(ι</strong></span> <span class='ocrx_word' id='word_1_540' title='bbox 2097 3514 2253 3569; x_wconf 89' lang='lat' dir='ltr'><strong>Dixit</strong></span> <span class='ocrx_word' id='word_1_541' title='bbox 2284 3512 2543 3585; x_wconf 76' lang='lat' dir='ltr'><strong>injustas</strong></span> <span class='ocrx_word' id='word_1_542' title='bbox 2572 3518 2636 3569; x_wconf 88' lang='lat' dir='ltr'><strong>ut</strong></span> <span class='ocrx_word' id='word_1_543' title='bbox 2654 3514 2956 3587; x_wconf 88' lang='lat' dir='ltr'><strong>delinquat</strong></span> <span class='ocrx_word' id='word_1_544' title='bbox 2975 3515 3107 3573; x_wconf 89' lang='lat' dir='ltr'><strong>sibi.</strong></span> <span class='ocrx_word' id='word_1_545' title='bbox 3127 3500 3154 3566; x_wconf 58' lang='grc' dir='ltr'>ἢ</span> <span class='ocrx_word' id='word_1_546' title='bbox 3178 3516 3430 3575; x_wconf 88' lang='lat' dir='ltr'><strong>Locutus</strong></span> <span class='ocrx_word' id='word_1_547' title='bbox 3455 3522 3546 3589; x_wconf 77' lang='lat' dir='ltr'><strong>est</strong></span> 
     </span>
    </p>
   </div>
   <div class='ocr_carea' id='block_1_76' title="bbox 1887 3603 3546 3691">
    <p class='ocr_par' dir='ltr' id='par_1_76' title="bbox 1887 3603 3546 3691">
     <span class='ocr_line' id='line_1_76' title="bbox 1887 3603 3546 3691; baseline 0.004 -31"><span class='ocrx_word' id='word_1_548' title='bbox 1887 3606 2089 3677; x_wconf 90' lang='lat' dir='ltr'><strong>justus</strong></span> <span class='ocrx_word' id='word_1_549' title='bbox 2109 3621 2156 3659; x_wconf 81' lang='lat'><strong>:«</strong></span> <span class='ocrx_word' id='word_1_550' title='bbox 2182 3603 2325 3658; x_wconf 88' lang='lat' dir='ltr'><strong>Ecce</strong></span> <span class='ocrx_word' id='word_1_551' title='bbox 2345 3617 2449 3675; x_wconf 86' lang='lat' dir='ltr'><strong>ego</strong></span> <span class='ocrx_word' id='word_1_552' title='bbox 2468 3608 2737 3676; x_wconf 84' lang='lat' dir='ltr'><strong>peccator</strong></span> <span class='ocrx_word' id='word_1_553' title='bbox 2758 3604 2909 3661; x_wconf 89' lang='lat' dir='ltr'><strong>male</strong></span> <span class='ocrx_word' id='word_1_554' title='bbox 2932 3605 3037 3661; x_wconf 86' lang='lat' dir='ltr'><strong>feci</strong></span> <span class='ocrx_word' id='word_1_555' title='bbox 3061 3606 3258 3691; x_wconf 86' lang='lat' dir='ltr'><strong>(68),et</strong></span> <span class='ocrx_word' id='word_1_556' title='bbox 3276 3621 3416 3691; x_wconf 84' lang='lat' dir='ltr'><strong>grex</strong></span> <span class='ocrx_word' id='word_1_557' title='bbox 3436 3606 3546 3691; x_wconf 69' lang='lat' dir='ltr'><strong>ista</strong></span> 
     </span>
    </p>
   </div>
   <div class='ocr_carea' id='block_1_77' title="bbox 1899 3688 3549 3766">
    <p class='ocr_par' dir='ltr' id='par_1_77' title="bbox 1899 3688 3549 3766">
     <span class='ocr_line' id='line_1_77' title="bbox 1899 3688 3549 3766; baseline 0.002 -18"><span class='ocrx_word' id='word_1_558' title='bbox 1899 3693 2042 3766; x_wconf 93' lang='lat' dir='ltr'><strong>quid</strong></span> <span class='ocrx_word' id='word_1_559' title='bbox 2084 3692 2220 3748; x_wconf 90' lang='lat' dir='ltr'><strong>fecit</strong></span> <span class='ocrx_word' id='word_1_560' title='bbox 2241 3692 2313 3763; x_wconf 85' lang='lat' dir='ltr'><strong>(II</strong></span> <span class='ocrx_word' id='word_1_561' title='bbox 2329 3695 2461 3761; x_wconf 81' lang='lat' dir='ltr'><strong>Reg.</strong></span> <span class='ocrx_word' id='word_1_562' title='bbox 2484 3709 2635 3760; x_wconf 71' lang='lat' dir='ltr'><strong>xxrv,</strong></span> <span class='ocrx_word' id='word_1_563' title='bbox 2652 3692 2749 3749; x_wconf 76' lang='grc'><strong>’171</strong></span> <span class='ocrx_word' id='word_1_564' title='bbox 2764 3696 2779 3765; x_wconf 90' lang='grc'>)</span> <span class='ocrx_word' id='word_1_565' title='bbox 2796 3694 2823 3749; x_wconf 76' lang='lat' dir='ltr'><strong>‘i</strong></span> <span class='ocrx_word' id='word_1_566' title='bbox 2844 3694 2914 3749; x_wconf 88' lang='lat' dir='ltr'><strong>Et</strong></span> <span class='ocrx_word' id='word_1_567' title='bbox 2930 3688 3245 3761; x_wconf 83' lang='lat' dir='ltr'><strong>remissum</strong></span> <span class='ocrx_word' id='word_1_568' title='bbox 3267 3688 3356 3754; x_wconf 80' lang='lat' dir='ltr'><strong>est</strong></span> <span class='ocrx_word' id='word_1_569' title='bbox 3374 3688 3549 3763; x_wconf 84' lang='lat' dir='ltr'><strong>omne</strong></span> 
     </span>
    </p>
   </div>
   <div class='ocr_carea' id='block_1_78' title="bbox 1900 3771 3553 3863">
    <p class='ocr_par' dir='ltr' id='par_1_78' title="bbox 1900 3771 3553 3863">
     <span class='ocr_line' id='line_1_78' title="bbox 1900 3771 3553 3863; baseline 0.002 -26"><span class='ocrx_word' id='word_1_570' title='bbox 1900 3786 2226 3854; x_wconf 88' lang='lat' dir='ltr'><strong>peccatum.</strong></span> <span class='ocrx_word' id='word_1_571' title='bbox 2263 3781 2419 3836; x_wconf 90' lang='lat' dir='ltr'><strong>Dixit</strong></span> <span class='ocrx_word' id='word_1_572' title='bbox 2449 3798 2586 3854; x_wconf 89' lang='lat' dir='ltr'><strong>ergo</strong></span> <span class='ocrx_word' id='word_1_573' title='bbox 2609 3782 2831 3854; x_wconf 88' lang='lat' dir='ltr'><strong>justus,</strong></span> <span class='ocrx_word' id='word_1_574' title='bbox 2879 3788 2938 3841; x_wconf 90' lang='lat' dir='ltr'><strong>et</strong></span> <span class='ocrx_word' id='word_1_575' title='bbox 2984 3776 3096 3840; x_wconf 86' lang='lat' dir='ltr'><strong>sibi</strong></span> <span class='ocrx_word' id='word_1_576' title='bbox 3136 3784 3372 3863; x_wconf 89' lang='lat' dir='ltr'><strong>profuit.</strong></span> <span class='ocrx_word' id='word_1_577' title='bbox 3400 3771 3553 3849; x_wconf 75' lang='lat' dir='ltr'><strong>Dixit</strong></span> 
     </span>
    </p>
   </div>
   <div class='ocr_carea' id='block_1_79' title="bbox 126 3864 3555 3955">
    <p class='ocr_par' dir='ltr' id='par_1_79' title="bbox 126 3864 3555 3955">
     <span class='ocr_line' id='line_1_79' title="bbox 126 3864 3555 3955; baseline -0.002 -17"><span class='ocrx_word' id='word_1_578' title='bbox 126 3882 393 3946; x_wconf 88' lang='lat' dir='ltr'><strong>caretur,</strong></span> <span class='ocrx_word' id='word_1_579' title='bbox 426 3880 599 3948; x_wconf 84' lang='lat' dir='ltr'><strong>atque</strong></span> <span class='ocrx_word' id='word_1_580' title='bbox 623 3873 934 3949; x_wconf 80' lang='lat' dir='ltr'><strong>appetendi</strong></span> <span class='ocrx_word' id='word_1_581' title='bbox 964 3871 1246 3945; x_wconf 89' lang='lat' dir='ltr'><strong>principis</strong></span> <span class='ocrx_word' id='word_1_582' title='bbox 1276 3871 1337 3927; x_wconf 91' lang='lat' dir='ltr'><strong>in</strong></span> <span class='ocrx_word' id='word_1_583' title='bbox 1365 3871 1536 3928; x_wconf 91' lang='lat' dir='ltr'><strong>malis</strong></span> <span class='ocrx_word' id='word_1_584' title='bbox 1559 3887 1792 3945; x_wconf 89' lang='lat' dir='ltr'><strong>quoque</strong></span> <span class='ocrx_word' id='word_1_585' title='bbox 1902 3869 2074 3926; x_wconf 86' lang='lat' dir='ltr'><strong>Cain:</strong></span> <span class='ocrx_word' id='word_1_586' title='bbox 2100 3869 2398 3941; x_wconf 86' lang='lat' dir='ltr'><strong>Numquid</strong></span> <span class='ocrx_word' id='word_1_587' title='bbox 2421 3885 2557 3943; x_wconf 88' lang='lat' dir='ltr'><strong>ergo</strong></span> <span class='ocrx_word' id='word_1_588' title='bbox 2580 3876 2778 3928; x_wconf 88' lang='lat' dir='ltr'><strong>custos</strong></span> <span class='ocrx_word' id='word_1_589' title='bbox 2795 3864 3272 3955; x_wconf 80' lang='lat' dir='ltr'><strong>sumfratrismei</strong></span> <span class='ocrx_word' id='word_1_590' title='bbox 3292 3873 3445 3955; x_wconf 67' lang='lat' dir='ltr'><strong>(Gen.</strong></span> <span class='ocrx_word' id='word_1_591' title='bbox 3473 3864 3555 3941; x_wconf 74' lang='lat' dir='ltr'><strong>iv,</strong></span> 
     </span>
    </p>
   </div>
   <div class='ocr_carea' id='block_1_80' title="bbox 129 3950 3556 4035">
    <p class='ocr_par' dir='ltr' id='par_1_80' title="bbox 129 3950 3556 4035">
     <span class='ocr_line' id='line_1_80' title="bbox 129 3950 3556 4035; baseline -0.003 -8"><span class='ocrx_word' id='word_1_592' title='bbox 129 3968 342 4029; x_wconf 81' lang='lat' dir='ltr'><strong>causis</strong></span> <span class='ocrx_word' id='word_1_593' title='bbox 374 3964 500 4021; x_wconf 82' lang='lat' dir='ltr'><strong>aliis</strong></span> <span class='ocrx_word' id='word_1_594' title='bbox 530 3962 862 4035; x_wconf 89' lang='lat' dir='ltr'><strong>exemplum</strong></span> <span class='ocrx_word' id='word_1_595' title='bbox 893 3960 1109 4028; x_wconf 89' lang='lat' dir='ltr'><strong>ederet,</strong></span> <span class='ocrx_word' id='word_1_596' title='bbox 1142 3975 1275 4016; x_wconf 88' lang='lat' dir='ltr'><strong>cum</strong></span> <span class='ocrx_word' id='word_1_597' title='bbox 1308 3959 1432 4032; x_wconf 88' lang='lat' dir='ltr'><strong>ipse</strong></span> <span class='ocrx_word' id='word_1_598' title='bbox 1474 3958 1791 4014; x_wconf 86' lang='lat' dir='ltr'><strong>vindictam</strong></span> <span class='ocrx_word' id='word_1_599' title='bbox 1902 3958 2005 4029; x_wconf 87' lang='lat'><strong>9)?</strong></span> <span class='ocrx_word' id='word_1_600' title='bbox 2028 3982 2055 4007; x_wconf 88' lang='grc'><strong>››</strong></span> <span class='ocrx_word' id='word_1_601' title='bbox 2077 3957 2143 4013; x_wconf 86' lang='lat' dir='ltr'><strong>Et</strong></span> <span class='ocrx_word' id='word_1_602' title='bbox 2160 3956 2419 4031; x_wconf 40' lang='lat' dir='ltr'><strong>sibi&#39;ipse</strong></span> <span class='ocrx_word' id='word_1_603' title='bbox 2440 3960 2721 4023; x_wconf 88' lang='lat' dir='ltr'><strong>mentitus</strong></span> <span class='ocrx_word' id='word_1_604' title='bbox 2740 3950 3478 4019; x_wconf 79' lang='lat' dir='ltr'><strong>est.DixitAnaniasomne</strong></span> <span class='ocrx_word' id='word_1_605' title='bbox 3493 3976 3556 4018; x_wconf 83' lang='lat' dir='ltr'><strong>se</strong></span> 
     </span>
    </p>
   </div>
   <div class='ocr_carea' id='block_1_81' title="bbox 131 4038 3559 4124">
    <p class='ocr_par' dir='ltr' id='par_1_81' title="bbox 131 4038 3559 4124">
     <span class='ocr_line' id='line_1_81' title="bbox 131 4038 3559 4124; baseline -0.002 -11"><span class='ocrx_word' id='word_1_606' title='bbox 131 4060 215 4114; x_wconf 89' lang='lat' dir='ltr'><strong>de</strong></span> <span class='ocrx_word' id='word_1_607' title='bbox 242 4055 585 4123; x_wconf 84' lang='lat' dir='ltr'><strong>insidiatore</strong></span> <span class='ocrx_word' id='word_1_608' title='bbox 611 4051 980 4124; x_wconf 85' lang='lat' dir='ltr'><strong>sumpsisset.</strong></span> <span class='ocrx_word' id='word_1_609' title='bbox 1011 4048 1217 4105; x_wconf 88' lang='lat' dir='ltr'><strong>Justus</strong></span> <span class='ocrx_word' id='word_1_610' title='bbox 1246 4048 1409 4117; x_wconf 89' lang='lat' dir='ltr'><strong>Abel,</strong></span> <span class='ocrx_word' id='word_1_611' title='bbox 1444 4048 1545 4120; x_wconf 90' lang='lat' dir='ltr'><strong>qui</strong></span> <span class='ocrx_word' id='word_1_612' title='bbox 1576 4048 1646 4103; x_wconf 90' lang='lat' dir='ltr'><strong>de</strong></span> <span class='ocrx_word' id='word_1_613' title='bbox 1675 4046 1795 4103; x_wconf 89' lang='lat' dir='ltr'><strong>ovi-</strong></span> <span class='ocrx_word' id='word_1_614' title='bbox 1905 4047 2123 4103; x_wconf 89' lang='lat' dir='ltr'><strong>venditi</strong></span> <span class='ocrx_word' id='word_1_615' title='bbox 2154 4047 2245 4123; x_wconf 88' lang='lat' dir='ltr'><strong>sui</strong></span> <span class='ocrx_word' id='word_1_616' title='bbox 2277 4046 2432 4101; x_wconf 91' lang='lat' dir='ltr'><strong>ruris</strong></span> <span class='ocrx_word' id='word_1_617' title='bbox 2454 4048 2707 4118; x_wconf 89' lang='lat' dir='ltr'><strong>pretium</strong></span> <span class='ocrx_word' id='word_1_618' title='bbox 2733 4048 3065 4122; x_wconf 88' lang='lat' dir='ltr'><strong>protulisse,</strong></span> <span class='ocrx_word' id='word_1_619' title='bbox 3090 4038 3146 4106; x_wconf 86' lang='lat' dir='ltr'><strong>et</strong></span> <span class='ocrx_word' id='word_1_620' title='bbox 3167 4038 3449 4124; x_wconf 86' lang='lat' dir='ltr'><strong>mentitus</strong></span> <span class='ocrx_word' id='word_1_621' title='bbox 3470 4038 3559 4118; x_wconf 58' lang='lat' dir='ltr'><strong>est</strong></span> 
     </span>
    </p>
   </div>
   <div class='ocr_carea' id='block_1_82' title="bbox 132 4122 3559 4214">
    <p class='ocr_par' dir='ltr' id='par_1_82' title="bbox 132 4122 3559 4214">
     <span class='ocr_line' id='line_1_82' title="bbox 132 4122 3559 4214; baseline -0.003 -10"><span class='ocrx_word' id='word_1_622' title='bbox 132 4151 257 4204; x_wconf 89' lang='lat' dir='ltr'><strong>bus</strong></span> <span class='ocrx_word' id='word_1_623' title='bbox 276 4122 411 4200; x_wconf 86' lang='lat' dir='ltr'><strong>suis</strong></span> <span class='ocrx_word' id='word_1_624' title='bbox 433 4158 581 4214; x_wconf 90' lang='lat' dir='ltr'><strong>quas</strong></span> <span class='ocrx_word' id='word_1_625' title='bbox 614 4140 664 4197; x_wconf 92' lang='lat' dir='ltr'><strong>ei</strong></span> <span class='ocrx_word' id='word_1_626' title='bbox 690 4122 972 4197; x_wconf 83' lang='lat' dir='ltr'><strong>Dominus</strong></span> <span class='ocrx_word' id='word_1_627' title='bbox 994 4138 1253 4203; x_wconf 87' lang='lat' dir='ltr'><strong>dederat,</strong></span> <span class='ocrx_word' id='word_1_628' title='bbox 1276 4136 1587 4210; x_wconf 88' lang='lat' dir='ltr'><strong>primitias,</strong></span> <span class='ocrx_word' id='word_1_629' title='bbox 1609 4134 1799 4191; x_wconf 91' lang='lat' dir='ltr'><strong>Domi-</strong></span> <span class='ocrx_word' id='word_1_630' title='bbox 1909 4135 2040 4206; x_wconf 90' lang='lat' dir='ltr'><strong>sibi,</strong></span> <span class='ocrx_word' id='word_1_631' title='bbox 2066 4134 2166 4208; x_wconf 89' lang='lat' dir='ltr'><strong>qui</strong></span> <span class='ocrx_word' id='word_1_632' title='bbox 2198 4122 2387 4208; x_wconf 86' lang='lat' dir='ltr'><strong>potuit</strong></span> <span class='ocrx_word' id='word_1_633' title='bbox 2418 4135 2616 4190; x_wconf 90' lang='lat' dir='ltr'><strong>minus</strong></span> <span class='ocrx_word' id='word_1_634' title='bbox 2644 4136 2848 4193; x_wconf 70' lang='lat' dir='ltr'><strong>offerre</strong></span> <span class='ocrx_word' id='word_1_635' title='bbox 2879 4136 3004 4194; x_wconf 88' lang='lat' dir='ltr'><strong>sine</strong></span> <span class='ocrx_word' id='word_1_636' title='bbox 3034 4138 3258 4194; x_wconf 88' lang='lat' dir='ltr'><strong>fraude.</strong></span> <span class='ocrx_word' id='word_1_637' title='bbox 3308 4122 3559 4213; x_wconf 76' lang='lat' dir='ltr'><strong>Ideoque</strong></span> 
     </span>
    </p>
   </div>
   <div class='ocr_carea' id='block_1_83' title="bbox 136 4216 3559 4306">
    <p class='ocr_par' dir='ltr' id='par_1_83' title="bbox 136 4216 3559 4306">
     <span class='ocr_line' id='line_1_83' title="bbox 136 4216 3559 4306; baseline -0.002 -15"><span class='ocrx_word' id='word_1_638' title='bbox 136 4251 221 4291; x_wconf 86' lang='lat' dir='ltr'><strong>no</strong></span> <span class='ocrx_word' id='word_1_639' title='bbox 253 4230 547 4306; x_wconf 88' lang='lat' dir='ltr'><strong>putaverit</strong></span> <span class='ocrx_word' id='word_1_640' title='bbox 575 4229 940 4295; x_wconf 75' lang='lat' dir='ltr'><strong>offerendas;</strong></span> <span class='ocrx_word' id='word_1_641' title='bbox 973 4232 1030 4283; x_wconf 90' lang='lat' dir='ltr'><strong>et</strong></span> <span class='ocrx_word' id='word_1_642' title='bbox 1058 4227 1185 4283; x_wconf 90' lang='lat' dir='ltr'><strong>ideo</strong></span> <span class='ocrx_word' id='word_1_643' title='bbox 1226 4225 1359 4298; x_wconf 90' lang='lat' dir='ltr'><strong>plus</strong></span> <span class='ocrx_word' id='word_1_644' title='bbox 1404 4225 1624 4298; x_wconf 89' lang='lat' dir='ltr'><strong>placuit</strong></span> <span class='ocrx_word' id='word_1_645' title='bbox 1662 4225 1798 4287; x_wconf 86' lang='lat' dir='ltr'><strong>Deo.</strong></span> <span class='ocrx_word' id='word_1_646' title='bbox 1910 4222 2182 4297; x_wconf 71' lang='lat' dir='ltr'><strong>praeclare</strong></span> <span class='ocrx_word' id='word_1_647' title='bbox 2206 4223 2329 4279; x_wconf 81' lang='lat' dir='ltr'><strong>ait:</strong></span> <span class='ocrx_word' id='word_1_648' title='bbox 2366 4246 2392 4273; x_wconf 90' lang='grc'><strong>‹‹</strong></span> <span class='ocrx_word' id='word_1_649' title='bbox 2426 4223 2495 4278; x_wconf 87' lang='lat' dir='ltr'><strong>Et</strong></span> <span class='ocrx_word' id='word_1_650' title='bbox 2524 4225 2769 4280; x_wconf 86' lang='lat' dir='ltr'><strong>mentita</strong></span> <span class='ocrx_word' id='word_1_651' title='bbox 2797 4230 2887 4289; x_wconf 80' lang='lat' dir='ltr'><strong>est</strong></span> <span class='ocrx_word' id='word_1_652' title='bbox 2931 4216 3214 4299; x_wconf 83' lang='lat' dir='ltr'><strong>iniquitas</strong></span> <span class='ocrx_word' id='word_1_653' title='bbox 3243 4226 3357 4293; x_wconf 80' lang='lat' dir='ltr'><strong>sibi</strong></span> <span class='ocrx_word' id='word_1_654' title='bbox 3385 4216 3559 4299; x_wconf 62' lang='lat' dir='ltr'><strong>(Petit.</strong></span> 
     </span>
    </p>
   </div>
   <div class='ocr_carea' id='block_1_84' title="bbox 136 4306 3561 4395">
    <p class='ocr_par' dir='ltr' id='par_1_84' title="bbox 136 4306 3561 4395">
     <span class='ocr_line' id='line_1_84' title="bbox 136 4306 3561 4395; baseline -0.001 -19"><span class='ocrx_word' id='word_1_655' title='bbox 136 4322 294 4395; x_wconf 85' lang='lat' dir='ltr'><strong>quia</strong></span> <span class='ocrx_word' id='word_1_656' title='bbox 325 4336 548 4375; x_wconf 89' lang='lat' dir='ltr'><strong>moram</strong></span> <span class='ocrx_word' id='word_1_657' title='bbox 588 4334 704 4382; x_wconf 88' lang='lat' dir='ltr'><strong>non</strong></span> <span class='ocrx_word' id='word_1_658' title='bbox 750 4316 905 4384; x_wconf 84' lang='lat' dir='ltr'><strong>fecit,</strong></span> <span class='ocrx_word' id='word_1_659' title='bbox 959 4315 1323 4371; x_wconf 86' lang='lat' dir='ltr'><strong>devotionem</strong></span> <span class='ocrx_word' id='word_1_660' title='bbox 1376 4315 1659 4387; x_wconf 89' lang='lat' dir='ltr'><strong>probavit.</strong></span> <span class='ocrx_word' id='word_1_661' title='bbox 1691 4314 1802 4370; x_wconf 87' lang='lat' dir='ltr'><strong>Sed</strong></span> <span class='ocrx_word' id='word_1_662' title='bbox 1914 4329 2068 4381; x_wconf 82' lang='lat' dir='ltr'><strong>xxvx,</strong></span> <span class='ocrx_word' id='word_1_663' title='bbox 2100 4312 2209 4385; x_wconf 73' lang='lat'><strong>1‘2).</strong></span> <span class='ocrx_word' id='word_1_664' title='bbox 2236 4333 2263 4364; x_wconf 71' lang='grc' dir='ltr'><strong><em>ι</em></strong></span> <span class='ocrx_word' id='word_1_665' title='bbox 2299 4312 2421 4367; x_wconf 91' lang='lat' dir='ltr'><strong>Sibi</strong></span> <span class='ocrx_word' id='word_1_666' title='bbox 2454 4311 2609 4367; x_wconf 89' lang='lat' dir='ltr'><strong>enim</strong></span> <span class='ocrx_word' id='word_1_667' title='bbox 2641 4318 2775 4369; x_wconf 87' lang='lat' dir='ltr'><strong>ante</strong></span> <span class='ocrx_word' id='word_1_668' title='bbox 2805 4312 3107 4383; x_wconf 90' lang='lat' dir='ltr'><strong>mentitur,</strong></span> <span class='ocrx_word' id='word_1_669' title='bbox 3140 4328 3272 4373; x_wconf 89' lang='lat' dir='ltr'><strong>cum</strong></span> <span class='ocrx_word' id='word_1_670' title='bbox 3295 4316 3356 4373; x_wconf 89' lang='lat' dir='ltr'><strong>in</strong></span> <span class='ocrx_word' id='word_1_671' title='bbox 3384 4306 3561 4375; x_wconf 82' lang='lat' dir='ltr'><strong>suum</strong></span> 
     </span>
    </p>
   </div>
   <div class='ocr_carea' id='block_1_85' title="bbox 138 4398 3561 4481">
    <p class='ocr_par' dir='ltr' id='par_1_85' title="bbox 138 4398 3561 4481">
     <span class='ocr_line' id='line_1_85' title="bbox 138 4398 3561 4481; baseline -0.002 -14"><span class='ocrx_word' id='word_1_672' title='bbox 138 4414 260 4467; x_wconf 86' lang='lat' dir='ltr'><strong>hoc</strong></span> <span class='ocrx_word' id='word_1_673' title='bbox 295 4409 515 4481; x_wconf 89' lang='lat' dir='ltr'><strong>impius</strong></span> <span class='ocrx_word' id='word_1_674' title='bbox 544 4408 692 4463; x_wconf 87' lang='lat' dir='ltr'><strong>ferre</strong></span> <span class='ocrx_word' id='word_1_675' title='bbox 724 4423 837 4462; x_wconf 89' lang='lat' dir='ltr'><strong>non</strong></span> <span class='ocrx_word' id='word_1_676' title='bbox 872 4404 1083 4478; x_wconf 88' lang='lat' dir='ltr'><strong>potuit,</strong></span> <span class='ocrx_word' id='word_1_677' title='bbox 1109 4404 1351 4475; x_wconf 75' lang='lat' dir='ltr'><strong>justitiaa</strong></span> <span class='ocrx_word' id='word_1_678' title='bbox 1378 4402 1803 4475; x_wconf 71' lang='lat' dir='ltr'><strong>praevaricator,</strong></span> <span class='ocrx_word' id='word_1_679' title='bbox 1917 4400 2200 4457; x_wconf 89' lang='lat' dir='ltr'><strong>mentitur</strong></span> <span class='ocrx_word' id='word_1_680' title='bbox 2216 4400 2455 4457; x_wconf 91' lang='lat' dir='ltr'><strong>exitium</strong></span> <span class='ocrx_word' id='word_1_681' title='bbox 2480 4418 2493 4469; x_wconf 89' lang='lat'><strong>;</strong></span> <span class='ocrx_word' id='word_1_682' title='bbox 2519 4398 3561 4476; x_wconf 71' lang='lat' dir='ltr'><strong>sibidelinquit,quisibiinnocentia</strong></span> 
     </span>
    </p>
   </div>
   <div class='ocr_carea' id='block_1_86' title="bbox 138 4490 3563 4568">
    <p class='ocr_par' dir='ltr' id='par_1_86' title="bbox 138 4490 3563 4568">
     <span class='ocr_line' id='line_1_86' title="bbox 138 4490 3563 4568; baseline -0.001 -11"><span class='ocrx_word' id='word_1_683' title='bbox 138 4498 322 4556; x_wconf 70' lang='lat' dir='ltr'><strong>radix</strong></span> <span class='ocrx_word' id='word_1_684' title='bbox 348 4495 713 4568; x_wconf 85' lang='lat' dir='ltr'><strong>iniquitatis;</strong></span> <span class='ocrx_word' id='word_1_685' title='bbox 748 4499 805 4551; x_wconf 85' lang='lat' dir='ltr'><strong>et</strong></span> <span class='ocrx_word' id='word_1_686' title='bbox 831 4494 964 4552; x_wconf 78' lang='lat' dir='ltr'><strong>ideo</strong></span> <span class='ocrx_word' id='word_1_687' title='bbox 994 4494 1233 4549; x_wconf 66' lang='lat' dir='ltr'><strong>fuatrem</strong></span> <span class='ocrx_word' id='word_1_688' title='bbox 1271 4492 1501 4560; x_wconf 86' lang='lat' dir='ltr'><strong>occidit,</strong></span> <span class='ocrx_word' id='word_1_689' title='bbox 1536 4493 1674 4563; x_wconf 90' lang='lat' dir='ltr'><strong>quia</strong></span> <span class='ocrx_word' id='word_1_690' title='bbox 1703 4491 1807 4548; x_wconf 91' lang='lat' dir='ltr'><strong>bo-</strong></span> <span class='ocrx_word' id='word_1_691' title='bbox 1919 4490 2092 4563; x_wconf 87' lang='lat' dir='ltr'><strong>eripit</strong></span> <span class='ocrx_word' id='word_1_692' title='bbox 2112 4490 2482 4547; x_wconf 88' lang='lat' dir='ltr'><strong>suavitatem.</strong></span> <span class='ocrx_word' id='word_1_693' title='bbox 2506 4491 2614 4556; x_wconf 91' lang='lat' dir='ltr'><strong>Qui</strong></span> <span class='ocrx_word' id='word_1_694' title='bbox 2636 4491 2795 4548; x_wconf 89' lang='lat' dir='ltr'><strong>enim</strong></span> <span class='ocrx_word' id='word_1_695' title='bbox 2833 4492 3086 4565; x_wconf 89' lang='lat' dir='ltr'><strong>puritate</strong></span> <span class='ocrx_word' id='word_1_696' title='bbox 3115 4499 3169 4550; x_wconf 88' lang='lat' dir='ltr'><strong>et</strong></span> <span class='ocrx_word' id='word_1_697' title='bbox 3185 4492 3563 4567; x_wconf 75' lang='lat' dir='ltr'><strong>simplicitate</strong></span> 
     </span>
    </p>
   </div>
   <div class='ocr_carea' id='block_1_87' title="bbox 136 4577 3565 4658">
    <p class='ocr_par' dir='ltr' id='par_1_87' title="bbox 136 4577 3565 4658">
     <span class='ocr_line' id='line_1_87' title="bbox 136 4577 3565 4658; baseline -0.001 -14"><span class='ocrx_word' id='word_1_698' title='bbox 136 4588 267 4649; x_wconf 77' lang='lat' dir='ltr'><strong>stia</strong></span> <span class='ocrx_word' id='word_1_699' title='bbox 302 4587 429 4658; x_wconf 81' lang='lat' dir='ltr'><strong>ejus</strong></span> <span class='ocrx_word' id='word_1_700' title='bbox 454 4584 570 4641; x_wconf 88' lang='lat' dir='ltr'><strong>Deo</strong></span> <span class='ocrx_word' id='word_1_701' title='bbox 600 4583 789 4658; x_wconf 87' lang='lat' dir='ltr'><strong>magis</strong></span> <span class='ocrx_word' id='word_1_702' title='bbox 820 4598 1002 4656; x_wconf 86' lang='lat' dir='ltr'><strong>quam</strong></span> <span class='ocrx_word' id='word_1_703' title='bbox 1032 4580 1249 4638; x_wconf 85' lang='lat' dir='ltr'><strong>oblatio</strong></span> <span class='ocrx_word' id='word_1_704' title='bbox 1297 4598 1405 4637; x_wconf 85' lang='lat' dir='ltr'><strong>sua</strong></span> <span class='ocrx_word' id='word_1_705' title='bbox 1437 4583 1623 4637; x_wconf 78' lang='lat' dir='ltr'><strong>fuerat</strong></span> <span class='ocrx_word' id='word_1_706' title='bbox 1650 4597 1812 4638; x_wconf 84' lang='lat' dir='ltr'><strong>com-</strong></span> <span class='ocrx_word' id='word_1_707' title='bbox 1844 4589 1891 4655; x_wconf 77' lang='grc' dir='ltr'>ῃ</span> <span class='ocrx_word' id='word_1_708' title='bbox 1922 4579 2181 4652; x_wconf 89' lang='lat' dir='ltr'><strong>corporis</strong></span> <span class='ocrx_word' id='word_1_709' title='bbox 2198 4577 2427 4635; x_wconf 90' lang='lat' dir='ltr'><strong>dulcior</strong></span> <span class='ocrx_word' id='word_1_710' title='bbox 2447 4579 2868 4647; x_wconf 82' lang='lat' dir='ltr'><strong>fructus?Quis</strong></span> <span class='ocrx_word' id='word_1_711' title='bbox 2885 4581 3565 4657; x_wconf 79' lang='lat' dir='ltr'><strong>cibussuavior,quamis</strong></span> 
     </span>
    </p>
   </div>
   <div class='ocr_carea' id='block_1_88' title="bbox 135 4667 3567 4752">
    <p class='ocr_par' dir='ltr' id='par_1_88' title="bbox 135 4667 3567 4752">
     <span class='ocr_line' id='line_1_88' title="bbox 135 4667 3567 4752; baseline -0.001 -18"><span class='ocrx_word' id='word_1_712' title='bbox 135 4676 421 4752; x_wconf 85' lang='lat' dir='ltr'><strong>probata.</strong></span> <span class='ocrx_word' id='word_1_713' title='bbox 454 4674 567 4730; x_wconf 89' lang='lat' dir='ltr'><strong>Sed</strong></span> <span class='ocrx_word' id='word_1_714' title='bbox 604 4670 751 4729; x_wconf 69' lang='lat'><strong>169</strong></span> <span class='ocrx_word' id='word_1_715' title='bbox 801 4670 900 4728; x_wconf 90' lang='lat' dir='ltr'><strong>ille</strong></span> <span class='ocrx_word' id='word_1_716' title='bbox 950 4671 1180 4727; x_wconf 88' lang='lat' dir='ltr'><strong>occisus</strong></span> <span class='ocrx_word' id='word_1_717' title='bbox 1222 4675 1331 4726; x_wconf 89' lang='lat' dir='ltr'><strong>Deo</strong></span> <span class='ocrx_word' id='word_1_718' title='bbox 1373 4670 1721 4747; x_wconf 89' lang='lat' dir='ltr'><strong>loquebatur</strong></span> <span class='ocrx_word' id='word_1_719' title='bbox 1752 4670 1810 4726; x_wconf 89' lang='lat' dir='ltr'><strong>in</strong></span> <span class='ocrx_word' id='word_1_720' title='bbox 1927 4684 2102 4741; x_wconf 85' lang='lat' dir='ltr'><strong>quem</strong></span> <span class='ocrx_word' id='word_1_721' title='bbox 2134 4667 2367 4724; x_wconf 87' lang='lat' dir='ltr'><strong>animus</strong></span> <span class='ocrx_word' id='word_1_722' title='bbox 2396 4668 2545 4725; x_wconf 91' lang='lat' dir='ltr'><strong>bene</strong></span> <span class='ocrx_word' id='word_1_723' title='bbox 2577 4670 2687 4725; x_wconf 91' lang='lat' dir='ltr'><strong>sibi</strong></span> <span class='ocrx_word' id='word_1_724' title='bbox 2709 4671 2950 4738; x_wconf 90' lang='lat' dir='ltr'><strong>conscii,</strong></span> <span class='ocrx_word' id='word_1_725' title='bbox 2972 4676 3030 4728; x_wconf 91' lang='lat' dir='ltr'><strong>et</strong></span> <span class='ocrx_word' id='word_1_726' title='bbox 3050 4687 3217 4731; x_wconf 89' lang='lat' dir='ltr'><strong>mens</strong></span> <span class='ocrx_word' id='word_1_727' title='bbox 3240 4672 3567 4730; x_wconf 82' lang='lat' dir='ltr'><strong>innocentis</strong></span> 
     </span>
    </p>
   </div>
   <div class='ocr_carea' id='block_1_89' title="bbox 138 4751 3572 4837">
    <p class='ocr_par' dir='ltr' id='par_1_89' title="bbox 138 4751 3572 4837">
     <span class='ocr_line' id='line_1_89' title="bbox 138 4751 3572 4837; baseline -0.001 -16"><span class='ocrx_word' id='word_1_728' title='bbox 138 4751 296 4827; x_wconf 72' lang='lat' dir='ltr'><strong>voce</strong></span> <span class='ocrx_word' id='word_1_729' title='bbox 328 4762 637 4837; x_wconf 75' lang='lat' dir='ltr'><strong>sanguinis</strong></span> <span class='ocrx_word' id='word_1_730' title='bbox 669 4762 783 4835; x_wconf 84' lang='lat' dir='ltr'><strong>sui,</strong></span> <span class='ocrx_word' id='word_1_731' title='bbox 816 4761 910 4819; x_wconf 85' lang='lat' dir='ltr'><strong>hic</strong></span> <span class='ocrx_word' id='word_1_732' title='bbox 934 4760 1101 4817; x_wconf 83' lang='lat' dir='ltr'><strong>vivus</strong></span> <span class='ocrx_word' id='word_1_733' title='bbox 1130 4778 1166 4815; x_wconf 90' lang='lat' dir='ltr'><strong>a</strong></span> <span class='ocrx_word' id='word_1_734' title='bbox 1194 4761 1339 4817; x_wconf 89' lang='lat' dir='ltr'><strong>facie</strong></span> <span class='ocrx_word' id='word_1_735' title='bbox 1368 4760 1595 4815; x_wconf 91' lang='lat' dir='ltr'><strong>Domini</strong></span> <span class='ocrx_word' id='word_1_736' title='bbox 1628 4759 1811 4832; x_wconf 90' lang='lat' dir='ltr'><strong>repel-</strong></span> <span class='ocrx_word' id='word_1_737' title='bbox 1923 4757 3187 4834; x_wconf 81' lang='lat' dir='ltr'><strong>epulatur?Atveroiniquitasvelutquodam</strong></span> <span class='ocrx_word' id='word_1_738' title='bbox 3201 4751 3572 4835; x_wconf 79' lang='lat' dir='ltr'><strong>plumbeota-</strong></span> 
     </span>
    </p>
   </div>
   <div class='ocr_carea' id='block_1_90' title="bbox 136 4845 3574 4923">
    <p class='ocr_par' dir='ltr' id='par_1_90' title="bbox 136 4845 3574 4923">
     <span class='ocr_line' id='line_1_90' title="bbox 136 4845 3574 4923; baseline -0.001 -14"><span class='ocrx_word' id='word_1_739' title='bbox 136 4855 425 4921; x_wconf 78' lang='lat' dir='ltr'><strong>lebatur;</strong></span> <span class='ocrx_word' id='word_1_740' title='bbox 455 4856 515 4908; x_wconf 87' lang='lat' dir='ltr'><strong>et</strong></span> <span class='ocrx_word' id='word_1_741' title='bbox 542 4868 678 4908; x_wconf 86' lang='lat' dir='ltr'><strong>cum</strong></span> <span class='ocrx_word' id='word_1_742' title='bbox 710 4850 905 4907; x_wconf 75' lang='lat' dir='ltr'><strong>adhuc</strong></span> <span class='ocrx_word' id='word_1_743' title='bbox 939 4867 973 4907; x_wconf 83' lang='lat' dir='ltr'><strong>a</strong></span> <span class='ocrx_word' id='word_1_744' title='bbox 999 4848 1246 4907; x_wconf 84' lang='lat' dir='ltr'><strong>Domino</strong></span> <span class='ocrx_word' id='word_1_745' title='bbox 1287 4866 1468 4921; x_wconf 66' lang='lat' dir='ltr'><strong>poene</strong></span> <span class='ocrx_word' id='word_1_746' title='bbox 1499 4853 1811 4915; x_wconf 88' lang='lat' dir='ltr'><strong>cessarent,</strong></span> <span class='ocrx_word' id='word_1_747' title='bbox 1923 4845 2187 4913; x_wconf 85' lang='lat' dir='ltr'><strong>lento,ut</strong></span> <span class='ocrx_word' id='word_1_748' title='bbox 2210 4848 2515 4919; x_wconf 88' lang='lat' dir='ltr'><strong>Scriptura</strong></span> <span class='ocrx_word' id='word_1_749' title='bbox 2528 4850 2909 4921; x_wconf 81' lang='lat' dir='ltr'><strong>testiﬁcatur(</strong></span> <span class='ocrx_word' id='word_1_750' title='bbox 2927 4852 3089 4907; x_wconf 78' lang='lat' dir='ltr'><strong>Zach.</strong></span> <span class='ocrx_word' id='word_1_751' title='bbox 3110 4853 3255 4923; x_wconf 84' lang='lat' dir='ltr'><strong>v,6),</strong></span> <span class='ocrx_word' id='word_1_752' title='bbox 3279 4853 3574 4909; x_wconf 82' lang='lat' dir='ltr'><strong>conscien-</strong></span> 
     </span>
    </p>
   </div>
   <div class='ocr_carea' id='block_1_91' title="bbox 136 4935 3573 5017">
    <p class='ocr_par' dir='ltr' id='par_1_91' title="bbox 136 4935 3573 5017">
     <span class='ocr_line' id='line_1_91' title="bbox 136 4935 3573 5017; baseline -0.001 -19"><span class='ocrx_word' id='word_1_753' title='bbox 136 4941 470 5017; x_wconf 81' lang='lat' dir='ltr'><strong>torquebat</strong></span> <span class='ocrx_word' id='word_1_754' title='bbox 509 4954 645 4996; x_wconf 87' lang='lat' dir='ltr'><strong>eum</strong></span> <span class='ocrx_word' id='word_1_755' title='bbox 705 4955 946 4996; x_wconf 85' lang='lat' dir='ltr'><strong>suorum</strong></span> <span class='ocrx_word' id='word_1_756' title='bbox 1006 4937 1363 4994; x_wconf 88' lang='lat' dir='ltr'><strong>conscientia</strong></span> <span class='ocrx_word' id='word_1_757' title='bbox 1419 4940 1812 5009; x_wconf 81' lang='lat' dir='ltr'><strong>peccatorum.</strong></span> <span class='ocrx_word' id='word_1_758' title='bbox 1926 4935 2310 5006; x_wconf 82' lang='lat' dir='ltr'><strong>tiamgravat.</strong></span> <span class='ocrx_word' id='word_1_759' title='bbox 2336 4936 2655 5007; x_wconf 87' lang='lat' dir='ltr'><strong>Meritoque</strong></span> <span class='ocrx_word' id='word_1_760' title='bbox 2674 4938 3022 4994; x_wconf 85' lang='lat' dir='ltr'><strong>Davidait:«</strong></span> <span class='ocrx_word' id='word_1_761' title='bbox 3050 4939 3212 4995; x_wconf 88' lang='lat' dir='ltr'><strong>Sicut</strong></span> <span class='ocrx_word' id='word_1_762' title='bbox 3231 4957 3379 4995; x_wconf 88' lang='lat' dir='ltr'><strong>onus</strong></span> <span class='ocrx_word' id='word_1_763' title='bbox 3402 4952 3573 5013; x_wconf 83' lang='lat' dir='ltr'><strong>grave</strong></span> 
     </span>
    </p>
   </div>
   <div class='ocr_carea' id='block_1_92' title="bbox 138 5025 3577 5107">
    <p class='ocr_par' dir='ltr' id='par_1_92' title="bbox 138 5025 3577 5107">
     <span class='ocr_line' id='line_1_92' title="bbox 138 5025 3577 5107; baseline -0.001 -19"><span class='ocrx_word' id='word_1_764' title='bbox 138 5030 405 5107; x_wconf 84' lang='lat' dir='ltr'><strong>Latebat</strong></span> <span class='ocrx_word' id='word_1_765' title='bbox 434 5027 614 5086; x_wconf 88' lang='lat' dir='ltr'><strong>miser</strong></span> <span class='ocrx_word' id='word_1_766' title='bbox 641 5032 902 5085; x_wconf 87' lang='lat' dir='ltr'><strong>tremens</strong></span> <span class='ocrx_word' id='word_1_767' title='bbox 928 5045 942 5096; x_wconf 92' lang='lat'><strong>;</strong></span> <span class='ocrx_word' id='word_1_768' title='bbox 977 5030 1033 5083; x_wconf 92' lang='lat' dir='ltr'><strong>et</strong></span> <span class='ocrx_word' id='word_1_769' title='bbox 1073 5028 1291 5083; x_wconf 88' lang='lat' dir='ltr'><strong>timens</strong></span> <span class='ocrx_word' id='word_1_770' title='bbox 1318 5046 1329 5096; x_wconf 90' lang='lat'><strong>;</strong></span> <span class='ocrx_word' id='word_1_771' title='bbox 1361 5030 1417 5082; x_wconf 89' lang='lat' dir='ltr'><strong>et</strong></span> <span class='ocrx_word' id='word_1_772' title='bbox 1459 5043 1589 5082; x_wconf 90' lang='lat' dir='ltr'><strong>cum</strong></span> <span class='ocrx_word' id='word_1_773' title='bbox 1623 5025 1817 5081; x_wconf 88' lang='lat' dir='ltr'><strong>adhuc</strong></span> <span class='ocrx_word' id='word_1_774' title='bbox 1932 5028 2180 5096; x_wconf 68' lang='lat' dir='ltr'><strong>gravatae</strong></span> <span class='ocrx_word' id='word_1_775' title='bbox 2208 5028 2345 5079; x_wconf 87' lang='lat' dir='ltr'><strong>sunt</strong></span> <span class='ocrx_word' id='word_1_776' title='bbox 2375 5041 2553 5096; x_wconf 89' lang='lat' dir='ltr'><strong>super</strong></span> <span class='ocrx_word' id='word_1_777' title='bbox 2577 5041 2670 5081; x_wconf 88' lang='lat' dir='ltr'><strong>me</strong></span> <span class='ocrx_word' id='word_1_778' title='bbox 2701 5027 2869 5097; x_wconf 84' lang='lat' dir='ltr'><strong>(Psal.</strong></span> <span class='ocrx_word' id='word_1_779' title='bbox 2912 5043 3126 5096; x_wconf 82' lang='lat' dir='ltr'><strong>xxxvn,</strong></span> <span class='ocrx_word' id='word_1_780' title='bbox 3165 5029 3238 5101; x_wconf 89' lang='lat'><strong>5).</strong></span> <span class='ocrx_word' id='word_1_781' title='bbox 3260 5050 3288 5080; x_wconf 86' lang='lat'><strong>»</strong></span> <span class='ocrx_word' id='word_1_782' title='bbox 3318 5029 3390 5101; x_wconf 85' lang='lat' dir='ltr'><strong>Et</strong></span> <span class='ocrx_word' id='word_1_783' title='bbox 3418 5028 3577 5084; x_wconf 81' lang='lat' dir='ltr'><strong>Salo-</strong></span> 
     </span>
    </p>
   </div>
   <div class='ocr_carea' id='block_1_93' title="bbox 137 5112 3579 5195">
    <p class='ocr_par' dir='ltr' id='par_1_93' title="bbox 137 5112 3579 5195">
     <span class='ocr_line' id='line_1_93' title="bbox 137 5112 3579 5195; baseline -0.001 -18"><span class='ocrx_word' id='word_1_784' title='bbox 137 5136 474 5195; x_wconf 58' lang='lat' dir='ltr'><strong>percussor</strong></span> <span class='ocrx_word' id='word_1_785' title='bbox 502 5119 753 5186; x_wconf 82' lang='lat' dir='ltr'><strong>deesset,</strong></span> <span class='ocrx_word' id='word_1_786' title='bbox 786 5116 915 5190; x_wconf 88' lang='lat' dir='ltr'><strong>ipsa</strong></span> <span class='ocrx_word' id='word_1_787' title='bbox 954 5132 1085 5173; x_wconf 88' lang='lat' dir='ltr'><strong>sese</strong></span> <span class='ocrx_word' id='word_1_788' title='bbox 1116 5116 1321 5188; x_wconf 87' lang='lat' dir='ltr'><strong>injusti</strong></span> <span class='ocrx_word' id='word_1_789' title='bbox 1350 5115 1467 5171; x_wconf 85' lang='lat' dir='ltr'><strong>vita</strong></span> <span class='ocrx_word' id='word_1_790' title='bbox 1498 5113 1814 5171; x_wconf 88' lang='lat' dir='ltr'><strong>cruciabat.</strong></span> <span class='ocrx_word' id='word_1_791' title='bbox 1929 5129 2066 5169; x_wconf 91' lang='lat' dir='ltr'><strong>mon</strong></span> <span class='ocrx_word' id='word_1_792' title='bbox 2093 5129 2104 5168; x_wconf 90' lang='lat'>:</span> <span class='ocrx_word' id='word_1_793' title='bbox 2131 5135 2158 5163; x_wconf 86' lang='lat'><strong><em>«</em></strong></span> <span class='ocrx_word' id='word_1_794' title='bbox 2185 5112 2345 5168; x_wconf 90' lang='lat' dir='ltr'><strong>Sicut</strong></span> <span class='ocrx_word' id='word_1_795' title='bbox 2374 5129 2486 5167; x_wconf 90' lang='lat' dir='ltr'><strong>uva</strong></span> <span class='ocrx_word' id='word_1_796' title='bbox 2516 5114 2724 5170; x_wconf 88' lang='lat' dir='ltr'><strong>acerba</strong></span> <span class='ocrx_word' id='word_1_797' title='bbox 2750 5114 3046 5184; x_wconf 87' lang='lat' dir='ltr'><strong>dentibus,</strong></span> <span class='ocrx_word' id='word_1_798' title='bbox 3101 5117 3251 5173; x_wconf 73' lang='lat'><strong>710</strong></span> <span class='ocrx_word' id='word_1_799' title='bbox 3290 5121 3349 5173; x_wconf 90' lang='lat' dir='ltr'><strong>et</strong></span> <span class='ocrx_word' id='word_1_800' title='bbox 3375 5116 3579 5173; x_wconf 75' lang='lat' dir='ltr'><strong>fumus</strong></span> 
     </span>
    </p>
   </div>
   <div class='ocr_carea' id='block_1_94' title="bbox 131 5200 3572 5282">
    <p class='ocr_par' dir='ltr' id='par_1_94' title="bbox 131 5200 3572 5282">
     <span class='ocr_line' id='line_1_94' title="bbox 131 5200 3572 5282; baseline -0.002 -15"><span class='ocrx_word' id='word_1_801' title='bbox 131 5214 477 5282; x_wconf 74' lang='lat' dir='ltr'><strong>Acceperat</strong></span> <span class='ocrx_word' id='word_1_802' title='bbox 503 5210 766 5281; x_wconf 80' lang='lat' dir='ltr'><strong>signum,</strong></span> <span class='ocrx_word' id='word_1_803' title='bbox 802 5221 875 5263; x_wconf 89' lang='lat' dir='ltr'><strong>ne</strong></span> <span class='ocrx_word' id='word_1_804' title='bbox 906 5221 1043 5264; x_wconf 84' lang='lat' dir='ltr'><strong>eum</strong></span> <span class='ocrx_word' id='word_1_805' title='bbox 1074 5204 1291 5277; x_wconf 84' lang='lat' dir='ltr'><strong>aliquis</strong></span> <span class='ocrx_word' id='word_1_806' title='bbox 1340 5204 1664 5261; x_wconf 88' lang='lat' dir='ltr'><strong>occideret:</strong></span> <span class='ocrx_word' id='word_1_807' title='bbox 1699 5220 1815 5261; x_wconf 90' lang='lat' dir='ltr'><strong>non</strong></span> <span class='ocrx_word' id='word_1_808' title='bbox 1927 5200 2137 5268; x_wconf 86' lang='lat' dir='ltr'><strong>oculis,</strong></span> <span class='ocrx_word' id='word_1_809' title='bbox 2192 5201 2271 5258; x_wconf 86' lang='lat' dir='ltr'><strong>ita</strong></span> <span class='ocrx_word' id='word_1_810' title='bbox 2311 5200 2593 5273; x_wconf 87' lang='lat' dir='ltr'><strong>iniquitas</strong></span> <span class='ocrx_word' id='word_1_811' title='bbox 2641 5204 2916 5261; x_wconf 87' lang='lat' dir='ltr'><strong>omnibus</strong></span> <span class='ocrx_word' id='word_1_812' title='bbox 2964 5206 3263 5263; x_wconf 89' lang='lat' dir='ltr'><strong>utentibus</strong></span> <span class='ocrx_word' id='word_1_813' title='bbox 3293 5221 3362 5263; x_wconf 85' lang='lat' dir='ltr'><strong>ea</strong></span> <span class='ocrx_word' id='word_1_814' title='bbox 3388 5206 3572 5279; x_wconf 81' lang='lat' dir='ltr'><strong>(Prov.</strong></span> 
     </span>
    </p>
   </div>
   <div class='ocr_carea' id='block_1_95' title="bbox 134 5286 3573 5368">
    <p class='ocr_par' dir='ltr' id='par_1_95' title="bbox 134 5286 3573 5368">
     <span class='ocr_line' id='line_1_95' title="bbox 134 5286 3573 5368; baseline -0.001 -12"><span class='ocrx_word' id='word_1_815' title='bbox 134 5302 215 5356; x_wconf 88' lang='lat' dir='ltr'><strong>ut</strong></span> <span class='ocrx_word' id='word_1_816' title='bbox 243 5298 383 5355; x_wconf 62' lang='lat' dir='ltr'><strong>vita</strong></span> <span class='ocrx_word' id='word_1_817' title='bbox 408 5297 694 5355; x_wconf 73' lang='lat' dir='ltr'><strong>suavitate</strong></span> <span class='ocrx_word' id='word_1_818' title='bbox 717 5297 1036 5363; x_wconf 69' lang='lat' dir='ltr'><strong>frueretur,</strong></span> <span class='ocrx_word' id='word_1_819' title='bbox 1086 5286 1190 5351; x_wconf 85' lang='lat' dir='ltr'><strong>sed</strong></span> <span class='ocrx_word' id='word_1_820' title='bbox 1240 5310 1312 5351; x_wconf 90' lang='lat' dir='ltr'><strong>ne</strong></span> <span class='ocrx_word' id='word_1_821' title='bbox 1359 5311 1519 5351; x_wconf 84' lang='lat' dir='ltr'><strong>more</strong></span> <span class='ocrx_word' id='word_1_822' title='bbox 1566 5294 1819 5351; x_wconf 81' lang='lat' dir='ltr'><strong>auferret</strong></span> <span class='ocrx_word' id='word_1_823' title='bbox 1928 5309 1985 5350; x_wconf 87' lang='lat' dir='ltr'><strong>x.</strong></span> <span class='ocrx_word' id='word_1_824' title='bbox 2018 5292 2108 5347; x_wconf 80' lang='lat'><strong>26.</strong></span> <span class='ocrx_word' id='word_1_825' title='bbox 2144 5312 2174 5341; x_wconf 84' lang='lat'>»</span> <span class='ocrx_word' id='word_1_826' title='bbox 2203 5289 2410 5347; x_wconf 84' lang='lat' dir='ltr'><strong>Gravis</strong></span> <span class='ocrx_word' id='word_1_827' title='bbox 2459 5307 2630 5363; x_wconf 70' lang='lat' dir='ltr'><strong>poena</strong></span> <span class='ocrx_word' id='word_1_828' title='bbox 2666 5307 2793 5364; x_wconf 78' lang='lat' dir='ltr'><strong>quae</strong></span> <span class='ocrx_word' id='word_1_829' title='bbox 2845 5293 3041 5351; x_wconf 91' lang='lat' dir='ltr'><strong>cibum</strong></span> <span class='ocrx_word' id='word_1_830' title='bbox 3090 5294 3355 5368; x_wconf 90' lang='lat' dir='ltr'><strong>impedit,</strong></span> <span class='ocrx_word' id='word_1_831' title='bbox 3406 5310 3573 5368; x_wconf 83' lang='lat' dir='ltr'><strong>aspc-</strong></span> 
     </span>
    </p>
   </div>
   <div class='ocr_carea' id='block_1_96' title="bbox 134 5378 3577 5461">
    <p class='ocr_par' dir='ltr' id='par_1_96' title="bbox 134 5378 3577 5461">
     <span class='ocr_line' id='line_1_96' title="bbox 134 5378 3577 5461; baseline -0.001 -15"><span class='ocrx_word' id='word_1_832' title='bbox 134 5402 484 5446; x_wconf 69' lang='lat' dir='ltr'><strong>erumnam</strong></span> <span class='ocrx_word' id='word_1_833' title='bbox 512 5405 525 5443; x_wconf 92' lang='lat'>:</span> <span class='ocrx_word' id='word_1_834' title='bbox 561 5390 627 5442; x_wconf 90' lang='lat' dir='ltr'><strong>ut</strong></span> <span class='ocrx_word' id='word_1_835' title='bbox 644 5401 1048 5461; x_wconf 87' lang='lat' dir='ltr'><strong>percussorem</strong></span> <span class='ocrx_word' id='word_1_836' title='bbox 1081 5400 1255 5440; x_wconf 90' lang='lat' dir='ltr'><strong>suum</strong></span> <span class='ocrx_word' id='word_1_837' title='bbox 1278 5383 1538 5457; x_wconf 87' lang='lat' dir='ltr'><strong>quotidie</strong></span> <span class='ocrx_word' id='word_1_838' title='bbox 1558 5383 1818 5453; x_wconf 85' lang='lat' dir='ltr'><strong>timendo</strong></span> <span class='ocrx_word' id='word_1_839' title='bbox 1931 5385 2090 5439; x_wconf 89' lang='lat' dir='ltr'><strong>ctum</strong></span> <span class='ocrx_word' id='word_1_840' title='bbox 2122 5378 2397 5449; x_wconf 90' lang='lat' dir='ltr'><strong>obducit;</strong></span> <span class='ocrx_word' id='word_1_841' title='bbox 2429 5383 2505 5449; x_wconf 89' lang='lat' dir='ltr'><strong>et,</strong></span> <span class='ocrx_word' id='word_1_842' title='bbox 2539 5382 2694 5452; x_wconf 88' lang='lat' dir='ltr'><strong>quod</strong></span> <span class='ocrx_word' id='word_1_843' title='bbox 2727 5386 2817 5438; x_wconf 89' lang='lat' dir='ltr'><strong>est</strong></span> <span class='ocrx_word' id='word_1_844' title='bbox 2847 5384 3123 5458; x_wconf 88' lang='lat' dir='ltr'><strong>amplius,</strong></span> <span class='ocrx_word' id='word_1_845' title='bbox 3155 5384 3339 5441; x_wconf 87' lang='lat' dir='ltr'><strong>oculis</strong></span> <span class='ocrx_word' id='word_1_846' title='bbox 3365 5384 3577 5442; x_wconf 75' lang='lat' dir='ltr'><strong>mentis</strong></span> 
     </span>
    </p>
   </div>
   <div class='ocr_carea' id='block_1_97' title="bbox 134 5466 3576 5555">
    <p class='ocr_par' dir='ltr' id='par_1_97' title="bbox 134 5466 3576 5555">
     <span class='ocr_line' id='line_1_97' title="bbox 134 5466 3576 5555; baseline -0.001 -17"><span class='ocrx_word' id='word_1_847' title='bbox 134 5482 481 5555; x_wconf 77' lang='lat' dir='ltr'><strong>pateretur.</strong></span> <span class='ocrx_word' id='word_1_848' title='bbox 506 5475 801 5545; x_wconf 82' lang='lat' dir='ltr'><strong>Meruerat</strong></span> <span class='ocrx_word' id='word_1_849' title='bbox 820 5472 1059 5549; x_wconf 83' lang='lat' dir='ltr'><strong>quidem</strong></span> <span class='ocrx_word' id='word_1_850' title='bbox 1082 5477 1147 5529; x_wconf 89' lang='lat' dir='ltr'><strong>ut</strong></span> <span class='ocrx_word' id='word_1_851' title='bbox 1182 5489 1495 5549; x_wconf 81' lang='lat' dir='ltr'><strong>percussor</strong></span> <span class='ocrx_word' id='word_1_852' title='bbox 1532 5473 1821 5533; x_wconf 85' lang='lat' dir='ltr'><strong>inhibere-</strong></span> <span class='ocrx_word' id='word_1_853' title='bbox 1931 5471 2169 5547; x_wconf 73' lang='lat' dir='ltr'><strong>internze</strong></span> <span class='ocrx_word' id='word_1_854' title='bbox 2216 5466 2585 5529; x_wconf 80' lang='lat' dir='ltr'><strong>tenebrosam</strong></span> <span class='ocrx_word' id='word_1_855' title='bbox 2634 5470 2883 5529; x_wconf 72' lang='lat' dir='ltr'><strong>offundit</strong></span> <span class='ocrx_word' id='word_1_856' title='bbox 2925 5472 3258 5546; x_wconf 85' lang='lat' dir='ltr'><strong>caliginem,</strong></span> <span class='ocrx_word' id='word_1_857' title='bbox 3308 5479 3373 5535; x_wconf 85' lang='lat' dir='ltr'><strong>ut</strong></span> <span class='ocrx_word' id='word_1_858' title='bbox 3418 5475 3576 5548; x_wconf 75' lang='lat' dir='ltr'><strong>quod</strong></span> 
     </span>
    </p>
   </div>
   <div class='ocr_carea' id='block_1_98' title="bbox 2003 5668 3336 5752">
    <p class='ocr_par' dir='ltr' id='par_1_98' title="bbox 2003 5668 3336 5752">
     <span class='ocr_line' id='line_1_98' title="bbox 2003 5668 3336 5752; baseline 0.005 -22"><span class='ocrx_word' id='word_1_859' title='bbox 2003 5670 2116 5752; x_wconf 78' lang='lat'><strong>(68)</strong></span> <span class='ocrx_word' id='word_1_860' title='bbox 2146 5668 2313 5731; x_wconf 75' lang='lat' dir='ltr'><strong>Rom.</strong></span> <span class='ocrx_word' id='word_1_861' title='bbox 2345 5668 2511 5749; x_wconf 67' lang='lat' dir='ltr'><strong>edit,</strong></span> <span class='ocrx_word' id='word_1_862' title='bbox 2542 5672 2675 5733; x_wconf 81' lang='lat' dir='ltr'><strong>Ecce</strong></span> <span class='ocrx_word' id='word_1_863' title='bbox 2700 5688 2796 5748; x_wconf 77' lang='lat' dir='ltr'><strong>ego</strong></span> <span class='ocrx_word' id='word_1_864' title='bbox 2813 5675 3010 5751; x_wconf 68' lang='lat' dir='ltr'><strong>pastor</strong></span> <span class='ocrx_word' id='word_1_865' title='bbox 3035 5673 3183 5734; x_wconf 74' lang='lat' dir='ltr'><strong>mute</strong></span> <span class='ocrx_word' id='word_1_866' title='bbox 3208 5679 3336 5752; x_wconf 78' lang='lat' dir='ltr'><strong>foci.</strong></span> 
     </span>
    </p>
   </div>
   <div class='ocr_carea' id='block_1_99' title="bbox 3176 5807 3255 5871">
    <p class='ocr_par' dir='ltr' id='par_1_99' title="bbox 3176 5807 3255 5871">
     <span class='ocr_line' id='line_1_99' title="bbox 3176 5807 3255 5871; baseline 0.051 -4"><span class='ocrx_word' id='word_1_867' title='bbox 3176 5807 3255 5871; x_wconf 75' lang='grc'>32</span> 
     </span>
    </p>
   </div>
   <div class='ocr_carea' id='block_1_100' title="bbox 224 5670 1532 5757">
    <p class='ocr_par' dir='ltr' id='par_1_100' title="bbox 224 5670 1532 5757">
     <span class='ocr_line' id='line_1_100' title="bbox 224 5670 1532 5757; baseline -0.005 -23"><span class='ocrx_word' id='word_1_868' title='bbox 224 5675 346 5757; x_wconf 82' lang='lat'><strong>(67)</strong></span> <span class='ocrx_word' id='word_1_869' title='bbox 378 5670 663 5736; x_wconf 89' lang='lat' dir='ltr'><strong>Nonnulli</strong></span> <span class='ocrx_word' id='word_1_870' title='bbox 692 5670 1199 5744; x_wconf 75' lang='lat' dir='ltr'><strong>mss.,confessione</strong></span> <span class='ocrx_word' id='word_1_871' title='bbox 1215 5670 1532 5745; x_wconf 66' lang='lat' dir='ltr'><strong>confringit.</strong></span> 
     </span>
    </p>
   </div>
   <div class='ocr_carea' id='block_1_101' title="bbox 492 5797 968 5865">
    <p class='ocr_par' dir='ltr' id='par_1_101' title="bbox 492 5797 968 5865">
     <span class='ocr_line' id='line_1_101' title="bbox 492 5797 968 5865; baseline -0.004 -1"><span class='ocrx_word' id='word_1_872' title='bbox 492 5801 754 5865; x_wconf 58' lang='lat' dir='ltr'><strong>Parant.</strong></span> <span class='ocrx_word' id='word_1_873' title='bbox 805 5797 968 5864; x_wconf 87' lang='lat' dir='ltr'><strong>XIV.</strong></span> 
     </span>
    </p>
   </div>
  </div>
