3894 6208
391 308 557 389 ioco;

1844 311 1909 369 S.
1957 306 2333 371 AMBROSII

3576 314 3693 377 1001

386 458 587 498 verum
617 449 725 507 est,
756 442 950 497 videre
981 457 1092 495 non
1128 438 1309 511 possit
1339 440 1615 509 injustus,
1652 441 1896 510 Ideoque
1931 441 2028 495 de-
2060 442 2112 506 Α
2142 440 2353 496 dabilis
2385 447 2474 495 est
2497 441 2613 506 ille,
2645 442 2745 514 qui
2775 440 3182 513 bonum'quod
3225 442 3484 513 quaesivit,
3510 443 3691 514 invenit,

384 530 600 603 linquit
630 530 763 594 sibi,
796 529 892 601 qui
927 529 1037 584 sibi
1070 545 1196 599 quas
1228 528 1479 601 pretiosa
1509 534 1667 593 sunt,
1700 529 1891 600 eripit.

455 623 541 676 10.
566 644 593 669 υ
620 619 772 675 Dixit
791 636 925 691 ergo
951 619 1203 687 injustas
1229 624 1287 671 ut
1309 617 1756 687 delinquatsibi.
1776 642 1799 665 υ
1821 618 2029 672 Justus

381 708 579 765 autem
609 708 889 780 loquitur,
924 714 988 762 ut
1020 707 1147 761 aliis
1189 712 1244 761 et
1293 707 1403 761 sibi
1454 707 1676 778 prosit;
1712 706 1804 761 ille
1840 707 2030 777 loqui-

380 803 477 873 tur
521 792 980 869 ad'perniciem,
1040 796 1131 849 hic
1192 797 1449 867 loquitur
1507 797 1577 849 ad
1638 795 1906 850 salutem.
1949 796 2029 850 De

374 887 552 957 justis
588 903 722 942 vero
752 892 806 941 et
838 884 1109 939 ﬁdelibus
1141 884 1363 939 dictum
1396 888 1482 939 est
1509 900 1520 937 :
1562 907 1587 931 «
1630 884 1810 938 Corde
1842 885 2026 938 credi-

380 981 477 1030 tur
504 973 576 1031 ad
598 974 918 1046 justitiam,
943 990 1040 1028 ore
1064 979 1255 1028 autem
1280 973 1567 1028 confessio
1593 974 1653 1027 [it
1675 973 1744 1027 ad
1779 974 2026 1028 salutem

379 1064 553 1135 (Rom.
588 1081 643 1128 x,
676 1062 788 1133 10).
824 1061 985 1116 Illius
1016 1061 1219 1132 lingua
1263 1061 1551 1127 vulnerat,
1604 1060 1806 1131 lingua
1831 1066 2027 1117 autem

380 1143 972 1229 prudentumsanat.
1025 1150 1184 1204 Unde
1234 1167 1365 1203 cum
1412 1150 1801 1221 expostularet
1851 1151 2025 1204 David

380 1257 517 1296 cum
548 1256 681 1312 rege
711 1238 872 1309 Saul,
903 1240 1057 1310 quod
1091 1238 1306 1293 oblitus
1358 1239 1640 1301 benelicii,
1690 1238 1897 1293 salutis
1939 1239 2027 1292 in-

380 1332 585 1401 gratus
614 1345 747 1383 eum
781 1331 1227 1399 persequeretur
1251 1327 1320 1380 ad
1348 1332 1614 1393 mortem,
1648 1344 1681 1381 a
1713 1344 1826 1398 quo
1860 1328 2026 1382 toties

372 1419 501 1488 jam
528 1416 749 1471 videret
782 1432 841 1470 se
872 1433 999 1471 esse
1029 1422 1323 1469 servatum
1350 1433 1363 1481 ;
1398 1422 1453 1469 et
1484 1416 1657 1469 vitam
1692 1416 1821 1485 ejus
1853 1432 2025 1486 appe-

379 1500 545 1570 téret,
579 1505 680 1576 qui
727 1504 906 1559 vitam
955 1520 1123 1559 suam
1175 1521 1276 1575 pro
1318 1503 1469 1573 regis
1516 1503 1702 1558 salute
1753 1503 2026 1575 periculis

378 1591 709 1660 obtulisset,
760 1593 840 1647 ait
886 1592 996 1647 sibi
1061 1591 1316 1646 fructum
1371 1609 1483 1646 non
1533 1592 1718 1663 perire
1760 1593 2022 1660 justitiaz,

379 1666 479 1754 qui
514 1680 917 1738 insidiatorem
951 1696 1125 1735 suum
1164 1680 1219 1734 in
1254 1698 1463 1735 manus
1508 1698 1645 1735 suas
1697 1698 1731 1736 a
1784 1680 2024 1736 Domino

377 1771 488 1827 sibi
544 1772 823 1825 traditum
860 1787 970 1824 non
1032 1769 1378 1841 peremisset
1421 1771 1464 1839 (I
1522 1773 1649 1837 Reg.
1710 1787 1862 1837 xxxv,
1914 1771 2021 1839 14).

376 1858 463 1915 Ab
494 1859 733 1930 iujustis
761 1858 1038 1929 iniquitas
1072 1858 1341 1929 prodivit,
1392 1875 1677 1912 venenum
1712 1876 1744 1912 a
1791 1874 2029 1929 serpen-

381 1936 540 2003 tibus
586 1948 837 2003 effusum
889 1952 996 2014 est,
1048 1964 1334 2002 venenum
1386 1953 1442 2000 et
1488 1947 1817 2018 iniquitatis
1867 1964 2030 2003 arma

382 2037 698 2111 perierunt.

454 2128 538 2180 11.
574 2127 706 2181 Ideo
738 2125 1021 2197 scriptum
1054 2129 1179 2179 est:
1218 2148 1243 2171 ‹‹
1277 2123 1429 2177 Dixit
1460 2124 1716 2194 injustus
1752 2130 1814 2179 ut
1843 2124 2029 2180 delin-

382 2218 524 2287 quat
551 2214 685 2269 sibi.
720 2238 746 2262 »
780 2213 928 2277 Quid
977 2211 1167 2266 dixit?
1200 2236 1225 2259 ιε(
1274 2208 1489 2266 Ponam
1524 2211 1800 2266 thronum
1836 2229 2030 2268 meum

381 2319 560 2375 super
615 2303 820 2366 nubes,
882 2306 936 2356 et
992 2317 1089 2356 ero
1146 2299 1359 2355 similis
1416 2300 1878 2371 Altissimoﬂsa.
1913 2319 2027 2368 xw,

382 2376 494 2463 ll).
533 2414 554 2442 ι
592 2392 870 2468 Effectum
920 2407 1034 2445 non
1084 2388 1299 2444 habent
1350 2390 1542 2456 verba,
1592 2391 1690 2444 sed
1727 2394 2026 2462 peccatum

381 2482 621 2538 habent.
644 2479 840 2536 Inanis
858 2480 1094 2551 quidem
1117 2478 1638 2551 pompajactantiae
1663 2497 1675 2545 ;
1700 2481 1801 2535 sed
1826 2495 2030 2550 super-

383 2570 489 2626 biaa
526 2568 772 2643 spiritus
803 2568 1157 2622 criminosus
1197 2584 1311 2622 non
1344 2569 1511 2623 timet
1558 2567 1816 2623 convicio
1850 2571 2032 2640 maje-

381 2656 595 2714 statem
626 2656 841 2713 violare
874 2656 1153 2711 divinam.
1188 2656 1413 2710 Etenim
1455 2656 1503 2710 si
1536 2655 1691 2710 ullus
1728 2656 1827 2711 Dei
1858 2658 2034 2712 timor

382 2748 510 2818 ejus
539 2747 758 2802 inesset
788 2745 1044 2815 alfectui,
1100 2759 1212 2798 non
1264 2744 1321 2798 in
1375 2751 1689 2815 conspectu
1731 2745 1831 2799 Dei
1862 2744 2034 2817 plena

385 2834 504 2890 doli
529 2832 786 2906 gerenda
810 2831 920 2887 sibi
952 2848 1102 2887 ausu
1124 2832 1434 2887 temerario
1474 2832 1835 2901 credidisset,
1865 2834 2032 2905 quasi

384 2928 538 2979 Deus
577 2937 693 2978 non
726 2920 912 2992 possit
939 2918 1166 2975 occulta
1212 2936 1581 2992 cognoscere,
1614 2920 1713 2992 qui
1744 2926 2035 2978 scrutator

384 3014 475 3068 est
500 3010 888 3081 internarum.
912 3008 1145 3079 Spectat
1165 3008 1363 3063 omnia
1389 3009 1537 3064 Deus
1562 3027 1574 3075 ;
1597 3008 1741 3064 nihil
1764 3015 1854 3065 est
1874 3012 2031 3082 quod

2139 530 2218 583 ita
2251 530 2620 588 inveniabilis
2651 531 2752 603 qui
2784 530 3066 587 laboravit
3097 535 3160 586 ut
3189 529 3401 589 malum
3426 534 3558 604 quod
3581 545 3693 606 quas-

2139 620 2335 684 sierat,
2373 620 2695 685 inveniret;
2735 619 2906 675 bonis
2954 620 3111 674 enim
3155 620 3347 685 rebus,
3388 638 3491 677 non
3515 621 3692 694 ﬂagitiis

2136 712 2312 777 atque
2370 708 2719 762 criminibus
2776 707 3036 764 laborem
3095 712 3356 764 nostrum
3401 726 3495 765 nos
3518 715 3693 782 oportet

2137 797 2493 867 impendere.
2529 797 2674 863 Quid
2710 797 2888 869 igitur
2918 796 3033 853 nisi
3062 812 3306 852 summa
3327 797 3554 853 stultitia
3570 802 3696 869 atque

2139 885 2442 939 dementia:
2472 891 2584 953 est,
2626 886 2827 941 odium
2874 902 3152 957 quaerere,
3200 886 3539 958 iniquitatem
3572 885 3697 942 malis

2138 974 2361 1027 artibus
2418 973 2699 1041 invenire,
2761 991 2937 1045 quam
3002 976 3190 1031 bonus
3248 990 3409 1030 nemo
3460 973 3698 1045 quesivitl

2214 1063 2296 1116 l3.
2330 1063 2629 1127 Quomodo
2662 1063 2840 1134 igitur
2872 1062 3122 1135 improbi
3143 1062 3494 1134 iniquitatem
3513 1065 3701 1117 suamet

2137 1150 2335 1205 odium
2386 1155 2674 1221 quzerant,
2722 1151 3183 1207 consideremus.
3240 1150 3446 1224 Nempe
3486 1149 3698 1206 Herodis:

2136 1245 2259 1293 erat
2311 1239 2612 1294 tetrarchas
2660 1238 2912 1311 Philippi
2970 1238 3230 1311 legitimo
3296 1254 3433 1293 nexa
3471 1237 3699 1309 conjugio,

2137 1328 2307 1397 regiae
2340 1327 2646 1382 abundans
2687 1328 2899 1399 opibus
2948 1327 3292 1398 potestatis:
3339 1343 3456 1398 qua:
3480 1325 3699 1381 Herodem

2138 1416 2382 1471 Itomam
2413 1416 2677 1487 adusque
2710 1416 3043 1472 tendentem
3083 1415 3251 1487 quasi
3280 1429 3588 1488 germanum
3611 1429 3700 1468 ma-

2139 1505 2229 1558 riti
2266 1507 2398 1574 (ΤΟ),
2431 1504 2669 1576 hospitii
2700 1509 2755 1561 et
2803 1505 3113 1560 affinitatis
3144 1506 3281 1575 jure
3324 1502 3581 1575 suscepit;
3606 1518 3702 1557 cum

2136 1611 2251 1663 quo
2281 1595 2525 1664 depacta
2554 1610 2724 1649 suam
2747 1593 3039 1665 copulam,
3074 1608 3189 1648 non
3220 1591 3403 1649 multo
3423 1595 3538 1663 post
3554 1589 3702 1646 relicta

2134 1684 2276 1749 viro,
2310 1684 2586 1738 consortii
2619 1685 2710 1738 sui
2748 1683 2886 1753 jura
2932 1682 3198 1737 mutavit.
3253 1684 3397 1736 ΠΙ
3446 1680 3612 1736 Nonne
3653 1694 3702 1733 ea

2136 1772 2399 1841 quaesivit
2431 1772 2801 1843 iniquitatem
2833 1774 2889 1826 et
2910 1772 3131 1838 odium,
3157 1787 3286 1842 quas
3317 1768 3612 1841 conjugium
3634 1767 3706 1821 de-

2140 1861 2341 1927 seruit,
2379 1865 2439 1914 ut
2488 1860 2773 1915 inveniret
2820 1858 3224 1915 adulterium?
3271 1859 3342 1914 Et
3378 1858 3504 1930 quia
3526 1859 3706 1913 sanctus

2139 1948 2396 2020 Baptista
2427 1951 2663 2020 nuptias
2712 1948 2945 2004 illicitas
2991 1952 3332 2004 constanter
3378 1945 3623 2017 increpuit
3643 1944 3705 1998 di-

2140 2054 2275 2093 cens
2330 2038 2577 2093 Herodi:
2638 2062 2663 2085 α
2724 2042 2849 2093 Non
2908 2035 3042 2093 licet
3110 2036 3216 2091 tibi
3277 2051 3502 2092 uxorem
3548 2032 3709 2089 habere

2140 2138 2151 2195 (
2210 2130 2372 2182 Marc.
2435 2143 2512 2191 vl,
2572 2131 2642 2182 18
2700 2128 2738 2197 ),
2798 2143 2924 2197 qua:
3002 2126 3283 2181 maritum
3341 2128 3527 2181 contra
3570 2121 3709 2193 legem

2141 2216 2397 2287 reliquit,
2429 2223 2485 2271 et
2511 2217 2672 2271 lratri
2718 2214 2914 2271 mariti
2964 2214 3131 2286 quasi
3180 2231 3251 2270 ex
3302 2213 3425 2287 lege
3467 2208 3709 2274 convenit;

2139 2311 2433 2360 commota
2462 2310 2549 2360 est
2580 2304 2861 2372 adultera,
2896 2308 2959 2358 ut
2988 2320 3123 2359 eum
3152 2301 3326 2358 vellet
3368 2295 3710 2358 occidere.Sed

2140 2393 2370 2464 cognito
2401 2396 2554 2465 quod
2596 2393 2880 2448 Herodem
2913 2393 2987 2447 ad
3039 2408 3240 2447 necem
3286 2390 3427 2462 justi
3468 2404 3569 2444 non
3590 2382 3713 2442 facile

2140 2486 2337 2553 posset
2367 2482 2676 2549 inflectere,
2708 2480 3056 2552 excogitavit
3078 2496 3199 2551 qua
3216 2480 3316 2536 via
3334 2478 3481 2535 istud
3500 2476 3712 2539 alliceret,

2140 2570 2359 2627 Natalis
2405 2576 2529 2626 erat
2585 2570 2828 2625 Herodis
2888 2568 3001 2639 (71)
3061 2584 3237 2639 quem
3292 2567 3427 2624 luxu
3478 2563 3713 2653 nimiast
3816 2578 3817 2653 l

2141 2659 2430 2731 plerisque
2463 2660 2697 2730 regibus
2729 2675 2856 2714 mos
2886 2662 2996 2724 est,
3044 2656 3341 2712 celebrare
3387 2651 3711 2711 consueverat.
3816 2658 3817 2735 l

2140 2749 2458 2804 Adornavit
2490 2748 2692 2813 tiliam,
2724 2752 2789 2802 ut
2820 2748 2878 2802 in
2902 2744 3161 2802 convivio
3185 2744 3342 2818 regis
3363 2745 3555 2817 pignus
3573 2735 3714 2810 regale

2143 2837 2398 2893 saltaret.
2426 2838 2646 2893 Etcum
2670 2835 2987 2908 placuisset
3013 2834 3248 2900 Herodi,
3289 2833 3442 2906 quod
3477 2828 3716 2902 displicere

2141 2927 2343 2982 debuit
2374 2931 2602 2998 patruo,
2634 2924 2846 2981 obtulit
2874 2924 2947 2990 ei,
2980 2928 3045 2979 ut
3067 2915 3228 2995 quod
3282 2921 3447 2979 vellet
3476 2914 3715 2993 premium
3816 2914 3817 2919 “

2144 3033 2243 3088 pro
2276 3014 2603 3070 saltationis
2650 3013 2959 3085 opprobrio
3006 3011 3352 3085 postularet.
3403 3010 3616 3065 Matrem
3647 3002 3717 3059 illa

380 3116 516 3157 eum
545 3098 869 3171 praetereat,
911 3113 1084 3153 nemo
1130 3096 1230 3168 qui
1282 3096 1479 3152 fallat:
1515 3097 1608 3152 cui
1658 3098 1854 3154 omnia
1884 3117 2033 3171 prze—
2072 3170 2102 3175 _
2140 3102 2455 3171 consuluit,
2488 3104 2658 3175 cujus
2687 3100 2948 3175 impulsu
2992 3103 3167 3172 caput
3194 3099 3465 3172 Baptista:
3492 3089 3712 3169 poposcit.

384 3170 574 3246 sentia
603 3204 730 3260 quae
777 3187 976 3242 futura
1015 3190 1173 3255 sunt,
1224 3191 1280 3241 et
1329 3186 1639 3241 manifesta
1668 3204 1799 3257 quae
1826 3170 2026 3244 latent.
2061 3170 2103 3236 Ο
2138 3193 2341 3249 Victus
2370 3170 2646 3257 Herodes,
2680 3170 2818 3263 quia
2847 3170 3209 3246 sacramento
3262 3170 3327 3245 se
3366 3182 3717 3245 constrinxerat

2144 3283 2416 3337 daturum
2448 3280 2732 3353 quidquid
2776 3280 2966 3351 neptis
3014 3278 3250 3351 propria
3288 3272 3548 3350 petisset,
3583 3267 3717 3343 jussit
3816 3332 3817 3345 ξ

386 3279 609 3336 Etenim
641 3277 691 3333 si
732 3275 817 3333 sol
866 3276 973 3331 iste
1022 3275 1360 3331 mundanus
1417 3275 1634 3331 clausis
1689 3275 2033 3349 plerumque

386 3366 816 3424 domiciliorum
854 3361 1205 3420 habitaculis
1252 3380 1424 3419 suum
1454 3363 1654 3420 lumen
1710 3365 2029 3434 interserit;

388 3460 608 3532 quanto
641 3454 826 3525 magis
858 3458 1010 3508 Deus
1039 3468 1331 3521 summus,
1355 3453 1822 3509 azternus.etiam
1845 3470 2032 3511 secre-

390 3550 449 3623 ta
478 3542 798 3616 penetralia
828 3542 1042 3596 mentis
1071 3541 1362 3609 humanae,
1392 3545 1565 3613 atque
1596 3559 1767 3598 omne
1797 3542 2031 3616 angelo-

389 3644 522 3684 rum
544 3626 854 3683 consilium
879 3626 1122 3681 scientia
1139 3644 1245 3682 sua
1265 3632 1613 3696 sccrutatur,
1633 3633 1689 3683 et
1710 3630 2033 3701 praevenit?

385 3717 532 3799 Quid
564 3731 700 3788 ergo
732 3714 889 3769 aliud
921 3714 1041 3785 agit
1079 3715 1355 3786 injustus,
1411 3716 1521 3770 nisi
1568 3720 1631 3771 ut
1662 3716 2029 3789 iniquitatem

388 3802 499 3863 sibi
534 3807 755 3879 quaerat
778 3806 836 3859 et
865 3802 1110 3859 odium?

453 3896 536 3951 12.
571 3894 667 3951 Sic
697 3893 854 3950 enim
885 3892 1171 3964 scriptum
1222 3896 1310 3947 est
1340 3893 1523 3963 (Vera,
1586 3911 1647 3961 ιι,
1678 3895 1804 3965 31);
1839 3917 1867 3944 ››
1902 3895 2026 3951 Non

378 3988 467 4041 est
495 3984 673 4039 timor
723 3981 817 4037 Dei
866 3985 999 4037 ante
1048 3980 1248 4037 oculos
1298 3982 1463 4052 ejus:
1516 3983 1794 4053 quoniam
1825 3983 2025 4040 dolose

375 4073 497 4146 egit
524 4073 582 4128 in
636 4072 949 4145 conspectu
1003 4070 1153 4142 ejus,
1214 4074 1279 4125 ut
1324 4070 1610 4127 inveniret
1654 4071 2023 4143 iniquitatem

373 4177 544 4218 suam
596 4165 653 4216 et
698 4161 919 4218 odium.
960 4182 989 4211 ››
1041 4160 1187 4225 Quid
1240 4160 1395 4216 enim
1448 4160 1772 4217 inveniret?
1820 4161 2022 4218 Omnis

374 4249 527 4305 enim
563 4248 663 4321 qui
694 4249 920 4321 quaerit,
950 4248 1172 4303 invenit
1197 4266 1209 4303 :
1234 4265 1369 4321 ergo
1393 4249 1440 4303 si
1476 4249 1695 4304 malum
1719 4250 2021 4321 quaeritur,

378 4337 571 4421 agitur
602 4342 666 4393 ut
692 4337 1016 4394 inveniatur
1045 4337 1177 4410 (69).
1212 4337 1322 4393 Sed
1364 4338 1863 4408 quemadmodum
1893 4338 2020 4395 lau-

439 4480 552 4549 (69)
589 4479 728 4551 Mss.
762 4480 901 4548 duo,
930 4495 1064 4551 ergo
1093 4484 1145 4534 et
1181 4480 1393 4534 malum
1438 4482 1725 4550 qumritur,
1774 4489 1835 4535 ut
1861 4485 2019 4538 inve-

366 4551 561 4619 niatur
582 4567 601 4619 ;,
628 4566 802 4605 unus.
835 4566 962 4617 ergo
989 4554 1070 4605 sic
1096 4551 1329 4619 malum,
1371 4555 1478 4605 etc.
1957 4588 1964 4594 -

583 4618 849 4701 Sic‘mss,
884 4622 1005 4701 Vico.
1038 4626 1095 4676 et
1142 4618 1369 4701 Colb.a
1412 4622 1633 4701 quibus
1662 4622 2011 4701 negatque

368 4690 507 4747 edit.
535 4690 648 4747 hoc
680 4693 907 4745 tantum
939 4691 1295 4765 discrepant,
1338 4690 1491 4765 quod
1541 4692 1692 4747 infra
1722 4690 1861 4765 legit
1890 4690 2006 4765 ille,

361 4779 484 4819 cum
514 4779 618 4835 quo
668 4765 891 4833 peccata
942 4778 1039 4816 sua
1093 4763 1554 4835 capulans;_hzee
1612 4763 1829 4835 autem,
1886 4763 2011 4821 cum

366 4850 470 4906 quo
491 4833 762 4916 -despecta.
814 4850 973 4916 suam
1027 4834 1296 4916 capulum.
1356 4833 1467 4887 Alii
1507 4834 1758 4916 denique
1796 4835 2007 4916 Jocum

365 4905 679 4979 praeferunt
749 4906 805 4960 in
885 4905 1004 4961 haec
1072 4906 1265 4989 verba,
1317 4920 1442 4976 quae
1514 4905 1713 4988 Herode
1787 4908 2011 4964 Romam

364 4977 897 5061 adysqpqtendente
936 4994 1088 5061 quasi
1134 4991 1395 5047 germano
1442 4979 1633 5061 inanti
1682 4978 1907 5061 Itasin'tiz'
1957 4985 2007 5034 et

360 5049 649 5122 o/f'z'nitalis
686 5051 815 5121 jure
854 5054 1096 5120 suscepto
1142 5066 1261 5104 cum
1310 5065 1411 5120 quo
1458 5049 1522 5104 de
1554 5054 1753 5120 ρίιειιιιι
1781 5067 1881 5105 sua
1910 5068 2005 5105 ca-

357 5123 766 5193 pulag‘tractmis
792 5136 903 5175 non
923 5122 1103 5193 multo
1129 5126 1268 5192 posi,
1301 5126 1409 5193 etc.

431 5191 546 5263 (71)
576 5191 838 5263 Natalem
877 5191 1031 5247 diem
1072 5190 1385 5263 quotannis
1434 5207 1669 5263 summa
1716 5190 2007 5249 hilaritate

360 5262 653 5335 celebrare
680 5262 819 5319 olim
846 5264 1001 5334 apud
1034 5262 1251 5319 multos
1281 5262 1528 5335 populos
1574 5264 1633 5317 in
1665 5278 1826 5321 more
1844 5264 1964 5335 fuit
1989 5283 2002 5333 ;

359 5332 462 5419 sed
493 5332 657 5414 illum
688 5332 990 5419 praecipua:
1023 5332 1570 5419 procercs'aé‘reges
1602 5350 1704 5406 per
1727 5334 1928 5419 epulas
1950 5332 2008 5391 et

361 5403 622 5457 cenvivia
666 5403 995 5477 splendida
1020 5403 1338 5477 agitabunt.
1372 5403 1627 5477 Hujusce
1658 5403 2006 5477 vetustatem

359 5472 803 5549 consuetudinis
876 5472 1189 5549 declaravit
1254 5472 1688 5549 MoysesLGen.
1751 5472 2003 5549 ca'p.’1v,

359 5557 508 5619 vers.
535 5544 624 5608 20,
669 5544 766 5599 ubi
812 5544 1410 5619 natalitiumgepuluin
1442 5544 1492 5604 a7
1516 5544 2004 5619 Pharaone-exhi;

358 5611 550 5679 bitum
599 5615 961 5715 memoravit.
1013 5617 1176 5689 Quod
1205 5611 1432 5679 'tamen
1488 5618 1837 5701 convivium,
1888 5637 2004 5683 non

734 5830 765 5847 ,ν

2141 3371 2324 3426 occidi
2351 3370 2659 3435 Joannem,
2691 3373 2748 3423 et
2776 3372 2953 3440 caput
2972 3369 3099 3439 ejus
3121 3366 3340 3422 afferri.
3364 3363 3515 3432 Quod
3536 3359 3719 3417 allatum

2142 3458 2346 3531 puellae
2377 3459 2554 3523 dedit,
2587 3462 2644 3513 et
2673 3455 2772 3512 illa
2801 3455 2974 3512 matri
3008 3472 3127 3511 sua;
3161 3453 3424 3527 pertulit.
3460 3452 3641 3506 Verum
3657 3448 3718 3500 est

2139 3562 2276 3619 ergo
2302 3545 2456 3617 quod
2486 3544 2765 3616 iniquitas
2795 3548 2851 3599 et
2871 3544 3072 3600 odium
3095 3542 3502 3614 requirantur:
3524 3532 3722 3610 quando-

2140 3636 2377 3708 quidem
2408 3651 2475 3691 ea
2506 3633 2732 3702 mulier,
2765 3632 2921 3705 quod
2963 3630 3116 3687 facili
3163 3630 3444 3703 petitione
3473 3628 3721 3708 impetret?

2139 3705 2255 3781 non
2324 3728 2571 3796 poterat,
2637 3722 2833 3795 pravis
2886 3720 3109 3776 artibus
3177 3719 3507 3792 excogitata
3555 3705 3733 3769 fraudis.

2138 3813 2356 3869 elicuit.

2211 3904 2294 3958 14.
2329 3884 2475 3968 Quid
2507 3903 2579 3958 de
2605 3902 2759 3958 Juda
2788 3900 3077 3972 proditore
3126 3898 3339 3970 loquar
3386 3896 3483 3969 qui
3512 3884 3723 3966 quesivit

2134 3991 2459 4060 avaritiam,
2501 3998 2558 4047 et
2607 3990 2829 4047 invenit
2874 3987 3251 4060 sacrilegium
3304 3987 3536 4042 dicens:
3570 3972 3723 4044 «Quid

2134 4081 2278 4137 mihi
2328 4081 2567 4150 dabitis,
2619 4085 2675 4137 et
2731 4096 2836 4152 ego
2883 4094 3018 4134 eum
3074 4077 3239 4133 vobis
3296 4076 3518 4132 tradam
3556 4063 3720 4142 (Matth.

2130 4188 2282 4236 xxv1,
2324 4170 2467 4242 l5)?
2500 4193 2526 4219 ››
2577 4170 2691 4225 Nec
2740 4151 3003 4240 eapletus
3050 4182 3381 4239 pauperum
3433 4151 3720 4242 spoliis,“

2129 4241 2553 4331 plenitudinem
2611 4257 2925 4313 criminum
2992 4253 3476 4328 gravissimorum
3530 4241 3719 4303 crimina

2128 4349 2363 4404 ferendo
2394 4348 2671 4420 pervenit,
2697 4347 2791 4419 pia
2811 4345 3064 4401 miscens
3086 4342 3391 4399 charitatis
3413 4332 3720 4398 sacramenti

2128 4490 2298 4529 secus
2346 4489 2414 4527 ac
2471 4471 2889 4541 Herodianum,
2917 4469 3081 4541 Hugo
3128 4466 3291 4541 Grot.
3343 4466 3415 4521 ad
3457 4466 3717 4541 utrumun

2047 4537 2096 4600 ι)
2126 4546 2321 4623 iopqm
2353 4542 2575 4623 ωανυιει
2602 4543 2696 4598 die
2726 4530 3228 4623 ευξρὲρδιῖτβευί»
3272 4554 3453 4623 (Ivem
3474 4530 3720 4623 mea:

2119 4600 2498 4675 celebratum.
2551 4615 2612 4669 In
2669 4600 2947 4669 conviviis
2992 4600 3224 4667 autem'
3258 4600 3460 4665 solitos
3503 4600 3719 4675 adhiberi

2118 4668 2723 4760 saltantiumhchoros
2772 4686 2996 4760 res__es_t
3047 4681 3455 4760 communior,
3487 4668 3721 4760 quamgp‘l

2117 4737 2984 4824 EEBéEtEIdBotiiﬁg'éed'iuud
3031 4770 3145 4809 non
3192 4752 3278 4826 ita
3324 4737 3715 4826 obviuinqugd

2117 4811 2778 4887 ambrosius—memorat
2807 4827 3151 4899 adoruiiti‘m
3190 4823 3377 4899 misse
3423 4811 3717 4899 Ηβηοόῇᾰέῗ

2116 4886 2321 4975 tiliam,
2352 4905 2431 4975 ut_
2452 4902 2651 4975 pignus
2680 4899 2880 4975 gregale
2930 4897 3191 4975 saltqretn
3229 4893 3399 4975 Nam,
3434 4891 3558 4957 etsi,
3586 4886 3720 4975 .tes'le

2118 4959 2372 5030 Luciano
2398 4959 2472 5027 De
2512 4959 2814 5025 "scitatione
2846 5011 2860 5035 ,
2888 4985 3004 5025 non
3050 4965 3222 5025 fuerit
3250 4972 3504 5035 ἐναγώνιρς
3577 4966 3606 5023 ἡ
3660 4959 3719 5019 ὅθ’

2115 5071 2268 5113 κησις,
2303 5054 2496 5102 tamen
2531 5042 2623 5096 hic
2652 5034 2879 5096 videtur
2927 5039 3243 5111 signiﬁcari
3273 5034 3579 5112 prmmium
3619 5037 3718 5150 βπο-

2116 5117 2248 5150 nn“:
2283 5116 2521 5150 nnlitnm
2553 5110 2764 5150 nnnllia
2811 5110 3164 5150 cnllnnﬁhna
3188 5111 3244 5150 in
3297 5102 3591 5150 nnnvivils.
3639 5094 3718 5149 108i

2116 5094 2771 5189 ﬁBHi’s'cﬁTteih’bheiiig
2794 5094 3164 5189 saltarthibus
3188 5094 3249 5167 in
3273 5094 3591 5189 .conviviis.

2282 5160 2722 5259 "non—semper
2739 5160 2764 5168 ⁷
2778 5183 3229 5259 determinatum
3256 5199 3268 5250 ;
3322 5182 3391 5233 υτ
3417 5189 3583 5259 ,φιδῆ
3607 5160 3719 5259 “Et!

2115 5244 2269 5329 esset
2311 5244 2648 5333 promerita,
2703 5255 2895 5333 majus
2926 5245 3013 5333 vel
3061 5244 3265 5333 minus
3303 5244 3607 5333 acciperet:

2115 5304 2649 5403 Eijﬁsrvé'ﬁninué
2692 5304 3023 5403 pladuisset.
3076 5327 3184 5403 Est
3199 5326 3420 5403 autem
3439 5304 3720 5403 fidélﬂf‘j;
3816 5384 3817 5387 η

2113 5395 2230 5459 ιανὲ
2255 5406 2456 5479 pignus
2488 5395 2709 5479 ⁸νεριειεξ
2732 5414 2796 5479 ac
2843 5396 3055 5479 saltare
3087 5395 3475 5479 saltationem

2115 5408 2230 5459 tare
2255 5406 2456 5531 pignus
2488 5404 2697 5479 regale,
2732 5414 2796 5453 ac
2843 5404 3055 5453 saltare
3103 5404 3475 5476 saltationem
3496 5404 3572 5514 ἐπε

2115 5486 2251 5553 rega
2277 5492 2346 5543 is,
2377 5470 2874 5553 quemadmodum
2897 5468 3050 5541 apud
3085 5462 3572 5553 Horatium_.lg

2112 5532 2285 5620 407m,
2330 5532 2459 5620 :non
2518 5541 2677 5600 aliud
2736 5544 2825 5599 est
2877 5532 3055 5614 quam
3112 5538 3325 5597 saltare
3389 5532 3713 5595 saltationem

2116 5617 2399 5701 CycIOpis.
2473 5653 2482 5692 λ
2589 5648 2593 5652 ›
2790 5661 2795 5666 .
3090 5661 3096 5665 ,
3176 5660 3185 5663 ,

3538 5388 3717 5456 ignons
3740 5441 3746 5445 ,
3816 5426 3817 5435 χ

3534 5468 3624 5512 ure
3642 5464 3718 5520 ου-
3816 5462 3817 5507 l
