3894 6208
28 272 189 338 1005

1098 277 1551 342 ENABRA'I‘IO
1595 278 1676 342 IN
1721 275 2101 343 PSALMUM
2145 278 2390 345 XXXV.

3291 286 3475 353 ἂοοὸκ

24 408 317 483 flagitiis,
346 424 482 466 cum
528 408 801 500 diceret
859 432 887 461 «
936 411 1118 476 Quem
1168 412 1466 470 osculatus
1497 414 1680 483 fuero,
1713 416 1763 483 Α
1800 414 2107 488 degeneret
2140 432 2152 471 :
2188 415 2361 471 arbor
2390 415 2546 472 enim
2593 416 2771 479 mala.
2797 417 3020 500 fructus
3069 416 3254 475 malos
3288 418 3449 476 facit.

20 501 147 570 ipse
178 502 272 556 est
299 516 312 554 :
347 501 538 555 tenete
569 490 704 555 cum
736 499 895 571 (Ibid.
934 501 1063 569 48);
1092 506 1189 557 »ιιι
1218 519 1352 558 vere
1384 504 1455 559 de
1483 520 1550 559 eo
1571 503 1691 559 dic-

21 591 147 642 tum
181 584 443 641 dubitari
475 602 592 642 non
628 591 806 659 queat
841 604 853 642 :
889 610 916 639 ‹‹
950 588 1144 645 Verba
1172 589 1290 646 oris
1319 592 1448 661 ejus
1479 590 1693 663 iniqui-

25 680 111 732 tas
142 678 204 731 et
233 673 407 730 dolus
442 674 611 747 (vers.
635 675 748 746 4).»
776 675 989 733 Oscula
1018 676 1190 735 labiis
1224 677 1464 746 ferebat,
1500 680 1688 736 offun-

21 764 200 818 debat
230 779 452 818 venena
480 762 850 835 pectoribus;
884 764 1279 842 meditabatur
1307 768 1519 825 acerba
1547 785 1687 842 sup-

26 852 226 924 plicia,
257 850 457 925 gratia:
485 852 702 925 pignus
734 853 1029 910 ati‘erebat.
1241 840 1248 847 ’

93 942 183 995 15.
231 940 384 995 Bene
434 941 505 997 de
553 958 620 997 eo
669 941 977 1015 prophetia
1024 944 1157 1000 addi
1212 945 1392 1001 fecit:
1428 968 1456 996 ι(
1490 945 1688 1002 Noluit

22 1020 351 1102 intelligere
401 1033 466 1085 ut
507 1029 654 1086 bene
702 1034 902 1103 ageret
953 1031 1114 1103 (vers.
1155 1033 1210 1105 4)
1245 1050 1257 1089 :
1296 1055 1323 1083 »
1360 1051 1476 1089 non
1529 1032 1686 1090 enim

22 1135 124 1190 per
154 1121 432 1173 naturam
462 1117 734 1191 deliquit,
768 1120 868 1175 sed
895 1136 998 1191 per
1026 1119 1684 1195 voluntatem.Denique

19 1204 336 1279 Apostolus
366 1211 509 1274 erat,
542 1207 816 1263 audiebat
848 1208 1105 1279 quotidie
1141 1207 1334 1266 divina
1384 1212 1678 1279 mandata,

20 1294 286 1358 discebat
337 1294 569 1352 caeleste
619 1296 987 1368 mysterium,
1015 1300 1207 1369 potuit
1260 1299 1583 1372 intelligere
1618 1306 1683 1356 ut

19 1387 165 1441 bene
196 1385 476 1458 ageret,si
509 1382 1067 1442 voluisset.Videbat
1089 1387 1284 1442 sanari
1309 1388 1679 1460 paralyticos,

19 1473 187 1530 caecis
248 1472 480 1528 rcfundi
536 1472 761 1539 lumen,
812 1478 1076 1531 mortuos
1129 1475 1499 1545 resuscitari;
1536 1494 1679 1533 num

19 1562 224 1620 debuit
251 1560 577 1634 intelligere
607 1562 762 1633 quod
795 1562 948 1619 Deus
979 1568 1152 1631 esset,
1184 1565 1285 1636 qui
1316 1564 1457 1620 talia
1483 1570 1683 1637 posset

19 1649 297 1725 operari?
326 1650 437 1706 Sed
488 1649 815 1724 intelligere
849 1650 1060 1720 noluit,
1093 1652 1232 1724 quia
1259 1670 1469 1710 avarus
1500 1654 1676 1711 homo

19 1748 68 1796 et
98 1741 368 1815 pecuniae
401 1739 662 1795 intentus
705 1758 739 1795 a
785 1742 1117 1814 cognitione
1151 1742 1476 1799 divinitatis
1521 1742 1677 1817 vigo-

1710 1787 1757 1852 Β

1800 502 1946 558 Nam
1977 503 2026 559 si
2057 503 2404 576 plerumque
2431 504 2586 576 quod
2618 503 2916 574 nolumus,
2949 505 3060 562 hoc
3107 506 3360 580 agimus,
3392 510 3469 562 et-

1798 592 1980 649 vitare
2011 610 2126 649 non
2156 610 2506 666 possumus;
2539 597 2596 650 et
2627 596 2782 667 quod
2824 595 2955 651 odio
2996 590 3449 663 habemus,3hoc

1799 680 2068 748 facimus,
2101 682 2237 737 victi
2271 683 2525 753 quadam
2552 687 2654 739 aut
2683 683 3067 740 delectatione
3098 684 3326 757 ﬂagitii,
3346 674 3451 742 aut

1798 768 2139 842 obreptione
2168 769 2711 841 peccati:quomodo
2742 788 3060 844 possumus
3084 771 3270 828 vitare
3290 772 3446 845 quod

1797 874 2069 914 amamus
2081 858 2109 912 ?
2138 858 2537 930 Astringimur
2551 864 2608 914 et
2624 859 2789 917 inviti
2816 860 3108 931 quomodo
3126 876 3447 933 possumus

1794 945 2106 1001 voluntarii
2141 962 2251 1000 non
2287 946 2515 1001 teneri?
2540 946 2648 1002 Vix
2679 963 2741 1003 se
2771 947 3015 1004 exsolvit
3044 947 3260 1005 Paulus
3290 964 3447 1005 erro-

1796 1033 1961 1091 ribus
1991 1034 2331 1108 quotidiana
2364 1035 2751 1091 decertatione
2788 1035 3083 1104 luctando,
3131 1040 3195 1091 ut
3241 1037 3445 1093 vincu-

1795 1122 1868 1178 lis
1900 1123 2252 1196 captivitatis
2282 1125 2513 1189 exutus,
2541 1140 2644 1197 per
2692 1122 2905 1178 Christi
2954 1123 3204 1195 gratiam
3251 1139 3448 1179 serva-

1794 1217 1981 1282 retur;
2015 1218 2065 1268 el
2104 1217 2165 1268 tu
2196 1217 2370 1285 putas
2419 1213 2572 1284 quod
2623 1212 2947 1270 assistendo
2998 1212 3226 1271 delictis
3255 1214 3448 1286 possis

1793 1302 1861 1355 ad
1904 1301 2225 1357 caelestium
2265 1300 2791 1373 repromissionum
2842 1301 3053 1356 merita
3102 1301 3448 1373 pervenire?

1794 1390 2092 1445 Luctando
2125 1406 2337 1445 corona
2368 1389 2789 1461 quaeritur,non
2820 1388 3201 1457 reluctando;
3227 1390 3442 1458 studio,

1794 1496 1906 1533 non
1944 1479 2192 1551 refragio
2222 1481 2612 1550 camparatur.
2639 1476 3007 1533 Certanlibus
3039 1493 3271 1549 quoque
3303 1470 3446 1533 divi-

1792 1584 1877 1621 nae
1910 1566 2319 1623 misericordia
2351 1566 2629 1639 suffragia
2657 1565 3011 1639 postulanda
3042 1569 3200 1633 sunt,
3234 1571 3299 1621 ut
3342 1582 3444 1621 co-

1792 1672 1934 1711 rona
1957 1655 2204 1727 justitia:
2236 1672 2338 1727 pro
2368 1655 2637 1712 laborum
2670 1655 2892 1711 meritis
2922 1654 3238 1710 deferatur.

1861 1744 1949 1799 l8.
1986 1747 2157 1816 (l’crs.
2208 1746 2262 1815 6,
2293 1745 2373 1815 7.)
2427 1743 2688 1816 Denique
2737 1743 2878 1816 quid
2927 1747 3208 1815 sequatur
3254 1744 3440 1800 consi-

19 1847 140 1886 rem
176 1846 298 1885 sua:
332 1827 544 1884 mentis
577 1828 803 1884 avertit.
840 1828 1447 1910 Unusquisqueenim
1488 1833 1589 1904 qui
1617 1848 1679 1888 se
1710 1827 1757 1852 ”
1791 1832 2083 1889 daremus.
2122 1856 2148 1881 «
2180 1832 2443 1902 Domine,
2488 1832 2700 1905 inquit,
2746 1832 2807 1887 in
2856 1832 3000 1888 coelo
3043 1832 3445 1889 misericordia

19 1918 259 1992 ﬂagitiis
316 1916 782 1990 ingurgitaverit,
844 1935 958 1974 non
1008 1918 1131 1974 vult
1182 1919 1504 1993 intelligere
1551 1937 1677 1993 qua:

19 2005 348 2063 scelestium
381 2007 793 2062 mandatorum
827 2011 1065 2075 sunt,ne
1098 2013 1400 2063 revocetur
1430 2026 1464 2064 a
1494 2009 1670 2066 vitiis.

19 2095 161 2151 Vide
194 2094 366 2150 illum
403 2093 721 2167 fugientem
748 2093 1090 2169 intelligere,
1121 2097 1221 2169 qui
1271 2096 1352 2152 ait
1386 2113 1401 2152 :
1436 2121 1463 2148 «
1492 2098 1674 2153 Tene-

19 2188 130 2242 brae
170 2184 442 2257 operiunt
471 2189 646 2251 me,et
675 2185 1046 2241 circumdant
1078 2186 1329 2259 parietes
1361 2203 1374 2241 :
1410 2186 1544 2258 quis
1566 2186 1677 2243 scit

19 2294 80 2331 an
136 2269 336 2332 videat
388 2272 674 2330 Dominus
707 2274 871 2346 (Eccl.
914 2292 1075 2343 χχιιι,
1128 2274 1261 2347 26)?
1309 2299 1336 2324 n
1386 2275 1508 2331 Non
1554 2275 1677 2330 vult

19 2365 179 2421 enim
210 2379 469 2436 quaerere
494 2366 550 2418 et
580 2362 860 2429 invenire,
890 2363 1045 2434 quod
1080 2363 1231 2419 Deus
1258 2363 1455 2418 omnia
1486 2363 1679 2418 videat

19 2460 198 2527 atque
246 2454 559 2525 cognoscat
593 2468 605 2505 :
640 2466 711 2507 ne
759 2456 920 2507 metu
973 2451 1308 2508 retrahatur
1346 2469 1379 2507 a
1409 2451 1673 2507 crimine.

19 2542 162 2599 Vide
223 2557 418 2613 regem
462 2540 662 2596 Achab
710 2543 1002 2612 petentem
1052 2558 1086 2596 a
1133 2539 1400 2595 Nabuthe
1445 2540 1674 2595 vineam

19 2634 151 2704 ejus
190 2649 203 2686 :
235 2645 583 2703 cognoscere
627 2629 1076 2702 respondentem
1107 2628 1272 2684 illum
1309 2647 1320 2684 :
1357 2653 1383 2677 ‹‹
1418 2628 1583 2683 Absit
1613 2632 1677 2683 ut

19 2722 223 2777 :edam
296 2717 692 2795 hereditatem
760 2721 993 2791 patrum
1064 2735 1326 2775 meorum
1396 2719 1493 2789 (III
1546 2719 1671 2788 Reg.

19 2828 125 2879 (xx,
161 2808 241 2880 3).
284 2829 307 2856 ι)
336 2807 462 2862 Non
505 2805 709 2863 debuit
753 2805 1076 2879 intelligere
1125 2806 1279 2878 quod
1321 2807 1489 2878 justa
1530 2805 1674 2861 refe-

19 2896 220 2955 rebat?
252 2919 281 2946 ‹‹
314 2895 424 2952 Sed
476 2893 662 2950 noluit
715 2892 1040 2967 intelligere
1091 2900 1155 2949 ut
1206 2894 1353 2950 bene
1394 2896 1609 2967 ageret,
1645 2915 1673 2942 »

19 2992 61 3044 at
92 2986 300 3044 aliena
326 3000 443 3042 non
477 2984 627 3040 772
659 2983 1093 3055 quareret.Non
1119 2982 1323 3038 debuit
1352 2981 1675 3053 intelligere

19 3075 171 3150 quod
204 3091 338 3130 vero
368 3071 523 3130 Elias
552 3072 666 3128 Deo
697 3071 1011 3140 serviebat,
1044 3088 1177 3127 cum
1209 3072 1430 3128 videret
1460 3072 1517 3126 in
1547 3086 1673 3126 ver-

1788 1924 1924 1991 tua;
1958 1926 2014 1977 et
2063 1920 2274 1977 veritas
2321 1926 2424 1976 tua
2470 1937 2659 1992 usque
2708 1923 2779 1977 ab
2831 1922 3037 1977 nubes.
3066 1920 3306 1976 Justitia
3341 1925 3444 1976 tua

1787 2008 1942 2065 sicut
1963 2014 2190 2067 montes
2224 2010 2323 2066 Dei
2345 2028 2356 2079 ;
2381 2009 2609 2081 judicia
2628 2012 2731 2065 tua
2753 2009 2906 2065 sicut
2925 2010 3175 2082 abyssus
3196 2008 3436 2065 multa.-

1784 2098 1987 2154 Nonne
2017 2098 2171 2154 hunc
2203 2098 2396 2154 locum
2430 2103 2668 2155 secutus
2698 2102 2787 2155 est
2811 2098 3029 2157 Paulus
3061 2103 3127 2153 ut
3174 2097 3390 2154 diceret
3424 2114 3439 2155 :

1786 2209 1813 2236 ‹‹
1850 2186 2053 2242 Infelix
2083 2203 2187 2260 ego
2219 2187 2395 2243 homo
2423 2186 2435 2242 !
2470 2186 2603 2259 quis
2634 2202 2729 2242 me
2758 2185 3033 2243 liberabit
3081 2188 3152 2242 de
3200 2203 3441 2260 corpore

1789 2276 1994 2331 mortis
2024 2275 2241 2348 hujus?
2271 2274 2468 2331 Gratia
2497 2275 2596 2331 Dei
2630 2292 2732 2347 per
2759 2276 2963 2332 Jesum
2995 2274 3294 2331 Christum
3323 2279 3438 2331 Do-

1789 2363 2015 2419 minum
2071 2368 2338 2419 nostrum
2381 2364 2551 2436 (Rom.
2612 2381 2712 2433 vu,
2765 2368 2856 2431 24,
2918 2364 3031 2435 25).
3084 2387 3111 2413 ››
3143 2362 3251 2419 Ubi
3282 2363 3440 2419 enim

1788 2469 1955 2508 mens
1987 2452 2245 2508 humana
2274 2452 2567 2519 turbatur,
2591 2457 2647 2509 et
2667 2452 3055 2509 certaminum
3088 2453 3236 2508 dura
3266 2456 3442 2524 atque

1788 2558 1993 2614 aspera
2018 2558 2123 2598 nos
2156 2541 2670 2613 fatigant,Domini
2703 2540 2987 2597 auxilium
3018 2540 3439 2613 postulandum

1787 2634 1893 2686 est.
1932 2630 2179 2703 Ideoque
2208 2647 2523 2686 conversus
2555 2631 2628 2686 ad
2663 2630 2995 2697 Dominum,
3028 2629 3225 2701 ipsum
3273 2628 3467 2699 invo-,

1786 2722 1878 2773 cat
1907 2723 1963 2773 ct
1992 2717 2284 2790 implorat,
2337 2723 2403 2774 ut
2452 2717 2856 2775 laborantibus
2904 2718 3137 2790 adjutor
3174 2716 3435 2774 assistat.

1784 2806 2182 2863 Misericordia
2228 2823 2363 2881 ergo
2414 2808 2663 2880 petenda
2711 2808 2783 2863 de
2812 2806 2954 2863 cmlo
2985 2810 3095 2876 est,
3125 2811 3185 2862 et
3224 2806 3438 2864 veritas

1784 2894 1884 2950 Dei
1916 2912 1983 2950 ex
2012 2895 2430 2968 prOphctarum
2453 2894 2709 2953 oraculis
2738 2895 3089 2968 colligenda,
3123 2894 3226 2967 qui
3265 2895 3438 2967 quasi

1785 2984 1971 3039 nubes
2017 2983 2295 3056 mysteria
2344 2984 2549 3040 divinae
2590 2984 2939 3058 cognitionis
2989 2984 3271 3040 obtexunt
3300 2983 3437 3055 (72).

1784 3071 1984 3127 Posuit
2012 3073 2166 3127 enim
2199 3074 2470 3129 tenebras
2502 3076 2652 3130 173
2688 3079 2836 3130 Deus
2867 3071 3184 3129 latibulum
3233 3088 3433 3141 suum,

19 3171 85 3223 bo
130 3163 279 3223 Elite
325 3161 588 3218 clausum
639 3160 851 3217 caelum
909 3162 1095 3216 tribus
1148 3161 1318 3216 annis
1367 3164 1425 3214 et
1478 3157 1668 3215 tribus
1699 3153 1741 3221 C
1784 3166 1846 3216 ut
1882 3160 2072 3234 primo
2103 3159 2360 3233 pluviam
2411 3163 2670 3235 mysticae
2719 3161 3035 3217 fertilitatis
3062 3160 3338 3232 accipias,
3372 3166 3431 3216 et

19 3253 348 3321 mensibus,
377 3255 433 3309 et
462 3250 533 3307 ad
568 3266 766 3323 preces
797 3251 926 3322 ejus
957 3248 1184 3322 pluvias
1215 3265 1343 3305 esse
1383 3248 1673 3303 demissas

19 3348 80 3400 ut
129 3342 302 3399 arida
331 3338 528 3399 omnia
557 3339 889 3413 rigarentur
913 3341 935 3394 Ρ
963 3338 1073 3394 Sed
1107 3336 1297 3393 noluit
1326 3335 1671 3409 intelligere,

19 3449 86 3489 ne
120 3429 435 3505 perﬁdiam
468 3428 901 3495 condemnaret,
920 3429 1264 3499 sequeretur
1294 3426 1492 3481 ﬁdem.

74 3523 173 3577 16.
239 3519 410 3592 (Vera.
471 3519 557 3589 5.)
600 3516 748 3585 Quin
803 3517 980 3573 etiam
1033 3540 1060 3565 ‹‹
1116 3514 1493 3587 Iniquitatem
1553 3529 1672 3569 me-

19 3613 237 3667 litatus
266 3611 357 3665 est
388 3607 446 3662 in
479 3605 656 3662 cubili
690 3623 819 3678 suo,
852 3628 880 3656 »
914 3605 1014 3663 ubi
1044 3621 1248 3661 verum
1282 3619 1539 3676 querere
1573 3603 1673 3658 de-

19 3700 255 3755 iuisset.
282 3696 345 3752 In
376 3695 668 3751 cubilibus
699 3695 858 3751 enim
889 3709 1290 3767 compungere
1321 3709 1429 3748 nos
1466 3692 1679 3747 debent

19 3794 211 3845 instra
241 3788 501 3859 peccata,
519 3800 637 3840 non
668 3784 726 3839 in
760 3784 907 3857 ipsis
935 3781 1329 3855 delinquendo
1360 3780 1675 3851 committi,

29 3879 243 3933 icente
304 3874 593 3947 PrOpheta
651 3892 664 3929 :
729 3895 757 3923 «
809 3875 943 3940 Quae
1013 3872 1207 3929 dicitis
1274 3871 1333 3926 in
1400 3868 1676 3925 cordibus

24 3965 241 4031 estris,
304 3967 362 4020 et
432 3963 492 4018 in
564 3961 860 4019 cubilibus
925 3961 1140 4018 vestris
1209 3955 1679 4032 compungimini

19 4056 180 4113 Psal.
218 4070 298 4120 IV,
334 4054 434 4123 5.).
471 4075 497 4101 ››

74 4146 173 4199 17.
212 4165 238 4191 ‹‹
271 4140 496 4212 Astitit,
528 4140 738 4212 inquit,
775 4138 931 4195 omni
979 4138 1083 4192 vis:
1138 4155 1251 4193 non
1286 4137 1472 4207 bonae,
1505 4133 1678 4191 mali-

24 4234 163 4288 iam
212 4233 407 4285 autem
467 4244 582 4284 non
632 4226 861 4283 habuit.
924 4248 950 4275 ››
1000 4226 1125 4282 Non
1177 4225 1335 4281 enim
1390 4221 1681 4282 immerito

22 4322 248 4393 njusta
302 4317 640 4384 meditatur,
671 4316 771 4389 qui
819 4315 876 4370 in
929 4315 1021 4371 via
1071 4312 1285 4371 erroris
1331 4312 1580 4381 assistit,
1624 4312 1682 4366 et

19 4407 311 4466 nalitiam
341 4403 556 4478 diligit,
589 4420 765 4477 quam
800 4403 994 4461 odisse
1027 4403 1281 4459 deberet.
1327 4400 1465 4457 Plus
1513 4399 1680 4467 dixit,

1782 3254 1921 3305 tunc
1952 3250 2183 3305 infusus
2216 3267 2343 3306 rore
2391 3250 2606 3306 caelesti
2637 3250 2923 3323 fulgorem
2974 3252 3241 3304 reseratae
3282 3246 3431 3302 lucis

1783 3355 2089 3412 agnoscas,
2132 3342 2197 3394 ut
2242 3339 2433 3412 possis
2465 3340 2654 3395 dicere
2689 3356 2701 3395 :
2742 3363 2762 3388 ι
2797 3338 2878 3393 Ex
2908 3335 3271 3409 plenitudine
3301 3337 3431 3407 ejus

1783 3426 2116 3500 accepimus
2146 3431 2334 3496 (Joan.
2372 3446 2407 3494 1,
2443 3428 2550 3499 16).
2581 3449 2601 3477 υ
2630 3427 2771 3494 Quis
2800 3426 2957 3482 enim
2986 3428 3177 3498 potest
3206 3429 3433 3482 secreta

1784 3517 1883 3572 Dei
1935 3515 2103 3571 facile
2149 3515 2661 3588 comprehendere,
2720 3516 2891 3587 cujus
2935 3539 2963 3565 «
3007 3514 3248 3586 justitia
3277 3514 3431 3591 sicut

1786 3609 2017 3661 montes
2047 3604 2171 3672 Dei,
2209 3626 2236 3654 »
2267 3604 2354 3660 vel
2386 3605 2562 3677 (sicut
2606 3603 2822 3678 Aquila
2869 3604 3086 3677 posuit)
3117 3626 3146 3654 «
3179 3607 3243 3659 ut
3275 3620 3436 3660 mon-

1786 3698 1875 3749 tes
1914 3692 2121 3760 validi;
2157 3714 2183 3742 »
2218 3710 2284 3749 eo
2335 3693 2489 3765 quod
2539 3694 2740 3749 validas
2789 3692 3022 3749 virtutis
3070 3691 3243 3764 plena
3290 3709 3437 3765 pris-

1788 3787 1953 3853 cepta
1985 3782 2125 3837 sint.
2162 3781 2323 3837 Unde
2355 3785 2412 3838 et
2433 3781 2749 3854 Apostolus
2778 3783 2983 3838 videns
3003 3798 3132 3837 esse
3163 3780 3443 3836 sublimia

1788 3887 1914 3942 quas
1946 3868 2185 3938 audivit,
2220 3870 2361 3926 dicit
2394 3887 2405 3925 :
2440 3870 2484 3926 Ο
2527 3870 2775 3927 altitudo
2824 3870 3162 3926 divitiarum
3211 3867 3443 3939 sapien-

1786 3958 1877 4013 tiae
1900 3962 1954 4013 et
1978 3957 2234 4013 scientiae
2266 3958 2362 4014 Dei
2387 3959 2398 4013 l
2434 3975 2611 4030 quam
2638 3957 3045 4014 inscrutabilia
3060 3959 3199 4011 sunt
3218 3954 3446 4026 judicia

1786 4047 1916 4118 ejus
1947 4050 2004 4101 et
2033 4045 2467 4118 investigabiles
2495 4047 2598 4100 vias
2631 4044 2791 4117 ejus!
2824 4044 2965 4108 Quis
2996 4044 3154 4100 enim
3178 4043 3447 4116 cognovit

1788 4151 2029 4191 sensum
2071 4133 2346 4189 Domini?
2394 4138 2510 4189 Aut
2559 4134 2691 4205 quis
2740 4132 3113 4189 consiliarius
3162 4132 3292 4202 ejus
3332 4131 3444 4186 fuit

1788 4226 1962 4296 (Rom.
1996 4241 2073 4293 x1,
2104 4224 2194 4291 33,
2228 4223 2361 4295 3’1)?
2394 4245 2421 4270 »
2468 4221 2853 4277 Altitudinem
2883 4220 3079 4292 itaque
3102 4218 3439 4276 divitiarum

1789 4312 2087 4386 sapientiae
2136 4310 2329 4367 retulit
2384 4311 2457 4366 ad
2511 4309 2879 4366 altitudinem
2931 4308 3242 4364 montium.
3289 4308 3441 4363 Audi

1792 4418 2043 4474 quorum
2073 4400 2385 4456 montium.
2420 4400 2551 4471 Ipse
2580 4399 2737 4455 enim
2762 4398 2869 4454 Dei
2902 4398 3085 4454 Filius
3117 4414 3287 4454 mons
3316 4413 3443 4453 ma-

73 4497 277 4555 astitit
310 4513 322 4551 :
357 4519 384 4546 ››
421 4494 591 4569 quasi
614 4494 970 4567 jamdudum
1022 4493 1080 4548 in
1112 4493 1205 4547 via
1236 4490 1529 4564 nequitiae,
1561 4490 1687 4546 diu-
1713 4526 1761 4597 Β
1793 4507 1945 4564 gnus
1994 4494 2115 4558 est;
2167 4494 2224 4545 et
2271 4489 2399 4544 ideo
2450 4489 2698 4545 ascende
2747 4487 2806 4543 in
2857 4487 3015 4543 hunc
3046 4490 3306 4543 montem
3339 4486 3442 4559 qui

260 4590 269 4597 .
322 4585 357 4597 ..
849 4586 859 4597 .
924 4581 985 4597 ,η
1131 4581 1142 4592 .
1244 4581 1256 4597 .
1356 4584 1368 4597 ,
1432 4596 1435 4597 ν
1500 4596 1505 4597 ί
1575 4578 1635 4591 ..
2210 4577 2337 4597 ...ω
2978 4579 3091 4597 _,__
3142 4576 3440 4597 _‘,,__,___

20 4604 194 4647 urna
222 4585 495 4654 statione,
528 4586 885 4658 permaneat.
924 4581 1024 4638 Ille
1052 4581 1208 4637 enim
1244 4581 1451 4635 beatus
1488 4578 1589 4651 qui
1621 4580 1679 4634 in
1713 4576 1758 4597 ⁴’
1792 4578 2152 4653 evangelizas
2210 4577 2347 4634 Sion
2408 4578 2534 4649 (1.5a.
2583 4594 2675 4646 xc,
2722 4578 2801 4647 9),
2854 4581 2917 4631 ut
2975 4579 3094 4633 stes
3142 4576 3443 4632 radicatus

24 4681 93 4740 ia
129 4678 510 4749 peccatorum
543 4690 659 4730 non
691 4672 1043 4743 stetit(Psal.
1080 4688 1119 4737 ι,
1155 4670 1230 4742 1),
1265 4685 1378 4725 non
1413 4668 1464 4724 is
1497 4668 1597 4740 qui
1621 4668 1678 4724 in

22 4787 64 4824 a
106 4771 271 4822 stare
302 4780 418 4820 non
449 4762 697 4819 desinat.
722 4761 792 4818 Et
840 4761 967 4817 ideo
1019 4760 1209 4832 prima
1238 4760 1525 4830 praecepta
1543 4760 1681 4812 sunt

20 4854 204 4911 ancti
235 4851 531 4925 propheta
562 4851 764 4919 David,
799 4849 1164 4922 impietatem
1203 4848 1423 4919 fugere,
1458 4845 1516 4900 in
1549 4861 1677 4917 pec-

20 4950 140 5002 ato
174 4957 295 4998 non
328 4944 505 5007 stare,
536 4941 597 4995 in
626 4939 753 5012 lege
785 4937 1057 4995 meditari
1084 4955 1096 5005 ;
1133 4940 1197 4992 ut
1226 4934 1523 5007 intelligas
1553 4949 1678 5005 quae

25 5020 168 5091 Ona
221 5035 385 5098 sunt,
443 5033 499 5086 et
538 5030 704 5101 justa
757 5032 933 5100 atque
982 5025 1209 5097 injusta
1266 5039 1558 5080 secernas.
1614 5022 1677 5078 In

22 5118 295 5179 mnibus
324 5116 508 5191 igitur
552 5116 717 5173 radix
764 5119 854 5172 est
901 5113 1221 5187 spectanda
1270 5110 1573 5185 gignendi,
1606 5125 1678 5165 ne

19 5198 142 5268 am
177 5205 408 5263 inutilis
430 5205 504 5262 ab
527 5205 763 5262 exordio
794 5220 1005 5261 succus
1038 5199 1680 5273 inﬁciat,gravioraque

20 5298 205 5359 auito
245 5298 407 5364 sunt,
440 5295 772 5351 animorum
825 5293 988 5361 vitia,
1039 5307 1216 5364 quam
1262 5287 1677 5363 virgultorum.

20 5384 356 5447 Lavendum
387 5400 526 5458 ergo
574 5401 690 5457 prae
740 5382 983 5448 caeteris,
1012 5396 1085 5436 ne
1135 5379 1395 5435 humano
1444 5376 1679 5450 ingenio

19 5473 255 5538 inlitis
288 5490 435 5531 usus
466 5472 769 5541 inolescat,
803 5479 979 5545 atque
1020 5468 1213 5526 omnis
1238 5471 1378 5525 tetas
1407 5469 1682 5524 secutura

64 5620 201 5705 (‘72)
233 5618 378 5681 Mss.
413 5617 657 5695 aliquot,
688 5617 898 5681 divina:
927 5612 1277 5690 cogitationis
1304 5610 1595 5689 obtemmt.

1792 4673 1849 4724 et
1912 4667 2213 4739 plantatus
2282 4667 2338 4721 in
2401 4666 2653 4723 Christo.
2711 4666 2815 4721 Est
2867 4681 3039 4723 mons
3109 4666 3278 4738 quasi
3347 4681 3445 4721 sa-

1790 4757 2012 4829 pientia
2073 4757 2190 4823 Dei,
2235 4761 2324 4811 est
2375 4772 2545 4810 mons
2603 4755 2773 4827 quasi
2823 4755 3079 4827 justitia,
3130 4758 3220 4809 est
3273 4769 3443 4808 mons

1789 4844 1959 4915 quasi
1998 4844 2244 4900 scicntia
2296 4844 2409 4911 Dei,
2461 4848 2550 4898 cst
2599 4861 2768 4899 mons
2814 4845 2984 4915 quasi
3035 4841 3441 4906 sanctiﬁcatio,

1789 4937 1877 4988 est
1924 4949 2095 4988 mons
2152 4933 2321 5003 quasi
2371 4933 2719 5004 redemptio,
2769 4936 2859 4987 est
2916 4947 3086 4987 mons
3134 4929 3303 5001 quasi
3358 4945 3442 4984 re-

1791 5020 2100 5077 surrectio.
2150 5020 2579 5075 Demonstravit
2630 5019 2803 5075 nobis
2848 5018 2957 5074 hos
3006 5021 3236 5073 montes
3282 5015 3442 5072 Scri-

1790 5113 1979 5181 ptura,
2043 5125 2168 5180 qum
2226 5107 2465 5163 dixit:«
2504 5109 2563 5162 In
2615 5106 2743 5178 ipso
2802 5110 2997 5162 autem
3044 5122 3148 5160 vos
3195 5106 3338 5161 estis
3379 5104 3440 5159 in

1788 5196 2018 5253 Christo
2048 5196 2209 5264 Jesu,
2243 5195 2343 5268 qui
2374 5196 2562 5251 factus
2591 5199 2680 5251 est
2710 5194 2999 5267 sapientia
3042 5191 3211 5249 nobis
3242 5210 3276 5248 a
3304 5198 3441 5264 Deo,

1789 5288 1847 5342 et
1867 5285 2121 5358 justitia,
2174 5290 2231 5340 et
2281 5283 2687 5350 sanctificatio,
2719 5288 2776 5339 et
2814 5281 3137 5355 redemptio
3168 5283 3218 5353 (Ι
3247 5283 3369 5340 Cor.
3402 5300 3442 5351 ι,

1792 5373 2049 5448 30).»Vel
2081 5373 2220 5446 quia
2248 5370 2474 5446 angelis
2496 5370 2741 5443 angelus
2773 5372 2960 5428 factus
2991 5376 3081 5428 est
3111 5370 3208 5427 Dei
3241 5371 3444 5441 Filius,

1793 5463 2093 5539 prophetis
2139 5460 2455 5539 propheta;
2513 5461 2686 5534 cujus
2724 5460 2950 5534 judicia
2998 5460 3151 5521 sicut
3200 5462 3447 5539 abyssus
