3894 6208
446 322 599 385 1007
1905 323 1968 381 S.

2266 320 2385 381 )sn
3683 298 3804 377 {tu

447 456 653 512 multa.
684 452 834 511 Audi
877 455 1028 511 bona
1077 467 1095 509 :
1148 473 1171 501 ι
1219 454 1480 525 Abyssus
1528 455 1805 525 abyssum
1856 454 2086 508 invocat
2113 455 2170 520 Α
2200 452 2357 508 Unde
2388 459 2445 507 et
2494 453 2794 524 Scriptum
2822 451 2965 507 dicit
2992 469 3006 508 :
3041 474 3069 502 α
3101 454 3306 524 Surge,
3338 447 3562 522 aquilo,
3593 451 3648 503 et
3679 448 3804 513 veni,

448 546 507 601 in
536 561 673 602 voce
702 542 1308 615 cataractamm(PmI.
1344 559 1456 609 xu,
1489 544 1543 611 8‘;
1570 561 1583 601 :
1617 566 1643 591 ν»
1670 542 1725 596 id
1759 546 1866 609 est,
1898 542 2087 613 Scrip-
2197 546 2396 597 auster
2424 542 2606 613 (Cant.
2640 558 2717 607 rv,
2752 541 2898 611 16),»
2932 541 3033 615 qui
3063 537 3406 597 arbusculas
3437 535 3686 612 paradisi
3712 550 3810 610 per-

446 640 580 690 tura
610 633 835 691 Veteris
861 633 1240 697 Testamenti,
1262 631 1403 687 Novi
1434 632 1676 687 advocat
1707 632 1917 686 seriem
1949 631 2089 685 Tes-
2200 632 2339 686 flare
2368 631 2693 685 consuevit.

446 723 695 781 tamenti
746 723 817 779 ad
868 722 1434 779 consummationem
1496 719 1978 777 sanctiﬁcationis
2035 724 2090 774 et
2269 721 2359 775 2i.
2392 719 2659 775 Diximus
2707 735 2972 785 sensum,
3001 718 3177 775 etiam
3224 716 3617 775 elocutionem
3652 714 3812 772 consi-

444 804 869 886 pienitudinem
901 813 1122 885 gratia,
1148 812 1341 867 sonitu
1367 810 1625 882 quodam
1658 814 1830 881 atque
1873 807 2090 880 proflu-
2201 810 2495 875 deremus,
2524 824 2630 863 cur
2662 829 2693 858 at
2717 812 3037 864 torrentem
3066 806 3443 879 voluptatis,»
3472 805 3706 861 dixerit«
3734 819 3814 877 po-

444 900 536 957 vio
565 900 965 957 redundantia
998 900 1300 973 spiritalis.
2198 900 2337 954 tatis
2366 915 2484 963 eos,
2522 921 2550 947 »
2581 902 2637 953 et
2669 914 2784 953 non
2816 901 3095 966 torrente,
3118 896 3291 968 quasi
3320 896 3391 952 de
3416 899 3697 963 torrente;
3724 893 3817 949 nisi

518 989 604 1045 19.
638 990 807 1062 (Vm.
839 992 893 1057 8,
923 990 1003 1061 9.)
1056 1010 1085 1037 «
1130 988 1405 1043 Homines
1462 992 1519 1042 et
1566 988 1838 1057 jumenta
1895 984 2090 1059 salvos
2200 988 2337 1059 quia
2368 987 2702 1042 aviditatem
2735 986 3062 1042 bibentium
3090 985 3275 1041 voluit
3302 983 3646 1058 exprimere,
3676 982 3818 1055 quasi

445 1077 644 1145 facies,
685 1078 962 1144 Domine;
996 1078 1151 1133 sicut
1182 1075 1584 1147 multiplicasti
1630 1073 2090 1129 misericordiam
2200 1081 2514 1132 torrentem
2566 1076 2763 1147 ipsum
2807 1074 3022 1131 vellent
3069 1075 3321 1139 ebibere,
3353 1073 3405 1130 si
3443 1070 3820 1146 possentYHic

444 1171 633 1234 tuam,
663 1167 839 1223 Deus.
875 1165 1003 1221 Filii
1055 1169 1251 1221 autem
1300 1164 1604 1219 hominum
1640 1165 1694 1219 in
1736 1163 2091 1235 proiectione
2199 1170 2288 1220 est
2320 1166 2562 1221 forsitan
2594 1168 2825 1220 torrens
2854 1163 3171 1236 voluptatis
3216 1178 3393 1235 quem
3436 1162 3499 1217 in
3542 1159 3741 1218 Genesi
3759 1160 3823 1216 le-

446 1254 670 1311 alarum
704 1258 937 1311 tuarum
969 1255 1307 1326 sperabunt.
1343 1252 1793 1308 lnebriabuntur
1821 1252 1893 1305 ab
1928 1252 2093 1305 uber-
2200 1255 2394 1324 gimus
2426 1254 2580 1321 (ϐα-η.
2618 1270 2679 1322 ιι,
2715 1255 2827 1321 10),
2863 1253 3081 1308 fontem
3114 1252 3213 1324 qui
3256 1251 3444 1307 abluit
3492 1249 3825 1324 paradisum,

445 1350 562 1400 tate
592 1345 802 1399 domus
832 1348 963 1411 tua,
997 1348 1053 1398 et
1081 1348 1337 1398 torrente
1366 1341 1681 1413 voluptatis
1712 1347 1823 1395 tua
1867 1340 2092 1413 potabis
2200 1349 2253 1399 et
2284 1343 2564 1397 dividitur
2612 1343 2671 1397 in
2724 1347 2978 1415 quatuor
3018 1341 3289 1408 ﬂumina,
3319 1354 3449 1412 qua
3495 1340 3829 1394 circumeunt

446 1449 565 1489 eos.
604 1456 631 1481 ››
654 1432 801 1498 Quid
835 1432 1251 1495 est,«homines
1281 1436 1335 1486 et
1358 1432 1669 1501 jumenta'.’
1702 1428 2092 1485 Rationabiles
2201 1438 2380 1487 totam
2412 1433 2747 1487 terram.Ex
2781 1432 2886 1487 hoc
2918 1431 3074 1487 enim
3098 1432 3254 1486 fonte
3282 1429 3532 1485 virtutes
3565 1427 3831 1502 proﬂuunt

448 1523 671 1594 utique,
704 1528 761 1577 et
793 1520 1240 1577 irrationabiles.
1275 1520 1683 1575 Rationalibus
1724 1519 1970 1588 judicia,
2023 1517 2094 1572 ir-
2203 1522 2519 1593 spiritales,
2574 1522 2909 1593 prudentia,
2962 1519 3371 1592 temperantia,
3407 1517 3705 1581 fortitudo,
3753 1516 3830 1586 ju-

447 1611 895 1666 rationabilibus
926 1610 1345 1665 misericordia.
1378 1609 1485 1663 Alii
1522 1614 1821 1680 reguntur,
1852 1607 1944 1661 alii
1981 1624 2092 1661 nu-
2204 1611 2600 1665 stitiaJionus
2636 1613 2763 1664 fons
2796 1608 2994 1682 gratia
3025 1613 3081 1665 et
3113 1607 3445 1681 splendoris
3478 1606 3735 1677 ejusdem
3763 1610 3830 1660 at-

446 1701 723 1755 triuntur.
758 1699 1006 1771 Ideoque
1041 1699 1268 1754 addidit
1299 1714 1312 1753 :
1339 1722 1365 1747 ‹‹
1403 1698 1527 1753 Filii
1558 1704 1749 1752 autem
1784 1698 2090 1751 hominum
2203 1717 2313 1771 que
2348 1706 2590 1765 natura,
2628 1700 2799 1769 cujus
2832 1704 2918 1753 est
2954 1697 3097 1753 illud
3129 1698 3348 1752 {lumen
3381 1696 3453 1751 de
3487 1712 3605 1768 quo
3652 1696 3708 1750 in
3753 1708 3830 1766 po.

448 1789 505 1843 in
541 1788 895 1861 proiectione
924 1786 1153 1841 alarum
1184 1791 1420 1841 tuarum
1454 1786 1796 1855 sperabunt,
1832 1807 1858 1833 ››
1895 1784 1950 1837 id
1981 1786 2090 1847 est,
2121 1824 2171 1890 Β
2203 1789 2549 1843 sterioribus
2598 1789 2817 1843 dicitur
2848 1806 2862 1843 :
2904 1812 2928 1834 η
2962 1786 3254 1843 Fluminis
3301 1786 3563 1858 impetus
3614 1782 3829 1839 latiﬁcat

450 1894 564 1933 non
596 1876 890 1950 generatio
919 1876 1272 1948 viperarum,
1325 1875 1425 1929 sed
1478 1873 1582 1929 ﬁlii
1632 1872 1964 1938 hominum,
1991 1870 2091 1943 qui
2121 1870 2170 1890 υ
2202 1878 2489 1933 civitatem
2525 1878 2827 1948 Dei-fPsal.
2860 1894 2989 1944 va,
3017 1877 3100 1947 5).

448 1967 519 2023 ad
551 1966 869 2041 imaginem
900 1970 957 2021 et
986 1963 1435 2021 similitudinem
1485 1963 1583 2018 Dei
1624 1961 1854 2027 vivunt;
1886 1978 2000 2016 non
2034 1960 2091 2015 in
2270 1970 2365 2022 22.
2407 1968 2584 2035 (l'ers.
2630 1968 2714 2031 10,
2752 1967 2875 2037 11.)
2906 1965 3229 2038 Aptissima
3261 1964 3459 2037 itaque
3503 1962 3827 2020 substituit:

447 2056 703 2129 pascuis,
747 2054 847 2111 sed
882 2055 940 2110 in
971 2053 1250 2109 conviviis
1280 2051 1682 2107 collocantur:
1718 2050 1812 2105 alii
1846 2050 1999 2105 enim
2034 2048 2091 2102 in
2204 2080 2229 2104 α
2266 2056 2550 2121 Quoniam
2602 2056 2757 2127 apud
2806 2059 2861 2110 te
2909 2058 2997 2109 est
3047 2054 3176 2111 fons
3214 2054 3342 2109 vita
3376 2071 3390 2108 :
3419 2056 3479 2108 et
3526 2053 3588 2108 in
3635 2051 3833 2107 lumine

447 2145 572 2203 loco
603 2159 981 2220 pascuorum,
1014 2142 1113 2198 alii
1145 2142 1206 2196 in
1239 2141 1538 2214 privilegio
1570 2144 2092 2195 sacramentorum.
2206 2141 3187 2200 tuovidehimuslumen.Pretende
3206 2140 3676 2198 misericordiam
3696 2145 3832 2195 tuam

446 2234 810 2309 Imperfectis
835 2247 1045 2288 succus
1075 2230 1265 2299 lactis,
1298 2231 1568 2301 perfectis
1598 2245 1801 2284 mensa
1832 2227 2094 2283 refectio-
2205 2232 2523 2289 scientibus
2552 2238 2625 2299 te,
2658 2238 2713 2288 et
2733 2232 3031 2303 justitiam
3062 2235 3226 2288 tuam
3259 2231 3331 2287 iis
3362 2230 3465 2302 qui
3520 2233 3679 2286 recto
3726 2232 3837 2286 sunt

449 2322 565 2391 ni's,
593 2323 664 2379 de
697 2338 814 2396 qua
841 2321 989 2376 dixit
1011 2337 1060 2376 ;‹‹
1086 2319 1307 2375 Parasti
1342 2319 1398 2373 in
1432 2323 1745 2391 conspectu
1779 2333 1907 2372 meo
1940 2332 2098 2371 men-
2204 2321 2400 2376 corde.
2474 2344 2495 2369 ι
2555 2320 2779 2376 Etenim
2841 2324 2973 2392 post
3014 2318 3453 2376 commemorati
3474 2330 3651 2374 onem
3700 2316 3835 2376 ccele

450 2428 577 2470 sam
628 2409 801 2485 (Ριαι.
850 2426 988 2477 xxii,
1033 2412 1120 2481 5);
1168 2409 1228 2463 in
1274 2424 1391 2481 qua
1438 2410 1607 2481 panis
1652 2408 1837 2473 vivus,
1882 2407 1939 2461 id
1986 2410 2093 2472 est,
2205 2410 2383 2465 stium
2418 2409 2855 2476 beneﬁciorum,
2881 2410 3018 2480 jure
3042 2409 3240 2482 gratia
3272 2408 3615 2464 referuntur
3639 2407 3835 2464 auctori

448 2501 704 2559 Verbum
742 2498 878 2567 Dei;
932 2500 989 2555 in
1038 2515 1153 2571 qua
1200 2498 1392 2554 oleum
1443 2496 1945 2563 sanctiﬁcationis,
1979 2512 2094 2567 quo
2204 2499 2450 2555 Domino
2483 2503 2681 2553 nostro
2710 2498 2847 2555 Jesu
2883 2496 3243 2571 Christo,qui
3274 2498 3404 2555 fons
3432 2496 3566 2553 vita
3612 2497 3835 2569 irrigua!

450 2591 854 2666 impinguatur
876 2593 1054 2662 caput
1074 2587 1306 2660 justi,et
1328 2605 1538 2644 sensus
1562 2587 1829 2641 ﬁrmatur
1858 2583 2098 2640 interior
2204 2592 2429 2643 aeterna
2470 2587 2773 2643 descendit
2820 2588 2878 2641 in
2930 2590 3139 2655 terras,
3171 2590 3235 2641 ut
3282 2587 3625 2643 ariditatem
3677 2584 3839 2641 nostri
3878 2634 3879 2639 η

450 2686 517 2738 ut
545 2680 847 2737 aboleatur
876 2678 1069 2734 oleum
1102 2678 1456 2748 peccatoris;
1488 2676 1548 2731 in
1580 2692 1695 2747 qua
1723 2674 1897 2731 etiam
1932 2697 1961 2723 «
1994 2690 2094 2745 po-
2202 2678 2452 2750 pectoris
2500 2677 2793 2750 irrigaret.
2836 2678 2990 2733 Idem
3037 2680 3129 2732 est
3166 2675 3443 2749 splendor
3489 2675 3688 2750 gloria
3761 2676 3839 2729 Dei

451 2770 650 2827 culum
679 2767 1001 2832 inebrians,
1035 2782 1213 2836 quam
1247 2764 1614 2838 praclarum,
1648 2765 1750 2831 vel,
1781 2778 1958 2834 quam
1998 2778 2095 2817 va-
2208 2767 2413 2835 Patris,
2446 2771 2503 2821 et
2534 2767 2727 2837 imago
2774 2765 3115 2821 substantia
3160 2765 3331 2836 ejus;
3384 2768 3443 2821 et
3493 2764 3629 2821 ideo
3679 2764 3737 2819 in
3774 2761 3838 2817 la-

451 2859 638 2914 liduin
696 2854 918 2927 (Ibid.)!
980 2862 1248 2928 Κράτιπον
1294 2855 1449 2909 enim
1509 2853 1656 2908 dixit
1711 2854 1944 2909 Graecus
2009 2851 2097 2907 vel
2207 2855 2362 2911 mine
2391 2856 2519 2927 ejus
2550 2871 2703 2922 vero,
2738 2855 2893 2927 quod
2926 2854 3223 2913 illuminat
3271 2869 3514 2909 omnem
3564 2852 3834 2910 hominem

453 2948 682 3018 potens,
710 2945 799 3000 vel
833 2944 998 3011 forte,
1023 2943 1113 2999 vel
1141 2941 1441 3011 validum;
1472 2942 1733 2997 validum
1766 2942 1945 3007 enim,
1982 2958 2098 3014 quo
2204 2945 2533 3001 venientem
2583 2944 2643 2998 in
2691 2943 2847 2999 hunc
2896 2944 3207 3012 mundum,
3239 2941 3605 3014 videbimus,
3652 2940 3831 3015 inquit,

451 3033 777 3091 abluuntur
806 3032 1029 3106 ﬂagitia
1055 3032 1145 3088 vel
1175 3030 1463 3088 delentur.
1490 3031 1650 3087 Bona
1679 3047 1816 3103 ergo
1844 3030 2099 3087 ebrietas
2207 3038 2466 3102 Patrem;
2501 3034 2640 3106 quia
2668 3033 2822 3090 Deus
2875 3032 2975 3089 lux
3006 3037 3114 3090 est.
3147 3033 3319 3089 Recte
3366 3031 3552 3089 etiam
3604 3031 3829 3088 dicitur:

450 3121 641 3196 poculi
672 3120 1085 3180 salutaris.Sed
1105 3125 1193 3178 est
1212 3121 1326 3177 alia
1344 3121 1596 3178 ebrietas
1619 3121 1687 3176 de
1707 3118 2098 3175 redundantia
2207 3149 2233 3173 ‹‹
2272 3124 2333 3179 In
2364 3122 2590 3178 lumine
2618 3127 2719 3178 tuo
2744 3122 3076 3178 videbimus
3107 3121 3302 3178 lumen
3340 3138 3354 3177 :
3391 3144 3419 3172 .›
3443 3123 3761 3178 secundum
3783 3117 3833 3174 il-

448 3212 907 3286 Scripturarum.
943 3213 1042 3267 Est
1089 3215 1145 3267 et
1173 3211 1289 3267 alia
1315 3210 1567 3267 ebrietas
1612 3226 1713 3281 per
1742 3208 2095 3264 inlusionem
2126 3196 2170 3262 C
2208 3212 2308 3268 lud
2344 3231 2357 3268 :
2392 3235 2420 3261 ‹‹
2453 3211 2559 3278 Qui
2590 3229 2683 3267 me
2712 3210 2887 3277 videt,
2920 3212 3077 3267 videt
3108 3215 3166 3267 et
3194 3211 3423 3267 Patrem
3458 3227 3662 3267 meum
3678 3210 3825 3281 (loco.

449 3301 703 3375 Spiritus
732 3300 942 3357 sancti.
968 3300 1233 3372 Denique
1262 3298 1346 3354 illi
1377 3299 1478 3371 qui
1508 3299 1755 3354 diversis
1788 3297 2007 3370 linguis
2036 3296 2096 3351 in
2206 3319 2322 3370 XIV,
2355 3303 2429 3373 9).
2466 3323 2493 3351 ››
2524 3302 2691 3374 Apud
2729 3306 2783 3357 te
2814 3318 2972 3373 ergo,
3006 3299 3158 3357 Fons
3185 3298 3337 3368 vita,
3387 3304 3735 3372 prasentem
3769 3297 3830 3351 vi-

449 3390 848 3464 apos'tolorum
898 3390 1143 3445 Actibus
1190 3388 1582 3461 loquebantur
1625 3388 1757 3458 (Act.
1796 3405 1855 3457 ιι,
1899 3388 1951 3452 4,
1986 3408 1987 3411 η

2346 3408 2478 3447 mus
2510 3390 2759 3447 Patrem.
2793 3390 2956 3446 Sicut
2988 3389 3145 3445 enim
3176 3393 3240 3444 tu
3272 3388 3428 3462 apud
3459 3389 3695 3445 Patrem
3736 3402 3833 3442 eras

449 3485 645 3536 musto
684 3478 839 3554 pleni
872 3478 1247 3536 audientibus
1292 3477 1658 3534 videbantur.
1693 3476 1914 3532 Domus
1961 3491 2097 3548 ergo
2206 3480 2265 3535 in
2294 3479 2581 3553 principio
2615 3483 2765 3535 Deus
2794 3478 3052 3535 Verbum
3078 3496 3090 3534 :
3120 3478 3204 3533 ita
3230 3478 3388 3551 apud
3419 3482 3478 3534 te
3508 3494 3741 3552 semper
3768 3478 3832 3532 est

450 3567 705 3625 Ecclesia
732 3572 848 3637 est;
880 3568 1117 3624 ubertas
1165 3568 1398 3635 domus,
1451 3566 1842 3623 redundantia
1882 3565 2096 3639 gratia-
2210 3570 2396 3636 Pater,
2430 3568 2531 3642 qui
2562 3569 2620 3623 in
2653 3572 2705 3623 te
2732 3572 2848 3626 est.
2886 3569 2988 3624 Est
3014 3568 3171 3624 enim
3200 3568 3359 3640 apud
3404 3567 3703 3640 ipsum,in
3744 3579 3830 3637 quo

452 3672 607 3722 rum,
638 3660 867 3712 torrens
896 3655 1232 3728 voluptatis,
1265 3656 1522 3729 Spiritus
1548 3660 1811 3711 sanctus.
2208 3662 2320 3714 est.
2353 3657 2742 3731 Prophetatur
2770 3660 2963 3713 autem
2998 3657 3286 3713 adventus
3334 3656 3578 3713 Domini
3611 3655 3833 3713 Salvam
3878 3718 3879 3721 η

528 3746 682 3802 774
708 3746 797 3799 20.
832 3742 949 3800 Nec
978 3748 1033 3800 te
1063 3760 1275 3800 nomen
1318 3749 1419 3799 aut
1458 3760 1585 3800 mos
1614 3744 1890 3799 torrentis
1919 3744 2098 3799 offen-
2210 3747 2313 3817 ris,
2362 3747 2463 3819 qui
2511 3751 2790 3803 venturus
2838 3747 2896 3802 in
2946 3749 3164 3802 terram
3213 3745 3435 3802 diceret
3475 3744 3597 3818 (74)
3635 3763 3649 3801 :
3681 3767 3707 3793 α
3752 3740 3838 3813 Ego

451 3835 571 3902 dat,
603 3834 759 3909 quod
790 3832 1105 3906 aliquando
1136 3832 1351 3889 aridior
1380 3836 1481 3889 aut
1509 3830 1712 3888 exilior
1746 3834 1844 3900 sit,
1876 3837 1941 3887 ut
1970 3834 2099 3905 ejus
2207 3839 2265 3892 et
2304 3836 2472 3893 Pater
2514 3853 2699 3892 unum
2733 3852 2942 3892 sumus
2975 3836 3159 3909 (Joan.
3194 3852 3251 3898 χ,
3282 3832 3415 3907 30);
3449 3832 3509 3889 id
3538 3839 3657 3903 est,
3686 3842 3839 3889 unum

449 3922 675 3983 soleant
705 3923 924 3979 fluenta
953 3939 1201 3979 cessare.
1235 3922 1493 3978 Cessavit
1522 3926 1578 3977 et
1606 3922 1701 3976 hic
1731 3926 1949 3990 noster,
1982 3938 2101 3976 ces-
2208 3942 2417 3981 sumus
2447 3924 2667 3993 lumen,
2701 3925 2855 3981 sicut
2885 3941 3071 3981 unum
3102 3939 3342 3980 nomen.
3385 3922 3498 3979 Per
3527 3922 3768 3979 luminis
3802 3921 3843 3974 et

449 4010 598 4071 savit
626 4011 941 4087 aliquando
971 4009 1200 4068 torrens
1216 4009 1861 4085 proﬁuviispiritalisin
1885 4009 2097 4083 populo
2208 4014 2462 4070 nominis
2511 4015 2796 4070 unitatem
2850 4015 3022 4070 ambo
3072 4030 3259 4070 unum
3305 4028 3560 4081 sumus;
3599 4012 3714 4068 imo
3740 4008 3841 4065 Tri-
3878 4004 3879 4087 ἦ

446 4103 809 4161 Judaorum.
860 4101 1011 4167 Quid
1066 4101 1279 4169 dicam,
1339 4104 1567 4156 torrens
1625 4099 1902 4166 cessavit;
1963 4115 2097 4155 cum
2207 4104 2361 4159 nitas
2390 4120 2576 4159 unum
2608 4104 2667 4158 in
2697 4103 2920 4159 unitate
2950 4102 3314 4173 substantia,
3346 4100 3451 4158 sed
3482 4100 3835 4158 distinctione
3878 4099 3879 4127 ³

449 4211 611 4252 mare
635 4194 969 4261 cessaverit,
1010 4192 1163 4249 sicut
1208 4192 1380 4248 lectio
1429 4191 1712 4246 hodierna
1743 4206 1849 4245 nos
1877 4189 2095 4257 docuit,
2208 4193 2674 4265 uniuscujusque
2705 4208 2991 4265 persona.
3029 4191 3288 4248 Trinitas
3317 4190 3759 4246 distinctionem
3778 4186 3837 4241 si-

452 4283 680 4340 dicente
710 4282 956 4339 Domino
1002 4300 1015 4338 :
1071 4305 1099 4333 ‹‹
1152 4281 1291 4337 Ecce
1340 4296 1476 4353 ergo
1522 4278 1918 4351 increpatione
1969 4295 2098 4334 mea
2205 4282 2445 4354 gniﬁcat
2480 4298 2885 4354 personarum.
2938 4281 3134 4337 unitas
3182 4283 3562 4353 potestatem.
3595 4277 3836 4335 Pomtet
3878 4278 3879 4283 “

451 4371 725 4430 desolabo
756 4389 937 4441 mare,
968 4376 1025 4427 et
1067 4387 1281 4444 ponam
1330 4369 1573 4425 ﬁumina
1602 4369 1850 4438 deserta,
1884 4371 1942 4424 et
1972 4383 2097 4424 are-
2204 4371 2276 4426 ad
2310 4370 2538 4426 Patrem
2587 4370 2699 4425 dici
2734 4387 2746 4426 :
2782 4389 2808 4421 α
2833 4369 3119 4434 Quoniam
3150 4368 3305 4441 apud
3352 4371 3408 4423 te
3458 4371 3554 4424 est
3601 4367 3728 4423 fons
3769 4362 3832 4415 vi-

447 4462 589 4517 ﬁent
633 4461 824 4535 pisces
868 4476 1071 4516 eorum
1119 4460 1244 4532 (lsa.
1281 4476 1319 4525 ι,
1350 4459 1428 4531 2),
1464 4480 1491 4507 ››
1522 4458 1724 4530 utique
1760 4458 2095 4513 Judaorum
2205 4464 2296 4529 ta,
2332 4484 2354 4513 ι
2393 4460 2451 4515 id
2482 4464 2592 4527 est,
2623 4460 2684 4515 in
2714 4464 2771 4515 te
2799 4475 2868 4514 ex
2897 4472 3013 4531 quo
3063 4458 3179 4514 vita
3230 4457 3544 4531 processit,
3576 4458 3706 4513 erat
3732 4451 3839 4505 Ver-

451 4566 571 4605 sua
621 4549 889 4605 ariditate
940 4548 1219 4622 perﬁdia,
1266 4552 1332 4603 ut
1374 4552 1609 4603 enatare
1658 4565 1773 4602 non
1821 4546 2096 4636 possint?
2126 4570 2173 4636 Β
2204 4549 2365 4618 bum,
2398 4553 2457 4604 et
2486 4564 2717 4621 semper
2763 4552 2906 4615 erat,
2950 4547 3091 4621 quia
3137 4545 3292 4619 apud
3337 4550 3394 4602 te
3444 4549 3599 4602 erat.
3652 4538 3833 4636 omni:
3878 4586 3879 4597 χ

450 4636 713 4693 Cessavit
740 4652 876 4709 ergo
906 4641 1133 4693 torrens
1166 4641 1400 4710 propter
1429 4637 1747 4709 Synagoga
1768 4634 2094 4708 sacrilegia;
2126 4624 2169 4636 ”
2204 4654 2308 4711 per
2352 4638 2548 4711 ipsum
2588 4642 2645 4694 et
2674 4637 2734 4692 in
2774 4638 2902 4710 ipso
2935 4636 3088 4693 facta
3129 4639 3301 4703 sunt;
3333 4640 3391 4691 et
3424 4636 3555 4708 ipse
3589 4638 3681 4690 est
3710 4624 3834 4686 πε

447 4725 589 4800 quia
636 4729 759 4783 erat
805 4725 906 4781 illa
951 4725 1116 4798 plebs
1166 4726 1278 4781 ﬁde
1326 4726 1509 4793 arida,
1543 4724 1758 4780 sterilis
1798 4724 2095 4797 operibus,
2205 4729 2322 4783 vita
2351 4727 2782 4796 universorum,
2814 4730 2872 4782 et
2901 4725 3026 4798 ipse
3050 4730 3107 4782 te
3138 4725 3308 4783 nobis
3343 4719 3766 4785 manifestavit,

447 4810 676 4891 captiva
706 4814 1136 4891 peccatis.0uid
1167 4814 1323 4871 enim
1356 4815 1561 4871 ﬂueret
1590 4829 1704 4868 non
1736 4813 2095 4884 bibentibus,
2204 4817 2379 4873 corda
2404 4816 2710 4873 hominum
2744 4817 2815 4872 ad
2846 4815 3240 4888 cognitionem
3269 4816 3382 4870 tua
3431 4810 3764 4885 maiestatis
3790 4802 3839 4857 il-

449 4909 550 4967 sed
609 4906 1150 4966 contaminantibus
1198 4922 1394 4961 sacros
1444 4906 1692 4970 meatus,
1728 4920 1861 4959 cum
1901 4902 2095 4975 ipsum
2206 4905 2590 4963 luminentur.

445 4999 666 5055 fontem
726 4996 991 5054 necarint
1046 4995 1199 5065 (73)?
1253 4995 1449 5050 Bonus
1514 4997 1763 5059 torrens,
1823 4992 1923 5065 qui
1979 4991 2096 5048 illis
2275 4996 2369 5053 23.
2410 5018 2439 5045 «
2471 4996 2769 5051 Pratende
2799 5011 2937 5068 ergo
2970 4992 3436 5050 misericordiam
3465 4994 3637 5047 tuam
3683 4985 3839 5042 sciee'
3878 4985 3879 5027 1

448 5087 718 5155 cessavit,
768 5091 834 5143 ut
888 5085 1057 5163 nobis
1111 5085 1459 5154 abundaret,
1504 5086 1560 5138 et
1611 5082 1772 5137 sitim
1825 5081 2095 5137 humana
2203 5085 2361 5141 tibus
2392 5088 2467 5140 te.
2504 5108 2531 5135 ››
2568 5084 2950 5159 Prarogativa
2978 5082 3382 5158 pratenditur,
3416 5085 3480 5135 ut
3528 5074 3835 5163 mer-canatr

450 5176 791 5251 cupiditatis
858 5160 1160 5242 averteret,
1230 5173 1381 5230 sicut
1455 5176 1681 5227 torrens
1748 5172 1806 5226 in
1873 5173 2093 5227 austro.
2205 5172 2665 5231 misericordiam
2698 5154 2915 5246 quibus
2936 5154 3289 5247 cognitionis
3308 5173 3423 5226 tua
3442 5168 3727 5226 meritum
3748 5154 3836 5217 ὀἷ’

521 5374 634 5446 (73)
666 5374 751 5430 Ita
778 5373 917 5429 edit.
950 5375 1180 5446 et_mss.
1214 5369 1603 5446 aliquot._Alii
1634 5372 1831 5446 autem
1875 5368 2092 5446 plures,
2277 5368 2528 5446 (Mittis.
2560 5368 2825 5446 Thuan.,
2874 5369 3146 5446 Propheta.
3186 5376 3368 5446 autem
3403 5356 3830 5446 αάιτιηζυιηιΈξζ

450 5436 655 5513 [autem
683 5446 964 5514 negarint.
998 5444 1066 5498 Et
1094 5444 1246 5498 infra
1266 5436 1367 5499 ubi
1401 5442 1540 5497 edit.
1566 5446 1676 5498 vet.
1712 5442 1772 5496 in
1807 5436 2093 5514 margine,
2202 5436 2345 5497 mihi
2372 5436 2674 5497 Saluatoris
2725 5443 2784 5496 in
2813 5436 3031 5513 spiritu
3053 5439 3387 5514 praevidens,
3417 5440 3508 5497 cui
3534 5436 3655 5491 nisi

456 5513 619 5557 an-
658 5514 715 5557 in
767 5529 1006 5557 nnrnnrp.
1045 5530 1111 5557 nn
1156 5514 1320 5557 nnnni
1371 5530 1514 5557 mea.
1549 5522 1602 5557 pt
1641 5515 1793 5557 .n'h'm
1837 5511 2097 5557 hum/mm
2202 5520 2464 5557 omnium):
2510 5520 2630 5557 nrnt
2657 5513 2714 5557 in
2748 5520 2912 5557 Inrrm
2947 5511 3149 5557 dinei-rt
3194 5512 3339 5557 ητιηή
3367 5519 3419 5557 τε
3444 5513 3521 5557 ad
3548 5511 3678 5557 fans
3724 5540 3729 5541 γ

453 5511 1006 5596 Bonum-corpore
1045 5530 1111 5596 ac
1149 5514 1325 5596 pauci
1371 5530 1516 5596 mss:
1549 5515 1793 5596 etsitiin
1836 5511 2097 5569 humana
2202 5520 2464 5596 venturus
2506 5520 2633 5596 erat
2657 5513 2714 5567 in
2747 5511 2914 5596 terra,
2947 5511 3149 5596 diceret
3194 5512 3419 5596 apud‘te
3444 5511 3809 5596 ςξνςπῇ

450 5584 799 5656 cupiditatis;
829 5578 928 5640 alii
956 5578 1173 5656 majori
1194 5589 1518 5652 numero,et
1547 5586 1702 5642 sitim
1731 5585 1993 5643 humanae
2011 5600 2097 5641 ca-
2202 5589 2252 5641 et
2282 5586 2344 5639 in
2375 5584 2584 5656 lumine
2614 5587 2707 5640 tuo
2736 5578 2983 5641 videmus
3012 5578 3397 5643 laniem-Unde
3423 5584 3473 5639 et
3496 5578 3755 5637 suam
3786 5578 3834 5623 ll
3878 5582 3879 5621 ἲ

446 5654 746 5744 ριίυἰιαιὶσ.
1050 5654 1065 5656 “
2203 5656 2496 5731 Evangelia
2524 5654 2662 5715 dicit
2689 5672 2709 5713 :
2741 5656 2874 5729 Ego,
2906 5660 3017 5717 etc.
