3894 6208
99 379 227 445 10m

1103 380 1557 448 ENARRA'I‘IO
1601 387 1681 448 IN
1722 385 2104 454 PSALMUM
2143 387 2378 456 XXXV.

3284 393 3444 459 1010

98 515 332 604 fragatur.
363 506 616 604 Denique
643 508 703 572 in
735 512 1161 588 posterioribus
1187 518 1679 580 etiam-vilioribus
1709 519 1764 587 Α
1792 527 1890 580 tur
1920 542 1933 593 ;
1968 530 2032 581 ut
2055 525 2114 582 in
2145 526 2218 584 iis
2249 544 2481 600 quoque
2513 524 2612 602 qui
2645 525 2865 586 mundo
2903 527 3043 586 sunt
3101 528 3295 602 corde,
3345 531 3442 604 ju-

97 603 318 677 personis
339 601 597 659 studium
645 604 901 662 scientiae
961 609 1338 679 agnoscimus
1397 613 1680 676 suffraga-

91 699 213 757 tum,
235 693 440 748 dicente
463 693 710 750 Domino
742 711 754 748 :
791 717 818 745 ‹‹
853 695 1076 752 Memor
1105 714 1201 752 ero
1229 699 1431 756 Bahab
1464 705 1523 757 et
1572 703 1677 757 Ba-

99 781 282 854 bylonis
303 782 612 837 scientibus
634 801 724 839 me
741 784 916 855 '(Psal.
941 803 1162 852 LXXXVI,
1180 789 1230 851 4)
1257 807 1269 854 ;
1297 812 1325 838 ››
1351 790 1405 844 id
1431 795 1538 856 est,
1565 808 1679 846 me-

96 871 280 928 retricis
297 869 444 926 illius
469 871 687 932 Rahab.
708 877 764 929 et
780 875 1140 932 confusionis
1160 876 1317 932 illius
1339 895 1564 935 memor
1582 897 1678 935 ero

95 962 218 1025 apud
243 959 474 1016 scientes
495 977 607 1027 me,
629 963 718 1018 vel
757 964 910 1018 inter
960 964 1157 1036 ipsos;
1220 967 1358 1039 quia
1406 967 1680 1024 meretrix

93 1046 173 1102 illa
197 1062 274 1102 me
302 1049 543 1119 agnovit,
590 1066 767 1120 quem
799 1053 1053 1123 pOpulus
1087 1071 1200 1109 non
1236 1057 1487 1124 agnovit.
1527 1057 1680 1113 Inter

91 1136 196 1191 illos
219 1139 318 1205 (75)
340 1153 470 1205 ergo
501 1139 600 1209 qui
635 1155 730 1194 me
753 1141 1070 1208 sciverunt,
1120 1147 1681 1202 commemorabitur

96 1225 274 1289 Rahab,
305 1230 364 1280 ut
391 1226 631 1297 dignum
663 1229 798 1284 fidei
829 1232 1134 1299 praemium
1167 1233 1544 1304 adipiscatur.
1570 1236 1680 1291 Un-

93 1314 147 1369 de
162 1313 274 1368 etin
296 1315 595 1388 Evangelio
611 1318 829 1374 dictum
857 1321 1250 1379 advertimus:
1277 1345 1306 1373 ‹‹
1358 1323 1677 1379 Meretricis

89 1407 133 1456 et
143 1402 400 1474 publicani
423 1408 749 1475 praecedent
768 1426 868 1464 vos
891 1410 948 1464 in
972 1426 1150 1481 regno
1173 1411 1446 1468 caelorum
1472 1414 1671 1482 (Matth.

79 1492 410 1557 .m.31).Sed
433 1494 570 1564 quia
592 1495 830 1552 invalidi
853 1515 1062 1555 sumus
1095 1501 1166 1555 ad
1216 1503 1676 1573 exsequendum,

88 1577 195 1635 licet
220 1581 388 1637 devoti
419 1584 490 1638 ad
517 1585 875 1642 credendum
910 1602 923 1641 :
956 1591 1042 1654 tu,
1103 1591 1394 1661 praetende
1451 1591 1677 1647 miseri-

86 1670 300 1726 cordiam
325 1675 488 1728 tuam
522 1673 579 1728 in
611 1677 666 1730 te
699 1677 1094 1744 credentibus,
1127 1695 1242 1749 quo
1300 1680 1588 1735 devotioni
1623 1686 1680 1738 et

85 1757 193 1812 ﬁdei
218 1759 357 1816 facta
383 1778 618 1834 quoque
648 1752 850 1820 nostra
881 1767 1226 1823 conveniant
1250 1786 1262 1835 ;
1287 1785 1393 1823 nec
1413 1771 1677 1826 studium

1791 615 1950 672 stitia
1981 615 2180 674 divina
2209 621 2550 690 praetendat,
2583 619 2748 691 quasi
2782 619 3144 692 speculatrix
3173 619 3272 694 pia
3303 638 3317 690 ;
3366 637 3438 679 ne

1790 706 1958 761 nobis
1989 712 2360 777 peccatorum
2390 709 2548 764 velut
2577 709 2835 765 hostium
2865 710 3142 766 incursus
3175 712 3435 785 obrepat,

1791 799 1848 850 et
1879 795 2070 866 capiat
2099 797 2474 854 dormientes.
2511 798 2640 852 Ideo
2671 798 3034 870 vigilandum
3067 804 3174 868 est,
3207 818 3441 873 semper

1791 890 1985 939 castra
2017 887 2168 941 776
2199 886 2426 941 Domini
2462 888 2780 944 munienda
2836 893 2975 944 sunt
3005 907 3020 945 :
3075 889 3216 960 quia
3270 894 3436 948 nocte

1789 974 2023 1028 advenit
2053 975 2328 1030 inimicus
2375 980 2432 1031 et
2487 977 2874 1043 adversarius,
2936 980 3170 1046 quando
3228 997 3434 1037 somno

1791 1079 2000 1119 sensus
2029 1067 2279 1131 tenetur,
2315 1066 2441 1120 cibo
2477 1082 2687 1136 corpus
2718 1066 3090 1122 distenditur.
3133 1068 3432 1126 Orandum

1790 1155 1855 1207 ut
1875 1153 2110 1223 justitia
2142 1155 2239 1209 Dei
2273 1156 2595 1224 praetendat
2626 1155 2684 1208 in
2717 1155 2905 1222 nobis,
2941 1173 3067 1219 qua:
3095 1156 3155 1210 in
3185 1157 3434 1213 infirmi-

1788 1245 1906 1298 tate
1937 1244 2158 1313 positos
2189 1244 2360 1298 faciat
2391 1244 2680 1308 fortiores,
2714 1248 2777 1299 ut
2808 1245 2995 1316 possit
3027 1248 3436 1319 unusquisque

1789 1335 2052 1387 nostrum
2086 1333 2278 1387 dicere
2311 1351 2323 1388 :
2359 1357 2384 1382 ‹‹
2420 1334 2565 1388 Cum
2596 1333 2882 1402 inﬁrmor,
2908 1339 3049 1390 tunc
3070 1340 3280 1407 potens
3298 1354 3430 1393 sum

1789 1419 1858 1489 (II
1890 1421 2008 1476 Cor.
2044 1439 2142 1486 xu,
2180 1423 2287 1486 10).
2325 1444 2346 1470 ι

1857 1510 1947 1562 26.
1981 1508 2199 1565 Deinde
2229 1511 2404 1565 etiam
2436 1510 2768 1582 specialiter
2797 1528 2900 1582 pro
2931 1528 2993 1567 se
3025 1515 3172 1578 orat,
3205 1517 3270 1567 ut
3326 1531 3432 1570 nos

1788 1598 2008 1664 doceat,
2044 1589 2541 1670 quemadmodum
2570 1617 2733 1656 orare
2767 1600 3086 1665 debeamus
3117 1602 3187 1656 ad
3240 1602 3434 1658 Domi-

1789 1704 1934 1742 num
1969 1704 1982 1742 :
2015 1688 2173 1757 (vers,
2209 1689 2316 1757 12).
2356 1711 2383 1737 «
2416 1689 2540 1744 Non
2587 1689 2797 1752 veniat,
2859 1689 3070 1761 inquit,
3128 1690 3271 1746 mihi
3330 1708 3432 1761 pes

1789 1777 2095 1846 superbiae,
2132 1799 2159 1826 »
2189 1776 2245 1831 id
2279 1781 2369 1833 est
2398 1795 2509 1832 non
2533 1779 2590 1832 in
2625 1777 2960 1847 superbiam
2992 1779 3269 1835 incidam.
3321 1781 3434 1837 De-

83 1847 260 1904 mentia
285 1854 490 1910 nostrae
523 1853 806 1909 destituat
835 1856 1094 1926 corporis
1124 1856 1304 1926 hujus
1339 1859 1674 1926 inﬁrmitas,
1712 1893 1758 1956 Β
1793 1866 1970 1936 nique
1999 1871 2056 1920 et
2098 1865 2239 1920 alibi
2270 1867 2543 1921 meminit
2593 1867 2685 1922 sui
2717 1868 2917 1923 dicens
2953 1885 2966 1922 :
3000 1890 3028 1917 «
3055 1868 3122 1923 Si
3159 1885 3275 1924 non
3307 1885 3433 1924 am-

81 1937 160 1990 sed
188 1937 238 1992 in
266 1938 402 2010 ipsis
430 1942 859 1999 tentationibue
890 1949 949 1999 et
978 1945 1418 2002 inﬁrmitatibus
1476 1948 1682 2019 glorie-

81 2041 203 2090 mur,
228 2028 278 2083 in
309 2029 522 2101 quibus
553 2030 916 2103 gloriabatur
941 2034 1249 2105 Apostolus
1272 2035 1472 2091 dicens
1505 2053 1517 2090 :
1547 2059 1574 2085 ‹‹
1596 2038 1682 2092 Li-

78 2111 373 2174 bentissime
396 2119 596 2191 itaque
618 2122 806 2194 magis
823 2122 1118 2193 gloriabor
1137 2123 1197 2178 in
1229 2125 1679 2182 inﬁrmitatibus

73 2203 214 2343 ansis,
244 2211 301 2262 ut
325 2209 649 2280 praetendat
679 2209 738 2265 in
772 2227 865 2266 me
896 2210 1084 2269 virtus
1113 2211 1324 2269 Christi
1357 2214 1430 2282 (II
1449 2214 1678 2286 Conxu,

109 2325 136 2343 ι.
167 2316 192 2342 »

105 2316 136 2362 ί,
167 2316 192 2342 ))

126 2429 202 2484 21.
233 2429 406 2500 (Vere.
466 2435 551 2498 12,
594 2434 706 2504 13.)
739 2434 1133 2491 Pulcherrime
1165 2437 1362 2507 itaque
1410 2438 1633 2492 addidit
1665 2452 1678 2492 :

74 2537 95 2563 «
122 2516 227 2572 Non
254 2521 439 2576 veniat
470 2521 619 2576 mihi
650 2540 752 2594 pes
784 2524 1087 2594 superbiaa,
1122 2529 1177 2579 et
1235 2542 1446 2581 manus
1478 2543 1679 2598 pecca-

69 2605 228 2662 torum
255 2626 361 2664 non
392 2617 672 2667 moveant
701 2629 813 2667 me.
849 2612 932 2667 lbi
992 2614 1326 2669 ceciderunt
1373 2620 1680 2687 operantes

69 2691 418 2766 iniquitatem,
450 2700 683 2770 expulsi
717 2705 874 2768 sunt,
910 2719 1014 2757 nec
1073 2707 1390 2773 potuerunt
1439 2709 1612 2760 stare.
1649 2728 1676 2752 ››

68 2781 310 2854 Superius
339 2789 583 2858 quidam
645 2788 940 2861 accipiunt
986 2795 1305 2847 torrentem
1363 2792 1678 2864 voluptatis

67 2873 158 2924 tua
186 2872 240 2929 in
267 2877 694 2934 tentationibus
728 2879 1153 2947 fortitudinem,
1189 2881 1344 2936 sicut
1374 2886 1464 2938 est
1524 2899 1677 2938 mar-

68 2963 251 3032 tyrum,
287 2963 344 3019 in
404 2966 625 3037 quibus
665 2967 885 3038 placuit
924 2973 1036 3024 Deo
1077 2969 1350 3025 exhibere
1391 2970 1500 3025 sibi
1543 2987 1675 3025 sua-

62 3048 148 3115 vis,
222 3057 274 3108 et
336 3057 487 3127 grati
533 3056 868 3114 certaminis
906 3058 1285 3130 voluptatem.
1335 3059 1560 3114 Etenim
1627 3059 1676 3114 si

62 3135 250 3197 hiemes
285 3160 386 3215 pro
455 3145 884 3202 tentationibus
935 3148 1345 3219 accipiuntur:
1409 3149 1564 3203 unde
1621 3152 1679 3202 et

57 3231 308 3288 orandum
341 3222 648 3289 Dominus
706 3236 999 3302 admonet,
1061 3252 1131 3293 ne
1169 3237 1271 3291 ﬁat
1309 3241 1510 3292 nostra
1547 3237 1670 3292 hie-
1703 3265 1744 3330 Ο

59 3330 136 3372 me
167 3324 262 3375 aut
295 3323 540 3380 sabbato
583 3324 788 3391 (Matth.
820 3342 970 3392 xxxv,
1002 3326 1093 3396 20)
1127 3343 1140 3386 :
1169 3325 1278 3381 hoc
1334 3329 1424 3380 est
1473 3324 1562 3380 vel
1609 3325 1668 3381 in

51 3409 360 3478 tentatione,
417 3412 518 3468 vel
575 3413 691 3468 otio
734 3430 747 3481 ;
789 3413 983 3470 hieme
1037 3419 1232 3469 autem
1291 3414 1499 3470 crescit
1552 3419 1668 3469 tor-

55 3502 268 3560 rens,et
321 3500 704 3574 adimpletur,
766 3505 940 3574 atque
997 3501 1380 3559 intumescit:
1441 3507 1671 3560 torrens

49 3583 225 3656 utique
251 3605 353 3660 pro
384 3590 655 3662 graviore
684 3592 1003 3648 tentatione
1058 3596 1251 3662 potest
1309 3592 1513 3664 accipi,
1547 3611 1671 3665 quis

48 3676 121 3726 est
145 3675 198 3730 in
228 3680 760 3748 persecutionibus.
795 3682 864 3736 Et
893 3681 1019 3737 ideo
1050 3682 1196 3737 bene
1229 3686 1458 3737 torrens
1473 3682 1672 3753 volup-

43 3762 163 3817 tatis
197 3765 428 3836 dicitur,
463 3769 607 3840 quia
663 3769 763 3825 ubi
824 3771 1329 3842 superabundavit
1367 3776 1670 3842 peccatum

45 3857 463 3926 persecutionis,
499 3859 999 3930 superabundavit
1041 3865 1098 3915 et
1143 3859 1329 3931 gratia
1359 3861 1672 3916 confessio-

42 3951 137 3994 ms.

99 4075 177 4130 25.
207 4077 349 4136 Vide
380 4081 663 4137 virtutem
697 4081 1042 4153 prOpheticac
1075 4081 1491 4139 distinctionis.
1551 4083 1675 4138 Pri-

42 4178 121 4216 mo
149 4164 432 4238 injustum
468 4170 758 4241 exposuit,
795 4170 891 4242 qui
923 4170 1010 4226 vel
1042 4171 1099 4226 in
1133 4171 1305 4225 corde
1337 4188 1464 4239 suo,
1495 4171 1582 4226 vel
1615 4172 1672 4226 in

45 4258 594 4349 sermonesdicitrut
617 4257 737 4349 sibi
777 4258 1212 4349 delinquat,qvel
1267 4259 1344 4349 in‘
1379 4277 1440 4315 se
1497 4259 1676 4314 delin-

41 4345 194 4408 quat;
220 4343 391 4416 habet
417 4346 582 4403 enim
603 4346 840 4403 Graecus
881 4348 1080 4413 codex,
1102 4346 1152 4395 ἐν
1199 4345 1374 4410 έαυτῷ,
1407 4349 1464 4404 id
1498 4354 1586 4404 est
1617 4349 1674 4404 in

41 4441 89 4481 se
105 4428 351 4498 ipso,sed
377 4451 502 4490 non
533 4438 834 4490 omnes.Et
855 4435 1001 4490 forte
1023 4435 1317 4507 ideo,quia
1339 4458 1367 4485 ‹‹
1391 4436 1677 4509 insipiens

41 4513 81 4570 in
101 4521 264 4578 corde
284 4539 394 4580 suo
419 4523 572 4579 dixit
595 4524 734 4595 quia
758 4541 872 4580 non
897 4528 985 4580 est
1005 4525 1159 4581 Deus
1181 4527 1353 4596 (Psal.
1379 4543 1503 4595 x111,
1541 4528 1610 4595 1).
1651 4550 1675 4574 ››

1793 1954 1987 2009 bulavi
2017 1955 2078 2009 in
2109 1955 2344 2026 magnis
2401 1956 2568 2023 (Psal.
2605 1974 2767 2023 cxxx,
2828 1957 2900 2027 1).
2973 1978 3000 2006 »
3060 1957 3164 2012 Hic
3222 1957 3430 2024 oravit,

1791 2043 1869 2098 ibi
1900 2043 2162 2114 implevit
2196 2060 2209 2097 :
2243 2062 2357 2099 non
2388 2043 2712 2116 implesset,
2744 2045 2859 2100 nisi
2890 2049 3131 2100 orasset.
3160 2035 3432 2103 Cavenda

1791 2131 2087 2202 superbia,
2123 2149 2249 2202 quae
2283 2134 2460 2188 etiam
2491 2132 2551 2187 in
2581 2133 2876 2204 prosperis
2931 2133 3288 2203 supplantat.
3324 2139 3430 2190 De-

1788 2220 1965 2291 nique
1992 2222 2225 2291 gravius
2258 2223 2442 2277 Adam
2476 2222 2534 2277 in
2574 2222 2847 2293 paradiso
2876 2221 3102 2288 cecidit,
3153 2239 3326 2294 quam
3380 2223 3432 2288 si

1790 2309 2094 2364 cecidisset
2126 2311 2183 2364 in
2219 2315 2393 2365 terra.
2427 2311 2508 2366 De
2547 2310 2853 2367 altissimis
2909 2311 3134 2378 cadere,
3165 2312 3433 2385 praecipi-

1788 2399 1936 2452 tium
1969 2403 2059 2453 est
2091 2417 2102 2454 :
2137 2400 2192 2453 in
2223 2399 2412 2470 planis
2444 2399 2647 2470 lapsus
2675 2403 2935 2457 vocatur.
2979 2401 3110 2457 Ideo
3141 2418 3242 2473 pes
3277 2405 3435 2462 errat

1789 2488 2044 2559 superbi,
2079 2487 2217 2558 quia
2251 2491 2425 2560 caput
2455 2505 2570 2543 non
2603 2494 2758 2545 tenet
2792 2508 2804 2558 ;
2838 2488 2990 2545 oculi
3022 2490 3177 2545 enim
3201 2491 3432 2562 sapien-

1789 2575 1864 2629 tis
1889 2575 1945 2628 in
1978 2575 2167 2645 capite
2197 2576 2346 2644 ejus.
2380 2576 2506 2630 Non
2538 2576 2754 2631 mirum
2786 2593 2921 2646 ergo
2969 2576 3017 2631 si
3050 2580 3203 2632 errat
3255 2577 3432 2632 vesti-

1789 2664 1974 2735 gium,
2011 2664 2108 2718 ubi
2143 2665 2348 2720 oculus
2388 2682 2499 2720 non
2533 2665 2800 2720 habetur.
2857 2665 3147 2740 Przecedat
3201 2665 3428 2741 oculus,

1791 2758 1852 2807 ut
1882 2769 1983 2823 pes
2013 2758 2312 2823 sequatur.
2346 2752 2644 2816 Quomodo
2676 2755 2833 2809 enim
2861 2754 2920 2808 in
2955 2754 3212 2810 tenebris
3242 2741 3430 2810 viator

1787 2841 2079 2897 incederet
2111 2843 2224 2913 (76)
2254 2843 2280 2886 9
2311 2842 2432 2896 Cito
2463 2859 2563 2913 pes
2594 2843 2834 2898 offendit
2862 2842 2921 2897 in
2953 2846 3142 2907 nocte,
3172 2842 3221 2897 si
3262 2843 3431 2915 quasi

1787 2930 2027 3000 quidam
2061 2931 2265 2985 mundi
2299 2930 2504 2986 oculus
2533 2931 2686 2986 viam
2717 2931 2857 2986 luna
2888 2949 3003 2987 non
3034 2935 3339 2988 monstret.
3365 2933 3433 2988 Et

1784 3022 1848 3074 tu
1881 3019 1936 3073 in
1969 3024 2136 3074 nocte
2166 3037 2228 3074 es
2260 3019 2478 3083 saeculi,
2512 3024 2799 3075 monstret
2827 3019 2932 3075 tibi
2963 3019 3222 3076 Ecclesia
3249 3020 3426 3089 viam;

1785 3125 1852 3162 ex
1883 3107 1998 3163 alto
2030 3113 2084 3163 te
2108 3107 2350 3178 justitiee
2381 3107 2467 3163 sol
2502 3107 2812 3176 illuminat,
2841 3112 2906 3163 ut
2934 3108 3166 3180 lapsum
3223 3110 3428 3165 timere

1785 3214 1898 3252 non
1933 3198 2146 3269 possis.

1851 3286 1944 3342 27.
1979 3287 2047 3341 Et
2073 3285 2210 3357 quia
2240 3286 2445 3356 pedem
2505 3286 2727 3342 dixerat
2783 3285 3088 3358 superbia,
3145 3285 3374 3342 addidit
3404 3298 3421 3342 :

1783 3398 1811 3425 ‹‹
1844 3376 1911 3430 Et
1943 3392 2152 3431 manus
2183 3379 2552 3446 peccatorum
2585 3393 2700 3430 non
2735 3378 3023 3430 moveant.
3056 3390 3170 3432 me.
3207 3396 3235 3424 »
3293 3375 3424 3431 Ete-

1781 3465 1937 3520 enim
1970 3465 2121 3520 sicut
2148 3465 2332 3520 sancti
2365 3465 2628 3521 membra
2661 3467 2799 3520 sunt
2853 3463 3090 3531 Christi,
3123 3463 3205 3518 ita
3259 3462 3426 3536 impii

1783 3554 2050 3610 membra
2080 3558 2219 3610 sunt
2249 3553 2488 3609 diaboli.
2551 3554 2821 3609 «Manus
2879 3556 3252 3626 peccatorum
3311 3543 3426 3612 non

1785 3646 2054 3696 moveant
2085 3656 2199 3706 me,
2233 3663 2260 3689 ››
2294 3640 2351 3694 id
2383 3645 2490 3705 est,
2528 3645 2692 3696 actus
2748 3658 2951 3697 eorum
3011 3640 3110 3713 qui
3165 3645 3428 3714 peccant,

1784 3745 1901 3784 non
1921 3745 2028 3797 ,me
2059 3729 2129 3784 dc
2153 3728 2396 3798 justitiaa
2428 3729 2676 3785 statione
2705 3729 3056 3786 dimoveant.
3081 3729 3432 3802 Plerumque

1785 3816 1940 3875 enim
1976 3819 2116 3873 dum
2149 3817 2776 3893 vidcmuspeccatores
2804 3818 3101 3892 prosperis
3132 3819 3434 3876 abundare

1785 3907 2178 3969 successibus,
2235 3910 2515 3963 nutamns
2573 3909 2800 3976 affectu,
2836 3912 2893 3964 et
2949 3906 3117 3979 quasi
3175 3907 3432 3977 quadam

1785 3999 2156 4067 peccatorum
2188 4012 2364 4050 manu
2399 3997 2470 4050 de
2500 3995 2693 4051 radice
2721 3996 2953 4050 virtutis
2985 3992 3429 4051 avellimur.Ca-

1784 4085 2037 4140 vendum
2070 4100 2204 4155 ergo
2237 4100 2309 4139 ne
2340 4101 2489 4155 quos
2515 4085 2576 4139 in
2610 4085 2783 4140 domo
2815 4083 2915 4139 Dei
2967 4100 3178 4139 manus
3236 4082 3434 4148 divina

1786 4172 2086 4245 plantavit,
2121 4189 2331 4228 manus
2380 4173 2621 4227 adversa
2651 4171 3008 4243 supplantat.
3069 4170 3313 4228 Pulchre
3345 4175 3432 4226 ta-

1787 4278 1919 4317 men
1951 4261 2059 4316 hoc
2090 4259 2246 4324 dicit,
2311 4260 2408 4331 qui
2457 4278 2489 4316 a
2545 4259 3016 4332 persecutoribus
3073 4261 3430 4316 verberatur.

1789 4350 1895 4415 Qui
1957 4353 2148 4405 autem
2212 4353 2518 4404 moventur
2575 4350 2644 4404 de
2697 4349 2889 4404 radice
2945 4365 3074 4414 sua,
3143 4365 3259 4419 qua
3303 4349 3431 4419 jam

1791 4439 2019 4494 Christo
2051 4439 2420 4502 inhaeserant,
2450 4439 2688 4494 cadunt.

1858 4531 1947 4583 28.
1981 4528 2143 4584 Vers.
2190 4528 2302 4596 13.)
2361 4527 2523 4582 Unde
2581 4527 2851 4583 addidit:
2895 4550 2915 4576 «ι
2972 4526 3052 4582 Ibi
3102 4526 3437 4582 ceciderunt

41 4603 249 4701 ieforte
269 4616 326 4666 et
341 4611 618 4701 injustas
641 4613 798 4668 intra
820 4630 885 4670 se
908 4613 1090 4680 dicat,
1112 4617 1168 4668 et
1204 4613 1359 4669 intra
1381 4631 1444 4670 se
1493 4612 1677 4670 delin-
1716 4638 1759 4701 Ι)
1791 4617 1892 4688 qui
1920 4621 2238 4688 operantur
2265 4615 2712 4687 iniquitatem.»
2749 4614 2896 4679 Quid
2929 4619 3042 4684 est,
3073 4614 3200 4670 ibi?
3228 4613 3436 4670 Utrum

41 4695 314 4764 luat,licet
334 4700 531 4757 Deum
550 4701 744 4774 palam
768 4717 980 4774 negare
1001 4702 1298 4758 dementis
1319 4703 1395 4758 sit
1417 4721 1429 4769 ;
1456 4703 1686 4771 injusti-

42 4781 150 4839 ‘iam
169 4792 372 4846 autem
400 4789 670 4863 plerique
691 4806 795 4862 pro
834 4789 1004 4845 laude
1054 4791 1418 4862 profitentur.
1463 4791 1684 4863 Rapere

41 4872 190 4943 enim,
207 4893 424 4936 nocere
447 4878 628 4935 etiam
654 4879 726 4935 iis
747 4879 849 4951 qui
873 4896 987 4935 non
1005 4879 1342 4950 lmserint,et
1363 4880 1683 4936 circumve-

42 4961 136 5018 nire
154 4965 436 5040 plerique
461 4967 578 5024 sibi
603 4968 944 5024 existimant
963 4968 1304 5040 gloriosum.
1329 4970 1478 5040 Ergo
1496 4969 1683 5040 primo

41 5050 210 5120 njusti
245 5056 446 5113 vitam
485 5056 776 5128 exposuit,
800 5061 1003 5128 postea
1023 5061 1454 5112 sacramentum
1480 5057 1685 5111 divinae

42 5141 374 5212 tognitionis
409 5145 685 5214 adjunxit
717 5163 730 5212 ;
766 5149 829 5200 ut
860 5145 1132 5201 timentes
1163 5149 1362 5208 Deum,
1401 5145 1680 5216 iniquita-

42 5243 116 5285 3m
149 5236 206 5286 et
234 5233 617 5304 injustitiam
649 5233 1034 5290 declinemus.
1073 5234 1311 5289 Precem
1345 5233 1590 5301 addidit,
1626 5253 1690 5306 ut

42 5316 70 5371 b
101 5319 488 5392 injustorum
521 5322 813 5378 consortio
838 5323 1034 5394 justos
1057 5339 1195 5378 suos
1218 5322 1468 5378 liberare
1490 5323 1691 5402 digne_

69 5444 183 5511 (75)
214 5446 374 5520 Mss.
419 5446 566 5519 Reg.
603 5446 856 5518 Remig.,
892 5449 1072 5520 Long,
1107 5447 1268 5511 Vale,
1324 5452 1381 5502 et
1435 5447 1686 5508 Thuan.,

41 5532 160 5571 uem
192 5519 455 5590 populus
488 5535 596 5575 non
640 5521 909 5591 cognovit,
969 5527 1029 5575 ut
1085 5521 1306 5575 electus.
1369 5521 1513 5576 Inter
1568 5520 1690 5575 illos

41 5591 178 5728 ιῗθϋ)
230 5661 387 5718 Cod.
425 5661 594 5732 Reg,
626 5661 900 5729 Quomodo
950 5676 1081 5732 (ergo
1113 5662 1173 5715 in
1231 5661 1467 5732 tenebris
1514 5663 1695 5715 viator

41 5733 311 5799 tradens;
359 5733 862 5806 Remig.,Long.,
917 5731 1070 5789 Valc.
1129 5736 1184 5788 et
1242 5731 1490 5799 Thuan.,
1555 5733 1692 5799 Quo-

1796 4705 1896 4760 ubi
1929 4709 2017 4760 est
2047 4705 2342 4777 superbia,
2376 4704 2476 4760 ubi
2507 4709 2595 4760 est
2621 4721 2833 4760 manus
2863 4707 3236 4776 peccatorum
3263 4702 3292 4756 ?
3347 4707 3438 4756 An

1797 4794 1896 4848 ubi
1930 4795 2184 4859 stabant,
2219 4793 2318 4850 ubi
2347 4797 2513 4850 erant
2543 4798 2675 4850 ante
2725 4792 2972 4866 plantati
3009 4811 3022 4860 ;
3081 4791 3160 4847 ibi
3217 4789 3438 4845 cecide-

1794 4884 1932 4936 runt
1961 4880 1988 4934 ?
2018 4885 2106 4934 An
2137 4880 2196 4935 in
2227 4881 2438 4948 vicino,
2467 4886 2540 4937 an
2572 4883 2631 4936 in
2664 4880 3006 4948 continenti,
3031 4875 3199 4949 quasi
3228 4875 3288 4929 in
3311 4873 3439 4944 ipso

1796 4973 2077 5039 tempore,
2111 4968 2170 5023 in
2205 4969 2330 5039 ipso
2359 4969 2484 5024 loco
2513 4970 2541 5022 ‘?
2571 4969 2639 5023 Et
2671 4968 2894 5022 videtur
2925 4965 3291 5037 ambiguum.
3325 4961 3438 5018 Sed

1798 5055 1934 5110 alibi
1969 5057 2247 5112 docemur
2277 5056 2374 5126 qui
2408 5055 2483 5112 sit
2513 5058 2611 5122 ibi,
2644 5055 2741 5110 ubi
2775 5053 3031 5109 dicitur:
3080 5075 3109 5102 ‹‹
3161 5049 3244 5106 Ibi
3278 5049 3438 5105 dolo-

1799 5162 1889 5199 rcs
1923 5143 2074 5199 sicut
2105 5143 2485 5215 parturientis
2515 5141 2690 5215 (I’sal.
2725 5159 2899 5207 xvcu,
2923 5142 3001 5209 7).
3036 5161 3063 5191 »
3099 5139 3295 5195 Bonus
3336 5138 3438 5194 do-

1795 5231 1885 5289 lor
1912 5233 1962 5288 ei
1997 5233 2088 5287 cui
2122 5236 2324 5304 partus
2356 5234 2468 5302 (77)
2525 5237 2612 5288 est
2668 5231 2824 5297 fidei,
2887 5247 3000 5301 quo
3058 5226 3328 5286 Christus
3379 5227 3439 5284 in
3497 5225 3506 5233 ’

1798 5321 2058 5378 Ecclesia
2116 5323 2421 5386 formatur,
2476 5325 2530 5376 te
2587 5319 2865 5375 nascitur.
2928 5319 2994 5374 Et
3054 5316 3191 5374 alibi
3249 5315 3437 5374 dicit:

1797 5447 1951 5502 modo
1983 5463 2108 5512 ergo
2137 5447 2261 5501 siin
2290 5445 2528 5500 tenebris
2557 5447 2732 5500 viator
2788 5443 3018 5500 incedat.
3052 5443 3179 5500 Non
3237 5442 3389 5500 male
3423 5460 3436 5513 ;

1797 5525 1994 5574 tamen
2025 5517 2160 5572 edit.
2196 5521 2368 5585 atque
2400 5515 2499 5572 alii
2532 5532 2675 5572 mss.
2708 5515 2939 5572 melius.

1871 5592 1981 5659 (77)
2013 5589 2150 5645 Cod.
2183 5587 2410 5654 Thuan,
2447 5593 2630 5643 Bonus
2657 5589 2829 5657 dolor,
2863 5591 2914 5644 et
2971 5587 3110 5659 bona
3167 5587 3256 5642 ria.
3307 5603 3441 5658 par-

1800 5658 1885 5716 tus
1914 5680 1934 5723 ;
1959 5662 2054 5717 cui
2087 5660 2369 5716 accedunt
2398 5659 2497 5716 alii
2527 5663 2798 5732 quatuor,
2859 5659 2919 5715 in
2974 5658 3188 5732 quibus
3247 5664 3442 5717 tamen

1797 5750 1906 5789 vox
1938 5735 2077 5792 bona
2100 5733 2482 5790 des1deratur.
