3894 6208
341 390 492 454 1021

1393 387 1853 454 ENARRATIO
1896 389 1978 454 IN
2023 385 2409 454 PSALMUM
2453 385 2718 484 xxxv1.

3599 349 3754 452 lose

339 528 466 586 Non
499 523 680 585 semel
713 521 933 584 athleta
966 495 1243 594 luctatur,
1302 541 1407 583 nec
1466 524 1643 584 semel
1693 523 1990 598 praeliatur
2017 527 2074 594 Α
2103 525 2460 598 compleatur
2481 526 2635 597 quod
2667 524 2952 595 scriptum
2983 525 3108 580 est:
3145 544 3172 575 «
3199 521 3289 579 Ira
3331 523 3524 596 perdit
3578 524 3755 582 etiam

337 615 531 684 miles,
566 621 632 672 ut
673 615 966 690 stipendia
995 633 1103 672 sua
1132 615 1316 688 possit
1347 614 1627 688 implere;
1662 619 1718 670 et
1747 615 1850 671 tibi
1875 631 1990 670 non

337 723 475 763 eum
507 723 627 762 una
656 705 929 778 passione
960 698 1255 760 luctamen
1279 708 1386 760 est.

319 795 328 802 ’
409 795 498 849 18.
532 794 718 863 (Vers.
751 795 826 866 8).
859 793 1194 866 Superiores
1250 793 1299 847 si
1355 792 1606 849 evaseris
1665 792 1989 864 passiones,

335 883 425 941 ira
455 883 756 950 succedit;
788 887 844 938 et
873 882 1001 938 ideo
1032 882 1137 937 tibi
1171 882 1314 937 dicit
1343 882 1681 954 Scriptura:
1716 905 1741 930 «
1783 881 1992 937 Desine

336 974 410 1028 ab
443 973 533 1027 ira
561 976 617 1028 et
676 971 940 1042 relinque
995 971 1546 1040 indignationem.»
1605 970 1756 1025 Sunt
1807 969 1993 1026 multa

331 1061 479 1126 vitia
508 1077 635 1132 qua:
668 1061 957 1131 obrepunt
987 1059 1422 1131 insipientibus.
1459 1059 1549 1113 Ira
1579 1057 1772 1130 gravis
1798 1059 1992 1129 passio

334 1154 460 1205 est:
495 1149 842 1220 plerumque
865 1147 1132 1202 accendit
1163 1148 1405 1202 invitum
1434 1165 1446 1214 ;
1481 1151 1537 1202 et
1567 1146 1857 1202 volantem
1894 1147 1993 1201 mi-

329 1239 456 1294 tius
487 1238 799 1303 vindicare,
833 1237 889 1290 in
925 1238 1178 1296 furorem
1211 1235 1381 1307 rapit,
1417 1239 1480 1290 ut
1511 1235 1760 1308 perimat
1815 1251 1991 1306 quem

332 1327 629 1401 putaverit
677 1325 1082 1382 coercendum.
1152 1325 1516 1390 Commotus,
1577 1324 1770 1397 gladio
1840 1341 1993 1397 saepe

329 1415 769 1472 transverberat
809 1414 1210 1480 innocentem.
1246 1414 1480 1469 Amicos
1511 1417 1567 1469 et
1623 1413 1834 1469 fratres
1893 1430 1994 1486 per

329 1503 800 1577 indignationem
851 1501 1089 1575 plurimi
1122 1506 1534 1575 peremerunt."
1575 1503 1706 1557 Ideo
1757 1502 1992 1574 sapiens

333 1593 519 1649 dicit:
555 1593 679 1648 «Ira
714 1591 905 1664 perdit
961 1592 1133 1646 etiam
1197 1591 1492 1663 sapientes
1524 1592 1704 1662 (Prov.
1730 1609 1823 1656 xv,
1853 1591 1924 1662 Ι).
1960 1613 1987 1640 »

329 1679 666 1738 Salomonis
693 1679 915 1735 dictum
946 1685 1052 1747 est,
1088 1679 1226 1752 quia
1251 1697 1364 1735 non
1385 1679 1576 1735 solum
1609 1696 1992 1752 quoscunque

332 1771 410 1826 de
443 1769 635 1824 medio
663 1769 954 1834 homines,
988 1769 1088 1823 sed
1120 1769 1297 1824 etiam
1329 1767 1486 1840 ipsos
1526 1769 1731 1841 perdat
1780 1769 1867 1825 ira
1898 1787 1990 1824 sa-

329 1859 584 1932 pientes.
614 1862 681 1913 Et
704 1858 884 1914 David
916 1857 1240 1930 sapientem
1273 1861 1470 1914 monet
1501 1857 1739 1914 dicens:
1801 1880 1828 1907 «
1887 1863 1988 1914 De-

330 1948 467 2004 sine
499 1948 569 2003 ab
601 1947 726 2015 ira;
764 1971 786 1999 ι
824 1964 894 2001 ne
933 1963 1068 2002 cum
1121 1945 1457 2002 accenderis
1513 1961 1663 2016 eam,
1724 1945 1825 2002 illa
1878 1964 1992 2002 non

319 2036 570 2093 'desinat
600 2035 947 2108 priusquam
980 2039 1034 2091 te
1053 2036 1182 2106 ejus
1213 2035 1452 2091 ﬂamma
1472 2039 1802 2091 consumat.
1835 2059 1854 2083 ι
1883 2037 1990 2091 Re-

330 2125 561 2197 linque,
593 2124 806 2196 inquit,
837 2123 1302 2196 indignationem
1334 2143 1347 2192 ;
1410 2146 1437 2173 »
1477 2125 1587 2180 hoc
1645 2129 1752 2191 est,
1786 2130 1994 2180 natura

327 2218 394 2280 te
425 2213 598 2286 rapit,
629 2218 821 2269 movet
846 2213 1108 2280 affectus,
1142 2213 1312 2286 culpa
1365 2217 1420 2268 te
1477 2212 1726 2283 alicujus
1786 2214 1993 2269 excitat

327 2303 425 2359 vel
459 2303 700 2372 oﬂ'ensa,
733 2306 798 2358 ut
828 2302 1172 2374 indigneris,
1216 2303 1317 2357 sed
1377 2319 1491 2358 non
1546 2319 1991 2375 usquequaque,

333 2397 408 2448 ut
435 2393 678 2448 modum
701 2392 957 2448 nescias:
993 2390 1255 2462 relinque
1293 2407 1443 2458 eam,
1499 2392 1672 2446 ﬁnem
1731 2391 1985 2463 impone,

332 2498 414 2546 ne
452 2485 507 2536 te
528 2481 588 2536 in
618 2484 922 2553 peccatum
955 2480 1166 2536 trahat.
1199 2480 1316 2536 Hoc
1345 2485 1452 2547 est,
1487 2482 1641 2553 quod
1694 2471 1872 2552 supra
1901 2482 1987 2536 di-

331 2571 460 2627 xit:
495 2593 524 2619 «
556 2569 901 2640 Irascimini,
933 2575 989 2626 et
1047 2568 1223 2624 nolite
1252 2585 1488 2641 peccare
1520 2570 1688 2641 (Psal.
1725 2586 1798 2637 IV,
1831 2570 1909 2641 5).
1959 2593 1986 2619 ››

330 2660 466 2716 Non
499 2659 654 2715 enim
684 2659 952 2715 hortatur
979 2662 1041 2712 ut
1070 2657 1361 2726 irascaris,
1397 2659 1497 2714 sed
1530 2659 1602 2713 ad
1632 2663 1866 2731 tempus
1896 2675 1993 2713 ee-

334 2748 428 2804 dit
458 2747 719 2816 alfeetui;
755 2748 852 2802 dat
881 2751 1079 2802 tamen
1117 2747 1632 2812 medicamentum,
1667 2763 1738 2803 ne
1769 2747 1993 2804 diutius

331 2836 426 2893 vis
465 2835 675 2893 ulceris
707 2839 921 2909 serpat.
955 2859 983 2884 ‹‹
1037 2835 1382 2903 Irascimini,
1417 2859 1444 2886 »
1505 2836 1659 2908 quod
1716 2835 1820 2903 ait,
1877 2840 1989 2890 tuae

331 2930 429 2982 est
459 2924 772 2998 passionis.
818 2924 1080 2980 Medicus
1111 2925 1268 2980 enim
1327 2941 1441 2980 non
1501 2925 1699 2980 statim
1753 2925 1993 2980 adhibet

331 3013 767 3071 medicamenta
794 3013 1105 3086 languori;
1148 3015 1195 3069 si
1257 3013 1422 3084 dolor
1473 3014 1673 3081 fervet,
1735 3014 1994 3069 fomenta

334 3103 598 3167 adhibet,
632 3107 698 3158 ut
728 3103 1000 3159 mitescat
1029 3101 1228 3176 dolori;
1266 3103 1313 3159 si
1355 3103 1532 3159 febris
1567 3107 1869 3168 exzestuat,
1903 3119 1990 3158 re-

335 3191 521 3249 medii
552 3195 788 3264 tempus
826 3196 1140 3264 exspectat,
1171 3191 1367 3264 ipsum
1425 3195 1627 3263 potum
1647 3191 1991 3248 sitientibus

2104 615 2420 688 sapientes.
2451 639 2477 665 »

2181 707 2258 759 19.
2295 705 2480 778 (Vers.
2516 708 2568 774 R,
2600 704 2679 774 9.)
2712 705 2861 777 Ergo
2894 707 2956 759 tu
2988 720 3059 759 ne
3089 703 3295 759 audias
3355 719 3528 760 eum:
3596 731 3614 760 ι
3684 721 3758 762 ne

2102 794 2394 850 amuleris
2426 798 2490 850 ut
2521 794 2786 865 nequiter
2818 792 3018 849 facias.
3053 793 3338 858 Quoniam
3362 794 3461 865 qui
3493 795 3760 868 nequiter

2101 888 2305 954 agunt,
2337 883 2899 940 exterminabuntur.
2940 906 2965 930 ››
2999 882 3476 938 Exterminantur
3519 884 3617 955 qui
3668 902 3757 939 ra-

2102 973 2260 1027 dices
2295 989 2408 1026 non
2443 971 2682 1038 habent,
2718 972 2870 1027 sicut
2902 971 3057 1028 olera
3085 971 3172 1027 vel
3208 971 3426 1027 fenum.
3460 973 3628 1029 Olera
3671 973 3756 1028 in-

2103 1062 2308 1115 ﬁrmus
2333 1061 2683 1115 manducet:
2712 1065 2773 1114 tu
2805 1065 3001 1116 autem
3040 1060 3216 1116 vitem
3250 1061 3441 1118 insere
3500 1063 3557 1118 in
3617 1079 3756 1135 agro

2101 1155 2222 1216 tuo,
2257 1150 2482 1205 vineam
2520 1149 2780 1204 institue.
2807 1149 2874 1204 Et
2905 1149 2952 1204 si
2980 1150 3204 1204 venerit
3232 1150 3451 1222 Achab,
3485 1151 3586 1222 qui
3653 1151 3756 1207 tibi

2100 1238 2292 1294 dicat:
2328 1261 2356 1288 «
2390 1239 2474 1293 Da
2505 1238 2648 1293 mihi
2681 1238 2910 1293 vineam
2937 1242 3123 1306 tuam,
3157 1241 3222 1292 ut
3252 1238 3409 1295 olera
3459 1239 3599 1295 mihi
3663 1257 3758 1296 se-

2102 1344 2224 1382 ram
2260 1327 2359 1399 (III
2392 1329 2518 1396 Reg.
2553 1345 2670 1395 xxx,
2702 1327 2758 1398 2)
2792 1347 2804 1395 ;
2843 1350 2870 1376 »
2902 1327 3019 1383 noli
3050 1327 3100 1382 ei
3146 1328 3537 1400 acquiescere,
3575 1346 3645 1385 ne
3673 1345 3740 1384 ex

2101 1433 2388 1472 consensu
2421 1421 2520 1471 tuo
2545 1417 2766 1471 caduca
2798 1420 2974 1484 serat,
3007 1417 3311 1473 abscindat
3343 1423 3574 1473 mterna.
3631 1419 3762 1474 Ideo

2101 1505 2369 1561 Nabuthe
2427 1504 2583 1561 inter
2630 1509 2866 1561 sanctos
2925 1505 3198 1573 habetur,
3255 1507 3394 1577 quia
3473 1508 3762 1577 majorum

2101 1611 2345 1650 suorum
2378 1595 2796 1659 haareditatem,
2830 1611 2902 1649 ne
2933 1594 3053 1666 regi
3087 1595 3324 1666 quidem
3380 1596 3607 1667 putavit
3635 1613 3764 1652 esse

2101 1684 2458 1750 cedendam;
2495 1689 2551 1738 et
2581 1682 2826 1755 lapidari
2887 1682 3114 1749 maluit,
3180 1687 3244 1738 ut
3299 1683 3530 1739 vineam
3587 1702 3760 1742 suam

2102 1789 2218 1828 non
2250 1773 2412 1828 daret
2436 1772 2494 1826 in
2527 1766 3263 1843 direptionemﬂzereditas
3297 1773 3766 1842 majorum,ﬂdes

2104 1877 2238 1916 vera
2267 1865 2373 1916 est.
2408 1860 2769 1916 Exstiterunt
2791 1860 2989 1915 Ariani
3013 1859 3192 1932 regali
3216 1861 3450 1916 subnixi
3484 1863 3765 1933 potentia,

2103 1950 2205 2021 qui
2235 1949 2523 2022 templum
2545 1949 2774 2005 Domini
2795 1954 3069 2021 putarent
3091 1949 3201 2004 sibi
3229 1966 3359 2006 esse
3391 1951 3766 2021 tradendum,

2102 2038 2392 2111 supplicia
2425 2039 2634 2094 acerba
2667 2037 3044 2104 minitantes;
3091 2040 3190 2092 sed
3253 2039 3426 2107 absit,
3489 2044 3554 2095 ut
3611 2041 3764 2112 apud

2091 2117 2360 2182 'mentem
2396 2127 2643 2182 Domino
2667 2126 3017 2182 servientem
3051 2127 3519 2198 praeponderaret
3576 2128 3766 2201 magis

2103 2233 2283 2287 poena:
2317 2216 2589 2281 formido,
2623 2232 2801 2286 quam
2830 2217 3018 2271 forma
3053 2216 3309 2287 pietatis.
3370 2216 3492 2273 Non
3546 2234 3766 2290 praeva-

2105 2304 2213 2359 luit
2241 2305 2503 2376 perfidia,
2539 2305 2676 2375 quia
2709 2305 2853 2359 fides
2889 2303 3118 2360 restitit.
3153 2305 3256 2360 Est
3286 2305 3463 2361 etiam
3497 2307 3766 2378 quaedam

2104 2392 2272 2448 vinea
2303 2393 2359 2447 in
2391 2392 2723 2465 pectoribus
2756 2391 3040 2458 fidelium,
3073 2393 3144 2446 de
3179 2409 3295 2463 qua
3352 2393 3493 2449 dicit
3539 2395 3764 2471 Isaias:

2105 2480 2337 2537 «Vinea
2369 2483 2519 2537 facta
2573 2485 2662 2538 est
2711 2480 2923 2537 dilecto
2983 2484 3041 2536 in
3104 2499 3285 2537 cornu
3339 2483 3501 2538 uberi
3551 2507 3577 2532 ››
3636 2485 3764 2556 (Ιιςα⁸

2101 2587 2156 2640 v,
2191 2571 2258 2640 1).
2287 2593 2313 2617 ››
2343 2571 2500 2625 Hanc
2523 2569 2756 2625 vineam
2787 2569 3072 2626 Dominus
3103 2569 3388 2641 plantavit
3412 2567 3470 2625 in
3494 2571 3769 2627 cordibus

2103 2658 2318 2714 nostris
2371 2662 2428 2714 et
2448 2659 2579 2714 ideo
2645 2658 2900 2731 legimus
2943 2658 3232 2714 dicentem
3284 2659 3500 2715 Deum:
3539 2683 3591 2709 .«
3650 2661 3768 2733 Ego

2101 2750 2156 2802 te
2188 2747 2447 2819 plantavi
2505 2747 2682 2802 vitem
2739 2747 3101 2802 fructiferam
3159 2752 3342 2802 totam
3403 2765 3602 2804 veram
3665 2750 3768 2820 (Je-

2100 2852 2234 2894 rem.
2271 2854 2333 2903 ιι,
2363 2836 2475 2907 21),
2511 2858 2538 2885 ››
2571 2836 2752 2892 Nemo
2783 2853 2921 2909 ergo
2963 2836 3034 2890 de
3094 2853 3234 2908 agro
3293 2835 3503 2892 animae
3559 2842 3767 2894 nostras

2100 2925 2249 2980 hanc
2281 2926 2511 2981 auferat
2539 2925 2717 2980 vitem
2756 2943 2769 2992 ;
2825 2924 2966 2996 quia
2999 2924 3308 2980 benedicta
3337 2929 3426 2980 est
3485 2942 3552 2982 ea
3611 2927 3766 2983 vitis.

2103 3015 2350 3086 Ideoque
2375 3015 2601 3069 dictum
2633 3014 2808 3070 estde
2829 3015 3088 3070 sanctis:
3129 3036 3155 3064 «
3179 3013 3437 3070 Afructu
3469 3014 3766 3085 frumenti,

2103 3103 2236 3171 vini,
2287 3108 2344 3158 et
2401 3103 2536 3173 olei,
2597 3102 2974 3175 multiplicati
3035 3107 3176 3158 sunt
3232 3103 3404 3175 (Psal.
3468 3121 3540 3171 IV,
3603 3106 3680 3175 8).
3741 3127 3770 3154 »

2105 3192 2330 3247 Bonum
2363 3195 2452 3248 est
2479 3208 2616 3263 ergo
2663 3191 2878 3246 habere
2935 3191 3089 3245 intra
3146 3195 3201 3246 te
3260 3190 3578 3249 toreularia
3637 3194 3768 3250 vino

333 3297 553 3354 negare
593 3281 910 3338 consuevit.
970 3281 1093 3336 Non
1144 3281 1318 3337 dicit:
1381 3281 1509 3336 Noli
1563 3281 1795 3351 febrire,
1853 3297 1987 3335 cum
2019 3266 2062 3333 C
2103 3279 2533 3347 redundantia;
2570 3283 2635 3333 ut
2669 3279 2813 3333 ﬂuat
2845 3279 2948 3333 tibi
2981 3277 3182 3333 vinum
3218 3278 3276 3332 in
3311 3295 3414 3334 vas
3471 3283 3641 3334 tuum
3697 3281 3770 3335 de

337 3385 522 3441 vapor
552 3369 729 3425 fervet
785 3369 1004 3442 (egroti,
1053 3371 1158 3440 sed
1205 3370 1376 3425 dicit:
1435 3370 1719 3442 Exspecta
1775 3365 2010 3425 desinat
2113 3368 2282 3424 vinea
2309 3368 2542 3438 Sorech,
2575 3365 2850 3439 poculum
2879 3365 3022 3421 illud
3055 3365 3353 3420 inebrians
3402 3382 3580 3438 quam
3621 3384 3768 3437 prae-

343 3459 545 3526 febris,
578 3459 880 3531 digeratur
908 3460 1248 3528 commotio.
1279 3459 1384 3528 Sie-
1428 3462 1486 3515 et
1541 3458 1829 3530 Propheta
1887 3476 2001 3513 non

347 3548 540 3622 potuit
568 3548 758 3603 dicere
787 3548 1032 3615 homini,
1065 3549 1236 3620 cujus
1279 3564 1410 3604 caro
1443 3552 1507 3603 ut
1553 3547 1730 3603 variis
1763 3549 2003 3604 morbo-

345 3651 505 3702 rum,
536 3635 618 3691 ita
638 3636 1099 3692 commotionum
1124 3636 1501 3709 passionibus
1529 3637 1847 3692 excitatur:
1876 3638 2002 3695 Non

340 3725 626 3792 irascere;
661 3726 761 3781 sed
786 3725 961 3781 dicit:
993 3749 1019 3774 «
1055 3726 1265 3781 Desine
1301 3727 1370 3780 ab
1401 3725 1508 3796 ira,
1541 3730 1598 3781 et
1647 3725 2000 3798 indignatio-

343 3830 481 3870 nem
513 3812 796 3886 relinque,
830 3831 902 3870 ne
934 3831 1135 3888 pecces
1164 3833 1176 3882 ;
1209 3815 1296 3870 ira
1324 3815 1481 3870 enim
1513 3815 1706 3886 gravis
1735 3819 1822 3869 est
1881 3831 2000 3870 ma-

343 3903 530 3976 gistra
559 3903 800 3975 peccati.
831 3903 994 3958 Alius
1025 3921 1257 3976 quoque
1289 3903 1551 3958 medicus
1599 3903 1776 3970 dicit;
1833 3927 1853 3952 ι
1904 3904 2000 3959 Sol

341 4009 463 4048 non
530 3991 757 4046 occidat
813 4009 988 4064 super
1029 3992 1393 4048 iracundiam
1472 3995 1724 4047 vestram
1787 3993 1996 4064 (Ephes.

341 4098 424 4148 IV,
454 4079 580 4154 26):
619 4103 646 4130 ››
678 4095 750 4136 ne
771 4081 912 4136 dum
943 4080 1044 4137 diu
1075 4081 1294 4146 differs,
1342 4080 1539 4136 veniat
1571 4081 1664 4136 ille
1717 4081 1816 4154 qui
1848 4083 1998 4138 eale-

339 4170 567 4225 factum
597 4170 860 4243 corporis
907 4187 1114 4226 somno
1145 4170 1391 4225 exsitare
1421 4171 1742 4238 consuevit,
1780 4175 1836 4225 et
1891 4171 1997 4226 sti-

341 4257 531 4314 mulet
559 4263 634 4326 te,
667 4260 888 4328 inserat
927 4259 1034 4314 tibi
1089 4258 1490 4332 cogitationes,
1552 4263 1604 4313 et
1665 4259 1722 4315 in
1769 4264 1998 4316 sacreta

339 4365 406 4404 se
437 4346 520 4402 tui
552 4348 802 4419 pectoris
833 4348 1145 4421 immergat
1175 4348 1394 4403 dicens.
1429 4347 1678 4404 Vindiea
1723 4347 2000 4420 injuriam

340 4441 528 4504 tuam,
553 4435 742 4492 virum
775 4441 831 4492 te
856 4454 986 4493 esse
1015 4453 1298 4510 cognosce
1319 4454 1332 4503 ;
1353 4435 1617 4492 femineae
1639 4437 2000 4494 infirmitatis

340 4529 454 4595 est,
498 4543 610 4580 non
645 4542 848 4598 capere
903 4526 1246 4582 vindictam.
1306 4526 1455 4599 Ergo
1514 4530 1887 4583 contemnere
1945 4532 2000 4584 te

2113 3457 2335 3512 clarum
2362 3458 2373 3511 !
2407 3455 2621 3512 Soreeh
2650 3456 2808 3510 enim
2839 3455 3008 3509 vinea
3036 3454 3166 3509 novi
3217 3454 3487 3526 principii
3546 3460 3658 3525 est,
3714 3461 3772 3512 et

2114 3564 2271 3602 novae
2303 3545 2592 3618 aequitatis
2622 3544 2755 3616 (97).
2793 3543 2956 3599 Uncto
2987 3547 3044 3598 et
3076 3542 3292 3598 dicitur
3324 3545 3524 3599 nobis:
3561 3568 3588 3593 «
3621 3544 3767 3599 Can-

2111 3638 2228 3691 tate
2261 3635 2505 3690 Domino
2535 3637 2724 3690 vestro
2783 3632 3078 3688 canticum
3128 3649 3365 3698 novum,
3416 3632 3766 3705 principium

2112 3725 2261 3795 ejus,
2313 3723 2691 3796 magnificate
2747 3738 2960 3777 nomen
2993 3723 3122 3793 ejus
3171 3722 3242 3777 ab
3299 3727 3555 3777 extremo
3605 3716 3810 3777 terrae'

2110 3811 2238 3885 (Isa.
2267 3831 2400 3879 XLII,
2437 3814 2547 3884 10).
2586 3835 2614 3862 ››
2647 3811 2777 3868 Haec
2811 3827 2949 3883 ergo
2989 3811 3158 3867 vinea
3208 3829 3348 3867 uvas
3406 3812 3600 3879 faciat,
3653 3829 3768 3867 non

2109 3902 2500 3974 iniquitatem.
2540 3901 2670 3957 Ideo
2705 3901 2904 3956 relicta
2925 3905 3014 3955 est
3044 3900 3209 3956 vinea
3230 3901 3568 3956 Judaeorum
3595 3920 3606 3968 ;
3633 3901 3772 3973 quia

2109 3990 2484 4062 iniquitatem
2519 3991 2672 4055 fecit,
2713 3994 2777 4044 ut
2808 3989 3095 4060 scriptum
3151 3994 3240 4043 est
3295 3989 3421 4055 (13a.
3471 4007 3523 4056 ν,
3580 3992 3658 4059 7),
3715 3995 3771 4046 et

2110 4063 2225 4135 non
2248 4079 2562 4150 judicium.
2596 4077 2714 4133 Nos
2745 4094 2881 4148 ergo
2917 4077 3171 4131 fructum
3224 4077 3481 4132 feramus
3514 4077 3571 4132 in
3603 4078 3771 4133 Chri-

2110 4172 2222 4234 sto,
2255 4172 2318 4222 ut
2349 4165 2614 4239 perpetui
2643 4183 2771 4221 esse
2805 4181 3159 4219 mereamur.

2179 4257 2268 4311 20.
2313 4279 2339 4304 «
2372 4254 2740 4311 Sustinentes
2800 4253 2958 4308 enim
3012 4252 3330 4308 Dominum
3389 4253 3774 4326 possidebunt

2111 4348 2358 4411 terram;
2394 4342 2557 4397 illam
2590 4341 2795 4414 utique
2827 4341 3144 4396 viventium
3179 4345 3416 4398 terram.
3461 4344 3562 4396 Est
3619 4360 3772 4414 quaa-

2109 4435 2245 4489 dam
2276 4438 2430 4488 terra
2461 4431 2731 4498 caelestis,
2767 4448 2894 4503 quae
2929 4429 3184 4486 fructum
3243 4430 3576 4487 coelestibus
3627 4431 3772 4486 ferat

2109 4525 2179 4580 de
2209 4539 2327 4595 qua
2355 4522 2472 4577 ait:
2508 4544 2534 4570 «
2569 4520 2753 4576 Credo
2785 4520 2978 4575 videre
3011 4521 3166 4577 bona
3216 4520 3443 4576 Domini
3504 4520 3562 4575 in
3621 4524 3773 4576 terra

341 4614 549 4700 debuit
579 4631 802 4681 servus,
836 4615 1013 4671 frater
1041 4615 1326 4686 decipere,
1358 4615 1583 4700 amicus
1622 4615 1886 4683 illudere,
1943 4621 2001 4672 et
2029 4636 2074 4700 Ι)
2105 4611 2425 4668 viventium
2455 4610 2625 4680 (Psal.
2663 4627 2817 4700 xxvi,
2854 4610 3016 4700 13).»
3061 4609 3189 4665 Hace
3219 4615 3394 4700 terra
3434 4608 3618 4700 multo
3671 4609 3772 4665 ho-

340 4705 411 4756 tu
441 4699 632 4756 adhuc
663 4706 826 4756 tuam
854 4719 968 4756 non
1001 4701 1299 4757 ulcisceris
1340 4696 1754 4758 contumeliam
1777 4705 1805 4758 ‘2
1860 4705 1994 4761 Pro-

340 4789 569 4844 seribas
618 4806 858 4846 necesse
897 4796 1004 4856 est,
1045 4790 1240 4862 gladio
1299 4795 1526 4863 Oportet
1582 4792 1878 4866 insurgas,
1938 4800 1997 4849 et

339 4876 602 4935 dolorem
634 4882 800 4934 tuum
851 4879 1166 4936 adversarii
1221 4883 1404 4935 morte
1463 4878 1673 4935 solvas.
1736 4881 1839 4935 Vir
1886 4882 1998 4937 fuit

335 4966 436 5023 ille
464 4967 562 5039 qui
597 4985 770 5023 suum
804 4969 1015 5025 occidit
1044 4968 1372 5035 inimicum,
1424 4968 1631 5024 merito
1666 4971 1815 5026 780
1846 4985 1997 5042 prai-

331 5055 567 5113 dieatur
601 5082 616 5125 ;
648 5058 788 5129 quia
813 5058 898 5113 ita
926 5075 987 5114 se
1045 5057 1377 5127 vindicavit,
1411 5061 1475 5112 ut
1512 5057 1661 5113 alius
1721 5059 1999 5132 ignorans

329 5145 584 5214 audiret,
620 5147 788 5220 eique
816 5147 1072 5221 irrogare
1106 5164 1216 5202 non
1249 5147 1488 5202 auderet
1515 5146 1793 5218 injuriam
1849 5148 1990 5218 (96).

332 5233 440 5292 His
471 5234 733 5292 stimulis
778 5235 912 5310 plus
962 5235 1318 5305 accenditur,
1378 5235 1512 5308 plus
1569 5241 1872 5305 movetur;
1937 5243 2001 5294 ut

415 5358 528 5429 (96)
560 5359 655 5416 Sic
686 5379 828 5417 mss.
853 5362 983 5417 Vat.
1017 5365 1075 5418 et
1122 5359 1476 5416 Gallic.-fere
1505 5375 1709 5417 omnes
1743 5380 1754 5429 ;
1817 5361 1998 5429 aliqui

342 5434 564 5496 tamen,
597 5437 771 5504 atque
803 5434 965 5501 edit.,
1000 5437 1057 5487 ut
1087 5434 1229 5487 alius
1261 5433 1508 5503 irrogare
1569 5433 1624 5488 ei
1676 5449 1781 5488 non
1831 5433 1998 5489 aude-

343 5506 427 5558 ret
459 5504 747 5559 iniuriam.

418 5521 427 5556 ε
459 5521 517 5556 zn
548 5521 747 5559 unam.

418 5521 540 5657 (97),
565 5575 706 5657 Mss.
741 5576 975 5657 partim.
1005 5592 1138 5631 eum
1173 5573 1348 5657 edit.,
1381 5578 1508 5657 novi
1534 5576 1818 5657 principia:
1861 5593 2001 5657 nova

346 5652 424 5719 e_s_t
453 5647 682 5719 azquitas
703 5668 722 5714 ;
742 5646 965 5719 partim
999 5653 1062 5702 ut
1092 5663 1198 5719 nos
1228 5646 1288 5701 in
1320 5651 1498 5712 textu,
1524 5646 1635 5719 nisi
1667 5646 1822 5718 quod
1840 5648 2001 5704 solus

351 5714 581 5772 Thuan.
640 5714 817 5775 habet
901 5717 1374 5789 conjunctionem
1453 5726 1522 5774 et.
1587 5714 1801 5776 lterum
1853 5737 1996 5777 mss.

2107 4702 2331 4758 minum
2365 4700 2579 4755 sudore
2611 4699 2795 4753 ventri
2831 4698 3130 4755 ministrat
3153 4699 3464 4768 alimenta;
3499 4698 3597 4754 illa
3621 4702 3775 4754 terra

2105 4791 2259 4846 bona
2290 4788 2521 4844 Domini
2557 4787 2681 4843 sine
2713 4787 2830 4844 ullo
2863 4787 3062 4844 labore
3095 4789 3410 4844 fruetitieat
3442 4787 3497 4842 in
3540 4788 3774 4859 quaju-

2107 4884 2330 4936 storum
2358 4877 2638 4933 diuturna
2669 4878 2989 4949 possessio,
3023 4882 3080 4934 et
3122 4877 3226 4950 pice
3261 4875 3475 4931 mentis
3534 4876 3772 4931 haeredi-

2104 4972 2196 5024 tas
2229 4975 2335 5025 est.
2371 4968 2439 5021 Et
2468 4967 2618 5022 bene
2650 4967 2762 5020 ait:
2797 4966 3202 5023 «Sustinentes
3235 4968 3430 5020 autem
3457 4964 3771 5019 Dominum

2107 5055 2442 5111 haereditate
2477 5054 2865 5127 possidebunt
2893 5059 3130 5109 terram.
3165 5054 3297 5109 Illac
3329 5057 3420 5108 est
3437 5052 3596 5108 enim
3625 5056 3778 5109 terra

2108 5162 2232 5217 quae
2264 5160 2376 5198 non
2410 5141 2702 5214 praterit;
2760 5158 2898 5196 nam
2933 5141 3143 5197 coelum
3195 5145 3252 5196 et
3296 5145 3455 5196 terra
3514 5141 3773 5213 praeteri-

2109 5233 2274 5301 bunt,
2309 5231 2492 5286 verba
2546 5234 2743 5285 autem
2794 5230 3028 5286 Domini
3079 5247 3193 5286 non
3246 5229 3646 5304 prmteribunt.
3707 5231 3778 5295 Et

2111 5359 2285 5423 Viet.,
2318 5355 2478 5413 Colb.
2513 5371 2646 5411 cum
2681 5354 2896 5411 iisdem
2928 5356 3162 5411 edit.....
3215 5357 3494 5412 canticum
3552 5372 3772 5419 novum,

2110 5429 2466 5499 magniﬁcatc
2497 5443 2717 5493 nomen,
2748 5431 2856 5483 etc.
2900 5428 3028 5483 Vat.
3065 5432 3262 5484 autem
3297 5444 3362 5484 ac
3395 5426 3593 5500 plures
3646 5425 3774 5482 Gal-

2111 5502 2278 5558 lie....
2327 5501 2603 5554 canticum
2642 5514 2864 5565 novum,
2924 5501 3271 5571 principium
3325 5500 3466 5568 eius,
3516 5500 3773 5571 magni/if

2111 5517 2278 5558 ue....
2327 5517 2603 5554 canucum
2642 5517 2864 5565 novum,
2924 5517 3271 5571 princzpzum
3325 5517 3466 5568 elus,
3516 5517 3769 5624 mg‘gnz/r

2109 5576 2225 5630 cale
2256 5587 2472 5636 nomen,
2509 5575 2644 5634 ete.,
2679 5571 2735 5624 in
2771 5586 2884 5642 quo
2918 5573 3295 5627 consentiunt
3325 5588 3459 5627 eum
3483 5571 3566 5625 LX
3625 5612 3637 5636 ,
3672 5570 3769 5624 ubi

2111 5646 2270 5718 legas
2303 5659 2316 5696 ἰ
2344 5651 2593 5712 ὺμνήσατε
2622 5652 2690 5714 τῷ
2721 5652 2881 5715 Κυρίῳ
2926 5653 3078 5715 ὕμνον
3111 5653 3298 5711 καινὸν,
3348 5652 3382 5712 ή
3436 5650 3570 5716 ἀρχὴ
3620 5648 3770 5697 αὑτοῦ

2115 5726 2364 5788 δοξάσετε,
2395 5719 2504 5771 etc.
