3880 6228
167 291 323 360 1093

1631 285 1699 348 S.
1746 283 2122 353 AMBROSll

3425 285 3600 358 ων

163 426 291 486 ideo
323 442 430 485 nec
459 422 560 483 illa
595 420 982 498 intelligibills
1037 422 1193 481 terra
1249 417 1466 495 poteait
1519 419 1812 494 praeterire
1839 417 1896 492 Α
1925 425 2125 498 Itaque
2154 424 2434 500 abyssum
2464 429 2671 501 petunt
2701 424 2803 486 ubi
2828 423 3439 501 caligotenebrarum.

164 515 441 589 paradisi,
461 515 520 572 in
551 532 668 588 qua
698 519 836 570 sunt
865 512 962 586 qui
1001 510 1233 569 Domini
1252 511 1428 566 verba
1447 515 1810 566 conservant.

164 607 229 662 In
259 607 367 663 hac
399 610 552 662 terra
582 604 898 661 collocatus
937 607 1046 658 est.
1081 602 1286 666 Adam,
1319 604 1384 655 ut
1422 601 1679 656 fructum
1739 619 1813 656 ee-

163 699 340 752 terna:
371 699 600 766 caperet
629 694 787 758 vitae;
823 692 920 748 sed
957 691 1096 763 quia
1123 691 1300 746 verba
1330 689 1561 746 Domini
1587 707 1815 746 servare

165 803 279 842 non
308 783 491 840 voluit
521 784 650 854 (98),
686 783 814 837 ideo
871 781 929 836 in
992 780 1364 852 possessione
1419 797 1592 852 quam
1648 797 1816 836 acce-

164 879 329 945 perat
361 875 505 931 787
539 888 776 927 manere
803 888 917 926 non
967 870 1204 926 meruit.
1251 869 1357 933 Qui
1390 873 1585 924 autem
1642 869 1818 925 verba

162 962 394 1022 Domini
426 962 702 1028 custodit,
747 960 1106 1016 conﬁdenter
1161 958 1338 1013 dicit:
1377 979 1405 1007 ‹‹
1463 958 1816 1030 Exspcctans

162 1051 483 1124 exspectavi
515 1049 854 1113 Dominum,
903 1053 958 1101 et
998 1047 1259 1117 rexpcxit
1291 1063 1383 1101 me
1413 1046 1585 1112 (Psal.
1619 1063 1812 1112 xxxxx,

155 1142 236 1211 2).
263 1163 290 1187 ››
322 1139 506 1195 Adam
537 1142 730 1193 autem
759 1135 1035 1207 quoniam
1065 1151 1179 1189 non
1212 1134 1570 1206 exspectavit
1622 1135 1813 1190 Domi-

163 1245 304 1284 num
352 1225 664 1299 (quomodo
713 1224 868 1281 enim
926 1223 1278 1295 exspectavit
1333 1223 1431 1294 qui
1491 1223 1705 1293 refugit
1759 1226 1816 1277 et

162 1317 336 1374 offers
365 1332 427 1372 se
464 1314 695 1384 tenuit),
753 1314 883 1369 ideo
943 1329 1046 1368 nec
1098 1313 1380 1368 Dominus
1438 1329 1571 1366 eum
1622 1312 1815 1367 videre

159 1405 437 1479 dignatus
467 1408 600 1471 est;
651 1401 802 1458 oculi
868 1403 1025 1458 enim
1086 1401 1319 1457 Domini
1371 1418 1548 1472 super
1595 1401 1813 1472 justos.

159 1493 328 1550 Hunc
359 1497 553 1548 autem
587 1507 842 1562 eousque
872 1490 1067 1546 videre
1100 1489 1354 1556 nolebat,
1413 1495 1480 1544 ut
1537 1494 1819 1561 quaereret

161 1583 398 1638 dicens:
436 1603 464 1633 «
495 1581 705 1646 Adam,
736 1580 834 1636 ubi
867 1596 928 1636 es
953 1579 1114 1647 (Gen.
1149 1597 1234 1644 Ili,
1265 1579 1380 1646 9)?
1413 1602 1440 1627 »
1501 1578 1608 1646 Qui
1665 1595 1818 1651 quaa-

161 1672 330 1738 ritur,
363 1688 466 1744 pro
498 1672 739 1726 absente
770 1669 1039 1726 habetur.
1073 1669 1240 1724 Fides
1271 1672 1362 1724 est
1403 1685 1531 1739 qua
1571 1685 1670 1724 eos
1729 1685 1815 1724 re-

161 1765 474 1832 praesentat
503 1760 642 1827 Deo,
671 1758 915 1831 perfidia
957 1775 1084 1828 quae
1119 1756 1258 1813 facit
1289 1756 1501 1828 implos
1530 1756 1813 1814 exsulare.

161 1849 370 1907 Nullus
401 1850 599 1920 itaque
625 1849 836 1904 absens
861 1851 950 1903 est
974 1847 1115 1911 Deo,
1149 1846 1260 1902 nisi
1295 1847 1394 1920 qui
1426 1861 1488 1901 se
1519 1846 1820 1902 absentem

161 1938 383 1995 fecerit.
416 1938 486 1993 Et
510 1937 638 1996 ideo
671 1936 851 1992 dicit:
887 1960 913 1986 «
947 1936 1072 1991 Fiat
1107 1935 1214 1992 tibi
1257 1935 1584 1991 secundum
1644 1935 1819 1991 ﬁdem

157 2032 323 2083 tuam
355 2026 570 2098 (Matth.
607 2044 684 2090 ix,
713 2027 844 2096 29);
883 2048 910 2075 »
943 2025 1043 2099 qui
1104 2025 1258 2081 enim
1293 2023 1540 2096 ignorat,
1595 2023 1826 2096 ignora.-

161 2115 339 2172 bitur.
399 2116 550 2189 Ergo
606 2115 792 2171 Adam
853 2114 1024 2186 quasi
1079 2118 1348 2185 peccator
1394 2111 1589 2168 locum
1644 2130 1821 2169 suum

164 2223 392 2262 servare
422 2223 537 2262 non
579 2203 786 2277 potuit.
848 2207 926 2259 De
981 2202 1252 2274 paradiso
1306 2202 1550 2272 ejectus,
1608 2201 1668 2257 in
1727 2219 1820 2258 ca-

162 2293 399 2352 stellum
429 2299 520 2350 est
551 2293 840 2365 relegatus
872 2292 1008 2363 (99),
1045 2296 1108 2346 ut
1154 2295 1352 2362 ageret
1412 2291 1816 2362 paenitentiam

157 2382 398 2456 Accepit
427 2381 789 2448 dilationem,
821 2397 893 2437 ne
923 2381 1202 2436 continuo
1233 2379 1467 2451 penitus
1491 2379 1818 2448 interirent;

155 2477 231 2530 ut
260 2472 422 2530 salva
454 2472 617 2528 fieret
645 2471 763 2526 Eva
791 2487 894 2544 per
917 2469 1353 2543 generationem
1414 2468 1694 2532 filiorum.
1753 2471 1820 2525 ﬁ-

163 2563 296 2620 dem
346 2561 532 2619 sancti
562 2559 725 2630 Abel,
759 2559 1179 2634 prophetarum
1220 2558 1493 2632 gratiam,
1554 2559 1818 2616 Ecclesiae

166 2653 592 2726 posteritatem.

229 2741 325 2797 2i.
363 2741 548 2812 (Vers.
613 2741 714 2810 '9.)
773 2740 884 2796 Sed
945 2739 1085 2810 quia
1133 2756 1236 2810 per
1282 2739 1405 2796 haec
1459 2738 1670 2795 redimi
1720 2755 1823 2794 no-

159 2829 354 2894 luerit,
388 2833 445 2885 et
472 2829 532 2884 in
569 2833 807 2900 peccato
857 2827 1350 2900 perseverandum
1405 2827 1586 2895 ducit,
1629 2827 1701 2883 de
1756 2843 1822 2882 eo

168 2919 310 2977 dicit
337 2917 629 2989 Propheta
660 2935 672 2972 :
709 2939 736 2966 «
771 2917 838 2972 Et
867 2916 1058 2971 adhuc
1093 2914 1396 2987 pusillum,
1431 2920 1488 2972 et
1544 2933 1659 2972 non
1717 2916 1825 2972 erit

169 3010 475 3080 peccator;
508 3010 566 3062 et
596 3022 821 3077 queres
852 3005 1045 3062 locum
1077 3005 1228 3076 ejus,
1259 3009 1317 3060 et
1338 3022 1454 3061 non
1473 3005 1758 3062 .invenies.
1794 3028 1822 3055 ››

157 3091 464 3162 Ὀυοωοᾶο
494 3095 651 3151 enim
669 3111 796 3151 esse
825 3094 1038 3168 poterit
1064 3094 1122 3148 in
1153 3094 1438 3159 futurum,
1464 3111 1595 3151 cum
1621 3111 1828 3167 pecca.

164 3186 209 3243 ti
266 3186 430 3242 locus
489 3184 806 3242 diuturnus
862 3201 990 3241 esse
1047 3201 1162 3240 non
1232 3183 1466 3256 possit?
1521 3184 1652 3240 Haec
1737 3188 1828 3240 est

1996 517 2086 571 22.
2121 514 2306 588 (Vera.
2348 515 2462 590 Η.)
2503 539 2533 568 ‹‹
2589 516 2879 576 Mansueti
2937 520 3132 576 autem
3194 511 3595 587 possidebunt

1925 608 2164 671 terram,
2198 609 2255 661 et
2284 604 2733 664 delectabuntur
2785 607 2846 664 in
2904 603 3282 663 multitudine
3338 602 3524 675 pacis.
3559 625 3590 651 »

1927 693 2132 749 Merito
2172 698 2391 752 terram
2422 695 2726 768 possident
2757 695 2818 752 in
2861 695 3079 768 quibus
3107 698 3263 750 Deus
3321 691 3450 762 ipse
3507 707 3596 746 re-

1928 782 2194 855 quiescit,
2228 784 2383 840 sicut
2411 784 2610 842 divino
2657 800 2760 858 per
2815 784 3029 841 Isaiam
3095 780 3405 840 resultavit
3458 796 3592 837 ora-

1927 872 2058 928 culo
2088 873 2325 930 dicens:
2360 897 2388 923 ‹‹
2419 877 2606 946 Super
2657 890 2838 946 quem
2871 872 3258 945 requiescam,
3321 868 3438 926 nisi
3496 885 3590 925 su-

1927 979 2031 1035 per
2049 961 2334 1019 humilem
2365 966 2422 1020 et
2452 963 2738 1034 quietum,
2771 966 2829 1020 et
2857 965 3208 1018 trementem
3237 959 3417 1015 verba
3457 975 3590 1018 mea

1927 1053 2053 1122 (15a.
2089 1068 2219 1109 um
2241 1055 2298 1121 2)
2324 1052 2353 1108 ?
2381 1075 2409 1106 »
2444 1052 2552 1116 Qui
2581 1056 2721 1108 sunt
2750 1051 3066 1115 mansueti,
3098 1048 3212 1106 nisi
3243 1064 3395 1120 quos
3453 1045 3588 1103 nul-

1927 1141 2020 1198 lus
2049 1141 2326 1198 stimulus
2376 1141 2763 1202 dissensionis
2811 1141 3083 1211 exagitat,
3141 1155 3260 1196 non
3314 1137 3402 1192 ira
3455 1152 3587 1207 per-

1924 1231 2143 1296 turbat,
2179 1248 2292 1286 non
2325 1231 2545 1287 saevitia
2572 1235 2892 1304 exasperat,
2929 1247 3045 1286 non
3083 1227 3279 1284 rabies
3334 1223 3589 1281 crudeli-

1926 1320 2064 1376 tatis
2094 1320 2476 1378 inflammat?
2505 1321 2574 1377 Et
2602 1321 2733 1376 ideo
2763 1319 2904 1392 quia
2931 1335 3048 1374 non
3076 1317 3233 1383 vina,
3268 1331 3384 1370 non
3439 1330 3590 1384 epu-

1927 1409 2038 1476 las,
2069 1425 2185 1466 non
2216 1409 2470 1480 divitias,
2503 1409 2605 1467 sed
2638 1426 2839 1483 pacem
2871 1405 3106 1465 Domini
3137 1404 3473 1462 dilexerunt
3527 1401 3589 1458 in

1927 1515 2167 1572 corpore
2196 1498 2521 1564 constituti,
2555 1516 2658 1571 pro
2715 1498 2818 1554 illa
2873 1496 3257 1556 delectatione
3313 1508 3590 1564 corpora-

1925 1587 2073 1644 lium
2102 1587 2492 1661 voluptatum,
2511 1605 2634 1660 .qua
2649 1590 3031 1661 .se-putarunt
3047 1601 3179 1642 esse
3197 1581 3590 1648 fraudandus,

1925 1682 1990 1732 ut
2019 1676 2268 1750 gratiam
2299 1677 2763 1749 adipiscerentur
2801 1680 3100 1742 externam,
3126 1694 3154 1725 «
3204 1670 3593 1728 delectabun-

1926 1770 2026 1822 tur
2052 1766 2111 1822 in
2144 1765 2524 1824 multitudine
2555 1766 2736 1840 pacis,
2771 1789 2798 1816 »
2829 1781 3007 1838 quam
3052 1760 3342 1820 Dominus
3395 1763 3596 1817 mater

1929 1856 2102 1913 Jesus
2131 1855 2190 1910 in
2219 1855 2428 1912 diebus
2460 1855 2588 1912 suis
2614 1855 2814 1928 generi
2853 1852 3092 1910 donavit
3120 1851 3408 1914 humano,
3440 1848 3598 1905 sicut

1927 1944 2236 2017 prophetia
2264 1960 2392 2016 qua:
2423 1961 2541 2002 non
2571 1944 2794 2001 mentia
2819 1948 2930 2009 est,
2993 1942 3144 1999 788
3202 1937 3596 2010 comprehen-

1928 2033 2013 2092 dit
2039 2050 2342 2090 asserens:
2376 2058 2404 2084 ‹‹
2426 2033 2668 2090 Orietur
2693 2033 2754 2091 in
2786 2032 2995 2089 diebus
3035 2032 3166 2104 eius
3213 2027 3476 2100 justitia,
3539 2031 3597 2082 et

1929 2121 2246 2179 multitudo
2271 2123 2458 2194 pacis,
2491 2122 2676 2182 donec
2707 2120 3019 2180 extollatur
3049 2119 3191 2176 luna
3219 2117 3394 2190 (Psal.
3439 2132 3594 2183 nam,

1927 2212 2004 2284 7).
2060 2235 2086 2262 »
2145 2213 2279 2278 Quae
2335 2210 2516 2285 igitur
2570 2215 2661 2270 est
2714 2229 2825 2282 pax
2878 2227 2996 2282 qua
3050 2211 3271 2265 cuncta
3322 2203 3594 2264 Ecclesia

1930 2299 2358 2374 multiplicatus
2385 2305 2478 2357 est
2501 2301 2781 2374 populus,
2813 2299 2927 2357 nisi
2949 2298 3050 2354 illa
3065 2299 3142 2355 de
3161 2313 3281 2369 qua
3299 2294 3594 2351 Dominus

1929 2391 2111 2448 dixit:
2143 2413 2170 2439 «
2204 2390 2410 2446 Pacem
2439 2406 2631 2447 meam
2661 2388 2930 2462 relinquo
2953 2387 3141 2454 vobis,
3161 2399 3595 2458 pacemmeam

1929 2480 2000 2536 de
2026 2478 2192 2536 vobis
2222 2480 2410 2550 (loan.
2449 2496 2565 2547 xrv,
2587 2480 2681 2550 27)
2701 2479 2728 2534 ‘I
2759 2501 2787 2528 »
2816 2477 2982 2535 Dedit
3013 2491 3239 2550 pacem,
3291 2473 3402 2547 qui
3465 2472 3592 2530 ani-

1931 2586 2159 2628 morum
2189 2567 2346 2626 bella
2367 2569 2621 2626 .sedavit.

1999 2661 2088 2716 2.3.
2121 2657 2308 2730 (Vere.
2341 2657 2432 2723 l2,
2479 2657 2590 2730 13.)
2619 2658 2899 2730 Sequitur
2930 2673 2944 2712 :
2982 2678 3011 2707 «
3055 2651 3404 2711 Observabit
3455 2666 3594 2724 pec-

1930 2751 2090 2805 cator
2109 2748 2342 2818 justum
2372 2747 2471 2820 (1),
2503 2751 2563 2803 et
2623 2747 2832 2804 fremet
2885 2762 3066 2818 super
3097 2747 3258 2801 eum
3313 2739 3595 2798 dentibus

1931 2836 2076 2898 suis.
2103 2836 2394 2894 Dominus
2411 2840 2620 2893 autem
2653 2836 2918 2894 irridebit
2938 2851 3114 2900 eum;
3146 2830 3430 2904 quoniam
3457 2845 3596 2901 .pro-

1931 2925 2104 2998 spicit
2133 2925 2290 2998 quod
2319 2925 2518 2984 veniat
2546 2924 2670 2983 dies
2698 2925 2844 2998 ejus.
2865 2946 2904 2978 .a
2939 2920 3310 2996 Indignantis
3341 2918 3594 2991 quidem

1933 3015 2457 3074 etetfervescentis
2495 3015 2556 3070 in
2612 3013 3010 3072 irracnndiam
3067 3008 3433 3070 consuetudo
3482 3011 3594 3072 est,

1936 3104 2212 3162 dentibus
2252 3105 2530 3164 fremere:
2563 3103 2668 3162 sed
2715 3103 2895 3160 habet
2949 3101 3124 3164 etiam
3186 3115 3286 3156 cor
3337 3094 3594 3169 maligni

1937 3195 2140 3252 dentes
2171 3209 2330 3262 suos,
2371 3192 2474 3264 qui
2522 3193 2599 3264 (2)
2649 3208 2774 3249 .non
2828 3206 3122 3256 resonare,
3171 3186 3276 3246 sed
3333 3185 3592 3242 lacerare

163 3275 320 3332 enim
354 3280 506 3332 terra
537 3293 663 3348 qua:
721 3274 950 3347 aperuit
1006 3291 1072 3330 os
1102 3291 1298 3339 suum.
1347 3278 1413 3329 ut
1469 3274 1817 3347 sanguinem
1921 3286 2375 3340 consueverunt.
2419 3281 2678 3348 Insidiae,
2708 3284 3064 3344 commenta,
3094 3275 3392 3348 nequitias,
3449 3273 3590 3330 den-

165 3365 488 3437 susciperet
516 3363 868 3422 innocentis.
903 3361 971 3419 Et
1015 3363 1143 3419 ideo
1174 3363 1233 3417 in
1290 3362 1400 3417 hac
1455 3367 1608 3418 terra
1653 3361 1819 3420 locus

167 3460 258 3510 est
315 3458 709 3526 peccatorum.
763 3453 1024 3510 Praeterit
1064 3457 1239 3520 terra,
1268 3453 1560 3525 quomodo
1615 3468 1818 3526 peccao

165 3543 311 3600 toris
350 3543 514 3598 locus
573 3543 786 3615 poterit
831 3541 1139 3599 inveniri?
1175 3542 1298 3614 Ego
1365 3541 1613 3598 arbitror
1661 3543 1817 3613 quod

165 3631 294 3688 ideo
342 3632 779 3687 firmamentum
823 3631 976 3686 inter
1029 3647 1244 3702 aquam
1293 3635 1350 3685 et
1405 3647 1621 3702 aquam
1664 3631 1819 3688 Deus

162 3737 292 3778 esse
324 3719 657 3792 praeceperit
692 3719 844 3789 (Gen.
877 3737 917 3787 ι,
964 3721 1040 3790 6),
1073 3723 1138 3774 ut
1186 3737 1220 3774 a
1257 3719 1572 3776 virtutibus
1617 3735 1821 3790 pecca-

163 3814 223 3866 ta
253 3809 611 3879 discerneret
637 3827 649 3876 ;
684 3812 742 3864 et
771 3807 1040 3880 superior
1069 3824 1224 3879 aqua
1255 3807 1600 3880 quzelaudat
1619 3807 1820 3864 Domi-

164 3916 334 3967 num,
368 3897 562 3972 quieta
590 3901 856 3955 maneret
887 3896 1119 3967 erroris,
1153 3896 1646 3969 inferiorpeccato
1669 3903 1823 3956 esset

163 3989 433 4045 obnoxia.
465 3987 727 4059 Denique
758 3987 858 4043 illa
887 3987 1070 4043 Deum
1092 3986 1268 4054 videt,
1297 3986 1419 4041 haec
1457 4003 1570 4042 non
1614 3986 1772 4046 videt
1805 4006 1818 4046 :

167 4095 294 4150 qua:
327 4093 503 4151 super
531 4077 706 4133 cmlos
737 4081 846 4147 est,
879 4077 1072 4142 videt;
1109 4092 1236 4148 quae
1296 4075 1355 4130 in
1413 4075 1645 4148 abysso,
1706 4094 1819 4132 non

163 4166 520 4223 videt..Unde
550 4165 726 4223 etiam
760 4165 984 4222 dictum
1015 4170 1105 4221 est
1135 4182 1146 4219 :
1182 4188 1208 4213 ‹‹
1241 4163 1529 4220 Viderunt
1559 4169 1611 4220 te
1635 4182 1818 4238 aqua},

174 4260 348 4320 Deus,
381 4255 654 4310 viderunt
685 4260 738 4311 te
766 4273 952 4328 aquae,
981 4254 1403 4310 ettimuerunt:
1431 4254 1669 4310 turbatae
1685 4260 1823 4310 sunt

165 4344 390 4413 abyssi,
432 4343 745 4400 multitudo
789 4344 1020 4400 sonitus
1073 4359 1361 4415 aquarum
1402 4344 1574 4416 (Paul.
1635 4361 1819 4411 LXXVI,

171 4434 278 4504 l7).
309 4456 336 4481 »
369 4431 573 4488 Merito
594 4433 909 4488 turbantur
933 4432 1129 4505 abyssi
1161 4431 1363 4487 subter
1392 4448 1542 4504 quas
1571 4432 1822 4488 tenebras

1931 3377 2016 3430 tes
2047 3376 2189 3428 sunt
2217 3371 2560 3444 peccatoris.
2591 3370 2914 3430 Insidiatur
2940 3384 3077 3441 ergo
3106 3367 3378 3440 peccator
3401 3363 3588 3435 justo,

1927 3462 2066 3534 quia
2121 3461 2377 3529 invidet;
2404 3460 2554 3532 justi
2591 3460 2749 3518 enim
2806 3459 2928 3515 vita
2983 3454 3284 3528 redarguit
3321 3456 3583 3526 peccato-

1926 3568 2072 3618 rem,
2101 3565 2277 3623 quem
2306 3548 2487 3610 tacita
2515 3550 2739 3621 majore
2767 3546 3116 3604 auctoritate
3137 3541 3498 3600 condemnat
3512 3538 3588 3609 (3)

1928 3640 2188 3713 quamsi
2213 3639 2371 3697 clara
2394 3654 2532 3696 voce
2561 3637 2920 3711 loqueretur.
2962 3635 3072 3692 Sed
3124 3634 3327 3705 justus
3384 3627 3589 3686 timere

1928 3747 2046 3789 non
2076 3729 2249 3786 debet
2285 3727 2588 3787 fremitum
2641 3725 2995 3802 peccatoris,
3053 3722 3193 3796 quia
3245 3717 3589 3791 improbitas

1929 3836 2046 3878 non
2076 3820 2270 3891 potest
2296 3833 2428 3878 esse
2455 3820 2760 3889 perpetua.
2789 3814 3024 3874 Insidia
3054 3806 3410 3882 temporales
3431 3809 3589 3869 sunt,

1929 3907 2530 3966 munimentaautem
2559 3903 2794 3962 virtutis
2823 3906 3060 3961 aeterna.
3094 3900 3252 3960 Mors
3266 3893 3588 3969 peccatoris

1929 4013 2165 4056 omnem
2180 3996 2244 4066 .ej
2255 4012 2324 4056 us
2343 3992 2680 4066 potentiam
2697 3992 3095 4061 fraudemque
3107 4039 3112 4042 .
3126 3983 3415 4047 dissolvit.

1997 4087 2088 4140 24.
2123 4084 2306 4156 (Vera.
2352 4083 2470 4152 14.)
2529 4080 2667 4140 Plus
2735 4080 2936 4152 adjicit
2984 4094 2996 4132 ε
3060 4101 3087 4128 ‹‹
3139 4076 3316 4140 Ecce,
3376 4071 3589 4142 inquit,

1929 4174 2190 4250 gladium
2248 4164 2703 4246 evaginaverunt
2758 4173 3114 4243 peccatores,
3196 4161 3585 4223 extenderunt

1931 4279 2133 4324 arcum
2157 4277 2364 4328 suum,
2397 4265 2463 4316 ut
2479 4259 2771 4332 .deiiciant
2799 4271 3118 4332 pauperem
3157 4256 3213 4308 et
3259 4251 3530 4320 inopem.
3565 4269 3592 4296 ››

1929 4351 2192 4418 Quis-est
2219 4349 2455 4422 gladius
2487 4348 2830 4422 peccatoris,
2864 4345 2979 4403 nisi
3011 4341 3342 4400 contrarius
3399 4336 3592 4410 gladio

1930 4439 2184 4513 Spiritus
2213 4437 2401 4498 sancti
2423 4443 2447 4494 Ρ
2469 4437 2675 4495 Docuit
2691 4435 2848 4492 hunc
2860 4433 3163 4506 Scriptura
3183 4445 3277 4486 me
3302 4426 3590 4500 gladium;

171 4525 313 4577 sunt
343 4521 653 4588 deformes,
686 4526 744 4577 et
775 4521 906 4577 ideo
938 4537 1138 4594 pacem
1171 4520 1385 4576 habere
1405 4537 1520 4576 non
1552 4526 1819 4592 possunt.
1853 4533 1900 4600 υ
1931 4528 2130 4590 docuit
2155 4526 2471 4602 Apostolus
2501 4526 2722 4594 dicens,
2755 4523 2896 4597 quia
2948 4521 3237 4582 habemus
3269 4540 3296 4568 ς(
3355 4515 3593 4602 loricam

167 4611 330 4668 Unde
377 4610 600 4682 rogavit
637 4609 790 4682 legio
847 4609 1266 4666 daemoniorum
1317 4614 1385 4665 ut
1430 4609 1488 4664 in
1541 4609 1820 4683 abyssum

171 4699 518 4769 mitteretur,
552 4703 609 4755 et
633 4716 698 4756 se
719 4715 853 4756 cum
885 4715 1099 4772 magno
1131 4697 1388 4754 tumultu
1442 4645 1914 4777 praecipitavit?

171 4699 518 4769 mitteretur,
552 4703 609 4755 et
633 4716 698 4756 se
719 4715 853 4756 cum
885 4715 1099 4772 magno
1131 4697 1388 4754 tumultu
1442 4697 1824 4770 praecipitavit

170 4788 228 4844 in
291 4787 526 4853 ﬂuctus,
585 4791 649 4842 ut
706 4803 1016 4861 porcorum
1065 4801 1300 4859 gregem
1359 4801 1535 4858 quem
1594 4802 1820 4858 repere-

171 4881 280 4945 rat,
309 4876 704 4950 strangularet
732 4875 940 4947 (Matth.
985 4891 1110 4942 vm,
1169 4876 1258 4942 31,
1311 4872 1422 4946 32).
1486 4874 1820 4934 Peccatores

241 4992 354 5064 (98)
384 4991 512 5050 νει.
561 4993 700 5049 edit.
728 4993 786 5048 in
823 5006 1018 5064 marg.
1041 4994 1100 5045 et
1157 5006 1312 5064 mss._
1361 4994 1588 5064 septem
1642 4990 1820 5064 Galli-

173 5060 575 5128 cani,'servarc
604 5083 713 5120 non
742 5065 938 5136 potuit,
959 5060 1183 5136 Verum
1219 5061 1265 5116 si
1298 5060 1610 5136 lectionem
1654 5063 1819 5136 ~hanc

169 5135 529 5260 probaveris,
565 5133 762 5208 accipe
792 5152 901 5190 non
931 5135 1129 5205 potuit,
1160 5133 1277 5189 lato
1330 5133 1503 5188 modo
1533 5151 1547 5202 ;
1582 5134 1667 5189 uti
1728 5152 1821 5191 so-

199 5223 366 5260 emus
396 5207 586 5260 dicere
616 5208 874 5260 aliquem
923 5207 980 5260 id
1037 5221 1153 5260 non
1194 5203 1475 5260 potuisse.
1537 5207 1691 5260 quod
1741 5223 1821 5260 re-

199 5223 366 5262 emus
396 5207 586 5280 dicere
616 5203 874 5280 aliquem
1037 5221 1153 5280 non
1191 5203 1475 5280 potuisse,
1537 5207 1691 5280 quod
1741 5223 1824 5262 re-

171 5294 308 5358 vera
339 5294 453 5358 non
485 5275 1150 5358 feceritfsivealioquin
1191 5275 1481 5358 habuerit,
1543 5277 1822 5358 sivenen

175 5347 465 5412 habuerit,
493 5351 760 5417 ejusdem
799 5351 876 5406 rei
929 5347 1224 5413 facienda),
1257 5352 1324 5404 ut
1368 5365 1502 5404 cum
1562 5347 1823 5408 Philoso-

177 5417 674 5495 phisloquamur,
707 5421 1177 5495 possibilitatem.

248 5491 372 5570 (99)
412 5491 496 5544 lta
543 5490 807 5570 edit.'ot_
855 5509 953 5546 sex
1009 5507 1152 5546 mss.
1223 5490 1322 5570 qui
1373 5493 1576 5570 tamen
1599 5490 1824 5565 legunt,

181 5559 456 5628 religatus,
488 5576 613 5627 qua:
645 5579 751 5618 vox
781 5565 898 5617 fere
937 5577 1168 5628 semper
1225 5559 1518 5616 invenitur
1561 5562 1620 5618 in
1656 5559 1822 5620 "mss.

182 5644 283 5696 pro
315 5629 586 5696 relegatus
623 5671 634 5685 .
665 5634 737 5688 At
764 5633 940 5700 V’ict.,
971 5629 1154 5698 Colb.,
1189 5635 1245 5686 et
1273 5636 1386 5686 vet.
1415 5632 1551 5688 edit.
1585 5634 1642 5690 in
1678 5651 1826 5693 mar-

1922 4617 2190 4691 justitia,
2209 4600 2269 4673 et
2331 4613 2754 4682 scutumﬁdei,
2785 4616 2844 4669 et
2871 4609 3098 4685 galeam
3111 4604 3352 4671 salutis,
3399 4607 3458 4658 et
3479 4600 3597 4675 gla-

1932 4707 2096 4764 dium
2127 4703 2589 4778 Spiritus,vquod
2617 4707 2710 4762 est
2771 4701 3015 4757 verbum
3069 4697 3170 4754 Dei
3231 4693 3455 4766 (Ephcs.
3520 4706 3595 4756 γι,

1930 4797 1985 4864 4,
2017 4795 2107 4862 46,
2141 4795 2251 4865 17).
2284 4815 2314 4844 ››
2346 4793 2492 4865 Ergo
2521 4791 2765 4848 verbum
2794 4789 2894 4846 Dei
2926 4781 3599 4878 gladiusSpiritus

1933 4885 2010 4942 cti
2025 4887 2136 4942 est.
2155 4881 2542 4940 .Etconirario
2561 4880 2770 4954 utique
2780 4877 3012 4954 gladius
3035 4874 3281 4948 spiritus
3297 4874 3593 4942 nequissi-

1931 4996 2445 5076 gine_.p_ra3ferun_t_.
2467 4997 2527 5051 in
2555 4998 2878 5076 carcereest
2897 4994 3183 5076 religatus.
3278 5060 3287 5070 .

2001 5061 2284 5143 (lfllom.
2335 5067 2499 5134 cdit.,
2555 5067 2918 5128 Imidiabitur
2943 5061 3431 5143 Δῃλςικιᾳων,Ἀίιιδξο,
3481 5061 3586 5143 etc.

1938 5126 2080 5198 γεεί
2113 5126 2307 5198 autem
2339 5144 2396 5194 et
2441 5126 2586 5198 mss.
2645 5154 2870 5198 omnes.
2930 5126 3277 5196 Obserbavit,‘
3319 5132 3433 5186 etc.
3496 5126 3593 5182 Fa~

1932 5218 2071 5272 vent
2100 5211 2278 5269 etiam
2307 5207 2468 5281 LXX,
2500 5227 2765 5282 quorum,
2807 5208 2984 5266 verba
3039 5209 3179 5263 sunt
3234 5200 3372 5258 illa:
3432 5203 3589 5260 Harp:-

1929 5283 2253 5351 τηρήςιξαέρ
2267 5281 2571 5351 ἁμαρτωλὸς
2593 5284 2679 5332 τὸν
2733 5281 2953 5351 puga-qv,

2005 5329 2672 5419 Zéi‘saiﬁstT'c‘ua
2717 5329 3048 5410 εδδ-ληίου
3113 5342 3189 5419 9‘
3215 5332 3461 5419 °°“’"-
3487 5329 3589 5419 δία

1934 5403 2334 5489 Ιιαδώῑιὲείαγη
2360 5403 2805 5489 Μιίθηίνάεῆίεδ
2824 5431 2968 5482 suos,
3022 5411 3242 5484 quibus,
3274 5409 3386 5464 etc.
3421 5403 3586 5464 Rom.

1934 5488 2719 5566 cuneusntnosgwpa-
2961 5557 2983 5566 -
3192 5561 3203 5566 -
3287 5549 3297 5560 .

2009 5557 2247 5635 (3).Va_t.
2285 5563 2344 5616 et
2363 5557 2623 5634 quatuor
2659 5557 2906 5626 Gallic,
2948 5557 3118 5626 Quem
3183 5557 3348 5608 tacito
3413 5557 3586 5615 magis

1936 5652 2031 5692 ore
2060 5633 2448 5708 Conclamant.
