3894 6208
163 281 318 352 102⁸7

1617 277 1681 337 S.
1727 274 2099 340 AMBROSII

3408 270 3601 341 1023-.

159 414 673 481 examinabuntur,
703 412 897 468 dicent
926 417 1123 469 tamen
1157 430 1174 464 :
1210 429 1238 462 ι
1268 408 1674 465 Transivimus
1706 424 1808 479 per
1835 410 1891 476 Α
1921 424 2090 465 mone
2121 407 2327 463 divites
2356 405 2516 475 sun't,
2551 404 2684 463 ﬁdei
2738 407 2965 480 inopes,
2992 404 3256 463 veritatis
3284 408 3567 463 exsortes.

159 503 355 575 ignem
388 507 447 558 et
484 518 700 573 aquam
732 502 905 573 (Psal.
962 517 1086 556 ωηο.
1152 500 1324 569 12).»
1379 495 1489 553 Alii
1546 498 1699 552 790
1756 496 1813 550 in

157 591 291 665 igne
322 592 712 647 remanebunt
746 607 760 645 :
794 588 915 645 illis
941 587 1166 644 rorabit
1222 587 1399 659 ignis,
1436 591 1502 641 ut
1558 584 1814 640 Hebrazis

157 679 379 753 pueris,
411 680 512 752 qui
555 678 822 734 incendio
845 677 1097 733 fornacis
1119 675 1383 731 ardentis
1407 674 1619 746 objecti
1645 678 1811 741 sunt;

157 768 462 824 ministros
489 773 684 824 autem
716 765 1035 839 impietatis
1067 765 1221 821 ultor
1251 764 1403 837 ignis
1432 767 1652 819 exuret.
1715 761 1812 818 νω

156 856 302 913 mihi
334 857 383 912 si
416 873 565 929 opus
596 871 792 910 meum
826 855 1055 925 arserit,
1089 858 1147 910 et
1176 853 1393 909 laboris
1414 852 1597 922 hujus
1625 851 1814 923 patiar

154 944 574 1001 detrimentum
608 945 620 999 l
656 944 727 999 Et
758 944 808 999 si
840 942 1035 999 salvos
1068 941 1239 998 faciet
1269 942 1555 997 Dominus
1611 956 1810 996 servos

152 1050 312 1104 suos,
345 1033 491 1090 salvi
520 1032 743 1088 erimus
774 1049 877 1105 per
907 1032 1108 1100 fidem,
1139 1032 1224 1087 sic
1253 1035 1451 1085 tamen
1486 1028 1631 1085 salvi
1666 1046 1808 1101 qua-

154 1124 201 1179 si
233 1137 337 1195 per
364 1122 560 1195 ignem
597 1140 610 1189 ;
643 1126 701 1178 et
730 1120 780 1176 si
813 1137 930 1176 non
961 1120 1286 1188 exurimur,
1316 1124 1511 1175 tamen
1545 1135 1807 1174 uremur.

152 1212 453 1277 Quomodo
492 1216 690 1266 tamen
721 1208 820 1265 alii
851 1213 1195 1265 remaneant
1231 1209 1289 1263 in
1322 1208 1473 1281 igne,
1522 1206 1621 1263 alii
1676 1222 1808 1280 per-

153 1304 475 1366 transeant,
512 1298 625 1354 alio
655 1297 782 1354 loco
839 1315 946 1353 nos
1003 1298 1170 1354 docet
1228 1297 1534 1370 Scriptura
1589 1296 1804 1351 divina.

153 1388 373 1461 Nempe
406 1388 465 1443 in
499 1404 660 1443 mare
716 1387 980 1442 Rubrum
1040 1387 1349 1442 demersus
1406 1384 1659 1457 pepulus
1719 1389 1809 1441 est

158 1478 576 1551 Egyptiorum,
608 1476 876 1531 transivit
896 1479 1092 1531 autem
1119 1474 1373 1548 populus
1398 1474 1767 1529 Hebraeorum
1791 1494 1803 1541 ;

155 1566 380 1639 Moyses
410 1564 806 1637 pertransivit,
844 1564 1242 1636 praecipitatus
1273 1568 1363 1619 est
1391 1562 1614 1618 Pharao
1637 1562 1807 1633 (Exod

152 1672 264 1723 xxv,
290 1655 476 1724 22-28)
513 1672 526 1709 :
559 1652 839 1725 quoniam
871 1653 1143 1725 graviora
1167 1669 1304 1709 eum
1350 1657 1588 1726 peccata
1654 1668 1803 1707 mer-

152 1747 377 1842 serunt.
413 1746 485 1843 So
519 1742 1249 1844 mpdoprtecipitabuntur
1606 1740 1665 1797 in
1722 1740 1803 1796 la-
1836 1779 1883 1844 Β

152 1846 283 1886 cum
316 1830 471 1903 ignis
499 1829 779 1897 ardentis,
814 1831 914 1903 qui
967 1832 1220 1904 superba
1272 1830 1330 1885 in
1386 1830 1569 1886 Deum
1621 1831 1805 1901 jacta-

152 1935 283 1975 vere
315 1919 597 1975 convicia.
646 1922 977 1992 Sequemur
1031 1935 1169 1992 ergo
1226 1919 1321 1974 hic
1352 1918 1526 1992 positi
1583 1919 1805 1975 colum-

152 2025 288 2065 nam
325 2007 498 2081 ignis,
532 2025 659 2080 qua:
692 2025 798 2063 nos
829 2008 887 2064 in
920 2008 1029 2063 hoc
1058 2024 1298 2080 corpore
1330 2008 1554 2081 positos
1586 2007 1803 2063 illumi-

155 2104 271 2165 net,
306 2101 364 2152 et
394 2096 545 2151 viam
579 2101 865 2153 monstret
898 2115 911 2165 ;
945 2101 1011 2152 ut
1036 2097 1093 2152 in
1117 2098 1381 2154 futurum
1415 2097 1581 2153 nobis
1621 2098 1803 2152 nebu-

153 2185 211 2242 la
241 2185 541 2259 refrigeret
562 2185 794 2243 noctis:
847 2202 963 2257 quo
1021 2202 1171 2241 saeva
1224 2186 1496 2241 incendia
1552 2185 1806 2241 relevare

154 2273 471 2348 possimus.

224 2365 312 2418 '27.
339 2362 483 2418 Vide
516 2367 713 2418 autem
762 2360 1068 2434 Scriptura
1119 2363 1260 2434 qnid
1332 2363 1531 2417 dicat:
1591 2365 1805 2419 Arcum

154 2456 527 2525 peccatorum
580 2449 864 2506 Dominus
941 2450 1284 2522 confringet.
1342 2456 1561 2507 Arcum
1610 2457 1805 2508 autem

155 2556 330 2597 suum
362 2538 558 2614 posuit
583 2539 641 2595 in
674 2539 850 2606 nube,
885 2556 1000 2611 quo
1032 2538 1252 2596 diluvia
1281 2546 1601 2610 cessarent,
1652 2545 1806 2597 tran-

153 2627 416 2702 quillitas
442 2628 853 2684 refunderetur
880 2629 980 2699 (8).
1017 2627 1178 2685 Unde
1228 2629 1609 2698 credendum,
1668 2629 1807 2702 quia

154 2715 521 2775 adversarius
552 2720 609 2773 et
639 2716 933 2790 malignus
964 2733 1166 2773 arcum
1199 2718 1460 2774 extendit
1508 2735 1704 2784 suum,
1740 2722 1806 2773 ut

154 2806 368 2879 quietis
413 2805 628 2861 animis
686 2808 918 2861 moveat
984 2809 1384 2877 tempestates,
1427 2807 1642 2861 excitet
1710 2805 1808 2861 fla-

156 2903 271 2953 tus.
312 2894 558 2951 Oremus
597 2909 734 2965 ergo
776 2897 841 2948 ut
879 2909 1083 2948 arcum
1149 2892 1535 2966 malignitatis
1601 2892 1807 2951 dissol-

155 2987 249 3041 vat
275 2982 561 3039 Dominus
590 2981 742 3037 Deus
771 2984 1015 3049 noster;
1076 2982 1230 3037 adsit
1286 2982 1526 3055 pauperi
1585 2999 1692 3038 suo
1749 2987 1806 3039 et

155 3071 338 3145 inepi,
372 3070 470 3144 qui
506 3074 738 3142 propter
766 3069 867 3125 Dei
897 3069 1165 3126 timorem
1198 3071 1367 3126 duxit
1400 3088 1513 3127 non
1532 3072 1804 3128 affectan-

1920 497 1995 551 Ἐἰ
2027 501 2163 552 sunt
2193 495 2457 570 plerique
2509 496 2805 569 simplices
2834 493 3067 552 Domini
3121 495 3476 563 sacerdotes,
3509 493 3567 549 in

1928 602 2197 641 sermone
2228 602 2534 658 pauperes,
2565 584 2921 641 abstinentia
2936 591 2994 641 et
3021 584 3236 640 virtute
3256 582 3564 639 sublimes.

1934 677 2075 731 791
2115 674 2202 730 Illi
2252 674 2454 730 multis
2510 674 2793 747 loquntur
2846 673 3174 747 perfidiam,
3209 672 3305 729 isti
3366 672 3568 745 paucis

1924 764 2101 819 ﬁdem
2126 766 2398 819 asserunt
2422 782 2436 829 ;
2464 761 2548 817 illi
2582 780 2722 818 suos
2742 762 3074 818 immittunt
3102 760 3362 834 quotidie
3381 777 3571 818 sacer-

1924 852 2110 922 dotes,
2142 851 2237 907 hic
2267 868 2490 924 pauper
2530 851 2779 924 populos
2837 849 3088 923 acquirit
3140 849 3426 917 Ecclesiae,
3458 866 3566 905 nu-

1923 956 2201 1013 meroque
2227 941 2611 996 credentium.
2646 940 2751 1005 Qui
2783 957 2919 1013 ergo
2951 940 3057 995 hos
3086 937 3357 1010 audierit,
3397 943 3455 994 et
3480 938 3565 994 vi-

1922 1030 2070 1085 derit
2099 1046 2341 1101 operum
2372 1028 2738 1101 qualitatem,
2767 1028 2909 1084 dicit
2942 1046 2955 1082 :
2995 1052 3021 1077 ‹‹
3057 1028 3266 1084 Melius
3318 1031 3409 1083 est
3438 1043 3562 1095 mo-

1920 1118 2116 1174 dicum
2143 1121 2328 1189 justo,
2358 1133 2538 1190 super
2567 1116 2799 1173 divitias
2839 1123 3209 1190 peccatorum
3263 1114 3498 1172 multas.
3532 1139 3559 1166 »

1922 1205 2065 1261 Hinc
2097 1206 2372 1262 Salomon
2396 1205 2673 1262 derivavit
2694 1203 2864 1274 illud,
2896 1205 3050 1278 quod
3085 1203 3256 1277 quasi
3285 1221 3460 1261 suum
3482 1203 3563 1277 ip-

1927 1312 1989 1350 se
2008 1295 2242 1368 posuit:
2272 1318 2294 1344 ι
2330 1295 2411 1350 Ex
2439 1293 2811 1366 multiloquio
2843 1311 2956 1349 non
2989 1293 3233 1366 effugies
3262 1296 3563 1366 peccatum

1917 1384 2099 1453 (Prov.
2132 1401 2189 1448 ι,
2234 1383 2339 1454 19).
2376 1406 2403 1432 υ
2453 1382 2730 1439 Dialetica
2783 1397 2920 1456 ergo
2979 1382 3195 1440 divitiis
3252 1381 3560 1438 verborum

1918 1472 2066 1539 fluit,
2094 1473 2283 1546 pietas
2317 1473 2585 1527 timorem
2618 1470 2719 1528 Dei
2748 1476 2959 1528 servat.
2993 1471 3126 1528 ldeo
3156 1469 3249 1527 hic
3270 1487 3483 1544 parcus
3505 1468 3562 1525 in

1913 1561 2127 1628 verbis,
2161 1562 2321 1617 dives
2356 1562 2412 1616 in
2446 1561 2680 1634 spiritu,
2714 1561 2901 1634 magis
2933 1561 3057 1615 vult
3099 1560 3326 1628 timere,
3384 1575 3563 1631 quam

1914 1668 2063 1706 vana
2093 1651 2207 1705 veri
2242 1652 2413 1705 verba
2459 1650 2730 1722 jactare:
2794 1648 2970 1705 timor
3025 1649 3182 1704 enim
3241 1647 3556 1720 disciplina

1914 1740 2207 1812 sapientia
2256 1746 2388 1795 est:
2452 1738 2776 1812 loquacitas
2826 1738 3171 1794 innocentia
3201 1737 3555 1809 virtutisque

1912 1829 2309 1903 naufragium,
2349 1832 2523 1902 atque
2550 1828 2907 1885 incentivum
2939 1826 3328 1901 prolapsionis
3353 1830 3412 1882 et
3440 1824 3564 1881 cul-

1915 1936 2021 1991 pas.
2522 1934 2531 1941 ’

1984 2008 2073 2065 29.
2111 2007 2296 2079 (Vere.
2331 2008 2439 2079 17.)
2472 2032 2499 2056 «ι
2534 2006 2821 2073 Quoniam
2850 2005 3108 2076 brachia,
3170 2004 3380 2077 inquit,
3438 2022 3563 2079 pec-

1914 2102 2179 2152 catorum
2210 2100 2602 2167 conterentur.
2639 2118 2668 2145 ››
2698 2095 2769 2153 Ut
2800 2101 2965 2151 actus
2986 2110 3187 2151 eorum
3219 2094 3388 2166 justo
3445 2094 3560 2150 im-

1914 2187 2316 2259 pedimentum
2358 2186 2565 2241 afferre
2592 2202 2711 2243 non
2762 2184 2990 2259 possint
3021 2202 3034 2251 ;
3092 2201 3164 2240 ne
3196 2181 3564 2255 derelinqua-

1915 2281 2011 2330 tur
2039 2276 2200 2347 virga
2229 2279 2599 2346 peccatorum
2631 2291 2809 2346 super
2866 2277 3084 2329 sortem
3138 2272 3462 2345 justorum.
3495 2271 3560 2327 Et

1917 2362 2132 2419 Paulus
2161 2361 2271 2417 ait:
2300 2385 2329 2413 «
2362 2364 2629 2418 Conterat
2660 2362 2813 2417 Deus
2848 2362 3127 2418 Satanam
3157 2361 3268 2419 sub
3314 2360 3557 2434 pedibus

1914 2452 2124 2510 vestris
2155 2452 2329 2519 (Rom.
2362 2468 2480 2520 xvx,
2510 2452 2620 2522 20).
2676 2474 2696 2499 ι
2734 2451 2792 2505 Si
2851 2450 3008 2507 enim
3064 2449 3375 2508 brachium
3433 2450 3559 2521 ejus

1915 2541 2233 2598 contritum
2266 2540 2461 2607 fuerit,
2497 2545 2655 2595 totus
2682 2539 2807 2611 ipse
2865 2543 3245 2607 conteretur;
3293 2544 3363 2595 ut
3415 2555 3557 2596 eon-

1917 2629 2220 2686 culcentur
2249 2629 2378 2700 ejus
2406 2633 2757 2695 commenta,
2790 2627 2944 2683 sicut
2967 2643 3191 2699 venena
3246 2627 3556 2700 serpentis.
3580 2686 3585 2697 ε

1984 2720 2075 2773 30.
2114 2741 2134 2767 ι
2172 2719 2489 2774 Conﬁrmat
2518 2722 2713 2774 autem
2755 2718 2951 2789 justos
3007 2716 3315 2786 Dominus,
3350 2739 3377 2765 »
3426 2716 3553 2773 bra-

1916 2807 2047 2863 chio
2078 2806 2393 2863 adversarii
2424 2804 2730 2863 dissoluto.
2759 2805 2828 2861 Et
2857 2806 2986 2861 ideo
3005 2806 3212 2878 justus
3233 2805 3377 2862 dicit
3402 2824 3417 2862 :
3444 2797 3559 2862 «Et

1915 2895 2275 2952 confirmasti
2307 2912 2483 2966 super
2513 2911 2605 2949 me
2638 2910 2876 2950 manum
2917 2901 3081 2973 tuam
3139 2895 3310 2967 (Psal.
3342 2912 3556 2964 mm,

1914 2986 1991 3056 3).
2029 3009 2056 3034 ››
2087 2986 2155 3039 Et
2179 2984 2287 3040 Job
2318 2985 2399 3039 ait
2431 3001 2443 3038 :
2482 3008 2509 3033 ‹‹
2544 2982 2749 3039 Manus
2770 2983 3000 3039 Domini
3031 2983 3224 3056 tetigit
3269 3000 3363 3040 me
3423 2984 3554 3057 (Job.

1913 3091 2031 3144 xxx,
2063 3074 2173 3144 21).
2210 3095 2239 3121 ››
2272 3071 2431 3126 Misit
2461 3087 2595 3143 ergo
2625 3069 2911 3127 Dominus
2968 3086 3210 3126 manum
3267 3085 3439 3126 suam
3498 3070 3555 3124 in

156 3162 261 3217 das
290 3176 418 3217 esse
447 3157 699 3225 divitias,
733 3175 848 3215 non
878 3160 1218 3231 occupanda
1245 3160 1540 3217 minorum
1562 3160 1796 3234 praedia,
1832 3149 1875 3217 C
1914 3176 2145 3219 servum
2177 3177 2352 3217 suum
2387 3179 2399 3228 ;
2433 3163 2490 3216 et
2520 3176 2761 3216 manum
2792 3158 3111 3233 peccatoris
3141 3175 3322 3231 quam
3343 3159 3402 3214 in
3426 3174 3556 3215 eum

159 3266 273 3306 non
303 3249 509 3304 viduas
541 3246 757 3304 relictis
786 3249 1073 3320 majorum
1108 3248 1543 3305 hereditatibus
1592 3266 1802 3321 exuen-

157 3339 283 3394 das.

226 3429 313 3483 28.
350 3427 536 3499 (Vera.
576 3428 683 3496 16.)
717 3450 744 3477 ‹‹
780 3426 989 3483 Melius
1009 3432 1098 3483 est
1125 3444 1332 3500 parum
1382 3428 1567 3499 justo,
1630 3445 1807 3501 super

158 3516 395 3572 divitias
422 3522 792 3589 peccatorum
840 3514 1077 3573 multas.
1114 3540 1143 3566 »
1210 3517 1335 3573 Non
1395 3533 1533 3589 ergo
1593 3517 1805 3573 divitia

158 3596 529 3667 accusantur,
579 3604 679 3659 sed
738 3604 953 3660 divitiae
1011 3610 1434 3676 peccatorum;
1492 3605 1606 3662 nisi
1665 3606 1809 3661 forte

160 3693 300 3765 quia
342 3697 609 3764 peccator
638 3691 819 3747 dixit:
882 3716 909 3742 ‹‹
943 3691 1151 3748 Omnia
1208 3693 1327 3750 haec
1384 3694 1529 3750 mihi
1596 3695 1809 3750 tradita

160 3785 317 3847 sunt,
350 3785 407 3836 et
435 3779 528 3835 cui
558 3779 704 3849 volo,
740 3780 812 3835 do
845 3779 1112 3851 illa(Luc.
1146 3799 1221 3849 ιν,
1247 3784 1323 3855 6).
1359 3805 1386 3833 ››
1420 3782 1637 3839 Deinde
1672 3801 1811 3855 quo-

160 3870 319 3925 niam
378 3868 587 3925 divitias
671 3869 861 3941 magis
932 3869 1119 3926 facem
1180 3871 1521 3944 cupiditatis
1582 3872 1809 3928 inﬂam-

160 3964 324 4015 mant
358 3977 371 4027 ;
402 3963 459 4015 et
489 3958 899 4031 unusquisque
930 3958 1070 4014 dum
1104 3960 1669 4031 majoradesiderat,
1694 3978 1809 4017 non

159 4048 411 4105 declinat
440 4046 786 4105 diverticula
814 4052 1210 4120 peccatorum.
1246 4049 1408 4105 Unde
1439 4055 1495 4105 et
1551 4051 1813 4107 Salvator

161 4136 304 4193 dixit
335 4154 349 4192 :
384 4159 413 4189 ‹‹
441 4137 632 4193 Facite
660 4135 829 4193 vobis
857 4136 1084 4193 amicos
1112 4138 1185 4193 de
1216 4154 1559 4195 mammona
1600 4139 1812 4211 iniqui-

163 4224 475 4297 tatis(Luc.
509 4242 622 4282 xvi.
680 4225 757 4298 9).
819 4225 1162 4298 Iniquitatis
1214 4228 1370 4282 enim
1433 4244 1644 4284 census
1702 4231 1811 4298 est,

163 4315 261 4389 qui
294 4315 354 4370 in
385 4313 602 4372 diaboli
650 4318 934 4388 potestate
1001 4318 1111 4381 est,
1144 4320 1205 4371 ut
1239 4316 1330 4372 cui
1391 4314 1488 4371 ille
1543 4316 1809 4385 voluerit,

160 4402 507 4460 conferatur.
542 4401 738 4459 Potest
767 4406 826 4459 et
858 4402 1003 4459 illud
1036 4398 1283 4475 intelligi
1318 4420 1330 4458 :
1399 4429 1425 4453 ‹‹
1462 4404 1669 4461 Melius
1726 4411 1815 4463 est

160 4508 367 4585 parum
392 4492 577 4585 justo,
611 4508 788 4585 super
820 4491 1054 4585 divitias
1080 4497 1448 4585 peccatorum
1482 4493 1698 4552 multas
1731 4513 1744 4562 ;
1780 4518 1809 4545 »
1841 4520 1888 4585 Β

161 4580 299 4653 quia
328 4584 418 4635 est
447 4580 547 4652 qui
578 4585 666 4636 est
693 4580 851 4636 dives
883 4580 942 4635 in
969 4579 1162 4636 verbis
1195 4582 1293 4652 (9),
1358 4588 1420 4635 ut
1478 4588 1617 4638 sunt
1680 4583 1809 4656 phi-

162 4665 393 4740 losophi
428 4667 603 4743 istius
628 4666 857 4734 mundi,
891 4668 961 4723 de
992 4666 1295 4740 sacrilegis
1326 4668 1720 4740 disputantes,
1742 4670 1813 4727 de

162 4760 323 4814 motu
354 4755 637 4824 siderum,
672 4756 744 4812 de
776 4755 945 4811 stella
971 4756 1132 4812 Jovis
1162 4772 1229 4811 ac
1258 4756 1515 4826 Saturni,
1549 4758 1812 4832 degene-

162 4843 490 4901 rationibus
542 4844 872 4912 hominum,
906 4843 976 4900 de
1020 4842 1470 4900 simulacrorum
1527 4846 1709 4915 cultu,
1743 4848 1815 4904 de

161 4933 502 5005 geometria,
535 4934 607 4989 de
636 4932 958 4988 dialectica.
993 4931 1331 5005 Philosophi
1380 4950 1515 5008 ergo
1573 4934 1632 4992 in
1693 4954 1814 4996 ser-

234 5093 459 5217 (_82.Mss
515 5094 757 5168 aliquot,
790 5094 1006 5168 quando
1029 5093 1241 5150 diluvia
1271 5105 1560 5165 cesserant,
1583 5104 1644 5154 ut
1661 5107 1812 5156 tran-

238 5165 279 5217 ιι
308 5168 413 5217 Ita:
443 5167 852 5217 refundantur-

163 5165 421 5238 qualitas
443 5165 852 5238 refunderclur.

236 5234 761 5315 (9)1Edit.'omnes,_
820 5255 887 5315 ac
944 5238 1113 5315 pauci
1169 5234 1505 5315 mss.._guz'b
1560 5246 1636 5298 est
1689 5245 1815 5315 qui-

166 5304 485 5388 dem'(mss.
519 5304 766 5388 quidam)
798 5304 1035 5388 dives'jn
1072 5310 1269 5365 verbis.
1314 5304 1476 5388 ΔΜεε.
1531 5304 1812 5388 quinque,

169 5382 303 5455 quia
369 5384 459 5455 εει.
506 5382 603 5455 qui
651 5384 751 5455 est,
775 5386 883 5437 etc.
948 5382 1018 5436 Et
1084 5382 1351 5455 sequenti
1416 5382 1608 5441 versu.
1644 5382 1811 5443 Rom.

168 5446 593 5529 edit.,.mbu‘lia
616 5446 975 5529 Διίἰηῖηιιαῃίιεδ
1006 5469 1021 5521 ς
1046 5446 1185 5529 sed:
1216 5456 1600 5529 prwterquam
1658 5458 1813 5529 quod

170 5520 541 5603 1209999??-
575 5520 753 5603 stas'e
799 5524 935 5579 θάίι-
968 5527 1116 5603 veta
1141 5520 1378 5603 laeuus.
1399 5520 1464 5603 ςιὲ
1510 5520 1817 5603 βασῖέιὶθίξε

171 5586 529 5663 disputantes.
558 5586 787 5658 videtur
813 5609 928 5657 non
960 5592 1117 5653 aliud
1141 5586 1237 5655 his
1263 5586 1455 5657 verbis
1476 5586 1817 5679 signiﬁcari,

1914 3254 2149 3323 accepta
2205 3249 2446 3305 miserat
2499 3253 2803 3321 potestate,
2863 3248 3287 3321 brachiumque
3344 3248 3579 3321 contai-_

1914 3341 2013 3395 vit.
2050 3339 2133 3394 Ita
2164 3336 2433 3394 diabolus
2487 3353 2593 3393 suo
2651 3353 2921 3393 sermone
2977 3336 3253 3409 deceptus
3310 3341 3424 3404 est,
3455 3335 3551 3409 qui

1914 3427 2060 3483 dixit
2093 3444 2106 3481 :
2145 3449 2173 3477 ‹‹
2205 3427 2371 3482 Mitte
2401 3442 2644 3483 manum
2678 3431 2842 3481 tuam
2874 3426 2931 3479 in
2966 3440 3123 3491 eum,
3154 3428 3212 3480 et
3251 3425 3550 3481 videamus

1916 3517 1963 3573 si
1990 3517 2049 3572 in
2082 3516 2288 3572 faciem
2319 3519 2377 3572 te
2435 3532 2552 3571 non
2601 3514 2908 3571 benedicat
2939 3513 3077 3585 (Job.
3131 3530 3194 3581 ιι,
3224 3512 3302 3586 5).
3351 3536 3378 3562 ››
3412 3513 3556 3593 ⁴Νοῑι

1917 3608 2071 3662 enim
2105 3621 2287 3661 ausus
2316 3608 2407 3661 est
2435 3604 2645 3673 dicere,
2679 3603 2992 3659 maledicat
3024 3620 3039 3671 ;
3072 3602 3173 3658 sed
3203 3601 3314 3658 hoc
3345 3600 3557 3658 intelli-

1917 3696 2172 3767 gendum
2205 3692 2459 3766 reliquit.
2486 3692 2646 3749 Misit
2681 3693 2837 3749 Deus
2868 3708 3109 3748 manum
3140 3695 3409 3758 suam,et
3437 3707 3563 3748 con-

1920 3786 2187 3839 firmatus
2235 3787 2325 3838 est
2352 3781 2480 3838 Job.
2515 3781 2699 3854 Cmpit
2728 3780 3087 3845 benedicere,
3121 3780 3223 3853 qui
3252 3778 3591 3843 maledice.

1920 3889 1981 3928 re
2009 3871 2353 3929 credebatur
2380 3889 2394 3939 ;
2431 3874 2602 3926 sanat
2630 3870 2784 3926 enim
2809 3870 3024 3941 justos,
3058 3884 3192 3924 cum
3222 3868 3414 3941 tangit
3450 3883 3563 3925 ma-

1920 3976 2032 4016 nus
2063 3959 2282 4029 divina,
2315 3976 2430 4016 non
2461 3958 2746 4015 vulnerat.
2772 3957 2931 4013 Misit
2986 3962 3229 4013 manum
3286 3972 3480 4027 suam,
3511 3960 3567 4012 et

1919 4049 2133 4123 leprosi
2158 4047 2390 4105 macula
2413 4048 2605 4104 omnis
2652 4047 2984 4115 abscessit;
3040 4044 3232 4119 tetigit
3286 4061 3565 4103 caecorum

1922 4137 2142 4207 oculos,
2174 4142 2230 4194 et
2260 4137 2514 4194 cecitate
2544 4134 2792 4209 depulsa
2831 4136 3034 4192 lumen
3089 4133 3322 4213 refulsit
3376 4134 3564 4192 oculo-

1922 4242 2075 4283 rum.
2104 4227 2241 4283 Pete
2268 4243 2405 4301 ergo
2430 4242 2665 4299 semper
2695 4230 2759 4281 ut
2789 4224 3176 4292 confirmeris,
3209 4224 3491 4296 quoniam
3512 4227 3565 4282 et

1920 4321 1985 4371 tu
2015 4315 2115 4388 qui
2147 4319 2289 4384 stas,
2321 4316 2451 4373 vide
2483 4331 2554 4372 ne
2586 4315 2781 4371 cadas.
2815 4314 2932 4371 Nos
2972 4316 3127 4369 stare
3157 4313 3466 4385 debemus,
3496 4315 3559 4368 ut

1922 4405 2338 4469 conﬁrmemur
2367 4422 2401 4459 a
2442 4403 2705 4461 Domino.
2763 4403 3080 4460 Lubrieum
3122 4405 3213 4458 est
3258 4389 3559 4467 seculum,

1922 4494 2034 4551 cito
2063 4493 2337 4550 labimur.
2373 4494 2505 4549 Ideo
2540 4509 2809 4565 rogemus
2834 4496 2900 4548 ut
2930 4508 3036 4547 nos
3063 4492 3345 4560 Dominus
3391 4489 3561 4547 stabi-

1920 4584 2026 4639 lire
2056 4588 2113 4639 et
2142 4581 2489 4639 conﬁrmare
2521 4582 2812 4655 dignetur.

1991 4673 2079 4728 31.
2114 4672 2294 4743 (Vers.
2333 4672 2417 4728 18.
2457 4672 2566 4751 19.)
2595 4670 2724 4749 Noli
2757 4675 2961 4743 putare
3010 4671 3150 4743 quia
3199 4671 3353 4751 viam
3407 4675 3563 4727 tuam

1922 4763 2145 4819 neseiat
2174 4763 2476 4817 Dominus.
2511 4760 2570 4817 Si
2591 4761 2794 4833 justus
2824 4777 2906 4833 es,
2941 4761 3117 4816 novit.
3149 4760 3327 4817 Crede
3356 4758 3563 4817 dicenti

1924 4850 2268 4923 Prophetas:
2332 4872 2359 4900 «
2414 4849 2584 4905 Novit
2639 4849 2923 4906 Dominus
2980 4850 3102 4906 vias
3172 4849 3566 4906 immaculato-

1923 4957 2053 4996 rum
2082 4940 2193 5012 (10)
2227 4956 2240 4994 :
2273 4943 2331 4993 et
2380 4937 2689 4994 hereditas
2741 4953 2940 4994 eorum
3002 4935 3383 4995 immaculata
3440 4928 3585 4993 erit.

1923 5117 2101 5174 quam
2134 5097 2252 5174 illis
2283 5097 2499 5174 quibus
2525 5098 2804 5174 Oiigenes
2834 5097 3081 5174 gentiles
3116 5098 3362 5174 inducit,
3392 5098 3562 5174 diver-

1921 5170 2011 5229 ,ξας
2041 5173 2230 5228 contra
2258 5170 2317 5226 .ςέ
2343 5173 2577 5227 invicem
2607 5170 2907 5244 impietatis
2936 5170 3232 5227 dialectica
3285 5173 3425 5226 artis
3454 5185 3563 5224 ver-

1921 5245 2093 5302 εαιὶἱδν
2111 5246 2434 5298 astruéntes.

1995 5314 2453 5389 (10)_Sicpversio_
2482 5314 2659 5389 Argb,
2689 5317 2748 5371 et
2778 5314 2917 5371 LXX
2946 5314 3157 5389 interp.
3191 5328 3328 5389 cum
3358 5309 3564 5389 Psalte-

1923 5381 2028 5444 riis
2046 5381 2280 5459 aliquot
2309 5384 2512 5459 Gallic.
2545 5381 2761 5459 TeXtus
2790 5393 2985 5443 autem
3019 5381 3256 5459 lie—bra,
3287 5381 3559 5459 Paraphr.

1922 5452 2240 5516 Chaldfet
2293 5457 2481 5531 versio
2538 5456 2664 5531 Syr.
2733 5474 2867 5514 cum
2927 5452 3096 5528 Vulg.
3143 5456 3283 5531 _Lat.
3332 5452 3559 5531 legunt,
3648 5497 3652 5500 ‹

1922 5532 2037 5587 dies
2066 5525 2979 5603 immaculatoruquOuapropter
3006 5525 3160 5603 quod
3204 5525 3587 5603 ﬁmhrosiul,;
3670 5541 3676 5545 '

1923 5603 2079 5669 intra
2104 5605 2357 5669 testatur
2392 5617 2473 5667 se
2502 5599 2563 5682 in
2612 5593 2811 5679 Greco,
2847 5593 3163 5681 exemplari
3219 5596 3372 5685 hanc
3427 5593 3587 5659 ulti-’
