3894 6208
149 326 307 388 1029

1190 324 1645 389 ENARRATIO
1691 328 1764 388 IN
1812 326 2188 388 PSALMUM
2234 319 2506 389 XXXVI.

3393 330 3551 394 1030

146 460 272 514 Non
305 457 742 514 confundantur
770 457 833 513 in‘
886 461 1144 530 tempore
1175 459 1348 516 malo.
1384 481 1412 508 »
1468 461 1575 526 Qui
1632 459 1790 514 novit
1818 461 1872 526 Α
1902 473 2022 524 VIII,
2053 458 2164 527 56).
2203 481 2223 504 »
2268 457 2492 513 Bonum
2549 457 2725 514 habet
2781 459 2956 528 diem,
3023 461 3122 534 qui
3184 464 3280 517 Dei
3338 465 3546 520 Filium

144 546 462 603 Dominum
493 546 681 602 scitur
717 564 751 602 a
805 546 1068 604 Domino.
1126 549 1295 604 Novit
1339 549 1555 618 justos,
1612 546 1798 604 nescit

145 636 429 707 injustos;
462 635 593 692 ideo
626 635 864 707 injustis
921 636 1106 692 dicet:
1167 660 1196 687 «
1253 637 1546 694 Discedite
1599 656 1633 694 a
1679 655 1790 704 me,

145 741 354 781 omnes
410 725 512 796 qui
570 723 894 795 operamini
973 724 1382 796 iniquitatem:
1442 727 1636 783 nescio
1693 744 1794 783 vos

146 813 359 884 (Matth.
419 829 520 882 vn,
578 813 773 882 23);»
830 811 939 868 hoc
995 817 1102 882 est,
1163 814 1302 886 quia
1368 815 1510 871 estis
1566 817 1794 890 indigni

145 901 479 974 cognitione
510 901 729 958 divina.
768 901 973 957 Nescio
1012 918 1152 970 vos;
1214 904 1353 976 quia
1409 921 1502 961 me
1532 905 1644 978 ipsi
1700 921 1798 963 ne-

144 991 297 1046 scire
326 989 614 1046 voluistis.
669 991 855 1062 Opera
911 993 1103 1047 vestra
1158 1007 1250 1048 me
1298 993 1586 1058 nesciunt,
1646 995 1798 1051 facta

145 1087 339 1136 vestra
365 1095 460 1136 me
515 1080 824 1141 nesciunt;
855 1079 962 1135 etsi
994 1079 1218 1149 dicatis,
1269 1082 1408 1154 quia
1459 1099 1553 1138 me
1608 1083 1794 1151 scitis,

144 1169 516 1241 redarguunt
542 1184 644 1224 vos
673 1172 929 1240 peccata,
961 1173 1174 1226 vestra.
1207 1170 1392 1227 Omne
1430 1176 1732 1244 peccatum
1766 1190 1800 1229 a

147 1256 306 1313 malo
339 1261 466 1314 est:
500 1255 601 1327 qui
633 1260 832 1312 autem
869 1273 986 1313 non
1041 1263 1260 1329 peccat,
1311 1259 1370 1314 in
1431 1277 1526 1317 me
1577 1266 1795 1330 manet,

146 1346 259 1402 hoc
319 1345 558 1417 scripsit
607 1344 863 1401 Joannes
913 1346 962 1417 (ι
1012 1347 1169 1402 Joan.
1226 1363 1310 1415 III,
1375 1349 1451 1420 6).
1512 1349 1660 1415 Quid
1727 1353 1800 1406 de

144 1434 398 1491 Domino
428 1433 642 1499 dicam,
673 1433 814 1506 quia
841 1434 1118 1507 dignatur
1148 1435 1398 1508 impium
1429 1437 1619 1494 scire?
1649 1439 1800 1494 Pau-

142 1526 242 1579 lus
285 1522 660 1595 dedignatur,
693 1521 792 1593 qui
822 1522 1003 1579 dixit:
1037 1547 1066 1574 ‹‹
1099 1523 1158 1580 Si
1189 1525 1322 1596 quis
1354 1526 1412 1581 in
1441 1527 1607 1583 vobis
1662 1543 1801 1601 pro-

145 1613 333 1685 pheta
377 1616 488 1678 est,
546 1613 647 1666 aut
700 1609 1002 1683 spiritalis,
1063 1620 1376 1685 cognoscat
1424 1631 1555 1687 qua:
1610 1616 1802 1673 scribo

144 1701 351 1757 vobis:
386 1699 483 1771 qui
508 1703 703 1754 autem
736 1699 985 1772 ignorat,
1019 1700 1385 1773 ignorabitur
1413 1706 1462 1774 (I
1508 1705 1626 1760 Cor.
1687 1722 1801 1772 xxv,

1904 547 2124 602 bonum
2176 547 2360 604 Deum
2405 547 2582 614 novit,
2635 551 2692 602 et
2743 547 3057 606 Dominum
3106 553 3432 609 confitetur.
3482 555 3553 610 Et

1903 653 2109 692 rursus
2165 635 2288 707 ipse
2318 653 2425 692 nos
2473 637 2747 693 admonet
2801 655 2999 695 cavere
3057 640 3289 708 debere,
3353 665 3381 693 «
3413 643 3554 714 quia

1905 725 2028 780 dies
2059 725 2198 780 mali
2229 729 2368 780 sunt
2405 725 2630 796 (Ephes.
2679 743 2732 793 ν,
2792 728 2899 795 16).
2963 752 2990 777 ››
3050 730 3156 792 Qui
3217 729 3354 786 mali
3414 735 3553 787 sunt

1904 813 2027 869 dies
2047 814 2074 868 ‘I
2103 815 2168 869 lu
2199 813 2413 885 quibus
2471 814 2671 886 utique
2719 815 2940 871 malum
2971 819 3362 889 cognoscitur,
3395 821 3550 893 quod

1902 906 1991 957 est
2020 919 2054 957 a
2084 901 2257 958 malo.
2290 904 2404 957 Aut
2433 901 2580 958 forte
2610 903 2733 958 dies
2791 906 2988 959 saeculi
3042 907 3179 961 mali
3214 915 3354 963 sunt
3413 909 3552 982 quia

1906 990 2187 1046 saculum
2227 989 2286 1044 in
2337 990 2594 1062 maligno
2667 993 2921 1063 positum
2980 1001 3085 1049 est.
3140 996 3252 1052 Sed
3299 996 3552 1070 legimus

1906 1078 2083 1135 etiam
2116 1082 2248 1150 post
2277 1078 2555 1134 saeculum
2582 1079 2736 1134 diem
2769 1081 3020 1137 malum:
3056 1106 3083 1132 «
3131 1084 3192 1139 ln
3250 1085 3343 1141 die
3399 1086 3556 1142 mala

1906 1167 2179 1223 liberabit
2204 1183 2338 1222 eum
2382 1166 2666 1223 Dominus
2699 1170 2865 1238 (Psul.
2899 1187 2988 1236 xc,
3019 1171 3100 1241 2),
3136 1195 3163 1221 »
3213 1173 3321 1229 hoc
3353 1178 3462 1244 est,
3493 1175 3553 1230 in

1908 1257 2002 1312 die
2007 1255 2399 1327 judicii,ma1a
2417 1256 2651 1328 quidem
2674 1261 2907 1329 propter
2919 1258 3236 1315 multorum
3252 1261 3557 1334 supplicia.

1909 1345 2153 1400 Necesse
2184 1349 2272 1399 est
2301 1344 2458 1399 enim
2494 1350 2557 1399 ut
2600 1350 2988 1416 torqueantur
3044 1347 3273 1420 injusti,
3323 1367 3559 1424 compa-

1908 1431 2131 1488 tiantur
2151 1431 2335 1503 justi;
2367 1433 2509 1502 quia
2536 1436 2594 1488 et
2621 1434 2824 1505 Angeli
2854 1437 3131 1507 gaudent,
3191 1455 3326 1494 cum
3356 1456 3564 1511 pecea-

1910 1525 2004 1576 tor
2032 1538 2067 1576 a
2097 1524 2280 1576 morte
2322 1525 2592 1576 servatur
2649 1539 2822 1578 unus.
2882 1525 3330 1596 Compatiuntur
3385 1527 3564 1600 igitur

1911 1627 2044 1665 cum
2076 1611 2320 1682 punitur
2349 1610 2496 1681 (l2);
2551 1610 2661 1665 etsi
2691 1609 2830 1666 alibi
2889 1611 3238 1685 legerimus:
3291 1637 3322 1664 ι(
3383 1615 3561 1672 Laata-

1913 1702 2009 1753 tur
2029 1699 2250 1769 justus,
2283 1715 2417 1754 cum
2447 1698 2655 1754 viderit
2685 1699 2994 1756 vindictam
3027 1702 3342 1775 impiorum
3387 1705 3558 1775 (Psat.

143 1791 238 1860 27,
273 1788 388 1859 38).
423 1810 452 1838 ››
487 1788 637 1844 792
693 1788 766 1843 Et
810 1787 949 1844 alibi
1005 1789 1288 1862 scriptum
1338 1796 1466 1847 est:
1504 1816 1530 1842 ‹‹
1583 1795 1804 1866 Cogno-
1835 1831 1878 1894 Β
1915 1804 2044 1851 LVII,
2078 1788 2187 1894 it),
2223 1809 2250 1884 >3
2283 1788 2570 1894 quod'suo
2622 1787 2747 1842 loco
2807 1806 3074 1853 reservo;
3121 1793 3231 1847 etsi
3287 1793 3562 1865 frequen-

145 1877 232 1933 vit
263 1876 556 1934 Dominus
586 1875 688 1949 qui
718 1881 855 1932 sunt
885 1877 1012 1948 ejus
1041 1877 1115 1946 (II
1144 1879 1279 1934 Tim.
1334 1897 1395 1951 II,
1456 1882 1564 1949 19).
1625 1905 1652 1930 ››
1711 1883 1798 1938 Si-

146 1984 289 2024 mus
319 1981 458 2040 ergo
490 1966 739 2038 Domini,
799 1970 864 2022 ut
911 1971 1222 2040 cogonscat
1251 1985 1357 2025 nos
1412 1969 1714 2040 Dominus,
1747 1977 1804 2029 et

146 2055 421 2112 discedat
451 2055 522 2111 ab
553 2054 862 2126 iniquitate
889 2055 1082 2112 omnis
1113 2056 1213 2127 qui
1271 2057 1536 2116 nominat
1589 2077 1801 2117 nomen

144 2143 409 2202 Domini.

209 2235 318 2288 .32.
353 2232 587 2288 GNBCUS
618 2232 826 2289 habet:
895 2253 918 2281 ι
970 2233 1137 2289 Novit
1175 2234 1462 2293 Dominus
1522 2238 1646 2295 dies
1693 2239 1804 2295 im-

147 2319 611 2379 maculatorum.
647 2345 669 2374 ι
732 2324 881 2376 Sunt
908 2321 1065 2377 enim
1094 2322 1222 2380 dies
1276 2323 1434 2395 Elite,
1493 2332 1632 2383 sunt
1681 2329 1806 2385 dies

145 2409 733 2478 Nabuchodonosor;
789 2409 916 2466 ideo
969 2410 1346 2483 Evangelium
1405 2413 1620 2470 habet:
1657 2439 1685 2465 «
1743 2417 1806 2472 In

147 2500 368 2556 diebus
399 2498 556 2568 Elite,
586 2499 820 2570 quando
857 2497 1124 2556 clausum
1155 2505 1244 2556 est
1281 2501 1490 2558 coelum
1524 2505 1670 2573 (Luc.
1731 2522 1806 2575 Iv,

145 2591 276 2656 25).
316 2611 339 2637 ι
373 2587 496 2644 Nox
551 2590 674 2643 erat
728 2587 987 2659 perﬁdis,
1040 2588 1141 2644 sed
1200 2588 1335 2645 Elite
1380 2590 1582 2648 lumen
1638 2598 1802 2662 erat;

147 2678 428 2734 clausum
476 2679 599 2732 erat
647 2675 907 2748 perfidis,
963 2675 1197 2744 ccelum,
1229 2679 1330 2735 sed
1381 2679 1514 2736 Elite
1553 2683 1806 2753 patebat;

148 2768 349 2824 fames
401 2769 526 2820 erat
580 2764 839 2836 perﬁdis,
914 2765 1016 2821 sed
1073 2765 1208 2822 Elite
1279 2769 1562 2838 ubertas;
1623 2787 1810 2843 neque

147 2855 318 2914 enim
349 2851 570 2910 esurire
600 2857 842 2924 poterat,
876 2854 970 2910 cui
1001 2854 1200 2911 cibum
1219 2855 1474 2913 ccclestia
1499 2859 1612 2931 (l7)
1635 2859 1811 2915 mini-

148 2945 600 3011 strabant;nec
655 2943 967 3013 esuriebat,
1023 2943 1124 3015 qui
1156 2941 1302 3001 alios
1330 2946 1455 3018 ipse
1511 2948 1808 3020 pascebat.

148 3033 310 3104 Ergo
341 3029 453 3088 sibi
483 3031 606 3086 dies
637 3035 726 3087 est
748 3032 948 3100 justus
996 3031 1056 3087 in
1088 3033 1344 3090 tenebris
1408 3035 1547 3108 quia
1601 3042 1659 3093 et
1712 3038 1811 3094 lux

151 3123 216 3177 in
252 3120 510 3178 tenebris
541 3119 714 3177 lucet.
749 3121 816 3176 Et
868 3120 1086 3194 Joseph
1143 3121 1202 3176 in
1258 3126 1497 3195 Egypto
1554 3129 1697 3194 erat,
1753 3133 1812 3183 et

1910 1880 1998 1931 ter
2023 1875 2280 1932 audieris
2307 1891 2411 1930 cur
2442 1875 2696 1944 laetetur;
2735 1879 2834 1932 sed
2869 1880 3290 1951 occupationes
3323 1881 3566 1955 occupa-

1912 1963 2173 2020 tionibus
2202 1980 2320 2020 non
2351 1963 2704 2020 inseramus.

1980 2052 2102 2108 33.«
2136 2052 2304 2107 Novit
2333 2052 2614 2109 Dominus
2643 2053 2766 2110 dies
2804 2055 3338 2127 immaculatorum,
3375 2083 3403 2108 ››
3426 2060 3566 2132 quia

1912 2140 2302 2198 immaculata:
2334 2141 2676 2197 innocentia:
2719 2143 2908 2214 gratia
2962 2145 3091 2215 ejus
3148 2151 3205 2202 et
3261 2146 3562 2219 plenitudo

1915 2231 2246 2299 miseretur,
2309 2247 2424 2286 non
2499 2232 2809 2286 miseretur
2858 2235 3211 2291 errantibus.
3276 2236 3376 2292 Isti
3447 2254 3562 2294 non

1915 2320 2132 2376 habent
2157 2319 2332 2388 diem,
2367 2319 2504 2391 quia
2535 2319 2726 2375 lucem
2761 2321 3012 2393 fugiunt,
3063 2323 3135 2378 de
3185 2325 3400 2395 quibus
3430 2324 3562 2398 pul4

1915 2409 2051 2464 chre
2071 2408 2293 2464 dictum
2324 2413 2446 2463 est:
2483 2431 2511 2458 ‹‹
2543 2409 2675 2464 Dies
2705 2426 2910 2464 eorum
2937 2410 3092 2466 sicut
3153 2413 3364 2469 umbra
3418 2431 3563 2486 pm-

1915 2502 2146 2553 tereunt
2173 2497 2342 2566 (Psal.
2376 2514 2571 2566 CXLIII,
2605 2499 2680 2566 4).
2715 2520 2742 2547 ››
2795 2498 3061 2571 Cognitio
3109 2517 3244 2574 ergo
3303 2501 3426 2571 Dei,
3471 2503 3566 2558 di-

1916 2585 2209 2659 gnationis
2239 2589 2346 2655 est,
2381 2602 2496 2642 non
2525 2585 2786 2644 visionis.
2823 2587 2986 2643 Oculi
3017 2590 3165 2660 ejus,
3196 2591 3321 2647 dies
3371 2592 3566 2662 justo-

1917 2692 2046 2731 rum
2075 2679 2232 2730 sunt.

1985 2765 2074 2820 34.
2135 2763 2299 2820 Unde
2356 2785 2385 2814 «
2441 2767 2499 2820 et
2546 2764 2855 2820 hereditas
2907 2782 3109 2822 eorum
3165 2767 3223 2823 in
3282 2772 3564 2826 aeternum

1916 2854 2063 2909 erit:
2100 2875 2128 2902 »
2159 2853 2297 2925 quia
2325 2859 2541 2910 mterna
2569 2854 2743 2920 bona,
2787 2871 2904 2909 non
2933 2857 3271 2928 temporalis
3323 2859 3565 2916 haeredi-

1920 2942 2056 2998 tatis
2088 2943 2437 3015 compendia
2487 2943 2638 3000 798
2669 2944 3050 3016 quaesierunt.
3101 2945 3168 3002 Et
3214 2963 3330 3003 non
3386 2946 3565 3004 habe-

1917 3032 2065 3087 bunt
2093 3032 2164 3087 de
2209 3047 2324 3104 quo
2357 3032 2724 3101 erubescant,
2753 3055 2780 3082 ‹‹
2815 3033 2875 3088 in
2907 3037 3165 3107 tempore
3211 3035 3387 3107 malo,
3440 3059 3468 3086 »
3509 3036 3566 3093 id

1921 3127 2028 3189 est,
2063 3121 2270 3193 judicii
2299 3120 2589 3177 celestis:
2625 3144 2652 3172 ‹‹
2680 3123 2748 3177 Et
2796 3123 2854 3177 in
2886 3123 3092 3179 diebus
3124 3125 3298 3181 famis
3347 3130 3569 3182 satura-

152 3208 398 3267 lucebat
425 3208 475 3264 ei
509 3207 801 3275 meridies,
835 3208 987 3265 sicut
1032 3208 1186 3265 infra
1215 3209 1358 3266 dixit
1390 3227 1402 3267 :
1441 3233 1469 3262 ‹‹
1518 3213 1811 3271 Peccatori
1843 3200 1886 3266 C
1923 3212 2181 3276 buntur;
2225 3209 2361 3282 quia
2390 3227 2505 3266 non
2538 3210 2596 3264 in
2627 3209 2749 3266 solo
2775 3228 2924 3283 pane
2951 3213 3090 3267 vivit
3119 3212 3312 3282 homo,
3347 3216 3447 3270 sed
3507 3215 3566 3270 in

155 3303 364 3356 autem
422 3297 570 3353 dixit
635 3298 826 3354 Deus:
878 3314 1058 3370 quare
1114 3303 1178 3354 tu
1233 3315 1471 3358 enarras
1547 3303 1813 3373 justitias

157 3403 330 3444 meas
387 3386 557 3456 (Psat.
590 3402 738 3454 χιιι,
770 3385 860 3456 l6)
882 3384 910 3439 ‘?
941 3408 970 3434 »
999 3385 1238 3444 Justitia
1272 3387 1469 3445 lumen
1518 3395 1625 3462 est,
1675 3393 1815 3464 quia

161 3489 354 3548 supra
381 3473 562 3531 habes
593 3475 758 3542 (γεγε.
791 3474 846 3545 6)
873 3491 885 3529 :
921 3497 948 3524 ‹‹
975 3473 1044 3529 Et
1071 3475 1278 3532 educet
1305 3477 1458 3532 sicut
1488 3477 1684 3536 lumen
1715 3481 1814 3552 ju-

159 3564 396 3621 stitiam
427 3566 610 3619 tuam.
638 3585 664 3611 ››
677 3562 866 3618 Habes
879 3578 1014 3634 ergo
1033 3563 1187 3634 quod
1203 3563 1263 3620 in
1283 3564 1558 3634 teluceat,
1575 3568 1625 3623 si
1639 3569 1816 3639 justi-

158 3654 312 3709 tiam
327 3651 613 3723 sequaris.
638 3650 912 3723 Splendet
932 3651 1195 3722 tibidies,
1217 3651 1486 3710 lucettibi
1509 3673 1619 3712 nox
1644 3675 1656 3725 ;
1675 3659 1816 3730 quia

157 3740 325 3798 ﬁdeli
347 3745 527 3797 etnox
538 3739 823 3796 sicutdies
848 3739 1296 3797 illuminabitur.
1315 3742 1447 3799 Dies
1470 3743 1648 3816 igitur
1675 3748 1815 3818 justi

157 3830 326 3887 novit
378 3829 684 3896 Dominus,
737 3829 877 3902 quia
948 3828 1074 3902 ipse
1131 3853 1160 3880 «
1228 3830 1523 3888 illuminat
1580 3851 1814 3892 omnem

157 3918 469 3976 hominem
518 3918 849 3974 venientem
879 3917 938 3972 in
972 3917 1129 3974 hunc
1196 3920 1485 3977 mundum
1533 3922 1705 3993 (Joan.
1771 3943 1810 3993 I,

153 4010 236 4080 9),
270 4030 299 4058 »
349 4007 457 4064 hoc
478 4011 586 4078 est,
619 4007 786 4063 illum
830 4006 930 4078 qui
989 4007 1060 4062 ad
1108 4007 1423 4081 imaginem
1454 4015 1512 4066 et
1541 4011 1813 4069 similitu-

158 4097 360 4152 dinem
394 4095 495 4151 Dci
527 4096 700 4163 vivit;
734 4093 901 4151 illum
936 4095 1037 4168 qui
1067 4113 1128 4152 se
1179 4097 1479 4154 hominem
1535 4117 1663 4158 esse
1719 4118 1812 4160 co-

156 4184 414 4258 gnoscit,
474 4188 538 4240 ut
597 4184 846 4257 refugiat
899 4200 1185 4256 equorum
1241 4184 1547 4245 libidinem
1609 4191 1814 4248 adhin-

160 4275 447 4342 nientem,
499 4273 754 4330 ferarum
810 4273 1056 4343 rabiem,
1113 4273 1549 4346 lepusculorum
1610 4279 1812 4337 formi-

156 4364 384 4432 dinem,
406 4362 668 4435 vulpium
699 4363 990 4431 fruudem,
1015 4363 1278 4436 rapinam
1300 4364 1574 4438 luporum
1603 4386 1615 4436 ;
1645 4368 1813 4428 illum

157 4451 464 4506 hominem
495 4451 594 4523 qui
637 4451 720 4506 sic
759 4452 899 4524 agit,
959 4451 1130 4524 quasi
1187 4451 1247 4508 in
1305 4452 1459 4510 hunc
1517 4458 1806 4514 mundum

1923 3298 2082 3355 omni
2113 3297 2286 3354 verbo
2312 3298 2408 3354 Dei
2443 3298 2654 3368 (Matth.
2697 3315 2772 3365 Iv,
2805 3301 2878 3366 4).
2930 3324 2958 3349 ››
3010 3301 3117 3356 Sed
3167 3302 3301 3372 quis
3347 3303 3570 3358 homo?

1923 3413 1950 3439 (‹
1984 3387 2114 3443 Scio
2143 3386 2444 3442 hominem
2476 3387 2535 3442 in
2567 3387 2794 3443 Christo
2825 3391 2959 3445 ante
2985 3405 3168 3445 annos
3215 3392 3568 3461 quatuorde-

1923 3478 2036 3531 cim
2088 3477 2229 3548 (sive
2270 3477 2328 3530 in
2386 3491 2625 3548 corpore
2682 3475 2894 3531 nescio.
2949 3477 3068 3532 sive
3122 3483 3282 3534 extra
3334 3495 3564 3551 corpus,

1924 3566 2138 3633 nescio,
2173 3565 2325 3620 Deus
2359 3564 2490 3635 scit)
2521 3568 2752 3636 raptum
2777 3566 3066 3636 ejusmodi
3113 3584 3298 3639 usque
3327 3562 3400 3626 ad
3457 3573 3573 3625 ter-

1922 3654 2071 3710 tium
2102 3652 2313 3708 ccelum
2344 3653 2412 3724 (It
2443 3653 2562 3708 Cor.
2596 3670 2694 3720 xu,
2725 3654 2803 3723 2).
2836 3676 2864 3703 ››
2912 3653 3011 3710 Ille
3041 3673 3176 3728 ergo
3235 3656 3410 3713 homo
3468 3659 3568 3730 qui

1925 3744 1982 3798 in
2004 3743 2233 3799 Christo
2265 3746 2374 3810 est,
2408 3742 2506 3813 qui
2541 3758 2601 3797 se
2630 3741 2690 3796 in
2724 3758 2896 3798 carne
2925 3759 3054 3800 esse
3112 3762 3226 3801 non
3260 3748 3435 3816 novit,
3471 3746 3570 3820 qui

1925 3832 2131 3889 nonin
2173 3847 2344 3887 carne
2395 3829 2677 3900 ambulat,
2732 3833 2832 3888 sed
2893 3832 2952 3889 in
3011 3835 3254 3906 spiritu;
3317 3836 3413 3892 ille
3470 3837 3572 3908 qui

1926 3921 2150 3994 rapitur
2181 3937 2296 3976 non
2325 3919 2517 3977 solum
2540 3921 2610 3976 ad
2642 3920 2878 3988 cmlum,
2928 3923 3029 3977 sed
3085 3925 3264 3978 etiam
3323 3925 3396 3980 ad
3455 3929 3570 3980 ter-

1924 4012 2072 4067 tium
2105 4009 2338 4078 coelum,
2367 4013 2603 4082 raptum
2636 4010 2708 4064 ad
2748 4010 3106 4083 paradisum,
3140 4017 3197 4065 et
3255 4013 3417 4067 audit
3473 4029 3569 4067 ar-

1925 4116 2068 4156 cana
2095 4099 2272 4154 verba
2302 4115 2428 4170 quas
2459 4114 2574 4153 non
2606 4097 2743 4153 licet
2798 4098 3021 4154 homini
3072 4098 3228 4171 loqui
3285 4100 3386 4171 qni
3452 4117 3568 4158 non

1923 4190 1983 4244 in
2013 4187 2323 4244 virtutibus
2381 4186 2529 4255 suis,
2587 4187 2687 4242 sed
2737 4186 3178 4244 infirmitatibus
3235 4183 3567 4261 gloriatur:

1924 4277 2048 4350 ipse
2079 4293 2193 4332 non
2251 4276 2310 4330 in
2365 4275 2486 4332 solo
2530 4271 2698 4346 pane,
2753 4277 2856 4331 sed
2899 4276 2964 4331 in
3024 4276 3184 4332 omni
3237 4278 3410 4333 verbo
3466 4279 3563 4334 Dei

1922 4367 2082 4433 vivit,
2110 4365 2365 4420 Verbum
2397 4363 2554 4418 enim
2590 4365 2686 4419 Dei
2716 4364 2835 4420 vita
2863 4369 2973 4430 est,
3023 4366 3164 4437 quia
3219 4390 3247 4415 ‹‹
3307 4367 3567 4424 Verbum

1923 4471 2054 4511 caro
2085 4453 2303 4509 factum
2333 4456 2421 4508 est
2443 4452 2615 4524 (Joan.
2650 4469 2689 4520 I,
2724 4453 2831 4525 14).
2860 4476 2888 4502 ››
2919 4452 3080 4510 Unde
3113 4454 3385 4526 praeclare
3423 4455 3571 4511 dixit

157 4541 606 4612 supervenerit;
637 4540 737 4612 qui
768 4557 886 4596 non
916 4557 985 4598 ex
1013 4541 1320 4614 sanguine,
1379 4560 1566 4616 neque
1596 4561 1664 4602 ex
1720 4564 1812 4604 vo-
1848 4566 1892 4630 Β
1923 4543 2292 4617 Evangelista
2323 4557 2336 4598 :
2371 4564 2398 4590 »
2431 4541 2593 4606 Quod
2630 4541 2850 4598 factum
2881 4551 2969 4598 est
2998 4541 3059 4597 in
3107 4543 3256 4615 ipso,
3314 4545 3432 4600 vita
3478 4549 3566 4601 est

157 4629 391 4686 luntate
419 4629 635 4698 carnis,
667 4630 767 4685 sed
791 4645 860 4686 ex
908 4629 1024 4686 Deo
1054 4634 1226 4688 natus
1274 4631 1369 4687 sit.
1401 4632 1626 4690 Venisti
1648 4652 1810 4709 ergo,

157 4718 280 4775 noli
335 4735 652 4785 remanere,
713 4719 830 4775 noli
886 4719 1178 4776 adberere
1235 4721 1500 4778 terrenis.
1560 4723 1632 4779 Ut
1661 4727 1812 4782 scias

157 4812 362 4864 autem
393 4807 532 4878 quia
559 4807 685 4864 dies
717 4808 851 4864 boni
883 4812 1039 4875 sunt,
1074 4809 1210 4865 audi
1241 4809 1562 4867 dicentem:
1598 4835 1627 4862 «
1658 4815 1814 4871 Abra

157 4896 375 4953 ham...
417 4895 570 4952 diem
625 4914 822 4954 meum
868 4896 1036 4966 vidit,
1095 4902 1151 4953 et
1205 4898 1441 4971 gavisus
1489 4905 1578 4956 est
1631 4903 1810 4974 (Joan.

156 5027 323 5088 mam
373 5011 679 5068 lectionem
737 5014 1288 5088 observasse_,__eugm
1349 5016 1419 5070 ad
1478 5017 1811 5088 Symmachi

155 5083 491 5156 versionem
551 5085 874 5156 respexisse
955 5085 1398 5142 crediderimus.
1457 5083 1617 5153 Quod
1679 5106 1810 5146 vero

158 5155 303 5232 edit.
360 5155 563 5232 Rom.__
586 5155 717 5232 pro,
762 5157 1115 5232 immaculata
1169 5160 1294 5225 erit,
1354 5165 1697 5232 correxerat,
1751 5163 1810 5217 in

155 5229 431 5299 aeternum
462 5228 586 5296 erit,
617 5227 676 5282 in
704 5227 810 5283 hoc
843 5229 1080 5299 quidem
1112 5243 1314 5284 omnes
1344 5229 1812 5289 codices'sacros

158 5297 595 5370 patrocinantes
625 5299 821 5370 habet,
847 5297 945 5356 sed
979 5317 1009 5355 e
1039 5301 1325 5356 contrario
1377 5317 1582 5359 omnes
1609 5305 1808 5360 Ambr.

157 5369 304 5424 edit.
337 5384 402 5422 ac
433 5385 571 5424 mss.
602 5369 1003 5427 reclamantes.

233 5440 350 5510 (ll)
385 5439 654 5516 σιειςδιία,
684 5441 741 5496 id
773 5446 882 5508 est,
914 5441 1159 5516 angelus
1189 5445 1245 5497 et
1295 5443 1470 5511 corvi,
1524 5448 1589 5501 ut
1632 5445 1811 5505 habes

160 5511 314 5581 Reg.
340 5527 477 5581 va},
497 5513 554 5580 6,
585 5517 643 5568 et
670 5529 784 5580 χιχ,
814 5517 868 5570 5.
898 5527 903 5532 ‘
995 5511 1043 5578 ⁷.

295 5539 314 5564 .~
340 5527 477 5581 va},
497 5526 554 5580 o,
585 5526 643 5568 et
670 5529 784 5580 χιχ,
814 5526 868 5570 5.
898 5527 903 5532 ’
1032 5568 1043 5578 ,

213 5526 512 5676 Ῐδὲὶμλξξμ
523 5581 780 5676 βεξξπρ
807 5595 980 5676 eam
1021 5588 1546 5676 “recturum”
1599 5606 1812 5676 εφπρα-

159 5656 304 5718 titur
340 5655 545 5730 injusto
599 5655 769 5730 igitur
823 5674 945 5717 cum
993 5661 1245 5734 punitur.
1307 5657 1416 5717 Ubi
1474 5676 1581 5718 vox
1634 5655 1812 5735 igitur

1923 4634 2479 4778 (“ggufiexandrini
2521 4719 2755 4793 quidem
2789 4726 2845 4776 et
2895 4721 3120 4796 Egypti
3167 4722 3370 4797 legunt
3414 4724 3565 4794 (l3):

1925 4835 1950 4860 ‹‹
1986 4811 2192 4866 Omnia
2211 4827 2313 4883 per
2335 4811 2530 4883 ipsum
2563 4811 2716 4866 facta
2741 4816 2898 4878 sunt,
2933 4817 2988 4866 et
3018 4812 3148 4869 sine
3197 4813 3562 4885 ipsofactum

1923 4906 2013 4957 est
2042 4900 2186 4954 nihil
2212 4899 2366 4972 quod
2399 4900 2616 4956 factum
2675 4907 2764 4956 est
2821 4901 3001 4970 (Ibid.,
3059 4903 3152 4972 3);
3216 4925 3244 4952 ››
3293 4906 3350 4957 et
3398 4901 3570 4986 inter-

1922 5015 2153 5086 videtur
2190 5015 2563 5086 transposita,
2641 5019 2697 5069 et
2769 5015 2962 5070 inante
3008 5019 3336 5086 compatz’tur
3389 5020 3569 5072 retra-

1923 5085 2135 5140 henda.
2170 5084 2278 5138 Alii
2308 5084 2596 5155 quatuor:
2622 5087 2656 5138 A
2693 5089 2864 5140 morte
2888 5084 3153 5150 servatur,
3185 5089 3278 5141 cui
3303 5089 3565 5156 compati-

1922 5161 2118 5212 untur.
2141 5158 2325 5229 ilgitur
2343 5172 2467 5229 cuin
2484 5160 2718 5229 punitur
2741 5165 2988 5226 peccator
3006 5161 3340 5229 compatitur
3360 5160 3567 5229 justus,

1919 5229 2022 5283 etsi
2049 5228 2206 5294 alibi,
2238 5231 2371 5291 etc.,
2403 5226 2601 5281 Caeteri
2641 5230 2698 5281 et
2721 5233 2963 5282 'cunctaa
2985 5226 3222 5284 editfut
3259 5229 3314 5283 in
3350 5226 3530 5285 textu.

1992 5301 2101 5374 (i3)
2129 5297 2309 5374 Graici
2341 5313 2564 5374 omnes,
2599 5298 2814 5374 nedum
2845 5298 3241 5374 Alexandrini,
3297 5306 3354 5355 et
3401 5301 3568 5374 I’Egy-

1921 5371 2026 5443 ptii
2054 5368 2207 5425 hunc
2233 5369 2426 5424 locum
2480 5368 2680 5441 legunt
2734 5369 2792 5424 in
2844 5370 3001 5425 hunc
3064 5373 3350 5427 modum:
3404 5368 3570 5430 Πάῖμὶα

1921 5451 1976 5499 δι³
2033 5449 2184 5498 αι)σοῦ
2242 5449 2450 5514 ἕγᾷνιτο,
2525 5450 2608 5495 καὶ
2678 5451 2824 5514 χωρὶς
2878 5451 3027 5498 αὑτοῦ
3087 5450 3276 5514 ἐγένετο
3332 5451 3442 5500 οὐδὲ
3517 5451 3570 5501 ιν

1919 5514 2192 5596 ξγρχονιν.
2223 5513 2407 5596 Aliam
2447 5527 2613 5596 .vero
2668 5513 3241 5596 ginterpu'nc‘tionem‘
3295 5517 3571 5575 exhibent

1919 5586 2123 5718 latina
2149 5582 2611 5660 exemplaria,-et
2668 5582 2859 5644 Latini
2908 5585 3108 5646 Patres
3147 5586 3322 5663 vulgo
3353 5604 3571 5668 sequn-

1949 5675 2037 5718 ηι..
3194 5695 3213 5718 ν,
3291 5691 3294 5694 .
