3894 6208
1189 270 1646 333 ENARRATIO
1689 269 2193 369 IN,.PSALMUM
2241 269 2514 335 xxxvr.

3399 267 3558 357 4.0.3!

130 406 340 476 raptus
371 403 462 482 est
503 401 575 456 ad
625 400 826 472 vitam,
861 402 1136 475 quiante.
1174 407 1298 458 erat
1339 405 1672 474 persecutor
1721 401 1794 455 ad
1823 399 2160 474 Ajusmodi
2211 401 2550 475 gloriabor:
2585 418 2689 476 pro
2721 419 2813 460 me
2859 406 3053 460 autem
3105 419 3220 458 non
3267 400 3560 486 gloriabor

128 493 404 549 mortem.
856 537 861 542 ,

211 578 362 638 79.5
392 578 483 656 38.
517 578 807 634 Prolixius
857 580 1084 652 evagati
1136 595 1366 647 sumus,
1400 584 1466 633 ut
1495 579 1566 632 de
1597 594 1662 633 eo
1697 577 1799 632 ho-

139 667 306 722 mine
335 666 436 737 qui
473 683 586 721 non
617 667 674 722 in
708 666 831 722 solo
879 684 1049 738 pane,
1081 667 1180 723 sed
1213 667 1273 721 in
1306 666 1467 722 omni
1496 666 1667 721 verbo
1697 664 1800 720 Dei

121 755 372 823 viveret,
407 755 760 810 diceremus.
795 755 1176 812 Revertamur
1204 755 1276 810 ad
1307 753 1600 826 psalmum
1635 757 1796 824 (vers.

127 843 263 912 t9):
296 843 368 898 Et
395 843 528 898 ideo
558 841 922 914 immaculati
952 860 1067 898 non
1113 843 1552 899 confundantur
1597 842 1656 896 in
1707 842 1800 897 die

114 930 364 1002 judicii,
396 934 454 985 et
480 930 539 984 in
571 930 779 996 diebus
812 930 986 986 famis
1019 931 1466 986 saturabuntur.
1496 951 1523 978 ››

201 1020 298 1074 39.
344 1017 534 1089 (Vers.
569 1019 685 1088 20.)
719 1040 746 1066 «
795 1018 1141 1073 Deﬁcientes
1200 1017 1353 1073 sicut
1410 1018 1612 1073 fumus
1660 1017 1800 1072 deﬁ-

121 1108 309 1162 cient.
342 1105 628 1161 »Graecus
661 1112 878 1180 ἐξέλιπον
911 1105 1106 1174 habet,
1149 1106 1256 1162 hoc
1308 1111 1397 1160 est
1445 1107 1798 1160 defecerunt.

127 1183 322 1250 Vides
353 1194 547 1250 subito
578 1193 832 1271 aliquem
865 1195 935 1249 ad
969 1198 1315 1267 potestatem
1347 1194 1576 1248 venisse
1608 1199 1664 1248 et
1692 1194 1800 1249 ho-

121 1283 298 1360 noris
353 1281 608 1359 insignia
648 1299 661 1336 :
707 1281 1023 1354 sublimem
1063 1282 1296 1354 judicas
1328 1283 1460 1352 (15).
1494 1282 1670 1338 Vides
1713 1282 1796 1337 illi

119 1369 320 1426 alium
357 1364 487 1426 esse
518 1386 892 1438 successum;
927 1387 1118 1426 nonne
1144 1370 1290 1430 dicis
1324 1371 1396 1425 de
1426 1385 1492 1425 eo
1522 1387 1534 1424 :
1570 1369 1672 1425 Ubi
1696 1371 1799 1425 ho-

116 1448 383 1514 noratus
429 1461 488 1513 et
535 1457 823 1513 exaltatus
872 1461 960 1513 est
1007 1457 1160 1514 iste?
1209 1457 1443 1513 Defecit.
1481 1458 1612 1513 Ideo
1661 1457 1795 1529 plus

115 1546 280 1602 dixit
311 1546 568 1611 Graecus,
603 1545 740 1616 quia
789 1547 886 1600 ubi
937 1546 1210 1601 honorari
1263 1550 1319 1602 et
1369 1545 1608 1601 exaltari
1659 1547 1792 1617 quis

112 1634 412 1700 creditur,
439 1633 520 1702 ibi
550 1634 780 1688 defectu
812 1635 1046 1706 prOprio
1078 1635 1447 1706 praevenitur,
1473 1639 1538 1690 ut
1563 1639 1791 1690 meatus

110 1723 445 1808 fluminum
489 1723 812 1792 praeterisse
845 1722 1026 1798 citius.
1053 1739 1229 1794 quam
1263 1723 1490 1778 venisse
1520 1739 1783 1794 compre-
1821 1759 1868 1824 Β

109 1801 378 1880 bendas,
409 1816 464 1866 et
495 1810 634 1865 dum
662 1816 906 1866 ventura
937 1811 1223 1882 opperiris
1256 1811 1492 1876 fluenta,
1519 1816 1572 1865 te
1604 1812 1794 1866 adhuc

106 1903 524 1970 exspectante,
549 1900 859 1954 ﬂuxerunt.
887 1899 1103 1956 Contra
1132 1899 1385 1955 humiles
1415 1905 1590 1970 atque
1621 1917 1785 1955 mau-

107 1988 288 2064 sueti‘
311 1987 455 2041 dum
489 1987 884 2057 subjiciuntur
906 2003 938 2041 a
957 1985 1238 2042 divitibus
1267 1991 1322 2042 et
1349 1987 1784 2058 opprimuntur,

104 2074 365 2131 exaltati
425 2079 564 2129 sunt
609 2091 642 2129 a
690 2091 798 2130 sua
849 2073 1201 2144 humilitate,
1242 2080 1298 2129 et
1345 2075 1539 2130 subito
1598 2076 1782 2130 reful-

102 2168 350 2220 serunt.
388 2163 638 2234 Ideoque
684 2162 900 2219 Paulus
932 2163 992 2216 in
1023 2163 1466 2218 inﬁrmitatibus
1517 2163 1627 2219 sibi
1661 2165 1786 2235 pla-

113 2253 278 2322 cuit,
314 2268 435 2306 non
469 2250 526 2304 in
558 2250 893 2306 virtutibus.

179 2341 285 2396 50.
325 2340 436 2395 Sed
472 2335 935 2409 consideremus,
964 2356 1034 2394 ne
1065 2338 1199 2411 quis
1247 2344 1412 2411 putet
1441 2356 1572 2394 eum
1608 2340 1665 2394 in
1700 2356 1792 2395 re-

103 2429 454 2486 lationibus
500 2426 846 2499 gloriatum;
880 2431 935 2483 et
968 2434 1304 2500 repetamus
1343 2444 1431 2495 ea,
1469 2434 1529 2482 ut
1576 2445 1638 2484 se
1666 2429 1792 2501 ipse

105 2517 410 2574 defendat
441 2515 796 2570 humilitatis
828 2517 1200 2588 magistrum.
1231 2539 1256 2566 «
1279 2517 1430 2583 Scio,
1455 2516 1670 2588 inquit,
1695 2517 1792 2574 ho-

99 2607 351 2662 minem
385 2603 443 2658 in
475 2602 704 2659 Christo
753 2609 887 2659 ante
937 2621 1123 2660 annos
1174 2605 1641 2676 quatuordecim,
1675 2605 1792 2661 sive

103 2697 170 2750 in
210 2691 471 2765 corpore
516 2691 735 2759 nescio,
768 2691 887 2747 sive
926 2698 1086 2748 extra
1117 2709 1329 2764 corpus
1379 2694 1598 2759 nescio,
1633 2694 1787 2749 Deus

105 2783 255 2848 scit,
309 2783 551 2852 raptum
599 2780 887 2851 ejusmodi
932 2796 1120 2852 usque
1167 2781 1238 2836 ad
1286 2781 1530 2835 tertium
1581 2780 1790 2837 caelum

102 2874 184 2943 (II
229 2867 372 2924 Cor.
406 2886 510 2935 xu,
541 2862 619 2936 2).
647 2891 674 2916 »
705 2869 852 2923 Ante
900 2859 1083 2934 annos
1134 2869 1577 2941 quatuordecim
1629 2886 1790 2924 reve-

106 2961 322 3015 latum
387 2956 498 3012 sibi
556 2956 716 3022 dicit,
751 2961 809 3011 et
857 2961 1055 3020 tamen
1113 2956 1525 3012 revelationem
1584 2957 1792 3012 tandiu

103 3047 292 3120 apud
322 3061 390 3120 se
420 3044 610 3100 tenuit
638 3049 696 3100 et
725 3045 1002 3116 repressit
1027 3064 1039 3100 :
1074 3062 1179 3101 nec
1210 3045 1474 3111 dixisset,
1499 3046 1612 3101 nisi
1647 3045 1789 3101 utile

1909 488 2066 559 (Ibid.
2099 491 2175 563 5).
2206 515 2231 538 η

1981 579 2065 632 41.
2097 577 2245 642 Quid
2287 585 2376 635 est
2419 586 2617 637 autem
2644 581 2798 653 quod
2834 583 2916 637 ait
2946 581 3183 642 audisse
3233 581 3560 648 hominem,

1908 668 1964 719 et
1984 664 2283 722 hominem
2310 667 2476 722 illum
2509 669 2568 723 in
2591 667 2842 735 Christo,
2867 657 2996 740 quae
3027 687 3142 726 non
3172 668 3307 725 licet
3335 666 3562 734 homini

1909 752 2104 826 loqui?
2133 756 2432 819 Quomodo
2485 757 2592 813 hoc
2639 757 2926 826 convenit,
2957 752 3022 813 ut
3051 775 3168 814 non
3198 757 3428 816 licuerit
3450 755 3564 822 hoi-

1911 843 2053 898 mini
2085 842 2269 914 loqui,
2297 861 2423 915 quae
2451 843 2680 900 licuerit
2710 845 2932 901 homini
2960 845 3205 901 audire?
3318 843 3431 922 ipsi
3462 843 3562 924 ho-

1910 930 2053 985 mini
2087 931 2185 1004 qui
2217 932 2458 1000 audivit,
2493 951 2604 988 non
2651 933 2787 989 licet
2815 931 2996 1005 loqui,
3031 933 3324 1008 quomodo
3352 928 3404 989 ei
3435 948 3559 989 cro-

1909 1019 2098 1073 ditum
2130 1023 2219 1074 est
2248 1020 2471 1087 audire,
2497 1021 2652 1093 quod
2685 1037 2801 1075 non
2833 1021 3190 1092 permissum
3235 1024 3325 1078 est
3352 1017 3560 1092 loqui?

1910 1124 2039 1179 quas
2071 1107 2181 1162 ista
2223 1107 2505 1162 distantia
2534 1108 2664 1164 est?
2695 1107 2754 1162 Si
2787 1106 2953 1163 alteri
2985 1107 3212 1164 homini
3259 1105 3358 1179 qui
3407 1111 3562 1168 esset

1907 1198 2176 1262 exterior,
2211 1196 2505 1266 quomodo
2555 1196 2749 1268 potuit
2798 1195 2974 1251 homo
3022 1193 3373 1266 cognoscere
3403 1184 3558 1268 quad

1907 1283 2129 1338 homini
2161 1300 2278 1339 non
2312 1283 2521 1339 licebat
2563 1283 2808 1338 audire?
2836 1283 3000 1338 Unde
3029 1283 3263 1339 videtur
3291 1300 3408 1339 non
3437 1279 3566 1358 gra-

1904 1371 1986 1426 tia
2034 1372 2307 1442 loquendi
2341 1371 2423 1426 illi
2456 1371 2682 1426 homini
2740 1371 2997 1426 defuisse
3050 1371 3200 1427 796
3255 1372 3355 1444 qui
3406 1369 3564 1427 esset

1909 1459 1966 1512 in
2000 1458 2252 1526 Christo,
2288 1459 2379 1514 cui
2430 1452 2544 1514 non
2577 1459 2795 1528 defuit;
2830 1459 2929 1514 sed
2979 1459 3064 1514 eis
3111 1459 3212 1530 qui
3264 1455 3556 1526 audir‘ent,

1901 1547 2117 1612 locum,
2170 1552 2427 1618 tempus,
2478 1548 2754 1602 meritum
2813 1547 3092 1602 defuisse.
3131 1545 3230 1602 Ille
3281 1546 3439 1602 enim
3497 1547 3557 1602 in

1901 1633 2042 1689 cmlo
2073 1634 2324 1701 audivit;
2360 1640 2416 1690 et
2444 1635 2573 1689 ideo
2602 1652 2716 1689 non
2740 1637 3066 1706 competere
3087 1635 3421 1706 judicatum‘
3449 1638 3557 1704 est,

1901 1728 1964 1778 ut
1997 1724 2052 1778 id
2093 1725 2427 1796 loqueretur
2457 1725 2511 1778 in
2547 1725 2737 1792 terris,
2781 1723 2937 1794 quod
2988 1722 3252 1779 audisset
3283 1723 3342 1778 in
3374 1721 3555 1792 caelo;

1904 1829 2036 1868 cum
2071 1813 2127 1866 in
2161 1813 2289 1884 ipsa
2331 1818 2485 1867 terra
2518 1813 2595 1866 sit
2625 1811 2739 1866 ista
2769 1810 3060 1881 discretio,
3096 1812 3352 1884 utquod
3383 1811 3442 1866 in
3475 1810 3557 1876 al-

1910 1905 2034 1956 tera
2064 1902 2299 1973 regione
2329 1901 2576 1965 canitur,
2597 1901 2656 1955 in
2690 1899 2872 1956 altera
2901 1917 3018 1955 non
3051 1905 3316 1969 canatur,
3350 1916 3557 1970 secun-

1903 1990 2042 2044 dum
2077 1989 2231 2060 quod
2280 1989 2565 2060 scriptum
2609 1993 2697 2044 est
2731 2007 2742 2044 :
2771 2012 2797 2038 «
2833 1988 3134 2052 Quomodo
3183 1987 3557 2062 cantabimus

1903 2079 2196 2133 canticum
2232 2077 2457 2132 Domini
2493 2078 2548 2131 in
2581 2081 2736 2132 terra
2765 2077 2956 2132 aliena
2986 2077 3155 2148 (Psal.
3181 2093 3403 2147 cxxxvr,
3429 2077 3554 2147 4)⁶ὔ›

1903 2166 2171 2238 Denique
2195 2165 2408 2221 Hebraei
2440 2182 2551 2220 non
2585 2164 2874 2220 canebant
2902 2165 2959 2219 in
2997 2159 3150 2220 terra
3179 2164 3553 2240 captivitatis,

1903 2255 2056 2325 quod
2119 2255 2176 2308 in
2236 2269 2344 2309 sua
2411 2253 2604 2326 patria
2661 2270 2868 2308 canere
2926 2251 3365 2310 consueverant.
3427 2251 3555 2320 Hec

1902 2347 2054 2397 terra
2085 2342 2436 2414 captivitatis
2481 2350 2586 2410 est,
2621 2341 2733 2396 alia
2774 2347 2928 2397 terra
2958 2341 3247 2397 libertatis
3276 2343 3393 2407 est;
3445 2339 3558 2399 ista

1904 2430 2140 2502 peccati,
2187 2430 2287 2484 illa
2344 2430 2559 2501 quietis
2614 2435 2870 2497 internae;
2921 2429 3212 2486 vallestris
3270 2430 3404 2498 ista,
3456 2423 3556 2504 ille

1902 2518 2171 2574 cmlestis.
2197 2519 2345 2590 Ergo
2380 2519 2437 2572 in
2461 2518 2602 2573 ccelo
2627 2518 2723 2572 illa
2754 2535 2911 2574 nunc
2933 2517 3286 2590 prwdicabat
3315 2517 3555 2583 Paulus,

1903 2623 2027 2677 quae
2058 2607 2228 2661 terris
2261 2611 2394 2661 ante
2426 2607 2738 2678 praedicare
2787 2623 2899 2661 non
2942 2611 3196 2677 poterat;
3247 2603 3400 2660 inter
3429 2599 3556 2680 per-

1902 2697 2082 2751 fectos
2112 2695 2268 2750 enim
2301 2699 2520 2750 secreta
2551 2693 2846 2764 sapientiae
2877 2699 3020 2750 sunt
3047 2693 3362 2765 loquenda.

1973 2786 2058 2837 42.
2091 2785 2361 2844 Attamen
2395 2783 2536 2854 quid
2586 2769 3064 2838 commemoratio
3113 2781 3290 2860 istius.
3333 2781 3555 2840 revela-

1900 2872 2076 2926 tionis
2094 2878 2386 2943 operatur,
2404 2872 2514 2926 nisi
2537 2875 2599 2926 ut
2619 2873 2821 2927 doceat
2837 2871 2990 2942 quod
3016 2871 3076 2926 in
3100 2869 3553 2928 revelationibus

1901 2959 2144 3015 minime
2173 2959 2544 3031 gloriandum
2569 2960 2664 3026 sit,
2689 2961 2789 3017 sed
2820 2960 2880 3015 in
2909 2959 3382 3033 inﬁrmitatibus;
3416 2955 3557 3032 quia

1899 3049 2233 3112 inﬁrmitas,
2283 3051 2340 3102 et
2385 3048 2712 3103 remedium
2771 3047 3162 3117 revelationis,
3209 3053 3264 3104 et
3321 3045 3559 3124 virtutis

99 3119 298 3193 nobis
330 3119 678 3205 rjudicasset
726 3137 794 3187 ut
848 3133 1093 3200 dioeret;
1145 3150 1216 3189 ne
1266 3150 1373 3202 nos
1422 3133 1786 3189 revelationi-
1818 3119 1861 3190 Ο
1900 3135 2236 3192 exercitium
2267 3135 2398 3190 est?
2438 3139 2650 3192 Contra
2692 3141 2889 3191 autem
2939 3136 3233 3200 revelatio,
3283 3121 3558 3194 elationis

105 3227 238 3281 bus
273 3220 712 3278 extolleremur.
743 3220 804 3274 Si
833 3221 990 3276 enim
1037 3222 1095 3276 in
1144 3226 1310 3278 tanta
1339 3222 1528 3293 gratia
1557 3239 1670 3277 non
1703 3227 1793 3277 est

104 3312 426 3386 gloriatus
460 3307 697 3376 Paulus,
722 3326 826 3364 nec
858 3327 962 3365 nos
993 3309 1230 3384 gloriari
1276 3305 1520 3382 opertet.
1551 3311 1793 3366 Juveuis

95 3404 247 3475 ipso
283 3415 406 3454 non
451 3397 734 3470 gloriatus
781 3399 890 3468 est,
924 3415 1098 3454 senex
1146 3398 1526 3471 gloriaretur!
1576 3398 1791 3454 Deinde

106 3492 382 3561 raptum
412 3502 475 3540 se
507 3502 692 3556 usque
718 3486 789 3541 ad
823 3487 1057 3541 tertium
1080 3485 1287 3542 coelum
1309 3479 1524 3558 negare
1554 3503 1668 3541 non
1699 3475 1797 3558 po-i

104 3578 267 3643 tuit,
303 3580 365 3630 et
394 3577 590 3630 tamen
622 3569 821 3629 utrum
866 3574 925 3629 in
947 3575 1216 3646 corpore,
1251 3592 1321 3630 an
1371 3581 1534 3642 extra
1580 3591 1793 3646 corpus

97 3671 340 3738 raptus
375 3667 548 3731 esset,
583 3679 645 3718 se
674 3663 944 3734 ignorare
976 3666 1225 3718 testatus
1256 3668 1364 3718 est.
1400 3663 1523 3718 Non
1557 3679 1692 3736 ergo
1722 3664 1794 3719 de

94 3751 402 3818 scientia,
435 3751 535 3806 sed
580 3751 650 3806 de
691 3750 1026 3822 ignorantia
1056 3749 1361 3824 gloriatur,
1391 3755 1447 3806 et
1490 3751 1590 3807 Dei
1640 3752 1793 3807 circa

97 3862 168 3901 se
229 3839 496 3914 gratiam
557 3839 850 3910 prmdicat.
902 3837 1065 3902 Quod
1126 3838 1382 3894 scientiae
1439 3843 1552 3906 est,
1582 3846 1788 3910 negat;

100 3929 288 4006 quod
338 3926 641 3983 charitatis
689 3931 797 3992 est,
831 3927 1165 3996 conﬁtetur,
1202 3927 1449 3982 scientia
1497 3927 1652 3982 enim
1703 3928 1791 3982 in-

97 4023 246 4086 ﬂat,
317 4014 574 4086 Charitas
627 4029 761 4069 vero
820 4014 1088 4070 aediﬁcat.
1145 4015 1211 4069 Et
1268 4015 1506 4080 iterum,
1559 4019 1790 4087 raptum

96 4102 431 4180 ejusmodi
473 4102 949 4157 hominemdixit
996 4119 1009 4156 :
1061 4104 1558 4175 quemadmodum
1592 4108 1792 4174 raptus

96 4198 308 4258 esset,
336 4195 536 4246 utrum
572 4190 631 4245 in
664 4206 924 4261 corpore,
949 4207 1021 4246 an
1045 4195 1205 4246 extra
1237 4208 1468 4264 corpus,
1503 4191 1791 4246 incertum

98 4279 254 4339 sibi
306 4294 440 4334 esse
495 4279 861 4334 memoravit.
921 4278 1066 4334 Vide
1124 4283 1400 4335 stateram
1471 4279 1788 4352 sapientia.

96 4364 462 4430 Constituit
519 4383 703 4423 unum
749 4366 808 4422 in
859 4367 1110 4437 Christo,
1165 4373 1223 4424 et
1277 4385 1339 4423 se
1387 4367 1657 4435 alterum,
1689 4369 1791 4440 qui

1900 3223 2192 3279 lubricum
2225 3228 2347 3288 est;
2389 3239 2644 3295 namque
2675 3241 2745 3280 ne
2789 3223 3160 3279 revelationis
3190 3223 3554 3298 sublimitate

1900 3311 2271 3368 extolleretur
2324 3312 2450 3382 ipse
2511 3311 2748 3378 Paulus,
2779 3311 2880 3383 qui
2937 3315 3142 3382 raptus
3195 3309 3255 3364 in
3308 3310 3549 3372 tertium

1901 3399 2111 3456 caelum
2143 3404 2251 3467 est,
2268 3399 2573 3456 stimulum
2607 3400 2801 3455 carnis
2832 3399 3074 3472 accepit.
3102 3385 3384 3458 Subvenit
3413 3413 3550 3474 ergo

1903 3487 2232 3555 inﬁrmitas,
2267 3505 2338 3544 ne
2381 3488 2572 3558 gratia
2614 3489 2671 3542 in
2706 3487 3030 3560 periculum
3063 3491 3398 3558 verteretur.
3431 3486 3552 3544 Uti-

1901 3577 2012 3631 lior
2039 3591 2175 3649 ergo
2218 3577 2553 3645 inﬁrmitas,
2585 3593 2764 3648 quam
2813 3575 3020 3649 gratia.
3054 3576 3270 3634 Eadem
3317 3583 3557 3654 quoque

1900 3664 2214 3720 inﬁrmitas
2244 3665 2479 3720 ofﬁcina
2523 3664 2756 3720 virtutis
2788 3669 2903 3734 est;
2939 3665 3090 3722 sicut
3134 3665 3246 3737 ipsi
3276 3664 3554 3738 Apostolo

1901 3753 2247 3808 testiﬁcatus
2276 3757 2366 3808 est
2396 3752 2701 3820 Dominus,
2735 3753 2874 3825 quia
2898 3777 2924 3802 ‹‹
2959 3754 3144 3812 virtus
3194 3755 3256 3810 in
3302 3753 3554 3808 inﬁrmi-

1900 3841 2122 3896 tatibus
2173 3846 2621 3896 consummatur
2668 3842 2740 3912 (11
2787 3841 2907 3898 Cor.
2957 3859 3058 3910 xu,
3106 3842 3182 3912 9).
3213 3863 3240 3890 »
3289 3840 3565 3914 Denique

1899 3930 2009 3985 iste
2039 3932 2170 3999 post
2197 3928 2606 3984 revelationem
2639 3930 2861 4000 rogavit
2893 3927 3217 3984 remedium
3262 3927 3559 3996 sanitatis,

1901 4021 1957 4074 et
1985 4033 2097 4071 non
2130 4015 2511 4087 impetravit;
2535 4017 2591 4070 in
2625 4016 2968 4072 inﬁrmitate
3001 4019 3197 4070 autem
3228 4015 3553 4092 remedium

1902 4123 2014 4160 non
2047 4104 2331 4176 quaesivit,
2365 4104 2463 4159 sed
2515 4120 2753 4158 cursum
2803 4104 3255 4170 consummavit,
3285 4106 3344 4158 et
3391 4119 3552 4160 coro-

1902 4209 2037 4249 nam
2068 4191 2308 4246 invenit.

1971 4281 2060 4335 43.
2091 4279 2279 4348 (Vers.
2327 4280 2490 4348 21.)‹‹
2525 4279 2846 4344 Mutuatur,
2896 4279 3108 4351 inquit,
3161 4284 3448 4352 peccator,
3499 4283 3555 4336 et

1902 4384 2016 4424 non
2048 4367 2220 4425 solvit
2251 4385 2263 4422 :
2288 4369 2492 4438 justus
2541 4372 2736 4423 autem
2777 4367 3110 4434 miseretur,
3163 4374 3220 4423 et
3266 4369 3546 4423 tribuit.»

94 4462 190 4516 ait
231 4477 250 4513 :
276 4458 312 4504 ’‹‹
343 4453 573 4540 Nescio.
605 4477 633 4503 »
663 4453 828 4521 Quod
879 4455 1136 4511 alienum
1188 4461 1298 4523 est,
1350 4455 1584 4528 attollit,
1635 4458 1789 4528 quod
1821 4477 1868 4540 Ι)
1900 4457 2017 4513 Ηοο
2045 4473 2279 4528 quoque
2305 4456 2574 4511 convenit
2605 4472 2865 4527 personae
2913 4455 3100 4522 Pauli,
3126 4456 3264 4527 quia
3295 4481 3321 4506 «
3349 4458 3552 4528 justus

88 4560 308 4605 suum
346 4530 638 4598 humiliat.
672 4566 698 4592 «
733 4544 802 4598 Et
832 4543 1070 4613 audivit,
1117 4543 1329 4614 inquit,
1386 4545 1559 4599 verba
1590 4543 1789 4600 ineffa-

87 4635 271 4693 bilia
301 4631 383 4702 (11
403 4629 530 4685 (Ιον.
574 4647 677 4697 xn,
711 4631 784 4703 4).
820 4630 944 4688 Non
989 4632 1135 4686 dixit
1172 4650 1184 4686 :
1219 4632 1448 4704 Audivi,
1480 4633 1580 4688 sed
1633 4634 1787 4704 quod

85 4726 276 4782 alter
297 4717 578 4785 audierit,
612 4731 726 4775 non
781 4721 1032 4793 negavit.
1069 4721 1410 4776 Verecunde
1445 4719 1644 4792 itaque
1673 4725 1788 4776 tes-

84 4823 231 4870 tem
273 4824 345 4864 se
376 4806 584 4862 maluit
624 4807 952 4880 signiﬁcare
1002 4823 1181 4880 quam
1231 4813 1442 4872 vatem,
1475 4813 1532 4863 et
1579 4809 1792 4882 refugit

82 4895 308 4958 videri
343 4893 671 4950 cmiestium
704 4895 922 4952 arbiter
951 4901 1326 4952 secretorum.
1363 4897 1789 4952 Testimonium

83 4989 306 5048 enim-
341 4982 556 5051 dicere,
592 4985 855 5039 veritatis
903 4990 989 5039 est
1021 5001 1034 5038 :
1071 4984 1348 5040 meritum
1381 4984 1647 5040 elationis
1678 4986 1792 5056 (16)

85 5094 232 5137 non
286 5070 584 5143 refugere,
617 5071 943 5146 gloriantis.
995 5072 1246 5145 Ideoque
1297 5073 1421 5129 ait:
1457 5096 1484 5124 «
1520 5072 1625 5128 Pro
1675 5072 1792 5128 hu-

209 5202 314 5272 15)
354 5196 513 5272 Edit.‘
531 5214 735 5272 omnes
766 5215 830 5254 ac
861 5215 1004 5254 mss.
1032 5197 1182 5253 Vict.
1209 5201 1268 5253 et
1292 5197 1479 5272 Colb;,
1501 5199 1794 5272 sublimem

71 5269 369 5354 judicia.
388 5270 571 5354 .l’idcs
598 5271 708 5354 Iit-li
733 5285 862 5352 esse.
883 5285 1206 5354 successum.
1240 5269 1353 5354 Alii
1383 5286 1532 5354 mss.
1557 5271 1791 5354 condis-

82 5339 432 5408 sent'iuut,
461 5341 624 5413 quod)
655 5357 769 5413 pro,
805 5340 1020 5396 vides...
1044 5339 1299 5413 judicas,
1338 5340 1562 5413 legunt,
1599 5342 1790 5397 Vide...

68 5419 354 5498 judico;
388 5427 418 5498 e
451 5411 671 5498 quibus
698 5411 875 5469 etiam
915 5411 1170 5498 quatuor
1210 5411 1447 5498 habent,
1479 5413 1656 5494 alium
1684 5427 1796 5468 esse

75 5481 571 5554 ῖςιισοεετωπῖΕτ
601 5498 749 5538 sane
765 5481 964 5540 vocem
996 5482 1192 5551 alium,
1221 5482 1552 5543 necessario
1582 5500 1793 5542 sensus

79 5555 426 5651 postulat.

464 5679 732 5746 ΡΑτιιοι..
777 5680 940 5745 XIV.

1900 4545 2210 4601 miseretur
2238 4547 2294 4599 et
2325 4543 2551 4598 tribuit.
2581 4566 2606 4591 ››
2637 4543 2783 4599 Vide
2833 4544 3005 4600 illum
3052 4543 3288 4600 Domini
3319 4543 3564 4620 eloquia.

1899 4633 2275 4697 dividentem,
2321 4633 2451 4688 vide
2511 4637 2818 4704 argentum
2877 4633 3109 4690 Domini
3168 4634 3550 4691 fenerantem.

1899 4722 2087 4778 Unam
2119 4737 2318 4776 mnam
2350 4721 2590 4792 accepit,
2625 4722 2772 4778 duas
2802 4722 3095 4778 reddidit:
3125 4723 3274 4779 duas
3306 4721 3552 4794 accepit,

1899 4814 2150 4881 quatuor
2198 4809 2451 4865 reddidit
2485 4828 2496 4864 :
2532 4809 2790 4880 quinque
2822 4811 3063 4883 accepit,
3097 4812 3299 4866 decem
3355 4809 3570 4865 reddi--

1899 4898 2000 4952 dit.
2021 4898 2145 4951 Non
2168 4897 2367 4969 ligavit
2390 4897 2447 4951 in
2476 4899 2716 4954 sudario
2739 4899 2893 4968 quod
2921 4903 3242 4969 acceperat,
3263 4897 3364 4952 sed
3387 4911 3570 4970 num-g

1900 4984 2166 5040 mulariis
2209 4986 2496 5056 erogavit;
2530 4992 2586 5040 et
2635 4987 2787 5057 quod
2839 4991 3195 5058 erogaverat,
3229 5000 3364 5040 cum
3412 4999 3552 5040 usu-

1899 5075 1980 5129 ris
2023 5073 2259 5144 recepit.
2296 5073 2381 5128 Ita
2428 5078 2485 5130 et
2532 5074 2912 5140 accipientem
2943 5091 2978 5129 a
3008 5076 3243 5146 peccato
3295 5072 3551 5130 maximo

1973 5197 2086 5269 (16)
2116 5197 2254 5280 Cod.
2307 5196 2588 5280 quinque,
2631 5199 2902 5280 .merititm
2945 5199 3244 5280 electionis.
3293 5197 3574 5280 Sed-lvoy‘

1901 5268 2386 5351 cem-electionis,
2416 5284 2536 5349 .pro
2595 5269 2867 5351 elationis,
2920 5268 3247 5351 abhaliquo
3296 5268 3549 5351 positam

1902 5339 2280 5412 arbitramur,
2329 5338 2450 5412 qui
2487 5355 2603 5394 non
2666 5338 3054 5412 consideravit
3109 5338 3552 5412 hicﬁelationem

1903 5411 2038 5480 dici,
2068 5427 2182 5466 non
2214 5410 2574 5486 superbiam,
2608 5412 2710 5465 sed
2742 5410 2956 5486 ipsum
3000 5411 3546 5486 Apostoli‘raptum,

1944 5497 2234 5613 penusque
2265 5481 2337 5540 ad
2367 5481 2609 5540 tertium
2653 5481 2866 5540 coelum
2910 5481 3096 5542 elatus
3146 5483 3264 5542 sive
3293 5481 3552 5572 elévatus

1970 5571 1999 5613 c
2051 5571 2090 5613 ιι
2130 5596 2142 5612 .

1970 5569 2142 5614 citur.
3333 5569 3336 5572 ’

3154 5684 3230 5754 83
