3894 6208
366 330 523 396 1035

1818 339 1889 399 S.
1929 335 2308 399 AHBBOSII

3620 336 3789 399 1036

366 466 653 535 liberavit,
684 483 757 523 ne
784 468 937 540 apud
970 485 1105 524 eum
1151 471 1400 540 pecunia
1442 469 1669 525 Domini
1702 472 2008 542 deperiret,
2036 469 2094 537 Α
2122 471 2268 524 bunt
2320 476 2564 531 terram;
2607 468 3018 525 maledicentes
3067 476 3261 526 autem
3307 487 3468 539 eum,
3518 471 3787 543 disperi-

365 561 426 611 et
455 556 583 628 ipse
611 561 677 611 ut
704 557 904 612 decem
936 557 1265 612 civitatibus
1298 560 1707 630 praeﬁceretur,
1738 561 2009 615 emeruit.

365 645 502 711 Qua
533 645 653 701 sint
700 646 896 702 decem
930 647 1214 711 civitates,
1246 647 1303 702 in
1356 648 1617 719 epistolis
1665 665 2011 717 recognosce

366 749 517 805 quas
545 735 804 807 scripsit,
827 736 933 791 etsi
966 736 1212 807 apostoli
1254 738 1589 808 praescripto
1624 755 1863 792 numero
1898 754 2009 791 non

368 821 696 889 teneantur,
718 825 935 894 quibus
965 825 1189 879 dictum
1220 833 1305 879 est
1331 844 1378 879 ει
1410 827 1489 880 [te
1522 844 1623 898 per
1652 828 1851 881 orbem
1886 825 2013 879 uni-

366 910 691 977 versum,et
712 913 1016 983 praedicante
1034 914 1411 985 Evangelium
1438 916 1713 969 universa:
1734 920 2015 969 creatura:

368 999 566 1069 (lare.
590 1015 707 1068 xvr,
736 1002 844 1068 15).
870 1026 897 1049 υ
921 1001 1023 1055 Hic
1053 1018 1189 1073 ergo
1222 1004 1291 1055 ab
1320 1002 1647 1057 Jerusalem
1684 1020 1783 1074 per
1812 1004 2015 1057 Orien-

370 1093 487 1142 tem
513 1094 571 1142 et
602 1088 897 1159 lllﬁicum
929 1096 983 1144 et
1018 1090 1241 1145 Italiam
1282 1091 1513 1146 Domini
1555 1093 1859 1163 pecuniam
1894 1092 2014 1145 dis-

372 1179 659 1249 pensavit.
693 1178 758 1231 Et
790 1194 859 1232 ne
886 1180 1019 1249 quis
1062 1186 1291 1250 putaret
1322 1182 1473 1250 quod
1508 1198 1672 1233 suam
1710 1184 2013 1244 t'eneraret,

371 1264 603 1320 Domini
662 1283 790 1320 esse
848 1266 1155 1337 pecuniam
1208 1270 1529 1322 testabatur
1574 1269 1772 1321 dicam
1808 1286 1819 1320 :
1852 1296 1871 1313 τι
1916 1268 2014 1323 llis

368 1360 564 1409 autem
600 1356 699 1425 qui
734 1358 1105 1411 matrimonio
1141 1358 1333 1425 juncti
1381 1364 1538 1423 sunt,
1570 1358 1847 1411 denuntio
1900 1375 2012 1410 non

366 1459 494 1513 ego,
526 1444 626 1497 sed
678 1444 983 1509 Dominus,
1024 1462 1259 1500 uxorem
1309 1464 1341 1499 a
1390 1447 1509 1500 viro
1560 1465 1672 1500 non
1721 1447 2013 1500 discrniere

368 1532 412 1599 χΙ
440 1531 561 1585 Cor.
596 1548 693 1595 vii,
748 1535 851 1601 10,
882 1560 905 1579 η
942 1534 1008 1588 Et
1055 1534 1192 1589 alibi
1242 1552 1301 1587 ευ
1351 1536 1497 1599 Quid
1552 1537 2014 1607 experimentum

361 1620 623 1689 quzeritis
655 1622 781 1690 ejus
813 1622 914 1691 qui
958 1622 1015 1675 in
1066 1639 1157 1676 me
1208 1622 1463 1693 loquitur
1494 1624 1757 1678 Christus
1815 1625 1862 1678 Il
1892 1624 2011 1678 Cor.

364 1725 490 1776 xui,
518 1709 594 1775 3).
622 1732 651 1756 ιο
675 1708 939 1780 Denique
972 1712 1095 1782 ipse
1127 1728 1223 1765 rex
1276 1714 1354 1766 ita
1393 1712 1559 1777 dixit,
1594 1714 1649 1765 in
1683 1730 1797 1783 quo
1828 1712 2016 1783 ﬁgura

2122 560 2288 613 bunt.
2316 590 2333 601 μ
2362 559 2659 621 Quomodo
2686 561 2883 628 justus
2916 560 3171 631 possidet
3197 566 3432 625 terram,
3456 564 3558 615 aut
3586 578 3788 633 quam

2122 652 2358 707 terram,
2391 665 2523 701 cum
2553 647 2854 719 Scriptura
2884 649 3037 702 dicat
3062 666 3107 702 ξιτ
3134 647 3432 719 Numquid
3465 648 3573 704 soli
3602 650 3790 705 habi-

2124 736 2321 789 tabith
2379 753 2553 807 super
2607 742 2821 790 terram
2894 737 2996 790 Isa.
3031 753 3084 805 v,
3114 735 3207 803 8;?
3231 760 3255 781 η
3290 738 3354 790 Et
3401 736 3539 791 alibi
3571 755 3584 791 :
3615 761 3649 788 (ί
3684 738 3788 793 Vae

2126 824 2526 878 habitantibus
2576 842 2753 895 super
2806 830 3016 879 terram
3056 827 3231 895 proc.
3262 842 3383 891 vin,
3420 826 3578 893 13),»
3611 828 3790 899 quod

2126 913 2541 982 increpationis
2589 920 2675 967 est
2720 914 2961 967 verbum
3009 918 3183 984 atque
3234 912 3551 969 maledicti.
3582 915 3789 987 Cujus

2122 1018 2257 1071 ergo
2290 1008 2448 1053 terrae
2480 1001 2783 1055 benedicta
2810 1002 3100 1072 possessio
3129 1002 3254 1055 est?
3283 1002 3408 1057 Non
3439 1004 3607 1059 istius
3639 1022 3786 1076 qua:

2125 1089 2375 1143 ie'nciil‘ii
2408 1089 2785 1143 absconditur
2815 1095 2869 1143 et
2905 1088 3396 1146 amaritudinibus
3442 1092 3735 1164 impletur
3768 1111 3784 1148 ;

2124 1178 2221 1231 sed
2258 1178 2414 1231 illius
2446 1194 2569 1247 qum
2607 1178 2729 1231 tluit
2766 1176 2873 1230 mel
2919 1184 2971 1231 et
3022 1176 3127 1241 lac,
3162 1178 3217 1231 id
3267 1183 3374 1243 est,
3410 1179 3581 1235 habet
3636 1197 3791 1253 ενδ.-

2124 1269 2265 1320 tiam
2300 1267 2622 1327 suavitatis,
2654 1271 2708 1319 et
2756 1267 3035 1337 fulgorem
3088 1266 3235 1320 lucis
3282 1274 3523 1322 aeternae.
3554 1270 3789 1342 Accipe

2125 1355 2313 1409 mellis
2356 1356 2489 1409 boni
2536 1358 2912 1421 suavitatem;
2964 1356 3077 1409 imo
3126 1372 3303 1426 supra
3354 1356 3467 1411 mel
3500 1375 3563 1411 ;‹‹
3594 1358 3789 1431 Fugit

2129 1445 2293 1498 ili-lor
2322 1452 2373 1497 et
2408 1444 2655 1511 {seruitus
2700 1450 2753 1498 et
2796 1444 3031 1497 tristitia
3068 1446 3185 1513 \Isa.
3216 1462 3385 1511 xxxv,
3426 1448 3499 1515 1οἱ
3528 1466 3540 1512 ;
3572 1472 3591 1493 η
3631 1450 3791 1518 quia

2124 1536 2381 1587 suaiitas
2440 1536 2635 1603 gratia.
2710 1532 3159 1587 amaritudinem
3218 1533 3490 1589 humanae
3544 1535 3786 1608 fragili-

2130 1623 2261 1676 tatis
2294 1622 2581 1675 excludet.
2614 1622 2676 1675 Et
2710 1622 2843 1676 alibi
2882 1639 2893 1674 :
2926 1646 2949 1667 «ε
2986 1622 3051 1675 Et
3081 1621 3294 1677 delebit
3322 1640 3555 1679 omnem
3584 1624 3790 1699 laci-y-

2126 1728 2280 1765 mam
2316 1712 2383 1765 de
2416 1711 2600 1765 oculis
2646 1728 2878 1775 eorum;
2911 1716 2966 1765 et
3017 1728 3173 1765 mors
3202 1728 3316 1767 non
3347 1713 3458 1767 erit
3488 1712 3788 1786 amplius,

363 1801 452 1852 est
480 1795 713 1852 Domini
748 1815 761 1851 :
791 1816 815 1845 ι
847 1799 1119 1869 Oportuit
1146 1806 1199 1855 te
1249 1803 1555 1871 pecuniam
1611 1818 1799 1855 meam
1850 1819 2013 1855 com-
2044 1839 2094 1904 B
2128 1817 2311 1870 neque
2372 1800 2561 1853 luctus
2632 1804 2786 1869 .lpm‘.
2818 1817 2931 1865 xxi,
2970 1801 3039 1865 4,.
3062 1823 3089 1845 υ
3118 1800 3324 1872 Accipe
3373 1801 3549 1857 etiam
3596 1801 3787 1860 lactis

366 1885 601 1941 mittere
637 1886 1052 1944 nummulariis
1100 1889 1307 1959 (Matth.
1360 1908 1487 1958 xxv,
1520 1892 1632 1959 ξπ.
1679 1891 1889 1955 Meam,
1924 1892 2015 1945 in-

367 1975 519 2046 quit,
541 1991 657 2030 non
681 1980 900 2031 tuam.«
924 1976 1132 2033 Justus
1154 1996 1291 2050 ergo
1324 1982 1636 2033 miseretur
1665 1986 1720 2034 et
1754 1980 2013 2033 tribuit.»

368 2062 672 2129 Quomodo
701 2066 943 2134 tribuat,
973 2066 1108 2121 audi
1142 2068 1430 2122 dicentem
1458 2085 1471 2120 :
1496 2092 1521 2113 η
1560 2072 1665 2123 Per
1692 2085 1894 2123 omnes
1918 2069 2017 2122 Ec-

367 2151 579 2209 clesiae
606 2153 783 2209 doceo
816 2157 859 2224 (1
889 2154 1011 2209 Cor.
1043 2172 1142 2221 vn,
1180 2158 1283 2225 17).
1314 2180 1339 2201 n
1364 2188 1431 2195 —
1454 2182 1477 2199 τί
1506 2161 1777 2212 Peccatcr
1818 2166 2014 2212 autem

366 2245 697 2312 mutuatur,
724 2248 781 2297 et
811 2259 925 2297 non
973 2242 1165 2297 solvit.
1194 2270 1219 2290 ιν
1252 2245 1396 2299 Vide
1446 2246 1684 2301 divitem
1733 2254 2011 2301 mutuan-

370 2335 514 2398 tem,
565 2335 623 2385 et
647 2347 763 2386 non
820 2332 1207 2387 reddentem:
1244 2350 1558 2405 pauperem
1608 2336 2017 2406 accipientem,

372 2418 517 2474 1.1
552 2424 610 2474 et
637 2419 915 2475 continuo
946 2428 1442 2489 remunerantem,
1468 2441 1535 2477 ne
1563 2424 1781 2479 diutius
1818 2426 1874 2479 in
1907 2442 2015 2479 cere

366 2507 559 2564 alieno
588 2508 686 2564 sit.
717 2508 845 2564 Haec
875 2510 1139 2565 moralia.

437 2598 528 2653 44.
558 2596 705 2654 Vide
734 2615 888 2653 nunc
919 2616 1234 2671 pauperem
1267 2602 1601 2671 mysticum,
1636 2602 1692 2657 id
1723 2608 1833 2669 est,
1867 2604 2014 2659 sim-

366 2685 579 2760 plicem
630 2691 687 2741 et
732 2688 1037 2743 timentem
1084 2689 1186 2743 Dei
1234 2706 1468 2755 nomen,
1509 2692 1843 2747 audientem
1890 2711 2017 2749 ver—

368 2775 513 2832 bum
543 2775 613 2830 de
642 2776 929 2843 castitate,
960 2781 1016 2830 et
1054 2776 1407 2845 solventem;
1439 2780 1771 2835 audientem
1804 2783 1873 2837 de
1906 2786 2015 2838 mi-

371 2862 709 2928 sericordia,
731 2868 788 2918 et
816 2862 1168 2929 solventem;
1201 2865 1534 2920 audientem
1562 2867 1631 2921 de
1662 2868 2014 2938 placiditate,

372 2954 432 3006 et
470 2966 587 3005 non
634 2951 1023 3006 irascentem:
1055 2952 1294 3007 divitem
1342 2970 1475 3009 vero
1524 2954 1688 3010 illum
1740 2974 2016 3029 arrogan-

370 3042 610 3111 gantem
640 3044 696 3095 et
723 3040 1065 3111 superbum,
1097 3040 1429 3097 audientem
1462 3045 1719 3115 quidem,
1755 3048 1854 3101 sed
1888 3054 2019 3118 post

369 3143 434 3184 se
464 3126 820 3198 rejicientem
864 3145 1165 3185 sermones
1210 3130 1342 3197 Dei;
1376 3132 1707 3188 audientem
1759 3135 1829 3190 de
1880 3154 2015 3192 con-

2124 1891 2395 1943 nitorem.
2425 1912 2449 1935 α
2486 1889 2548 1942 Et
2600 1906 2713 1942 non
2767 1888 3105 1959 indigebunt
3154 1888 3413 1955 lucerna,
3444 1896 3501 1946 et
3543 1889 3786 1949 lumine

2124 1979 2298 2035 solis:
2334 1980 2455 2049 ipse
2486 1978 2641 2031 enim
2693 1978 2973 2032 Dominus
3006 1978 3359 2034 illuminabit
3408 1997 3581 2051 super
3613 1980 3783 2049 illus,

2124 2074 2179 2121 et
2232 2068 2554 2138 regnabuut
2607 2067 2663 2120 in
2714 2065 2927 2121 saecula
2973 2065 3338 2122 sceculorum.
3366 2070 3551 2125 Amen
3579 2070 3785 2141 (Apoc.

2124 2173 2261 2217 xxu,
2320 2158 2399 2221 5,.
2424 2182 2445 2197 ιι

2198 2246 2282 2298 tu.
2318 2245 2415 2298 Est
2446 2244 2619 2298 etiam
2667 2244 2944 2315 mysticus
2967 2245 3188 2314 justus,
3221 2244 3324 2315 qui
3374 2246 3693 2302 miseretur
3720 2256 3787 2305 et

2124 2332 2348 2398 tribuit,
2370 2334 2466 2404 qui
2499 2334 2695 2387 omnia
2727 2336 2899 2387 verba
2936 2349 3064 2403 quae
3102 2332 3324 2405 accepit
3351 2351 3387 2388 a
3414 2333 3576 2390 Patre
3603 2336 3789 2395 dedit

2126 2423 2383 2490 nobis,et
2414 2430 2781 2492 peccatorum
2814 2425 3145 2475 nostrorum
3178 2422 3345 2476 nobis
3373 2439 3487 2477 κη
3514 2424 3779 2495 dimisit,

2124 2518 2179 2566 et
2210 2511 2557 2582 sanguinem
2589 2526 2763 2564 suum
2806 2526 2911 2581 pro
2962 2510 3177 2564 nostris
3223 2510 3439 2566 debitis
3468 2512 3669 2581 solvit;
3706 2520 3779 2570 ut

2126 2617 2241 2655 non
2276 2601 2331 2653 in
2366 2600 2557 2654 fenore
2586 2615 2850 2653 essemus
2890 2598 3100 2664 alieno,
3131 2600 3232 2654 sed
3276 2599 3339 2655 in
3387 2617 3495 2656 suo
3524 2619 3637 2657 aere
3668 2603 3776 2659 bo~

2126 2707 2238 2744 nus
2268 2690 2516 2743 creditor
2554 2704 2656 2741 nos
2703 2687 2959 2741 haberet.
2993 2688 3092 2742 Est
3137 2692 3193 2742 et
3242 2696 3514 2759 peccator
3538 2690 3635 2747 ille
3666 2694 3774 2764 qui

2125 2778 2494 2850 congregavit
2524 2794 2647 2848 quae
2682 2794 2793 2830 non
2828 2777 3071 2847 peperit,
3092 2782 3147 2831 et
3176 2782 3483 2834 mutuatus
3502 2785 3591 2835 est
3610 2781 3777 2852 quod

2128 2885 2242 2921 non
2299 2865 2553 2931 tenebat,
2614 2881 2715 2919 nec
2773 2863 2891 2918 vult
2949 2864 3255 2920 restituere
3313 2867 3471 2938 quod
3524 2870 3772 2943 accepit.

2126 2956 2273 3011 Audi
2306 2954 2443 3026 quia
2481 2959 2785 3008 mutuatus
2833 2957 2921 3008 est
2970 2952 3238 3009 diabolus
3270 2972 3283 3008 :
3310 2978 3337 3002 ‹‹
3371 2955 3523 3021 Tibi,
3556 2957 3775 3028 inquit,

2127 3046 2277 3100 dabo
2315 3049 2660 3116 potestatem
2708 3042 2855 3096 hanc
2906 3041 3237 3097 universam
3268 3043 3406 3113 (1‘7),
3435 3050 3494 3100 et
3520 3044 3775 3117 gloriam

2126 3134 2360 3188 illorum
2394 3133 2552 3203 .quia
2608 3132 2753 3185 mihi
2812 3130 3022 3185 tradita
3075 3134 3234 3195 sunt,
3264 3136 3321 3186 et
3371 3134 3463 3186 cui
3514 3133 3665 3200 volo,
3698 3135 3772 3189 do

367 3216 741 3273 demnatione
777 3215 1042 3287 luxuriae,
1074 3222 1131 3273 et
1160 3220 1349 3290 magis
1395 3219 1813 3277 luxuriantem.
1844 3224 2017 3280 Deni-
2046 3203 2090 3269 (ἶ
2128 3222 2272 3292 illaf,
2305 3222 2351 3275 si
2384 3221 2691 3291 procidens
2720 3218 3051 3273 adoraveris
3081 3234 3173 3274 me
3201 3221 3352 3287 (Luc.
3385 3237 3459 3287 1v,
3490 3221 3567 3291 6).
3598 3245 3625 3269 υ
3659 3223 3768 3277 Ne-

367 3319 483 3378 que
532 3305 786 3361 Ecclesia
832 3304 1006 3361 solvit
1046 3308 1201 3378 quod
1254 3309 1495 3380 accepit,
1544 3314 1847 3383 Suniagoga
1900 3331 2014 3369 non

366 3393 561 3450 solvit.
593 3393 887 3467 Cognosce
927 3395 1242 3451 Ecclesiam
1285 3396 1504 3453 solvere
1535 3418 1548 3453 :
1574 3424 1601 3445 ‹‹
1635 3400 1767 3470 Tui,
1803 3402 2014 3473 inquit,

366 3487 552 3539 erant.
584 3487 642 3539 et
665 3483 812 3538 mihi
850 3499 950 3539 eos
996 3485 1231 3553 dedisti,
1264 3492 1319 3540 et
1350 3488 1586 3542 verbum
1620 3494 1785 3545 tuum
1820 3508 2016 3547 serva-

364 3574 575 3625 verunt
603 3571 781 3642 (Joan.
821 3589 961 3640 xvu,
992 3574 1069 3643 6,.
1098 3596 1126 3622 η
1158 3575 1228 3629 Et
1276 3574 1415 3630 alibi
1450 3594 1462 3630 :
1495 3596 1516 3624 ι
1554 3578 1681 3648 Ipse
1727 3580 1882 3633 enim
1916 3580 2016 3637 Pa-

364 3662 456 3715 ter
484 3657 675 3730 diligit
702 3676 827 3726 vos,
854 3661 995 3731 quia
1018 3679 1117 3717 vos
1139 3680 1232 3718 me
1261 3663 1504 3735 diligitis
1528 3666 1703 3734 (Joan.
1726 3685 1840 3734 xvi,
1863 3672 2013 3736 27).»

367 3743 645 3802 Reddidit
672 3762 810 3819 ergo
858 3746 1119 3805 Ecclesia
1169 3768 1347 3821 quam
1404 3754 1625 3824 accepit
1681 3772 1715 3810 a
1768 3758 2014 3813 Domino

366 3834 678 3907 pecuniam
725 3834 1051 3903 charitatis,
1082 3839 1183 3892 sed
1222 3843 1525 3912 Synagoga
1573 3859 1688 3897 non
1738 3846 2010 3902 reddidit.

368 3923 620 3996 Ideoque
648 3924 723 3981 de
745 3922 964 3980 Judmis
1012 3926 1230 3981 dicitur
1260 3944 1274 3983 :
1299 3951 1325 3977 ‹‹
1359 3928 1418 3984 Si
1452 3946 1567 3985 non
1615 3934 1928 4001 venissem,
1959 3946 2014 3991 et

363 4011 597 4069 locutus
623 4030 740 4069 non
769 4013 1015 4069 fuissem
1052 4014 1167 4083 his,
1197 4022 1501 4087 peccatum
1536 4036 1649 4074 non
1682 4020 1965 4079 baberent
1995 4040 2009 4078 :

364 4117 522 4158 nunc
552 4105 750 4158 autem
797 4103 1231 4159 excusationem
1267 4122 1382 4160 non
1414 4105 1627 4163 habent
1658 4110 1729 4164 de
1776 4118 2012 4181 peccato

362 4206 471 4247 suo
500 4191 676 4261 (Joan.
707 4208 801 4258 xv,
831 4193 952 4263 22);
982 4216 1011 4240 »
1041 4192 1181 4264 quia
1210 4194 1522 4250 audierunt
1550 4198 1775 4268 utique,
1806 4205 1863 4254 et
1894 4218 2010 4257 non

363 4277 757 4336 crediderunt.
789 4282 1108 4337 Probatum
1136 4287 1225 4338 est
1252 4299 1389 4354 ergo
1420 4284 1561 4355 quia
1588 4289 1839 4343 mutuati
1870 4295 2010 4345 sunt

360 4371 715 4440 peccatores,
744 4372 801 4424 et
830 4386 948 4425 non
985 4369 1299 4427 solverunt.
1332 4373 1605 4429 Peccator
1656 4377 1834 4447 igitur
1879 4385 2008 4451 eget

360 4471 639 4529 semper:
672 4458 875 4529 justus
918 4463 1115 4516 autem
1167 4460 1427 4516 abundat
1472 4468 1529 4517 et
1578 4464 1803 4531 tribuit,
1835 4468 2005 4537 cujus

2123 3311 2429 3382 quissime,
2463 3307 2735 3379 accepisti
2786 3308 2853 3361 ad
2888 3307 3289 3375 tentationem,
3324 3325 3439 3365 non
3489 3310 3559 3364 ad
3611 3326 3769 3365 mor-

2125 3406 2272 3463 tem;
2304 3399 2412 3453 hoc
2445 3404 2531 3452 est
2560 3395 2833 3467 accepisti
2873 3400 2933 3449 ut
2975 3395 3365 3466 probarentur
3390 3396 3494 3452 Dei
3526 3398 3769 3466 servuli,

2127 3489 2279 3545 πε
2310 3506 2423 3543 non
2454 3492 2516 3541 ut
2563 3486 3099 3555 exstinguerentur;
3160 3484 3433 3556 accepisti
3492 3491 3555 3539 ut
3608 3486 3769 3542 Deus

2123 3580 2483 3643 adoraretur,
2518 3591 2632 3629 non
2693 3579 2755 3627 ut
2814 3577 3150 3644 negaretur;
3203 3572 3477 3643 accepisti
3525 3573 3773 3629 saecula-

2123 3669 2232 3736 ria,
2262 3684 2367 3722 cur
2414 3664 2589 3736 eripis
2649 3680 2773 3734 qua:
2832 3664 3044 3715 aeterna
3099 3659 3273 3715 sunt?
3328 3662 3608 3733 accepisti
3640 3679 3770 3733 qua:

2126 3757 2330 3812 mundi
2359 3760 2516 3819 sunt,
2551 3769 2655 3807 cur
2686 3750 2772 3805 vis
2804 3750 3028 3804 auferre
3073 3766 3199 3820 quae
3228 3748 3443 3803 Christi
3474 3750 3657 3805 sunt?
3685 3751 3772 3807 Da

2124 3847 2222 3900 illa
2252 3844 2345 3898 cui
2400 3842 2507 3907 vis,
2542 3857 2656 3895 non
2713 3838 3051 3893 invidimus.
3083 3837 3202 3892 Cur
3256 3836 3427 3893 nobis
3456 3855 3491 3893 a
3522 3844 3578 3893 te
3636 3857 3767 3911 qua:

2124 3952 2229 3990 nos
2258 3933 2551 3996 volumus,
2584 3926 2956 3983 invidentur?
2987 3926 3072 3980 Tu
3104 3926 3334 3980 adorari
3365 3926 3474 3995 vis,
3508 3928 3609 3998 qui
3641 3944 3768 3983 om-

2120 4023 2296 4078 nibus
2328 4018 2590 4091 nequior,
2631 4017 2761 4089 ipsa
2788 4031 3022 4087 quoque
3061 4013 3343 4087 indignus
3370 4031 3435 4071 es
3464 4016 3766 4072 servitute.

2193 4113 2279 4165 47.
2314 4109 2497 4179 (\‘ers.
2546 4108 2663 4173 ‘23.)
2689 4126 2715 4156 ι
2761 4107 2806 4159 Α
2856 4102 3095 4159 Domino
3138 4118 3379 4174 gressus
3427 4104 3535 4158 viri
3580 4106 3765 4160 corri-

2119 4205 2332 4272 gentur
2386 4198 2520 4267 (18).
2570 4220 2594 4243 υ
2655 4194 2888 4249 Graecus
2945 4200 3220 4261 διαδήματα
3276 4190 3444 4258 dixit,
3502 4192 3610 4248 hoc
3680 4198 3769 4249 est

2115 4288 2423 4345 transitus.
2466 4286 2531 4339 Et
2576 4283 2705 4338 ideo
2753 4281 2966 4336 dicitur
3007 4280 3115 4334 tibi
3147 4298 3211 4335 τι(
3237 4279 3297 4335 Si
3349 4284 3617 4337 transeas
3666 4297 3767 4352 per

2116 4393 2354 4449 aquam,
2378 4372 2625 4429 ﬂumina
2652 4377 2708 4427 te
2748 4386 2861 4425 non
2905 4368 3253 4425 concludent
3282 4370 3410 4439 (Isa.
3443 4386 3603 4439 xuii,
3630 4372 3707 4439 2).
3734 4392 3761 4416 ι)

2114 4465 2323 4521 Transi
2349 4479 2507 4535 ergo,
2535 4459 2653 4515 noli
2693 4474 2919 4514 cessare
2953 4476 2967 4512 :
3001 4457 3152 4513 sicut
3180 4457 3372 4513 bonus
3414 4457 3601 4513 viator
3628 4474 3759 4512 cum

360 4544 523 4632 dives
550 4549 642 4601 est
681 4547 1056 4603 conscientia.
1090 4548 1339 4620 Ideoque
1384 4550 1573 4606 Judaei
1602 4552 1660 4606 in
1690 4552 1815 4609 suis
1864 4553 2009 4609 divi-
2038 4566 2088 4632 υ
2120 4556 2343 4613 venerit
2374 4552 2446 4607 ad
2477 4548 2712 4620 aliquod
2743 4548 2843 4600 viae
2875 4546 3109 4618 signum
3140 4546 3274 4617 (19),
3305 4561 3422 4600 non
3472 4550 3613 4612 stat,
3664 4544 3759 4600 sed

363 4631 464 4687 tiis
519 4638 807 4704 eguerunt
853 4653 915 4689 :u
949 4636 1167 4691 Divites
1222 4644 1510 4709 eguerunt
1568 4644 1624 4695 et
1678 4643 2011 4700 esuriernnt

363 4720 538 4793 (Psal.
559 4736 761 4793 xxxiii,
784 4723 895 4794 11),
924 4746 951 4772 ι)
971 4723 1285 4779 Christiani
1316 4731 1511 4783 autem
1544 4728 1602 4782 in
1624 4729 1840 4785 divitiis
1872 4733 2009 4789 sim-

359 4808 643 4883 plicitatis
672 4826 792 4866 sua:
822 4827 938 4866 non
969 4812 1323 4869 defecerunt.

432 4899 521 4955 45.
544 4897 733 4971 (Vera.
762 4902 878 4972 22.)
900 4900 1098 4957 Bonus
1146 4917 1283 4975 ergo
1304 4903 1540 4972 justus;
1572 4909 1628 4958 et
1672 4906 1801 4961 ideo
1845 4909 2009 4965 addit

358 4988 663 5062 Scriptura
694 5007 741 5044 ;‹‹
774 4989 1060 5056 Quoniam
1104 4990 1511 5047 benedicentes
1556 5010 1713 5059 eum,
1745 4998 2007 5067 posside-

429 5132 545 5205 (17)
570 5130 656 5187 Ita
677 5132 817 5188 edit.
841 5149 1067 5200 omnes,
1092 5137 1147 5187 et
1169 5150 1311 5188 mss.
1336 5137 1608 5205 quatuor,
1631 5135 1847 5205 quibus
1878 5144 2005 5195 tum

357 5202 593 5260 divinus
624 5207 840 5272 textus,
870 5210 997 5261 tum
1034 5202 1381 5261 Ambrosius
1423 5204 1548 5272 ipse
1580 5202 1680 5260 lib.
1714 5223 1731 5259 ι
1764 5208 1839 5261 De
1869 5209 2003 5265 Cain

355 5281 409 5350 et
459 5275 610 5350 Abel,
640 5291 769 5347 cap.
799 5277 855 5350 5_,
894 5293 1065 5350 num.
1119 5278 1206 5350 t7,
1263 5280 1342 5350 et_
1374 5275 1535 5350 alibi,
1584 5276 2001 5350 suffragantur,

360 5344 555 5400 locum
585 5344 741 5400 hunc
788 5345 1008 5401 eisdem
1036 5347 1230 5402 verbis
1258 5345 1615 5402 exhibentes.
1648 5344 2001 5407 Aliivtamen

360 5420 611 5483 quatuor
644 5432 799 5489 mss.
847 5422 981 5489 post
1024 5434 1223 5474 vocem
1268 5419 1592 5489 potestatem
1636 5418 1799 5488 hanc,
1847 5422 2001 5477 inse-

362 5489 519 5561 runt,
549 5488 805 5561 universa
843 5487 961 5561 haec
986 5503 1187 5556 regna;
1225 5487 1342 5544 non
1372 5487 1487 5543 alia
1515 5505 1654 5545 sane
1683 5491 1754 5545 de
1801 5508 1998 5561 causa,

363 5552 475 5635 nisi
507 5555 677 5635 ιιιβῆ
703 5573 838 5635 quo
866 5552 1150 5635 referatur
1173 5570 1230 5616 τὸ
1277 5560 1522 5635 illorum.
1551 5562 1725 5635 Atqui
1777 5552 2003 5635 ellipsis

361 5627 454 5701 est
498 5623 601 5681 ubi
643 5623 1108 5701 sabintclligitur
1149 5639 1207 5689 τὸ
1251 5633 1617 5703 negotiorum,
1640 5623 1845 5692 ’Grece
1872 5623 2001 5711 5m.

2116 4640 2459 4718 pertransit;
2492 4642 2548 4693 et
2576 4642 2639 4691 tu
2687 4635 2747 4691 in
2776 4635 2870 4689 via
2895 4651 2978 4703 es,
3011 4634 3270 4706 quandiu
3320 4634 3381 4689 in
3429 4633 3540 4689 hoc
3586 4649 3761 4690 cursu

2116 4750 2178 4788 es
2209 4730 2585 4786 constitutus.
2621 4723 2836 4779 Paulus
2882 4725 2933 4778 si
2981 4723 3260 4790 stetisset,
3293 4738 3541 4777 cursum
3588 4738 3762 4778 suum

2116 4838 2231 4876 non
2282 4817 2772 4874 consummasset.
2808 4811 2953 4867 Vide
2999 4829 3071 4867 ne
3122 4812 3251 4867 ideo
3300 4812 3457 4867 dicat
3491 4830 3559 4867 ει(
3588 4811 3661 4867 Et
3707 4816 3765 4865 tu

2115 4908 2215 4980 qui
2246 4911 2389 4971 stas,
2422 4904 2552 4958 vide
2602 4917 2675 4957 ne
2721 4900 2898 4956 cadas
2918 4900 2965 4969 (ι
2994 4899 3115 4955 Cor.
3147 4917 3204 4967 x,
3240 4900 3345 4969 12).
3376 4923 3398 4947 ο
3429 4899 3555 4955 Non
3605 4898 3761 4955 enim

2114 4998 2217 5070 qui
2259 4994 2547 5060 transivit,
2596 4996 2787 5064 potest
2834 4988 3035 5044 timere
3080 5004 3153 5043 ne
3200 4988 3388 5044 cadat.
3414 5012 3443 5038 (ς
3474 4987 3633 5056 Vidi,
3676 4988 3761 5042 in-

2114 5152 2298 5212 μάτων,
2328 5153 2458 5212 quae
2490 5133 2758 5212 videlicet
2786 5131 2975 5212 indice
3004 5130 3230 5186 daemon
3262 5130 3631 5212 ostendebat.

2183 5202 2294 5281 (18)
2327 5202 2493 5281 Rom.
2528 5204 2695 5281 edit_.,_
2722 5203 3018 5281 A_Domino
3057 5204 3422 5281 gressusciri
3447 5202 3758 5281 dirigentur

2111 5288 2164 5338 et
2191 5272 2341 5337 in'a'm
2367 5280 2483 5349 ejus
2520 5277 2718 5347 cupiet.
2752 5274 2973 5349 Cresius
3018 5275 3129 5328 viri
3176 5273 3511 5342 dirigentur.
3545 5272 3756 5329 Gram

2114 5355 2331 5411 Graecus
2361 5344 2653 5417 δὶαὸήμαεέα,
2685 5350 2794 5402 etc.
2827 5344 2967 5400 Alia
3016 5362 3081 5401 ac
3129 5361 3273 5400 mss.
3307 5360 3538 5415 omnes,
3562 5350 3631 5399 ut
3660 5359 3755 5399 nos

2111 5427 2171 5481 in
2203 5429 2385 5479 textu.

2184 5496 2295 5566 (19)
2328 5493 2388 5548 Id
2419 5494 2546 5566 est,
2558 5488 2895 5566 columnam
2932 5488 3003 5544 ad
3039 5485 3399 5566 indicandas
3428 5487 3556 5566 vias
3577 5485 3640 5540 in
3668 5484 3748 5539 bi-

2110 5558 2218 5623 viis
2263 5558 2365 5622 aut
2417 5558 2605 5619 triviis
2651 5564 2921 5631 erectam,
2970 5558 3057 5616 vel
3088 5567 3288 5633 ἑρμαῖον
3317 5566 3492 5633 λόφον,
3525 5558 3593 5614 de
3639 5570 3744 5633 quo

2111 5639 2279 5699 Prov.
2310 5650 2464 5703 XXVI,
2491 5633 2547 5693 8.
