3894 6208
74 429 222 495 1037

1106 423 1564 490 ENARRATIO
1609 429 1687 491 IN
1731 425 2111 494 PSALMUM
2154 427 2416 493 XXXVI.

3314 430 3471 495 1038

75 567 210 638 quit,
241 562 500 634 impium
528 560 1044 633 superexaltatum,
1105 565 1162 616 et
1217 562 1504 617 elevatum
1539 567 1713 633 super
1741 564 1795 630 Α
1826 564 2005 619 Effusi
2030 569 2168 620 sunt
2197 580 2436 636 gressus
2493 579 2718 633 eorum,
2777 581 2925 636 quos
2981 566 3129 620 bene
3186 564 3467 622 direxisse

73 654 261 710 cedros
291 650 507 707 Libani
541 668 554 718 ;
587 653 644 706 et
671 648 938 717 transivi,
984 653 1040 704 et
1065 665 1195 705 ecce
1252 667 1367 705 non
1426 655 1550 706 erat
1604 652 1714 721 (In-

71 751 170 814 /ra,
193 757 342 796 vers.
374 741 491 808 35).
532 761 559 788 »
590 737 808 794 Videns
847 754 983 810 ergo
1014 737 1263 810 impium
1321 739 1714 810 superexalta-

73 836 205 892 tum.
238 829 338 900 qui
371 845 492 884 non
528 826 707 893 stetit,
741 843 854 881 non
888 827 1131 881 offendit
1161 843 1173 880 :
1235 827 1284 882 si
1343 827 1620 892 stetisset,
1661 832 1718 882 et

74 919 306 974 miratus
336 916 514 971 illum
543 915 770 983 fuisset,
804 918 860 970 et
889 919 1132 970 secutus
1163 919 1340 981 esset,
1372 915 1713 983 offenderat,

76 1013 124 1064 et
151 1006 438 1061 ceciderat
471 1003 623 1060 sicut
654 1003 894 1074 impius,
931 1003 1063 1058 Ideo
1095 1003 1322 1073 Moyses
1352 1003 1556 1058 videns
1615 1020 1717 1057 ru-

77 1098 202 1151 bum
233 1093 496 1149 relucere
521 1096 578 1147 et
606 1108 721 1147 non
753 1092 978 1158 ardere,
1015 1091 1096 1146 ait
1129 1109 1141 1146 :
1193 1114 1219 1139 «
1255 1090 1575 1146 Transiens
1633 1091 1715 1145 vi-

78 1184 209 1239 debo
239 1183 346 1237 hoc
379 1181 570 1237 visum
603 1196 882 1252 magnum
918 1179 1108 1251 (Exod.
1140 1197 1224 1246 ιιι,
1255 1181 1330 1245 3).
1359 1201 1386 1227 ››
1417 1179 1523 1245 Qui
1556 1184 1716 1234 tran-

79 1273 144 1327 sit
170 1272 237 1326 de
268 1270 378 1326 hoc
411 1269 644 1334 smculo,
677 1284 958 1340 magnum
989 1268 1183 1322 visum
1214 1267 1370 1322 videt
1403 1285 1415 1322 :
1451 1268 1549 1338 qui
1604 1267 1717 1324 sol-

76 1360 141 1415 vil
169 1358 398 1414 vincula
429 1358 606 1414 istius
639 1373 819 1413 nexus
851 1373 966 1428 quo
998 1355 1254 1428 ligamur
1296 1355 1434 1410 huic
1464 1355 1713 1428 corpori,

79 1463 341 1520 magnum
370 1448 566 1502 visum
592 1445 768 1501 videt.
803 1445 1029 1515 Moyses
1053 1444 1113 1499 in
1145 1444 1360 1512 Exodo,
1387 1447 1452 1498 ut
1479 1443 1712 1516 legitur,

80 1535 246 1591 multa
275 1535 433 1590 videt
465 1534 752 1590 miracula
784 1551 795 1589 :
828 1550 943 1588 non
993 1537 1156 1588 tanta
1187 1531 1340 1587 alius
1396 1533 1554 1588 videt
1613 1534 1712 1604 qui

76 1641 175 1680 non
200 1627 285 1680 est
321 1623 379 1678 in
413 1623 630 1678 Exodo.
665 1623 823 1678 Idem
857 1621 1083 1691 Moyses
1128 1620 1398 1676 transivit
1429 1637 1442 1675 :
1505 1621 1716 1677 transi-

76 1714 144 1768 vit
170 1718 222 1768 et
251 1712 509 1785 populus
544 1716 796 1783 patrum,
832 1709 970 1781 quia
1019 1711 1089 1764 de
1151 1715 1305 1764 terra
1364 1709 1716 1781 captivitatis

76 1801 262 1856 exibat.
295 1799 719 1871 Dirigebantur
749 1799 945 1870 itaque
979 1815 1011 1853 a
1045 1798 1288 1853 Domino
1321 1814 1560 1870 gressus
1619 1814 1712 1853 eo-

79 1906 210 1956 rum,
236 1889 456 1960 quibus
490 1905 592 1958 per
623 1892 849 1943 noctem
909 1887 1062 1958 ignis
1121 1886 1398 1942 columna
1459 1886 1711 1956 lucebat,

81 1995 166 2048 per
191 1977 339 2033 diem
373 1977 553 2031 nubis
587 1994 599 2042 ;
628 1981 691 2030 ut
721 1992 826 2032 nec
857 1976 972 2030 diei
1005 1976 1181 2030 ardor
1236 1975 1494 2030 afficeret
1551 1991 1706 2030 com-

83 2071 344 2130 meantes,
390 2081 498 2120 nec
560 2065 1045 2136 impedimentum
1100 2065 1397 2120 viantibus
1454 2066 1706 2120 tenebrae

80 2154 246 2209 noctis
273 2155 568 2210 afferrent.

138 2244 216 2298 48.
248 2244 315 2298 Et
361 2248 426 2297 tu
487 2258 714 2297 merere
770 2242 959 2311 factis,
1023 2243 1290 2313 votisque
1348 2243 1598 2312 deposce
1648 2246 1710 2296 ut

81 2349 297 2402 gressus
329 2332 410 2386 tui
459 2349 492 2386 a
527 2333 770 2386 Domino
833 2332 1181 2403 dirigantur,
1240 2347 1310 2384 ne
1370 2337 1712 2386 moveantur

80 2421 237 2490 pedes
267 2419 389 2487 tui;
426 2420 570 2492 quia
601 2419 884 2492 scriptum
917 2425 1003 2474 est
1038 2437 1048 2472 :
1085 2444 1111 2468 ‹‹
1150 2419 1257 2474 Mei
1313 2426 1505 2474 autem
1566 2436 1710 2491 pene

81 2509 203 2564 moti
234 2513 369 2565 sunt
401 2509 581 2580 pedes
617 2526 629 2574 ;
665 2507 837 2580 paulo
871 2508 1068 2563 minus
1099 2507 1265 2563 ell‘usi
1301 2512 1440 2562 sunt
1471 2524 1711 2578 gressus

81 2599 179 2652 mei
207 2599 374 2667 (Psal.
413 2613 589 2663 Lxxn,
622 2597 699 2666 '2).
733 2619 760 2645 »
818 2597 1150 2652 Cavendum
1211 2604 1298 2651 est
1349 2614 1582 2668 quoque
1641 2613 1712 2652 ne

83 2691 278 2742 rectam
390 2685 670 2742 semitam
757 2685 1154 2757 derelinquas,
1237 2690 1294 2741 et
1373 2685 1716 2741 diverticula

85 2782 128 2830 te
197 2775 422 2831 viarum
491 2779 889 2830 tortuosarum
973 2775 1316 2846 decipiant;
1382 2774 1510 2828 ideo
1567 2774 1717 2829 dici-

84 2867 166 2918 tur
195 2881 208 2918 :
241 2887 267 2912 «
301 2864 509 2920 Parate
539 2863 694 2918 viam
749 2862 996 2918 Domino
1030 2879 1042 2916 :
1102 2866 1292 2917 rectas
1326 2862 1493 2917 facite
1549 2863 1718 2918 semi-

78 2956 154 3008 tas
180 2954 300 3024 ejus
331 2955 461 3024 (15a.
494 2969 581 3019 xc,
609 2952 686 3023 3).
724 2974 751 3000 ››
785 2951 1060 3007 Paremus
1091 2951 1249 3024 ergio
1284 2951 1436 3007 viam
1468 2951 1716 3006 Domino

85 3045 179 3096 Deo
207 3047 400 3098 nostro
433 3042 497 3095 in
529 3039 828 3096 mentibus
858 3040 1074 3096 nostris
1113 3058 1124 3107 ;
1186 3044 1374 3095 rectas
1433 3039 1719 3096 faciamus

88 3130 392 3186 animorum
416 3127 689 3194 semitas,
724 3145 795 3184 ne
843 3128 1159 3194 labamur;
1223 3145 1338 3184 non
1411 3128 1716 3184 effundan-

91 3225 175 3274 tur
199 3235 430 3292 gressus
470 3218 654 3274 nostri
683 3218 838 3274 sicut
869 3217 1066 3274 uxoris
1101 3219 1224 3286 Lot,
1283 3235 1408 3290 quae
1472 3222 1603 3289 post
1659 3235 1720 3273 se

1828 652 2150 723 paenituit?
2181 654 2436 725 Egerunt
2479 653 2676 725 itaque
2714 653 2845 709 novi
2899 653 3131 726 generis
3186 653 3473 726 paeniten-

1824 739 1964 796 tiam
2001 758 2103 813 pro
2140 742 2476 808 virtutibus,
2537 747 2594 797 et
2649 760 2762 798 non
2822 747 3006 814 agunt
3059 759 3164 815 pro
3222 742 3480 805 delictis.

1834 846 1856 876 ι
1888 829 1998 883 Sed
2030 828 2091 883 hi
2123 846 2188 884 ex
2220 829 2387 884 nobis
2419 830 2702 898 exierunt,
2737 830 2879 886 dicit
2907 831 3185 898 Joannes,
3218 832 3320 889 sed
3354 848 3470 888 non

1827 921 1992 971 erant
2022 933 2091 972 ex
2122 917 2291 972 nobis
2327 936 2340 986 ;
2392 918 2440 972 si
2473 919 2626 973 enim
2661 935 2728 974 ex
2779 920 2948 975 nobis
2978 919 3245 987 fuissent,
3278 919 3473 977 nobis-

1827 1021 1960 1059 cum
1994 1011 2466 1076 perseverassent
2493 1009 2540 1074 (I
2567 1009 2723 1063 Joan.
2759 1025 2822 1075 ιι,
2857 1008 2965 1078 19).
3004 1031 3031 1056 ››
3062 1008 3131 1064 Hi
3161 1024 3296 1080 ergo
3315 1007 3471 1065 viam

1826 1108 1995 1147 suam
2077 1093 2632 1163 condemnaverunt,
2719 1095 2936 1166 quibus
2993 1096 3261 1152 convenit
3303 1095 3467 1152 dici:

1828 1202 1857 1230 «
1890 1181 2060 1251 Oqui
2093 1180 2488 1253 dereliquistis
2547 1183 2787 1240 semitas
2841 1187 3029 1239 rectas
3088 1184 3355 1240 abeundo
3410 1184 3472 1241 in

1828 1269 1953 1324 vias
1983 1270 2357 1325 tenebrarum
2386 1291 2410 1336 ;
2456 1277 2513 1327 et
2569 1271 2670 1343 qui
2725 1271 3007 1327 laetemini
3063 1271 3122 1326 in
3156 1271 3350 1342 malis,
3409 1275 3469 1328 et

1825 1357 2095 1429 gaudetis
2125 1357 2185 1412 in
2217 1359 2516 1415 eversione
2547 1359 2723 1428 mala,
2757 1377 3005 1432 quorum
3067 1360 3289 1416 semita
3347 1377 3476 1433 pra-

1824 1462 1929 1514 ναι,
1958 1451 2013 1501 et
2044 1446 2280 1502 ﬂexuosi
2334 1464 2544 1504 cursus
2591 1465 2794 1504 eorum
2853 1450 3034 1518 (Prov.
3070 1466 3132 1515 ιι,
3194 1449 3407 1520 13-υ15),
3448 1471 3470 1501 ι)

1825 1533 1978 1588 sicut
2007 1533 2266 1590 lubricus
2297 1541 2354 1590 et
2382 1537 2678 1592 flexuosus
2738 1541 2940 1592 auctor
2995 1537 3260 1609 ipsorum
3294 1557 3310 1605 ς
3371 1553 3476 1592 cur

1825 1623 2018 1678 odisse
2050 1623 2308 1694 coepistis
2339 1624 2490 1679 viam
2523 1629 2762 1690 rectam,
2795 1630 2853 1681 et
2873 1626 3105 1696 justum
3165 1624 3477 1682 consilium

1825 1711 2167 1767 deseruistis
2195 1712 2223 1766 ?
2253 1713 2376 1768 Non
2408 1731 2508 1769 vos
2540 1714 2750 1769 direxit
2779 1713 3062 1770 Dominus
3096 1731 3108 1768 :
3171 1731 3346 1787 quem
3379 1731 3477 1772 au-

1825 1804 1942 1854 tem
2003 1800 2204 1871 dirigit
2245 1803 2548 1858 Dominus.
2611 1824 2640 1852 «
2672 1801 2826 1857 viam
2869 1803 2998 1873 ejus
3050 1802 3247 1874 cupiet
3297 1804 3469 1875 (vers.

1821 1889 1934 1955 23).
1973 1912 1999 1937 ››
2033 1888 2185 1944 sicut
2213 1890 2496 1961 scriptum
2528 1895 2632 1959 cst,
2665 1895 2724 1946 et
2754 1891 2941 1963 ipsius
2966 1891 3193 1948 semitis
3223 1891 3472 1949 delecta-

1825 1977 2002 2031 bitur.

1887 2067 1977 2120 50.
2016 2065 2339 2137 Utrumque
2371 2072 2564 2122 tamen
2597 2067 2838 2141 intelligi
2873 2073 3080 2140 potest,
3116 2069 3196 2125 ita
3224 2073 3314 2125 est
3346 2086 3466 2125 me-

1819 2153 2004 2220 dium,
2039 2157 2192 2226 quod
2225 2160 2279 2210 et
2311 2156 2433 2227 ipse
2467 2157 2568 2226 qui
2599 2173 2633 2210 a
2663 2155 2908 2211 Domino
2958 2156 3256 2230 dirigitur,
3313 2159 3467 2214 viam

1822 2241 2049 2297 Domini
2083 2243 2281 2314 cupiet
2315 2262 2326 2309 ;
2362 2243 2502 2314 quia
2532 2244 2677 2298 duce
2708 2243 2857 2316 ipso,
2891 2245 3086 2299 omnis
3117 2244 3344 2300 levatur
3386 2245 3474 2301 la-

1821 2332 1947 2394 bor,
2009 2331 2207 2385 omnia
2262 2331 2683 2402 impedimenta
2741 2337 3132 2398 removentur,
3185 2333 3476 2390 incentiva

1821 2419 2345 2475 subministrantur
2377 2437 2389 2474 :
2423 2425 2479 2474 et
2523 2421 2649 2492 ipse
2680 2421 2970 2477 Dominus
3027 2439 3144 2478 non
3194 2438 3478 2494 asperna-

1825 2514 1941 2575 tur,
1984 2509 2084 2562 sed
2119 2507 2366 2562 libenter
2395 2509 2607 2580 accipit
2637 2511 2791 2566 viam
2822 2510 2930 2565 viri
2963 2527 3139 2582 quem
3170 2511 3242 2566 ad
3297 2511 3478 2567 virtu-

1819 2600 1938 2651 tem
1971 2595 2092 2667 ipse
2123 2595 2415 2652 direxerit.
2451 2597 2707 2652 Pulchre
2741 2602 2938 2653 autem
2971 2598 3077 2652 viri
3108 2613 3348 2670 gressus
3377 2599 3474 2654 di-

1826 2683 1934 2755 rigi
1971 2683 2247 2738 dicuntur
2276 2702 2308 2739 a
2341 2683 2604 2750 Domino,
2635 2685 2775 2756 quia
2803 2701 2920 2740 non
2979 2684 3226 2741 volentis
3285 2700 3472 2758 neque

1825 2771 2135 2839 currentis,
2169 2773 2270 2827 sed
2304 2771 2634 2828 miserentis
2665 2778 2756 2828 est
2788 2774 2909 2840 Dei,
2969 2773 3095 2830 sine
3151 2774 3471 2832 offensione

1825 2877 2051 2916 servare
2079 2861 2411 2933 vestigium.
2436 2861 2543 2926 Qui
2609 2860 2765 2917 enim
2795 2861 3022 2934 plantat
3059 2867 3118 2919 et
3175 2864 3349 2936 rigat,
3380 2863 3472 2918 ni-

1826 2949 1908 3004 hil
1943 2953 2081 3005 sunt
2115 2967 2127 3018 ;
2163 2950 2260 3004 sed
2296 2950 2395 3022 qui
2427 2951 2529 3005 dat
2559 2949 2986 3008 incrementum
3020 2955 3208 3009 Deus:
3244 2951 3355 3024 ipsi
3380 2968 3474 3009 so-

1825 3037 1865 3092 li
1900 3036 2086 3108 gloria
2119 3036 2397 3093 virtutum
2424 3039 2559 3109 jure
2589 3039 2870 3095 defertur.

1898 3127 1986 3180 51.
2022 3125 2208 3196 (Vers,
2241 3127 2357 3196 24.)
2391 3126 2646 3198 Denique
2675 3127 3073 3199 etiamjustus
3101 3130 3258 3186 cadit
3295 3130 3476 3186 inter-

1831 3217 1973 3270 dum
2003 3233 2015 3281 ;
2050 3215 2149 3270 sed
2182 3215 2230 3269 si
2255 3215 2458 3285 justus
2489 3220 2599 3280 est,
2641 3237 2665 3268 α
2696 3232 2829 3270 cum
2865 3217 3158 3285 acciderit,
3192 3233 3307 3272 non
3341 3233 3478 3273 con-

95 3290 339 3380 respexit,
367 3312 424 3366 et
456 3323 698 3380 gressus
726 3311 923 3362 tenere
953 3323 1068 3362 non
1121 3305 1329 3378 potuit,
1388 3305 1489 3360 sed
1550 3305 1716 3361 effusi
1750 3290 1793 3357 C
1832 3304 2121 3359 turbatur.
2159 3324 2184 3350 »
2218 3303 2378 3368 Quod
2411 3302 2764 3359 conditionis
2792 3307 2902 3369 est,
2933 3303 3088 3359 cadit
3122 3321 3136 3372 ;
3170 3304 3325 3375 quod
3348 3305 3481 3376 jus-

96 3400 234 3463 sunt,
264 3414 392 3452 cum
426 3397 492 3452 in
522 3394 704 3454 salem
736 3400 891 3451 esset
936 3399 1171 3466 repente
1225 3410 1502 3449 conversa
1533 3412 1546 3461 ;
1607 3411 1721 3450 non

98 3483 452 3541 effundantur
483 3485 642 3539 sicut
669 3483 1088 3557 (Egyptiorum,
1150 3500 1401 3555 quorum
1451 3499 1722 3555 gressum

99 3572 261 3628 maris
286 3574 503 3629 fluctus
531 3571 757 3627 effudit.
792 3571 939 3646 Ipsis
972 3571 1228 3627 Haebreis
1258 3572 1357 3643 qui
1386 3587 1519 3626 cum
1572 3571 1724 3644 Moy-

106 3676 158 3714 se
199 3668 374 3729 erant,
408 3660 554 3734 quia
602 3665 988 3732 peccaverunt
1018 3661 1076 3715 in
1108 3661 1357 3729 deserto,
1391 3660 1726 3716 ceciderunt

98 3749 314 3823 vestigia
335 3753 575 3823 pedum,
612 3766 681 3805 ne
711 3751 772 3805 in
827 3754 1045 3806 terram
1104 3750 1545 3806 resurrectionis
1602 3750 1722 3819 (20)

102 3836 380 3895 intrarent.

157 3928 237 3992 49,
267 3927 469 3983 Nonne
502 3927 676 3982 etiam
713 3927 784 3982 de
815 3926 907 3983 his
939 3926 1183 3998 pulchre
1213 3925 1425 3983 dicitur
1458 3925 1598 3997 quia
1641 3925 1722 3979 ef-

100 4013 195 4069 fusi
223 4021 355 4072 sunt
384 4032 698 4089 processus
729 4032 954 4084 eorum,
988 4032 1239 4088 quorum
1267 4032 1401 4089 spes
1431 4014 1632 4086 lapsae,
1663 4013 1722 4068 in

100 4118 285 4159 vanum
315 4105 535 4160 effusus
561 4103 746 4170 labor,
779 4108 914 4160 vota
945 4109 1084 4160 sunt
1116 4105 1417 4160 destituta.
1446 4103 1721 4159 Conside-

101 4207 153 4244 ra
178 4192 320 4249 enim
348 4194 610 4265 aliquem
643 4209 746 4265 per
775 4193 998 4265 aliquot
1031 4210 1217 4248 annos
1248 4193 1531 4248 habuisse
1589 4196 1720 4247 stu-

103 4279 240 4336 dium
263 4282 589 4354 probitatis,
615 4279 903 4337 castitatis
936 4282 1284 4348 custodiam,
1310 4281 1436 4335 vita:
1460 4279 1724 4336 attentio-

106 4367 171 4421 ris
190 4371 468 4441 affectum,
497 4371 600 4442 piae
625 4371 987 4443 propositum
1011 4369 1549 4438 servitutis,sedulas
1571 4369 1720 4427 109

104 4454 495 4516 observationis
529 4459 788 4516 officium
823 4477 835 4524 ;
870 4459 1181 4531 subitoque
1211 4475 1344 4514 eum
1377 4475 1506 4513 esse
1539 4461 1724 4513 muta-

104 4547 230 4609 tum,
259 4546 599 4604 discessisse
630 4548 1007 4614 monasterio,
1061 4547 1410 4603 valedixisse
1452 4545 1716 4617 jejuniis,

1833 3393 1990 3460 titize,
2028 3391 2283 3464 resurgit
2313 3408 2327 3446 :
2356 3393 2634 3462 quoniam
2657 3393 2889 3462 justum
2921 3391 3074 3448 Deus
3131 3409 3247 3448 non
3307 3392 3480 3448 dere-

1833 3479 2064 3552 linquit,
2100 3480 2199 3534 sed
2230 3502 2257 3528 ‹‹
2290 3480 2597 3534 confirmat
2626 3495 2868 3534 manum
2898 3480 3048 3552 ejus.
3088 3503 3109 3530 ι
3155 3481 3281 3545 Qua
3308 3479 3482 3536 ratio-

1835 3587 1904 3625 ne
1934 3585 2048 3624 non
2082 3569 2312 3641 pedem,
2347 3568 2446 3624 sed
2482 3585 2722 3624 manum
2766 3568 2912 3624 dixit
2941 3569 2969 3624 ?
3001 3569 3124 3626 Nisi
3182 3570 3330 3625 forte
3387 3583 3476 3634 ea,

1833 3658 2111 3730 quoniam
2144 3658 2245 3730 qui
2277 3657 2454 3726 cadit,
2488 3674 2601 3712 non
2656 3657 2847 3729 magis
2904 3659 3050 3731 pede
3105 3658 3348 3726 labitur,
3379 3658 3482 3714 sed

1832 3747 2105 3802 infirmus
2136 3745 2361 3802 lubrico
2395 3763 2545 3818 saepe
2577 3746 2887 3819 decipitur,
2918 3746 3005 3804 vel
3038 3746 3357 3804 offenditin
3381 3763 3484 3820 pe-

1834 3840 1923 3890 tra
1957 3853 1970 3903 ;
2007 3834 2100 3889 hic
2131 3839 2325 3890 autem
2349 3833 2500 3904 justi
2532 3851 2735 3890 casum
2760 3834 3037 3909 intelligo,
3071 3837 3129 3892 id
3161 3840 3250 3892 est
3278 3835 3484 3891 fortio-

1834 3924 1934 3978 ris.
1969 3923 2231 3995 Denique
2258 3923 2328 3977 de
2359 3922 2574 3994 populo
2607 3923 2706 3994 qui
2738 3921 3014 3990 luctatur,
3048 3924 3097 3978 si
3147 3937 3303 3995 genu
3344 3922 3483 3978 fixe-

1835 4012 1928 4078 rit,
1962 4010 2047 4067 vel
2077 4013 2222 4084 pede
2251 4011 2454 4084 lapsus
2501 4011 2696 4076 fuerit,
2729 4028 2832 4082 pro
2879 4010 3029 4066 victo
3087 4010 3336 4066 habetur
3368 4027 3382 4078 ;
3415 4025 3484 4066 a-

1832 4100 2015 4157 thleta
2046 4100 2146 4172 qui
2195 4099 2457 4154 luctandi
2516 4099 2783 4171 peritiam
2841 4097 3036 4165 habet,
3069 4102 3128 4153 et
3193 4099 3264 4153 ad
3314 4113 3483 4152 coro-

1834 4207 1968 4246 nam
2001 4188 2276 4253 luctatur,
2311 4188 2487 4242 etiam
2520 4186 2719 4242 volens
2751 4202 2902 4258 genu
2947 4185 3094 4258 figit,
3127 4190 3190 4242 ut
3244 4185 3436 4242 vincat
3466 4204 3480 4252 ;

1832 4283 1889 4335 et
1919 4279 1965 4334 si
1996 4277 2196 4349 lapsus
2226 4275 2417 4336 fuerit,
2454 4292 2567 4330 non
2599 4274 2924 4331 excluditur
2957 4292 2971 4342 ;
3005 4278 3062 4330 et
3090 4275 3139 4331 si
3172 4275 3245 4332 ab
3283 4291 3349 4331 eo
3381 4273 3483 4347 qui

1832 4367 2101 4439 superior
2140 4366 2237 4433 sit,
2267 4368 2586 4438 prematur,
2622 4363 2896 4419 manibus
2927 4366 3123 4419 tamen
3175 4379 3238 4419 se
3296 4364 3483 4420 susti-

1832 4456 2154 4526 nens,jure
2204 4455 2503 4519 decertat;
2539 4469 2644 4508 nec
2701 4451 2963 4508 aufertur
3017 4453 3307 4520 brevium,
3366 4451 3480 4506 nisi

1835 4545 2008 4601 fuerit
2040 4539 2210 4599 fusus
2242 4542 2300 4597 in
2326 4546 2609 4604 ventrem,
2653 4544 2754 4596 aut
2793 4539 3085 4596 distentus
3142 4538 3374 4598 vinculo
3403 4539 3484 4597 la-

104 4633 442 4691 rontinenliae
491 4636 881 4707 renuntiasse,
937 4636 1242 4709 indulgere
1303 4635 1527 4691 deliciis
1586 4637 1718 4706 (21),
1753 4653 1797 4716 ι)
1831 4638 2142 4691 certorum.
2179 4632 2317 4686 Inde
2357 4631 2627 4686 oriuntur
2657 4629 2860 4684 crebra
2919 4629 3286 4698 certamina;
3341 4629 3482 4703 quia

103 4720 309 4778 studere
338 4723 599 4780 luxuriae.
633 4726 866 4780 Dudum
901 4727 972 4781 de
1022 4725 1398 4780 monasteriis
1455 4723 1720 4778 exierunt

101 4809 214 4878 V32),
245 4817 298 4868 et
325 4831 479 4869 nunc
527 4813 768 4869 luxuriae
827 4819 968 4870 sunt
1016 4814 1303 4886 magistri,
1369 4813 1717 4867 dissemina-

105 4899 238 4952 tores
291 4901 741 4970 incontinentiae,
775 4903 1106 4958 incentores
1141 4901 1494 4974 petulantiae,
1529 4901 1718 4955 obtre-

105 4987 330 5044 ctatores
361 4991 622 5062 pudoris.
657 4991 857 5046 Nonne
888 4992 957 5047 de
1008 4992 1098 5046 his
1159 4990 1398 5062 pulchre
1457 4988 1671 5043 dixeris
1707 5006 1718 5042 :

119 5196 126 5202 ,
165 5127 264 5206 (20)
296 5131 393 5187 Vel
424 5133 563 5188 edit.
598 5133 656 5188 in
692 5135 974 5206 margine,
1021 5151 1086 5190 ac
1119 5134 1284 5190 Rom.
1347 5145 1608 5203 corpore,
1658 5146 1727 5185 ne

110 5210 158 5276 ιη
180 5204 370 5276 terram
399 5204 847 5276 repromissionis
869 5223 887 5266 ;
919 5206 1020 5261 sed
1054 5205 1244 5260 cuncti
1282 5221 1422 5260 mss.
1457 5206 1727 5276 constan-

109 5269 516 5348 teﬁleguutdze
549 5278 611 5330 in
666 5285 868 5332 terram
921 5278 1384 5348 resurrectionis:
1445 5272 1728 5329 translato

109 5338 420 5418 scilicétrei
457 5349 717 5418 figuratae
751 5348 985 5404 nomine
1019 5347 1075 5402 in
1108 5349 1236 5416 ejus
1281 5347 1550 5418 figuram.

170 5364 308 5397 lucet.
340 5364 420 5400 rei
457 5364 490 5401 ιι
538 5364 717 5402 uraue
751 5365 985 5404 nomine
1019 5365 1075 5402 in
1108 5364 1236 5416 ejus
1281 5364 1550 5418 uguram.

170 5413 272 5493 (ξι.)
302 5414 437 5493 Mss.
472 5364 718 5490 aiiquot,
751 5420 1036 5491 indulgere
1065 5418 1379 5474 delictis....
1431 5420 1730 5473 incentores

105 5483 433 5546 pestilentiae.

171 5552 276 5619 (22)
306 5555 404 5614 His
429 5560 749 5617 admodum
785 5562 986 5617 al'linia
1017 5561 1072 5616 in
1102 5561 1272 5619 epist.
1307 5559 1377 5615 ad
1406 5556 1734 5614 Verc.Eccl.

112 5617 372 5694 leguntur
399 5631 470 5689 de
515 5633 879 5689 Sarmatione
911 5650 976 5689 ac
1029 5617 1376 5687 Barbatiano
1434 5628 1737 5685 monachis

113 5697 394 5776 apostalis.
429 5704 494 5758 Hi
529 5705 818 5776 siquidem
860 5721 1012 5776 cum
1054 5702 1375 5776 disciplinae
1434 5698 1740 5776 severioris

112 5768 465 5838 impatientes
495 5768 836 5833 asceterium
867 5768 1297 5830 Mediolanense
1322 5772 1740 5836 deseruissent,

115 5850 172 5895 ⁸ο
201 5845 394 5913 Postea
420 5847 584 5924 petiti
615 5849 840 5910 reditus
869 5864 904 5907 a
925 5850 1126 5908 saneto
1153 5845 1413 5908 antistite
1444 5843 1742 5922 repulsam

1829 4724 2014 4779 multa
2043 4726 2099 4777 et
2130 4720 2427 4792 incognita
2459 4718 2757 4791 plerisque
2814 4725 2956 4774 sunt
3011 4735 3226 4791 genera
3281 4718 3481 4774 ruina-

1830 4829 1982 4866 rum.
2016 4811 2162 4866 Nam
2198 4826 2372 4865 casus
2426 4824 2629 4863 eorum
2671 4807 2904 4880 proprie
2935 4807 3307 4879 appellantur
3357 4807 3480 4862 rui-

1831 4917 1906 4954 na
1935 4900 2286 4969 (23),Grmce
2332 4897 2488 4951 enim
2548 4895 2789 4958 πτῶματα
2837 4899 3276 4966 nuncupantur.
3336 4895 3483 4967 Ergo

1831 5003 1962 5042 cum
1996 4986 2304 5058 stringitur
2335 4993 2388 5040 et
2440 4990 2705 5057 urgetur,
2741 5000 2891 5055 saepe
2947 4999 3010 5038 se
3055 4982 3248 5049 volvit,
3307 4987 3365 5038 et
3420 4982 3488 5038 fit

1837 5126 1996 5199 passi
2029 5123 2418 5199 fuis_sent,_ita
2449 5125 2600 5199 hanc
2631 5122 3108 5199 obignominiam
3129 5125 3488 5199 exarsere,_ut

1837 5191 2278 5260 continentiam,
2302 5195 2553 5265 jejunia,
2583 5191 2653 5265 'et
2679 5191 2794 5248 alia
2845 5193 2900 5246 id
2927 5209 3114 5265 genus
3174 5193 3487 5265 monastici

1840 5267 2090 5324 instituti
2122 5263 2466 5322 ornamenta
2494 5264 2764 5320 bacchari
2810 5263 2984 5334 atque
3039 5263 3301 5320 insanire
3353 5281 3488 5320 nus-

1883 5357 2018 5395 uam
2049 5339 2402 5394 desinerent.
2435 5339 2797 5407 Quapropter
2846 5340 3162 5407 utrumque
3193 5335 3302 5392 hoc
3362 5336 3488 5392 loco

1883 5358 2018 5395 nam
2049 5358 2402 5394 ΟΘΞΠΙΘΓΘΠΕ.
2435 5358 2559 5402 uua
2604 5358 2797 5407 I‘OpLCI‘
2847 5358 3162 5405 ULI‘UUquG
3194 5358 3302 5392 [100
3362 5358 3488 5392 1000

1840 5358 2135 5482 «(iesignari
2168 5358 2828 5482 prudenter‘ad’modu‘m
2860 5405 3185 5461 observavit
3205 5407 3488 5482 Herman-

1846 5477 2129 5539 nusVitze
2158 5477 2344 5536 sancti
2376 5478 2667 5534 Ambrosii
2717 5477 2818 5549 lib.
2849 5493 2984 5549 -νιιΑ
3011 5493 3148 5549 cap.
3200 5478 3253 5543 4,
3311 5483 3368 5534 et
3424 5494 3494 5534 ex

1846 5553 2061 5611 nostris
2093 5553 2191 5625 qui
2224 5547 2932 5625 Historiam_Benedictini_
2946 5546 3188 5625 Ordinis
3208 5567 3493 5625 vernacu-

1847 5627 1902 5682 lo
1934 5617 2201 5682 sermdne
2233 5638 2419 5688 nuper
2448 5621 2506 5677 in
2536 5621 2729 5678 lucem
2765 5617 2981 5676 emisit.
3043 5617 3218 5678 Illum
3287 5622 3493 5688 adisis,

1848 5698 2037 5840 mihi?)
2061 5695 2448 5825 (istiit.3ve§t.5et
2477 5781 2621 5822 mss.
2655 5763 2881 5894 aliquot
2908 5764 3046 5845 Nam
3074 5779 3234 5821 casus
3256 5779 3343 5821 eos
3363 5778 3527 5837 pr0—,

1855 5842 1979 5894 uris
2033 5840 2316 5894 annsllant
2383 5837 2618 5894 Latini:
2675 5852 2736 5894 se
2861 5835 3001 5894 edit.
3059 5851 3089 5894 e
3147 5835 3381 5894 regione
3436 5832 3499 5894 in

1850 5832 1979 5924 prie
2021 5832 2316 5920 ἀρρθιιαηι
2383 5837 2618 5906 Latini;
2675 5832 2778 5898 sed
2861 5833 3001 5896 edit.
3059 5851 3089 5896 e
3147 5832 3381 5912 regione
3436 5832 3501 5912 in
