3894 6208
390 334 549 433 was

1849 334 1914 397 S.
1959 328 2333 407 AMBROSII

3642 322 3796 425 1οφ

393 486 576 543 supra
603 468 706 541 qui
734 466 973 524 inferior
997 467 1343 533 habebatur,
1378 464 1860 539 superioremque
1891 467 2033 521 dum
2064 470 2120 538 Α
2149 465 2453 520 virtutum.
2487 465 2569 519 Ex
2598 462 2697 519 illo
2728 480 2907 536 puero
2937 463 3031 519 isti
3063 464 3203 520 sunt
3244 463 3435 535 pueri,
3467 462 3568 536 qui
3634 464 3797 534 prius

375 546 603 630 ‘surgit,
634 555 817 612 edidit
848 575 860 612 :
893 555 1046 627 quod
1078 555 1304 611 videtur
1332 554 1634 625 Scriptura
1682 554 2034 628 signiﬁcare,

370 660 532 702 cum
562 643 703 701 dicit
731 663 745 701 :
779 666 801 694 ι
836 643 1182 700 Universum
1213 645 1368 700 σου
1396 647 1646 700 stratum
1677 643 1921 700 versasti
1978 643 2038 698 in

365 724 735 791 ~inﬂrtnitate
762 734 889 805 ejus
930 733 1105 804 (Pral.
1136 750 1227 801 χι,
1261 735 1335 805 4).
1369 755 1397 783 ››
1432 734 1631 806 Itaque
1659 733 1730 787 de
1786 749 1852 788 eo
1905 729 2039 786 dici-

394 825 493 879 tur
524 837 538 879 :
572 844 603 872 ‹‹
633 823 778 878 Cum
808 820 1078 877 ceciderit
1103 821 1292 876 bonus
1334 820 1576 887 athleta,
1637 838 1753 876 non
1775 819 2037 875 turbabi-

393 914 530 967 tur:
570 931 593 963 ι
626 909 892 982 plerique
920 910 1076 966 enim
1109 911 1309 965 volunt
1338 909 1545 975 teneri,
1575 926 1691 981 quo
1749 907 2040 964 maturius

392 988 653 1068 vincant,
683 997 785 1070 qui
814 998 885 1054 de
914 1001 1038 1053 arte
1066 1003 1449 1069 praesumunt.
1485 998 1596 1052 Sed
1630 997 1860 1053 etiamsi
1892 996 2039 1051 assi-

397 1091 635 1161 gnatus,
664 1090 732 1143 ut
758 1086 886 1158 ipso
913 1086 1089 1141 verbo
1128 1091 1281 1154 utar,
1316 1090 1373 1141 et
1426 1086 1616 1157 primo
1676 1091 1733 1141 et
1786 1085 2041 1141 secundo

399 1166 575 1232 fuerit
603 1176 739 1246 (ει),
772 1191 886 1229 non
911 1174 1258 1241 excluditur,
1282 1174 1416 1230 licet
1445 1176 1493 1230 ei
1523 1175 1818 1230 interdum
1878 1190 2039 1244 repa-

401 1281 530 1320 rare
558 1263 871 1329 luctamen,
903 1267 958 1317 et
984 1262 1213 1317 vincere
1242 1279 1392 1335 saepe
1421 1263 1722 1335 contingit,
1757 1266 1813 1318 et
1843 1263 2044 1317 cedere

401 1368 537 1408 eum
563 1353 664 1423 qui
695 1352 951 1407 secunda
1007 1352 1370 1407 contentione
1425 1352 1739 1423 superavit.
1776 1352 1857 1405 lta
1908 1366 2042 1420 ergo

401 1442 576 1498 etiam
602 1443 803 1511 justus
834 1439 941 1495 etsi
964 1439 1375 1495 oﬂ'endiculum
1408 1440 1716 1495 incurrerit
1740 1445 1794 1495 et
1825 1440 2044 1495 cecide-

403 1530 497 1598 rit,
535 1546 648 1583 non
681 1528 973 1600 relinquat
994 1532 1188 1583 tamen
1220 1528 1482 1584 studium
1518 1528 1839 1583 devotionis
1898 1532 1953 1582 et
1986 1528 2044 1580 ﬁ-

403 1619 517 1686 dei,
551 1618 925 1674 sobrietatem
958 1621 1172 1685 tcneat,
1220 1617 1619 1689 pccnitentiam
1652 1622 1834 1689 gerat,
1895 1631 2045 1687 saepe

404 1723 466 1764 se
497 1711 741 1778 reparet.
777 1706 907 1760 Ideo
938 1706 1257 1777 interrogat
1288 1706 1493 1761 Petrus
1528 1723 1540 1760 :
1577 1728 1601 1755 ‹‹
1637 1706 1693 1760 Si
1729 1704 2048 1777 peccaverit

2149 569 2325 627 quam
2358 554 2533 608 sciret
2565 569 2764 609 vocare
2804 556 3049 624 patrem,
3081 556 3183 608 aut
3237 554 3507 618 matrem,
3569 551 3799 624 accepit

2146 643 2423 697 virtutem
2455 641 2743 711 Damasci,
2776 645 2832 697 et
2861 642 3046 715 spolia
3075 641 3369 698 Samarias.
3404 640 3535 714 Ipse
3565 644 3669 697 est
3703 658 3799 713 pu-

2148 747 2211 785 er
2240 729 2338 800 qui
2374 733 2545 784 natus
2574 733 2662 785 est
2694 730 2883 799 nobis,
2915 729 3074 785 ﬁlius
3103 729 3205 801 qui
3234 729 3407 785 datus
3454 733 3543 785 est
3599 729 3799 795 nobis,

2149 819 2319 888 cujus
2351 817 2717 890 principatus
2748 835 2924 891 super
2962 819 3238 874 humeros
3293 819 3444 889 ejus.
3504 817 3642 890 Ipse
3700 835 3800 873 nos

2151 906 2350 961 docuit
2378 899 2693 978 pueritiam
2732 924 2859 962 esse
2888 907 3162 963 virtutem
3212 907 3408 962 dicens
3450 923 3463 962 :
3525 930 3552 956 (ί
3614 906 3803 962 Sinite

2152 1011 2382 1066 pueros,
2417 1000 2474 1049 et
2506 994 2681 1050 nolite
2711 1011 2810 1053 eos
2840 995 3147 1067 prohibere
3178 996 3249 1050 ad
3280 1012 3370 1050 me
3398 996 3593 1051 venire
3648 997 3802 1065 (Luc.

2152 1101 2307 1148 xvm,
2344 1083 2452 1154 16).
2482 1106 2502 1131 ι
2554 1085 2621 1140 Et
2651 1083 2788 1138 alibi
2823 1102 2836 1139 :
2896 1109 2921 1133 α
2960 1087 3165 1153 Amen,
3199 1100 3368 1139 amen
3419 1084 3546 1139 dico
3607 1084 3802 1149 vobis,

2152 1171 2264 1227 nisi
2299 1173 2557 1226 conversi
2592 1172 2837 1240 fueritis,
2872 1177 2929 1227 et
2958 1172 3293 1228 efﬁciamini
3331 1173 3484 1229 sicut
3509 1187 3666 1245 puer
3698 1172 3805 1228 iste

2154 1277 2267 1315 non
2303 1260 2594 1315 intrabitis
2621 1261 2677 1315 in
2720 1278 2964 1332 regnum
3023 1261 3301 1317 caelorum
3359 1262 3564 1333 (Matth.
3641 1279 3805 1325 xvui,

2152 1350 2227 1417 3).
2266 1372 2287 1397 ιι
2324 1351 2451 1421 Ipsa
2483 1366 2713 1421 quoque
2744 1350 3002 1422 corporis
3059 1350 3400 1405 fortitudine
3455 1351 3622 1423 pueri
3674 1344 3806 1421 ple-

2155 1454 2401 1509 rumque
2434 1438 2586 1492 viros
2616 1438 2873 1493 vincunt.
2912 1439 2975 1493 Et
3006 1438 3208 1511 utique
3239 1440 3289 1494 si
3329 1444 3557 1494 aetatem
3595 1440 3808 1509 pueri—

2156 1526 2242 1581 tiw
2272 1527 2730 1593 consideremus,
2764 1544 2877 1581 non
2929 1530 3115 1598 potest
3150 1544 3293 1599 puer
3324 1531 3428 1582 aut
3459 1544 3640 1582 usum
3687 1544 3809 1582 om-

2156 1633 2287 1670 nem
2321 1615 2486 1681 scire,
2520 1620 2619 1669 aut
2647 1614 2759 1670 vim
2809 1616 3004 1671 subire
3066 1615 3342 1671 luctandi.
3403 1615 3695 1671 Novimus
3729 1622 3810 1671 ta-

2158 1722 2290 1758 men
2323 1706 2473 1775 quod
2509 1705 2839 1776 frequenter
2868 1705 3031 1775 pueri
3055 1721 3201 1775 quos
3233 1721 3350 1760 non
3383 1709 3658 1777 poterant
3686 1722 3817 1777 por-

402 1796 464 1851 in
492 1812 583 1852 me
613 1795 793 1850 frater
822 1811 1008 1863 meus,
1042 1796 1273 1866 quoties
1296 1794 1591 1850 remittam
1614 1794 1685 1863 ei,
1716 1810 1901 1865 usque
1925 1809 2047 1864 sep-
2080 1837 2126 1901 Β
2159 1799 2301 1858 tare,
2336 1792 2478 1848 80]
2524 1794 2805 1848 vicerunt.
2836 1794 2989 1849 Adeo
3028 1794 3190 1867 vigor
3248 1793 3431 1859 animi
3485 1793 3812 1850 inﬁrmita-

408 1885 445 1901 ..
551 1884 620 1901 ,..
848 1900 855 1901 ,
976 1885 1066 1901 ,...
1099 1884 1127 1901 ο
1232 1885 1292 1901 τη,
1717 1883 1757 1901 ,κ
1820 1882 2045 1901 -

404 1885 517 1941 ties
546 1884 755 1957 (Matth.
788 1900 943 1950 xvni,
976 1885 1069 1954 21)
1099 1884 1127 1937 ?
1160 1906 1186 1932 ››
1232 1885 1299 1938 Et
1355 1882 1657 1957 respondit
1717 1882 2000 1938 Dominus
2034 1898 2046 1935 :

409 1995 438 2024 «
460 1973 585 2029 Non
614 1972 807 2029 solum
841 1972 1079 2044 septies,
1106 1973 1208 2028 sed
1239 1973 1415 2029 etiam
1468 1972 1801 2045 septuagies
1834 1971 2050 2043 septies

406 2062 566 2135 (Ibid.
595 2063 712 2132 22).
749 2083 770 2110 ι
805 2060 879 2116 Ut
909 2061 1064 2117 scias
1093 2066 1289 2117 autem
1324 2061 1463 2133 quia
1492 2060 1723 2116 athletae
1756 2076 1964 2115 sumus
1995 2064 2051 2114 et

405 2149 788 2223 impellimur,
820 2155 876 2205 et
906 2149 1003 2205 alii
1058 2156 1259 2217 ruunt,
1293 2154 1348 2204 et
1405 2149 1669 2221 plerique
1728 2149 2048 2213 eliduntur,

408 2227 546 2297 andi
572 2239 913 2294 dicentem:
970 2259 992 2288 ι
1027 2238 1297 2293 Suﬂ'ulsit
1352 2238 1635 2293 Dominus
1690 2254 1893 2292 omnes
1950 2236 2051 2307 qui

411 2331 614 2395 ruunt,
642 2331 701 2383 et
729 2326 967 2398 corrigit
996 2343 1198 2382 omnes
1231 2325 1406 2381 elisos
1437 2328 1607 2397 (Psal.
1643 2343 1824 2391 cxuv,
1878 2326 1986 2395 14).
2022 2349 2043 2376 ι

414 2415 576 2473 Unde
604 2419 663 2471 et
682 2414 806 2488 ipse
835 2416 906 2471 de
929 2431 990 2471 se
1019 2415 1161 2470 dicit
1189 2415 1388 2483 David,
1420 2416 1507 2470 vel
1542 2415 1638 2471 ille
1670 2416 1768 2487 qui
1822 2414 2053 2469 locutus

410 2505 583 2562 estin
616 2504 945 2578 Propheta:
1012 2526 1038 2553 «
1074 2503 1369 2575 Impulsus
1424 2506 1741 2560 subversus
1796 2520 1928 2559 sum
1988 2507 2053 2557 ut

410 2594 720 2662 caderem;
761 2598 818 2649 et
850 2594 1130 2649 Dominus
1188 2594 1447 2666 suscepit
1504 2611 1595 2648 me
1654 2588 1824 2663 (Psal.
1876 2608 2051 2662 cxxn,

412 2683 501 2755 13)
533 2701 547 2751 ;
583 2706 610 2733 ››
640 2668 813 2739 Jesus
844 2683 999 2738 enim
1029 2700 1142 2737 non
1176 2682 1405 2749 cecidit,
1437 2683 1537 2737 sed
1592 2681 1883 2754 impulsus
1943 2684 2049 2735 est.

396 2772 637 2829 Etenim
668 2788 803 2827 cum
835 2772 959 2843 ipse
989 2775 1286 2826 convertat
1316 2770 1513 2836 elisos,
1576 2771 1871 2842 quomodo
1930 2771 2053 2841 ipse

410 2860 599 2933 potuit
625 2860 815 2915 elidi?
842 2859 1080 2915 Justum
1114 2864 1331 2925 autem,
1364 2876 1501 2915 cum
1534 2860 1826 2928 ceciderit,
1884 2874 2055 2930 posse

410 2963 716 3020 resurgere
742 2951 995 3003 testatur
1020 2947 1340 3019 Scriptura,
1376 2966 1502 3020 quae
1561 2948 1702 3003 dicit
1734 2967 1749 3001 :
1811 2971 1837 2997 «
1872 2946 2052 3001 Num-

413 3034 554 3108 quid
580 3035 680 3107 qui
711 3036 885 3104 cadit,
922 3052 1037 3091 non
1060 3036 1294 3107 adjiciet
1314 3041 1378 3091 ut
1426 3041 1692 3109 resurgat
1727 3056 1739 3104 ;
1800 3040 1901 3091 aut
1954 3034 2053 3107 qui

414 3139 651 3180 aversus
680 3122 874 3193 fuerit,
908 3142 1023 3180 non
1056 3129 1374 3181 revertetur
1399 3125 1427 3179 ?
1475 3125 1568 3179 Vae
1604 3126 1674 3180 iis
1735 3125 1833 3197 qui
1894 3140 2051 3178 aver-

2158 1888 2272 1936 tem
2304 1882 2559 1936 excludit
2590 1881 2794 1937 aetatis.

2228 1971 2314 2023 :33.
2352 1969 2561 2034 Quales
2596 1976 2788 2025 autem
2822 1970 3008 2043 pueri,
3041 1970 3183 2027 tales
3216 1974 3272 2028 et
3296 1971 3525 2043 ephebi,
3550 1971 3674 2029 hoc
3706 1978 3812 2040 est,

2160 2058 2471 2129 spiritales.
2508 2060 2676 2114 Novit
2706 2059 3004 2132 Scriptura
3058 2060 3486 2116 adolescentem
3546 2061 3810 2119 Paulum

2153 2149 2276 2219 jam
2312 2148 2638 2218 proximum
2670 2148 3033 2203 conversioni
3064 2149 3196 2219 (Act.
3230 2146 3330 2215 vii,
3361 2150 3453 2219 57)
3488 2167 3502 2216 ;
3563 2150 3737 2206 novit
3765 2157 3817 2207 et

2161 2236 2489 2308 Eutychum
2508 2237 2955 2306 adolescentem,
2977 2237 3235 2309 quicum
3267 2237 3649 2295 sermonibus
3670 2238 3819 2295 Pau-

2161 2324 2201 2379 li
2232 2324 2490 2380 intentus
2521 2325 2781 2393 hazrcrct,
2818 2343 3022 2381 somno
3053 2327 3237 2382 victus
3266 2326 3339 2382 de
3366 2327 3594 2383 tritecto
3657 2328 3816 2384 ceci-

2162 2413 2247 2467 dit
2270 2419 2324 2468 et
2356 2414 2666 2468 resurrexit
2697 2416 2828 2483 (Act.
2861 2432 2956 2482 xx,
2984 2414 3019 2467 9
3052 2415 3138 2487 12)
3173 2434 3185 2483 ;
3221 2415 3381 2470 novit
3430 2418 3485 2470 et
3514 2415 3815 2472 Joannem

2162 2501 2587 2558 adolescentem
2620 2503 2677 2557 in
2699 2503 2910 2559 Christi
2942 2508 3171 2576 pectore
3197 2504 3641 2559 recumbentem
3704 2507 3813 2574 (le-

2161 2609 2255 2659 an,
2290 2609 2411 2657 xm,
2445 2592 2554 2663 23),
2588 2592 2687 2664 qui
2716 2596 2833 2646 tam
2867 2592 3032 2648 fortis
3058 2593 3186 2663 fuit,
3227 2595 3293 2648 ut
3339 2594 3809 2666 persecutionem

2165 2698 2278 2735 non
2306 2682 2555 2744 timeret,
2582 2680 2800 2735 malum
2833 2680 3105 2737 vinceret.
3139 2681 3242 2737 Hic
3274 2688 3364 2736 est
3393 2698 3539 2754 puer
3566 2683 3682 2755 qui
3711 2700 3813 2755 pa-

2164 2772 2307 2822 trem
2342 2769 2653 2840 genitalz:m
2688 2769 2921 2840 reliquit
2950 2769 3158 2840 (Matth.
3185 2788 3258 2838 1v,
3292 2770 3407 2841 20),
3438 2775 3687 2828 secutus
3710 2771 3815 2827 Pa-

2164 2862 2309 2911 trem
2359 2875 2490 2913 eum
2526 2875 2699 2929 quem
2760 2858 3024 2930 cognovit
3081 2864 3411 2928 aeternum;
3461 2859 3816 2916 adolescens

2164 2945 2414 3001 amictus
2473 2946 2736 3014 sindone,
2772 2946 3084 3002 Dominum
3141 2944 3499 3020 sequebatur
3545 2953 3813 3021 tempore

2165 3035 2455 3106 passionis
2488 3038 2668 3107 (Marc.
2698 3055 2813 3099 xiv,
2843 3039 2958 3106 51),
2991 3038 3091 3109 qui
3123 3054 3231 3093 sua
3259 3038 3459 3093 omnia
3488 3038 3814 3110 derelique-

2166 3134 2299 3191 rat;
2334 3126 2639 3193 maturior,
2676 3131 2854 3181 Deum
2906 3125 3159 3182 Verbum
3218 3126 3276 3181 in
3333 3127 3625 3199 principio
3688 3128 3811 3199 ipso

414 3217 618 3269 tuntur
640 3213 938 3269 aversione
968 3213 1318 3286 impudenti,
1352 3214 1491 3269 dicit
1524 3215 1805 3269 Dominus
1837 3214 2051 3285 (Jerem.
2088 3200 2130 3267 C
2170 3229 2401 3286 semper
2430 3215 2609 3278 fuisse
2640 3220 2813 3287 atque
2846 3232 2972 3272 esse
3012 3215 3279 3289 cognovit
3337 3218 3515 3286 (Joan.
3550 3233 3589 3285 ι,
3654 3217 3726 3284 1),
3760 3222 3811 3271 et

415 3319 536 3371 vni,
568 3303 599 3358 4
630 3306 680 3359 et
709 3304 786 3374 5).
824 3327 845 3355 ι

487 3395 575 3448 52.
609 3391 845 3449 Utinam
876 3393 1115 3464 quidem
1166 3392 1557 3449 ineluctabilis
1588 3398 1643 3448 et
1693 3392 2055 3465 insuperabi-

419 3481 494 3537 lis
523 3484 600 3537 sit
628 3481 843 3538 Cbristi
873 3482 1111 3549 athleta,
1142 3486 1198 3538 et
1228 3482 1285 3536 in
1343 3482 1502 3538 om‘ni
1560 3486 1746 3550 aetate,
1780 3482 1838 3535 in
1898 3479 2059 3536 omni

419 3570 700 3626 virtutum
732 3587 940 3643 genere
968 3570 1279 3642 gloriosus,
1315 3572 1466 3627 sicut
1491 3571 1585 3626 ille
1608 3571 1725 3626 ait:
1786 3592 1812 3622 α
1861 3570 1971 3624 Sed
2000 3569 2055 3622 in

418 3656 695 3714 omnibus
715 3674 1060 3730 superamus
1098 3663 1333 3731 propter
1378 3676 1511 3714 eum
1558 3659 1657 3731 qui
1704 3676 1810 3714 nos
1856 3657 2057 3714 dilexit

416 3746 729 3819 (Romvm,
752 3746 870 3819 37).
904 3770 930 3795 ››
956 3748 1102 3813 Quid
1120 3752 1209 3803 est
1229 3749 1285 3802 in
1310 3749 1581 3803 omnibus
1604 3754 1625 3804 Ρ
1646 3748 1797 3803 Sunt
1826 3746 2054 3802 athletm

415 3834 517 3909 qui
537 3840 815 3892 vocentur
844 3836 1032 3908 pueri,
1060 3836 1289 3908 ephebi,
1348 3837 1453 3892 viri
1490 3856 1502 3903 ;
1562 3838 1671 3893 hoc
1731 3842 1839 3903 est,
1872 3836 2052 3895 παῖδες,

411 3924 599 3989 ἔφηϐοι,
656 3925 851 3974 πύκται.
914 3925 1100 3980 Etiam
1159 3927 1463 3998 Scriptura
1512 3926 1618 3982 lias
1684 3927 1741 3980 in
1802 3926 2053 3982 luctato-

407 4013 574 4070 ribus
629 4014 789 4069 novit
843 4016 1061 4080 aetates,
1122 4014 1349 4071 dicente
1405 4015 1630 4071 David:
1696 4036 1717 4061 κ
1776 4015 1855 4070 Ne
1898 4031 2053 4070 aver-

406 4107 496 4160 tas
555 4103 761 4160 faciem
821 4108 985 4159 tuam
1071 4121 1105 4159 a
1186 4120 1364 4176 puero
1450 4108 1549 4159 tuo
1610 4105 1780 4175 (Psal.
1853 4121 2045 4171 vam,

406 4193 517 4262 18).
553 4214 581 4241 ››
612 4197 679 4248 Et
714 4210 737 4241 α
773 4211 785 4248 :
817 4192 1055 4249 Juvenis
1088 4193 1189 4262 fui,
1224 4196 1279 4248 et
1309 4193 1475 4249 senui
1509 4193 1686 4264 (Infra
1707 4210 1857 4258 vers,
1885 4192 1996 4263 25).
2022 4216 2043 4244 ι

405 4280 567 4337 Unde
586 4285 644 4337 et
670 4280 926 4337 Joannes
956 4282 1036 4337 ait
1066 4300 1078 4337 :
1104 4306 1129 4333 ‹‹
1162 4282 1362 4338 Scribo
1400 4282 1585 4350 vobis,
1649 4281 1811 4356 pueri
1838 4301 1851 4351 ;
1911 4280 2049 4352 quia

403 4371 758 4443 cognovistis
788 4375 1013 4443 patrem
1046 4390 1063 4425 :
1096 4372 1286 4427 scribo
1337 4371 1521 4437 vobis,
1556 4372 1803 4443 juvenes
1837 4390 1849 4438 ;
1909 4370 2048 4442 quia

400 4459 623 4515 vicistis
653 4459 876 4516 malum
913 4478 924 4515 :
961 4460 1148 4516 scribo
1180 4460 1362 4531 vobis,
1398 4464 1590 4532 patres
1625 4479 1638 4528 ;
1674 4461 1813 4532 quia
1838 4476 2047 4531 cogno-

2170 3319 2404 3357 manere
2436 3302 2494 3357 in
2527 3320 2587 3359 se
2610 3304 2889 3375 probavit.

2237 3393 2326 3446 51.
2358 3391 2526 3448 Viros
2556 3410 2789 3465 quoque
2820 3392 3119 3464 Scriptura
3141 3409 3248 3449 nos
3274 3392 3472 3449 docuit
3496 3392 3813 3465 spiritales,

2166 3482 2361 3553 Agabo
2396 3480 2681 3553 propheta
2737 3482 2999 3537 dicente:
3038 3504 3064 3530 «
3098 3481 3303 3538 Virum
3336 3481 3496 3539 hunc
3526 3482 3704 3552 cujus
3728 3472 3819 3537 est

2166 3587 2311 3625 zona
2340 3570 2483 3639 haec,
2511 3570 2595 3625 sic
2626 3569 2950 3643 alligabunt
2976 3570 3159 3627 Judaei
3190 3570 3249 3627 in
3280 3569 3613 3627 Jerusalem
3678 3573 3812 3642 (.tct.

2165 3676 2279 3724 χχι,
2316 3659 2423 3728 11).
2463 3683 2482 3708 ι
2520 3660 2587 3713 Et
2617 3660 2822 3714 Festus
2854 3660 2932 3715 ait
2967 3678 2979 3715 :
3045 3683 3063 3708 ι
3100 3658 3201 3714 Vir
3246 3659 3493 3731 quidam
3523 3664 3615 3715 est
3647 3658 3812 3714 relic-

2164 3753 2262 3803 tus
2294 3765 2327 3802 a
2357 3746 2537 3803 Felice
2563 3748 2619 3802 in
2655 3749 2921 3804 custodia
2949 3750 3079 3819 (Art.
3116 3765 3243 3815 xxv,
3282 3750 3390 3820 14).
3426 3770 3453 3797 ››
3483 3750 3633 3804 Ante
3676 3765 3815 3820 pas-

2164 3836 2384 3892 sionem
2419 3854 2584 3892 suam
2618 3836 2833 3892 Paulus
2866 3838 3202 3893 adolescens
3230 3837 3470 3903 dicitur,
3502 3836 3561 3891 in
3592 3836 3815 3909 passio-

2164 3942 2232 3981 ne
2265 3943 2372 3980 sua
2401 3927 2486 3981 vir
2517 3925 2899 3998 significatur,
2962 3926 3085 3998 qui,
3145 3942 3323 3981 cursu
3377 3931 3812 3991 consummato,

2161 4020 2315 4071 esset
2337 4016 2457 4085 jam
2491 4016 2791 4088 proximus
2822 4016 2890 4070 ad
2926 4032 3220 4072 coronam.

2228 4106 2316 4159 55.
2378 4105 2765 4177 Cognovimus
2822 4108 3016 4160 aetates
3065 4122 3167 4177 pro
3220 4104 3334 4161 ﬁde
3393 4108 3448 4159 et
3501 4103 3807 4159 devotione

2157 4197 2469 4260 certantes,
2502 4210 2924 4265 cognoscamus
2953 4193 3127 4249 etiam
3158 4209 3374 4266 genera
3414 4193 3805 4248 certaminum

2156 4281 2521 4353 singulorum
2556 4286 2687 4355 (25).
2720 4283 2847 4338 Haec
2880 4299 3110 4355 quoque
3135 4282 3445 4353 Scripturze
3496 4298 3606 4337 nos
3637 4281 3800 4337 doce-

2155 4374 2215 4427 at
2236 4376 2418 4426 tenor.
2442 4371 2502 4426 In
2526 4371 2634 4427 hoc
2656 4372 2849 4444 itaque
2872 4371 3133 4428 saeculari
3164 4387 3349 4443 agone
3380 4369 3479 4425 alii
3512 4374 3683 4437 sunt,
3704 4368 3799 4441 qui

2154 4459 2401 4531 simplici
2436 4462 2687 4531 quodam
2719 4467 2777 4516 et
2804 4461 3068 4534 legitimo
3121 4476 3333 4532 genere
3394 4458 3718 4524 luctantur,
3744 4463 3798 4512 et

400 4547 569 4603 vistis
598 4564 731 4603 eum
764 4548 862 4620 qui
893 4553 982 4604 est
1011 4550 1081 4603 ab
1115 4549 1278 4604 initio
1306 4551 1353 4619 (I
1377 4551 1532 4605 Joan.
1577 4566 1637 4617 ιι,
1699 4552 1767 4604 12
1794 4579 1822 4590 -
1858 4548 1962 4618 14).
2014 4571 2035 4597 ιο
2074 4576 2122 4639 D
2152 4548 2419 4621 ligaturis
2472 4554 2702 4604 tantum
2733 4548 2990 4621 corporis
3019 4552 3268 4616 certant,
3318 4548 3632 4604 verberare
3686 4562 3795 4602 non

400 4634 682 4690 Maturior
711 4636 753 4690 it
766 4651 904 4707 ique
934 4638 1004 4690 ad
1030 4641 1221 4708 patres
1243 4637 1526 4704 scribens,
1578 4642 1841 4692 maturos
1887 4636 2038 4691 desi-

398 4726 541 4796 gnat
568 4722 702 4779 fldei
754 4724 1192 4796 devotionisque
1236 4742 1532 4796 processu.
1581 4726 1871 4781 Virtutum
1903 4742 2038 4797 ergo

395 4813 545 4881 istae,
579 4829 695 4869 non
727 4813 1086 4869 inﬁrmitatis
1145 4818 1340 4869 aetates
1394 4820 1575 4881 sunt;
1638 4830 1824 4885 neque
1883 4813 2035 4870 enim

2151 4642 2385 4707 norunt,
2419 4638 2516 4709 qui
2548 4637 2873 4709 palaestritae
2905 4643 3186 4693 vocantur
3218 4656 3231 4706 ;
3284 4636 3383 4692 alii
3414 4637 3517 4709 qui
3578 4637 3793 4693 caedem

2148 4731 2204 4780 et
2236 4727 2489 4798 pulveris
2506 4729 2732 4799 jactum
2783 4728 3181 4782 membrorum
3240 4726 3490 4782 nexibus
3550 4726 3795 4781 miscent

2144 4814 2279 4885 (26),
2313 4816 2471 4870 omni
2500 4815 2611 4870 sibi
2665 4816 3006 4871 verberandi
3046 4816 3184 4886 jure
3241 4814 3587 4888 permisso;
3652 4828 3791 4887 quos

394 4903 521 4959 sine
549 4903 763 4959 virtute
789 4918 933 4975 puer
962 4906 1067 4972 est,
1103 4903 1204 4975 qui
1237 4903 1507 4975 cognovit
1562 4904 1791 4958 Patrem
1852 4903 2034 4958 Deum
2143 4904 2614 4975 pammacharios
2643 4908 2849 4960 vocant
2879 4905 3012 4975 (27),
3035 4920 3100 4960 eo
3149 4904 3305 4976 quod
3336 4903 3532 4960 omnis
3591 4902 3719 4958 litis
3741 4906 3793 4955 et

386 5120 652 5193 margine
683 5119 901 5193 habent
928 5119 1176 5193 ruinam,
1210 5133 1387 5187 quam
1420 5117 1731 5193 dictionem
1752 5135 2029 5193 suppres-

384 5209 451 5249 sa
478 5188 616 5248 voce
638 5193 826 5248 Latini
857 5191 1023 5256 Rom,
1057 5190 1114 5243 in
1145 5194 1365 5244 textum
1400 5188 1716 5243 transtulit.
1752 5188 1889 5256 Mss,
1938 5209 2029 5246 ve-

385 5280 451 5319 ro
480 5267 733 5335 quatuor
770 5263 1077 5335 nobiscum
1114 5260 1351 5314 t'aciunt.

2133 5117 2277 5188 jecti
2306 5122 2748 5188 tanquamimox
2776 5116 3044 5173 vincendi
3077 5120 3477 5188 spectatorum
3509 5115 3703 5171 oculis
3726 5128 3782 5167 ac

2141 5189 2382 5243 nutibus
2416 5186 2821 5255 signabantur.

2211 5259 2440 5331 (2.5)71ta
2473 5258 2979 5331 Rom._edit.cum
3037 5269 3138 5314 sex
3197 5274 3342 5314 mss.
3400 5257 3532 5314 νει.
3593 5262 3776 5311 autern

457 5329 569 5405 (2'4)
602 5335 686 5390 Ita
740 5334 879 5389 edit.
940 5348 1074 5387 cum
1126 5335 1287 5402 parte
1331 5346 1488 5405 _mss.
1553 5329 1705 5405 Alia_
1738 5348 1892 5405 pars,
1926 5333 2030 5387 Sed
2138 5329 2270 5385 cum
2304 5330 2447 5405 Vict.
2479 5333 2536 5385 et
2567 5329 2755 5405 Colb.,
2784 5330 3060 5405 deuotione
3088 5331 3422 5386 certantium
3447 5347 3467 5383 :
3499 5342 3773 5400 cognosce-

348 5450 353 5455 .
384 5401 603 5476 etiamsi
630 5408 1043 5476 assignat-un...
1068 5401 1375 5476 et’secumlo
1402 5403 1626 5476 [ii/gerit.
1662 5401 1802 5476 Utra
1860 5404 2027 5461 lectio
2134 5418 2256 5457 mus
2274 5404 2444 5476 etiam
2474 5403 2776 5476 certamina
2806 5401 3177 5476 singulorum.

386 5474 900 5546 sitprmponenda,
934 5475 1276 5546 ambiguum
1306 5477 1413 5529 est.
1449 5474 1785 5546 Obscuritas
1830 5481 2023 5531 autem

345 5542 355 5551 ’
382 5542 519 5618 inde
548 5542 866 5618 suboritur,
899 5546 1053 5616 quod
1085 5542 1283 5618 verum
1333 5560 1573 5600 sensum
1614 5545 1918 5618 agonistici
1950 5547 2022 5601 il-

384 5613 500 5669 lius
519 5616 706 5688 verbi,
737 5613 1122 5688 asi'gndtus_est
1153 5616 1270 5670 sive
1326 5613 1683 5688 assignatur;
1721 5618 2020 5688 cognitum

379 5702 499 5747 non
517 5685 1246 5757 habeamus,Su3picamur
1267 5690 1463 5757 tamen
1484 5701 1553 5742 ex
1573 5685 1722 5757 serie
1743 5685 2021 5748 orationis

375 5770 482 5845 pos
516 5755 631 5813 dici
660 5756 919 5828 potuisse
949 5755 1271 5832 assignatas,
1304 5756 1404 5829 qui
1426 5757 1553 5831 jam
1583 5756 1644 5817 in
1672 5760 1888 5819 terram
1918 5761 2022 5822 de-

2211 5475 2320 5613 (26)
2354 5474 2492 5545 Reg.
2527 5474 2679 5536 cod.,
2710 5473 3319 5529 membrorum‘nisibus
3348 5475 3598 5528 miscent.
3738 5540 3747 5549 .

2211 5544 2296 5613 (27
2351 5543 2565 5599 Omnes
2591 5544 2755 5610 edit.,
2787 5558 2916 5613 quos
2958 5546 3255 5610 παμμάχους
3289 5549 3483 5601 vocant
3513 5584 3573 5608 ,..
3630 5556 3745 5613 capt

2206 5543 2319 5616 (27)
2351 5543 2565 5599 omnes
2591 5544 2755 5610 θάίιον
2787 5558 2916 5615 quos
2958 5546 3255 5616 παμμάχορς
3289 5549 3573 5616 vocant,"
3630 5543 3769 5616 αιεέ-

2131 5608 2275 5746 iz'b'zts
2301 5608 2661 5673 cruentantur
2695 5633 2706 5672 :
2741 5608 2942 5674 omnes
2972 5631 3116 5677 mss.
3140 5608 3360 5676 saltem
3387 5613 3594 5682 Gallic,
3625 5608 3764 5670 ut'in

2159 5705 2225 5746 ex
2256 5705 2311 5746 u.

2159 5705 2311 5746 CXLII.
