3894 6208
145 391 294 459 ιοιι

1186 393 1641 461 ENARRA'I‘IO
1683 392 1764 460 IN
1807 392 2188 465 PSALMUM
2233 394 2506 466 XXXVI.

3390 374 3422 385 ιι
3472 374 3527 393 se;

141 542 350 625 pugna
378 525 695 619 adversum
742 540 805 585 se
852 522 1107 625 habeant
1149 532 1524 602 potestatem;
1557 530 1655 585 alii
1685 530 1783 603 qui
1815 532 1870 598 Α
1900 546 2016 603 gna
2041 549 2174 588 voce
2206 532 2495 602 clamavit,
2534 536 2600 592 ut
2645 534 2717 593 ad
2749 532 2887 619 ejus.
2919 552 3130 596 sonum
3177 540 3401 597 secreta
3429 554 3545 625 eos:

140 617 399 675 cestibns
428 619 743 675 adversum
774 634 837 675 se
865 614 1210 686 decernunt,
1240 622 1298 675 et
1327 618 1656 675 dilaceratis
1688 636 1783 675 ca-

137 707 380 779 pitibus,
414 707 753 764 cruciantur
784 725 797 762 :
832 708 890 762 hi
920 716 1099 763 πύκται
1130 708 1413 764 feruntur.

202 798 294 851 56.
330 796 459 852 Haec
514 797 713 852 omnia
771 797 1091 852 certamina
1144 795 1325 852 subiit
1382 795 1597 852 Paulus
1644 814 1785 869 apo-

137 884 349 951 stolus,
381 885 537 939 sicut
575 885 699 957 ipse
730 885 1111 948 demonstrat.
1148 885 1348 956 Itaque
1378 885 1518 941 dicit
1550 904 1597 941 :u
1631 887 1780 950 Quo-

138 974 296 1030 niam
327 990 446 1029 non
474 977 565 1028 est
605 972 776 1028 nobis
807 973 937 1045 pale
969 974 1250 1029 adversus
1294 990 1530 1030 carnem
1563 977 1618 1030 et
1646 991 1782 1030 san-

133 1062 399 1136 guinem.
441 1063 542 1118 sed
585 1062 865 1118 adversus
913 1060 1207 1134 principes
1255 1066 1312 1117 et
1357 1066 1695 1133 potestates,
1726 1065 1784 1118 et

133 1152 225 1224 (ut
252 1150 600 1223 compendio
648 1151 803 1220 utar)
834 1151 1117 1206 adversus
1165 1151 1459 1222 nequitias
1490 1150 1783 1223 spiritales

132 1240 357 1311 (Ephes.
403 1255 481 1305 v1,
529 1240 694 1311 12).»
727 1239 789 1293 In
840 1238 1062 1293 Latinis
1110 1239 1404 1311 plerisque
1452 1239 1783 1295 colluctatio

130 1328 448 1401 reperitur,
520 1327 580 1381 in
646 1327 863 1383 Graecis
930 1327 1205 1382 omnibus
1268 1336 1405 1395 πάλη
1471 1328 1780 1393 scribitur;

128 1417 271 1475 πάλη
300 1417 461 1472 enim
492 1416 847 1482 Grecorum,
879 1415 1035 1471 lucta
1065 1420 1155 1471 est
1185 1418 1543 1473 Latinorum.
1565 1418 1632 1471 Et
1654 1432 1783 1471 vere

126 1506 294 1580 pale;
330 1506 471 1579 quia
519 1521 653 1560 caro
696 1508 754 1559 et
799 1505 1062 1577 sanguis,
1096 1508 1147 1560 et
1184 1505 1457 1576 nequitiae
1488 1504 1784 1576 spiritales

124 1594 415 1668 patientia
444 1597 502 1649 et
529 1593 889 1649 continentia
920 1593 1200 1665 corporis,
1225 1599 1282 1649 et
1311 1593 1494 1648 animi
1525 1594 1785 1648 modera-

122 1684 287 1740 tione
319 1686 694 1755 superantur.
731 1683 843 1749 Ira,
875 1682 1057 1746 furor,
1089 1682 1274 1737 caedes
1304 1698 1470 1737 arma
1498 1686 1639 1737 sunt
1668 1681 1786 1736 dia-

122 1771 268 1828 boli.
304 1770 460 1826 Alibi
493 1786 727 1843 quoque
764 1769 954 1842 plagis
991 1786 1172 1842 supra
1203 1771 1444 1825 modum
1476 1787 1690 1826 caesum
1722 1786 1784 1825 se

122 1878 260 1918 esse
290 1860 593 1933 significat
635 1859 836 1915 dicens
870 1875 880 1914 :
911 1880 941 1908 ‹‹
975 1860 1037 1914 In
1069 1858 1259 1930 plagis
1291 1875 1470 1931 supra
1517 1861 1778 1930 modum,

122 1952 184 2007 in
217 1949 517 2006 mortibus
565 1949 900 2019 frequenter
946 1947 1018 2017 (ll
1046 1948 1165 2003 Cor.
1199 1965 1278 2013 x1,
1311 1950 1421 2019 23).
1452 1970 1479 1997 ››
1510 1949 1777 2005 Hieroso-

120 2039 306 2113 lymis
340 2040 537 2094 autem
572 2037 788 2110 pugnis
833 2052 897 2091 se
943 2052 1072 2092 esse
1103 2052 1479 2108 percussum;
1513 2036 1612 2092 ubi
1642 2055 1773 2094 cum

120 2126 657 2184 intervenientibus
714 2124 1021 2187 militibas,
1073 2124 1389 2196 aliquando
1451 2132 1780 2182 cessassent

115 2217 318 2273 Judaei
372 2218 674 2288 percutere
720 2212 989 2280 Paulum,
1040 2212 1166 2284 ipse
1213 2214 1474 2285 pontifex
1519 2216 1775 2271 Ananias

117 2304 653 2362 circumstantibus
674 2302 857 2374 jussit
904 2306 1200 2374 percutere
1248 2317 1313 2358 os
1361 2302 1513 2373 ejus,
1545 2304 1637 2358 cui
1686 2321 1773 2360 re-

116 2392 370 2467 spondit
414 2390 726 2463 Apostolus
761 2407 773 2446 :
804 2412 825 2439 ι
860 2390 1164 2446 Percutere
1213 2394 1268 2446 te
1314 2389 1552 2463 incipiet
1600 2396 1771 2459 Deus,

114 2482 326 2556 paries
351 2480 634 2536 dealbate.
663 2480 732 2534 Et
749 2484 814 2534 tu
844 2479 1051 2534 sedens
1074 2478 1309 2549 judicas
1330 2495 1423 2533 me
1446 2480 1772 2535 secundum

114 2572 361 2643 Legem,
395 2574 454 2625 et
506 2572 667 2623 extra
723 2567 932 2639 Legem
983 2567 1159 2636 jubes
1215 2583 1309 2621 me
1365 2568 1587 2638 percuti
1636 2568 1769 2639 (Act.

114 2677 289 2727 χχιιι,
335 2657 430 2725 3)?
465 2679 492 2707 »
527 2655 705 2713 Scivit
753 2656 1008 2727 profecto
1057 2654 1311 2722 referire,
1362 2656 1459 2727 qui
1513 2656 1775 2728 graviore

113 2763 327 2821 pugno
367 2744 700 2818 pontificem
740 2742 1117 2815 repercussit;
1153 2742 1278 2814 ipse
1308 2745 1465 2798 enim
1498 2760 1772 2817 corpora-

112 2836 259 2892 liter
290 2850 480 2891 cesus
509 2837 626 2899 est;
658 2831 743 2887 illi
775 2831 973 2887 retulit
1002 2832 1155 2903 quod
1188 2832 1246 2886 in
1278 2831 1536 2888 animam
1570 2849 1773 2906 percu-

112 2927 354 2981 teretur
412 2938 445 2977 a
490 2921 741 2977 Christo.
775 2921 836 2975 In
892 2919 1083 2991 prima
1130 2936 1364 2991 quoque
1409 2921 1773 2993 epistola-ad

116 3009 465 3068 Corinthios
523 3008 785 3065 scribens
832 3007 913 3062 ait
957 3025 1026 3061 :«
1060 3009 1175 3080 Ego
1224 3008 1404 3079 igitur
1452 3008 1534 3064 sic
1583 3027 1774 3077 curro,

117 3118 246 3156 non
277 3103 348 3155 ut
377 3098 438 3153 in
466 3097 751 3153 incertum
779 3114 791 3152 :
817 3097 901 3152 sic
926 3096 1132 3163 enitor,
1166 3112 1279 3151 non
1311 3101 1375 3152 ut
1395 3112 1529 3153 aera
1553 3099 1777 3155 exedens

121 3193 171 3261 (I
199 3191 335 3247 Cor.
389 3204 466 3255 1x,
514 3189 627 3258 26).
667 3208 696 3235 »
739 3185 902 3249 Quod
965 3185 1166 3240 Latine
1221 3184 1382 3250 dixit,
1427 3210 1446 3235 ιι
1493 3188 1700 3242 enitor.
1747 3210 1775 3237 n

122 3235 161 3261 κ.
203 3235 297 3247 ..ν-
322 3235 335 3244 .
391 3235 466 3255 -.τι
515 3235 627 3258 -η-
747 3235 902 3249 ς---
965 3235 1161 3240 -π---η
1498 3235 1700 3242 "-m-
1748 3235 1752 3237 -

120 3278 288 3337 802
318 3276 514 3333 Graece
543 3276 627 3332 ait
653 3283 898 3331 πυκτεύω.
929 3274 1000 3328 Et
1028 3289 1160 3328 vere
1189 3273 1356 3344 quasi
1388 3274 1579 3330 bonus
1608 3280 1778 3347 pycta

1976 3292 2020 3329 ΓΠ

118 3384 247 3425 non
280 3381 497 3431 aerem,
530 3364 631 3420 sed
665 3364 853 3419 aerias
882 3366 1197 3434 potestates
1229 3366 1285 3417 et
1308 3363 1645 3418 Judaeorum
1677 3381 1776 3420 ca-

117 3457 255 3530 pita
298 3453 668 3519 verberabat;
701 3452 841 3523 quia
877 3455 1052 3523 caput
1099 3451 1362 3505 omnium
1409 3452 1610 3507 Jesum
1664 3453 1774 3507 Do-

117 3544 363 3602 minum
403 3557 518 3598 non
567 3540 883 3597 habebant.
916 3540 979 3594 In
1011 3539 1169 3594 omni
1217 3540 1414 3610 itaque
1462 3541 1779 3597 certamine

112 3630 445 3705 Apostolus
474 3634 564 3686 est
592 3629 896 3702 probatus,
926 3627 1025 3699 qui
1056 3628 1229 3683 etiam
1262 3643 1536 3683 caronam
1568 3646 1777 3685 cursus

112 3716 527 3779 consummati
578 3716 818 3788 accepit.
872 3715 1035 3771 Unde
1079 3719 1139 3770 et
1183 3714 1308 3786 ipse
1355 3716 1437 3770 ait
1470 3734 1481 3771 :
1510 3740 1538 3766 «
1570 3717 1780 3773 Omnia

110 3822 373 3883 possum
404 3806 464 3862 in
493 3822 561 3862 eo
593 3804 693 3877 qui
744 3820 838 3860 me
887 3804 1174 3860 confortat
1201 3804 1467 3875 (Philipp.
1503 3823 1578 3875 1v,
1614 3807 1723 3877 13).
1752 3831 1779 3857 ››

183 3899 285 3954 57.
320 3894 505 3950 Habet
543 3897 601 3950 et
641 3892 933 3958 Christus,
966 3892 1066 3963 qui
1114 3892 1173 3946 in
1224 3892 1474 3963 pueritia
1522 3910 1630 3949 sua
1677 3896 1780 3949 aevi

111 3989 394 4043 maturos
422 3982 697 4049 vicerint;
733 3985 799 4037 ut
830 3980 1030 4036 Daniel
1063 3997 1206 4052 puer
1232 3980 1442 4053 spiritu
1475 3980 1664 4038 valido
1699 4001 1783 4040 se-

109 4076 327 4132 niores
356 4070 492 4127 illos
512 4069 813 4142 redarguit
831 4070 1188 4134 Iudaeorum,
1212 4070 1357 4125 etde
1380 4070 1630 4126 victorias
1648 4072 1784 4142 jure

113 4160 343 4235 dejecit
371 4160 431 4214 in
462 4162 734 4214 mortem.
767 4157 951 4213 Habet
980 4161 1037 4211 et
1078 4156 1244 4224 alios,
1278 4157 1379 4228 qui
1428 4158 1781 4231 priusquam

115 4252 537 4312 nascerentur,
560 4247 620 4302 in
654 4245 862 4302 matris
883 4250 1078 4301 ventre
1109 4245 1311 4301 luctati
1344 4250 1506 4301 sunt.
1530 4248 1786 4320 Denique

112 4339 311 4397 Jacob
344 4337 584 4392 fratrem
623 4333 1021 4407 supplantavit
1049 4335 1222 4397 Esau,
1255 4340 1312 4387 et
1354 4334 1576 4390 malum
1609 4337 1781 4405 vicit;

111 4434 307 4498 atque
339 4424 422 4480 ita
449 4424 522 4479 de
551 4427 718 4478 utero
749 4422 958 4478 matris
1003 4422 1201 4487 exivit,
1233 4426 1298 4476 ut
1349 4422 1601 4479 victorias
1650 4425 1790 4481 insi-

108 4529 237 4590 gne
270 4515 645 4579 monstraret,
668 4515 725 4567 et
753 4511 960 4582 pedem
986 4510 1232 4566 senioris
1264 4511 1568 4583 degeneris
1598 4513 1785 4569 victor

1891 619 2060 676 lestia
2091 621 2464 680 resultarent.
2494 625 2640 691 Quid
2673 618 2903 684 multa?
2932 628 3173 685 Terram
3205 620 3408 699 movit,
3441 618 3546 687 om;

1892 709 2015 765 lum
2047 710 2327 784 implevit.
2363 713 2612 785 Ideoque
2658 716 2815 772 vocis
2864 733 3075 773 nomen
3130 710 3371 793 accepit,
3405 708 3546 792 quia

1890 798 2143 855 Verbum
2180 801 2276 856 Dei
2297 818 2403 857 vox
2434 807 2666 859 sacrata
2696 805 3013 875 praecessit,
3039 808 3551 879 quemadmodum

1894 886 2017 958 ipse
2046 904 2153 944 nos
2183 889 2381 945 docuit
2411 891 2608 947 dicens
2643 909 2654 948 :
2684 915 2711 944 ‹‹
2732 895 2850 966 Ego
2880 911 2988 950 vox
3019 894 3412 973 clamantis‘in
3437 898 3542 953 de-

1893 981 2045 1032 serto
2077 978 2253 1049 (Joan.
2287 995 2328 1048 ι,
2357 980 2469 1050 23).
2501 1004 2522 1032 »
2560 980 2716 1036 Dixit
2745 980 2854 1037 hoc
2886 983 3068 1039 Isaias
3098 985 3383 1057 propheta
3410 987 3538 1055 (13a.

1890 1080 1981 1133 XL,
2014 1065 2070 1131 3)
2096 1082 2108 1119 :
2133 1065 2203 1120 de
2234 1083 2295 1122 se
2325 1067 2548 1123 dictum
2578 1058 2689 1123 iste
2720 1069 2990 1126 firmavit.
3020 1072 3366 1129 Audivimus’
3395 1073 3538 1147 quid

1892 1153 2038 1207 dixit
2079 1171 2263 1226 praeco
2299 1173 2312 1210 :
2341 1177 2368 1205 «
2400 1156 2606 1212 Parate
2634 1157 2790 1213 viam
2844 1157 3097 1226 Domini,
3131 1164 3318 1225 rectas
3370 1162 3540 1218 facite

1892 1242 2133 1298 semitas
2179 1245 2307 1314 ejus
2339 1244 2518 1315 (Joan.
2542 1262 2583 1309 ι,
2605 1245 2716 1316 23).
2744 1268 2772 1294 »
2794 1246 2925 1303 Haec
2967 1252 3057 1303 est
3084 1264 3192 1303 vox
3221 1249 3541 1322 singularis

1892 1334 1948 1386 et
1977 1330 2122 1397 sola,
2153 1336 2273 1386 tam
2304 1349 2534 1399 sonora,
2566 1336 2629 1387 ut
2659 1334 2728 1388 ab
2758 1335 3033 1392 omnibus
3063 1338 3393 1406 audiretur;
3416 1342 3541 1396 tam

1891 1419 2104 1485 dulcis,
2134 1425 2198 1475 ut
2227 1421 2633 1477 universorum
2675 1423 2849 1479 corda
2890 1423 3191 1481 mulceret.
3224 1418 3373 1483 Istos
3402 1443 3540 1500 ergo

1893 1507 2141 1564 athletas
2186 1526 2325 1564 suos
2374 1510 2658 1565 Dominus
2707 1511 3073 1569 confirmavit
3111 1517 3176 1568 ut
3204 1513 3535 1584 vincerent;

1894 1614 2197 1668 nunquam
2228 1597 2385 1653 enim
2418 1616 2555 1654 suos
2587 1600 2822 1667 deserit,
2854 1605 2911 1655 et
2941 1599 3237 1674 relinquit.
3430 1658 3433 1667 ,

1963 1687 2050 1741 58.
2088 1686 2274 1759 (Vers.
2306 1688 2418 1758 25).
2449 1688 2514 1742 Et
2559 1687 2688 1744 ideo
2736 1688 2963 1745 addidit
3010 1689 3299 1763 Propheta
3333 1706 3401 1744 :«
3432 1691 3538 1750 Ju-

1893 1774 2053 1830 venis
2110 1775 2213 1841 fui,
2266 1780 2322 1831 et
2377 1775 2544 1831 senui
2580 1793 2592 1832 :
2624 1799 2644 1826 ι
2680 1777 2766 1832 sic
2824 1778 3041 1846 Latini;
3103 1778 3283 1851 aliqui
3341 1782 3537 1838 autem

1887 1860 2055 1931 juxta
2086 1860 2313 1918 Graecos
2343 1862 2562 1918 habent
2594 1879 2605 1917 :
2632 1886 2659 1911 «
2692 1863 2929 1919 Iuvenis
2962 1865 3066 1933 fui,
3102 1867 3315 1922 etenim
3344 1865 3536 1934 ‘senui,

1889 1951 1946 2003 et
1976 1964 2089 2003 non
2136 1949 2253 2003 vidi
2296 1950 2526 2019 justum
2579 1950 2946 2020 derelictum,
2997 1969 3101 2008 nec
3154 1970 3356 2015 semen
3408 1954 3538 2026 ejus

1886 2053 2151 2109 quaerens
2183 2053 2413 2109 panem.
2441 2061 2460 2085 η
2497 2038 2858 2111 Simpliciter
2904 2041 3004 2112 qui
3035 2041 3159 2096 vult
3194 2032 3536 2117 intelligere,

1885 2129 2042 2197 patet
2071 2143 2303 2193 sensus,
2336 2127 2490 2198 quod
2539 2128 2665 2183 vitae
2717 2144 2836 2184 suae
2881 2133 3142 2202 tempore
3185 2129 3365 2186 David
3419 2148 3536 2187 non

1883 2214 2092 2270 viderit
2114 2215 2346 2287 justum
2380 2215 2743 2272 derelictum.
2776 2217 2887 2273 Sed
2922 2218 3030 2273 hoc
3070 2222 3127 2274 et
3165 2208 3358 2275 brevis
3389 2221 3538 2277 tem-

1884 2304 2045 2375 poris
2093 2308 2200 2367 est,
2253 2308 2308 2358 et
2355 2303 2728 2374 incredibile;
2763 2305 3058 2377 siquidem
3111 2307 3331 2364 multos
3376 2308 3541 2366 vide-

1884 2407 2018 2446 mus
2066 2392 2125 2446 in
2177 2390 2389 2447 szeculo
2434 2393 2630 2463 justos
2683 2394 2755 2449 ab
2802 2392 3144 2451 hominibus
3189 2394 3539 2469 derelinqui,

1882 2480 2116 2551 quando
2138 2496 2236 2535 eos
2257 2479 2439 2551 aliqui
2470 2481 2795 2552 potentium
2825 2487 3263 2555 persequuntur
3288 2502 3300 2539 :
3323 2487 3380 2540 et
3410 2484 3539 2540 nul-

1880 2567 1975 2623 lus
2007 2568 2076 2623 ad
2118 2584 2215 2623 eos
2260 2568 2436 2623 audet
2483 2569 2778 2636 accedere,
2813 2586 2947 2625 cum
2996 2571 3055 2625 in
3105 2571 3315 2628 timore
3345 2576 3449 2628 aut
3480 2573 3539 2629 in

1883 2655 2099 2726 injuria
2128 2656 2336 2711 viderit
2372 2657 2742 2713 constitutos.
2780 2657 2943 2714 Unde
2978 2659 3090 2714 Job
3121 2659 3264 2715 dicit
3297 2678 3309 2715 :
3343 2682 3372 2709 «
3404 2661 3540 2717 Fra-

1882 2748 2001 2800 tres
2032 2744 2143 2799 mei
2172 2744 2592 2810 discesserunt,
2626 2750 2987 2817 agnoverunt
3015 2744 3317 2805 extraneos
3348 2748 3538 2823 magis

1884 2849 2060 2904 quam
2093 2849 2214 2898 me;
2249 2832 2419 2887 amici
2454 2832 2564 2888 mei
2597 2833 3091 2891 immisericordes
3122 2836 3256 2891 facti
3288 2840 3449 2905 sunt,
3481 2830 3542 2893 et

1884 2921 1983 2992 qui
2033 2938 2125 2976 me
2175 2925 2476 2988 noverant,
2524 2920 2687 2977 obliti
2740 2926 2878 2977 sunt
2925 2940 3139 2979 nomen
3190 2941 3386 2980 meum
3418 2927 3538 2997 (Job

1884 3027 2000 3076 xxx,
2026 3011 2135 3082 13).
2164 3031 2184 3058 ιι
2216 3010 2390 3066 David
2425 3026 2658 3082 quoque
2689 3027 2803 3066 non
2834 3011 3025 3068 solum
3050 3010 3540 3081 destitutum,sed

1886 3099 2059 3153 etiam
2092 3099 2503 3170 impugnatum
2536 3115 2597 3153 se
2628 3100 2700 3155 ab
2748 3099 2956 3155 amicis
3003 3104 3061 3156 et
3105 3100 3392 3173 proximis
3422 3103 3539 3158 cla-

1887 3190 2050 3243 mat:
2081 3210 2108 3235 «
2142 3186 2349 3255 Amici,
2382 3187 2595 3258 inquit,
2629 3187 2744 3243 mei
2789 3192 2848 3244 et
2890 3188 3139 3260 proximi
3183 3190 3295 3245 mei
3335 3190 3539 3266 adver-

2072 3275 2683 3346 appropinquaverunt
2726 3277 2894 3346 (Psal.
2936 3293 3148 3345 xxxvn,
3182 3278 3290 3345 12).
3327 3299 3356 3326 ››
3388 3277 3536 3350 Ergo

1886 3365 1935 3419 si
1964 3364 2024 3418 in
2055 3363 2165 3418 hoc
2204 3362 2412 3418 saeculo
2462 3364 2832 3435 reperiuntur
2870 3364 3021 3435 justi
3072 3362 3354 3437 derelicti,
3388 3380 3537 3437 quo-

1885 3453 2059 3508 modo
2110 3451 2221 3507 sibi
2280 3451 2570 3506 contraria
2618 3451 2762 3506 dixit
2809 3451 3016 3521 David;
3071 3452 3183 3509 nisi
3241 3451 3535 3528 intelligas

1886 3540 2041 3612 quod
2065 3540 2265 3611 justus
2285 3540 2394 3594 etsi
2425 3539 2482 3593 in
2515 3539 2726 3595 saeculo
2754 3538 3199 3613 derelinquitur,
3225 3558 3259 3597 a
3290 3541 3535 3599 Domino

1886 3634 2082 3684 tamen
2126 3643 2240 3682 non
2290 3626 2755 3698 derelinquitur?
2784 3627 2983 3701 Neque
3030 3628 3189 3686 enim
3238 3630 3343 3687 Job
3401 3622 3537 3688 cum

1888 3721 2042 3772 esset
2084 3717 2144 3770 in
2194 3719 2444 3771 stercore
2475 3715 2599 3786 (Job
2629 3732 2693 3781 ιι,
2733 3716 2809 3786 3),
2843 3734 2877 3773 a
2924 3716 3171 3774 Domino
3224 3718 3538 3777 derelictus

1888 3810 1995 3872 est,
2022 3820 2195 3876 quem
2225 3804 2284 3858 in
2314 3802 2665 3876 Angelorum
2699 3803 2942 3861 concilio
2965 3806 3250 3864 Dominus
3281 3807 3406 3881 ipse
3436 3825 3542 3865 sua

1887 3910 2025 3950 voce
2053 3892 2350 3953 laudabat,
2381 3908 2555 3961 quem
2585 3894 2793 3948 tentari
2825 3911 3037 3966 passus
3067 3900 3175 3964 est,
3210 3898 3276 3951 ut
3304 3913 3543 3952 corona-

1890 3986 1999 4045 ret,
2020 3981 2399 4036 tentationem
2432 3986 2629 4035 autem
2661 3982 2718 4036 in
2752 3998 2963 4054 corpus
2996 3982 3173 4050 dedit,
3196 3981 3254 4037 in
3279 3982 3540 4038 animam

1892 4069 2213 4141 denegavit.
2275 4069 2428 4124 808
2491 4068 2609 4123 Nec
2673 4068 2984 4137 derelictus
3051 4070 3232 4125 David
3291 4070 3386 4126 cui
3452 4087 3540 4128 re-

1893 4175 2072 4231 gnum
2128 4156 2304 4223 dedit,
2338 4161 2403 4211 ut
2456 4156 2671 4228 populo
2730 4157 3043 4228 imperaret
3097 4158 3306 4228 electo;
3364 4174 3541 4232 quem

1895 4244 2343 4318 parricidalibus
2374 4244 2587 4316 praeliis
2633 4245 2980 4317 appetitum,
3013 4245 3176 4319 regni
3208 4246 3299 4302 sui
3337 4245 3542 4320 depul-

1896 4352 2029 4391 sum
2077 4332 2312 4399 ﬁnibus,
2342 4332 2597 4387 victoria:
2634 4334 2770 4404 jure
2825 4333 3100 4391 restituit.
3144 4334 3261 4408 Ipsi
3308 4340 3544 4408 queque

1895 4423 2094 4491 Jacob,
2145 4421 2301 4477 Elias
2349 4425 2405 4477 et
2452 4420 2714 4488 Elisaeus,
2764 4425 2821 4476 et
2867 4421 3122 4478 Joannes
3171 4423 3453 4496 Baptista,
3486 4426 3545 4480 et

1899 4511 2090 4569 caeteri
2122 4511 2221 4582 qui
2254 4511 2311 4564 in
2344 4509 2597 4580 caprinis
2628 4508 2879 4582 pellibus
2926 4511 3357 4570 circumeuntes
3386 4529 3543 4569 erra-

104 4604 461 4660 inverteret.
490 4598 779 4657 Jeremias
821 4598 881 4654 in
910 4598 1082 4654 vulva
1130 4599 1336 4655 matris
1386 4601 1785 4659 sanctiﬁcatus
1814 4591 2040 4684 Dibant
2081 4601 2139 4655 in
2190 4597 2629 4666 solitudinibus,
2663 4602 2719 4653 et
2748 4598 3068 4667 montibus,
3119 4603 3177 4655 et
3224 4599 3541 4674 speluncis,

102 4697 209 4749 est
241 4692 304 4745 et
336 4688 914 4759 probatus.Joannes
935 4686 1199 4760 Baptista
1218 4687 1547 4759 Principem
1580 4690 1785 4762 agonis

105 4776 398 4842 humani,
428 4777 972 4849 premiatoremque
1003 4775 1376 4843 luctantium,
1402 4778 1650 4833 necdum
1686 4796 1783 4833 ua-

107 4874 223 4925 tus
244 4864 479 4920 venisse
499 4864 787 4936 cognovit,
809 4864 1063 4935 atquein
1096 4868 1261 4919 utero
1280 4865 1488 4920 matris
1511 4866 1783 4923 exsiliens

107 4956 235 5028 pia
268 4952 535 5007 brevium
567 4951 954 5007 confessionis
986 4952 1253 5006 emeruit.
1290 4952 1463 5006 Recte
1486 4954 1611 5022 jam
1643 4956 1783 5009 tunc

110 5040 479 5113 designatus
524 5044 611 5095 est
658 5040 730 5094 ad
770 5056 1067 5107 coronam,
1101 5039 1201 5110 qui
1259 5044 1392 5095 ante
1449 5057 1650 5096 omnes
1708 5043 1780 5097 ad

111 5126 350 5189 Christi
382 5143 627 5200 agonem
659 5126 794 5183 fidei
828 5127 997 5182 testis
1028 5132 1083 5183 et
1127 5143 1311 5198 praeco
1342 5128 1573 5182 virtutis
1606 5146 1778 5185 suum

110 5232 345 5277 nomen
394 5215 708 5271 obtulerat.
742 5216 930 5272 Bonas
979 5231 1183 5287 praeco,
1216 5215 1316 5287 qui
1367 5216 1439 5271 ad
1488 5221 1779 5272 certamen

109 5307 279 5367 alios
311 5304 616 5361 excitabat.
648 5305 720 5359 Et
746 5320 877 5360 vere
922 5304 1110 5358 bonus
1140 5320 1347 5375 praeco,
1373 5305 1472 5369 qui
1504 5309 1624 5360 tam
1657 5322 1779 5360 ma-

189 5479 516 5553 (281mm;
544 5478 740 5553 10011311
784 5475 1122 5553 memoriter
1157 5476 1354 5553 citavit
1398 5478 1778 5553 Ambrosius;

110 5548 613 5633 quandoquidem
663 5550 842 5633 Jacob
874 5548 1119 5675 fugienti
1151 5548 1388 5629 fratrem
1441 5566 1507 5605 ea
1552 5550 1780 5620 tribuit,

110 5643 256 5675 mm
291 5625 363 5675 ab
396 5640 464 5675 eo
497 5638 556 5675 ιιι
587 5627 837 5675 patriam
870 5636 930 5675 re
976 5624 1148 5675 eunte
1177 5620 1330 5675 dicta
1361 5625 1778 5675 memorantur.

110 5620 363 5702 ᾇᾳεεηειι)
390 5620 464 5702 eo
497 5622 556 5676 in
587 5622 837 5702 patriam
870 5620 1148 5702 redeunte
1177 5620 1330 5702 dicta
1361 5625 1778 5677 memorantur.

114 5690 214 5756 Ab
248 5696 332 5752 ibi
367 5694 550 5751 etiam
581 5690 868 5766 reperitur
897 5690 1094 5762 aliqua
1140 5691 1418 5761 varietas;
1470 5708 1601 5748 cum
1654 5710 1778 5765 pro,

1892 4695 1950 4746 et
1980 4689 2161 4745 foveis
2190 4692 2377 4754 terrae,
2409 4686 2546 4742 licet
2575 4686 2829 4743 ludibria
2860 4687 3049 4744 multa
3079 4691 3136 4744 et
3170 4691 3376 4747 acerba
3406 4707 3543 4761 sup-

1893 4778 2067 4851 plicia
2122 4776 2402 4831 tolerasse
2461 4775 2793 4844 videantur;
2854 4780 3051 4833 tamen
3110 4794 3225 4834 non
3285 4774 3546 4834 derelicti

1894 4870 2051 4922 sunt.
2081 4864 2379 4936 Siquidem
2412 4881 2544 4919 cum
2587 4865 2824 4920 fratrem
2874 4866 3098 4938 fugeret
3123 4865 3323 4932 Jacob,
3355 4869 3413 4920 et
3442 4881 3545 4935 per

1893 4955 2125 5010 deserta
2150 4953 2526 5008 incomitatus
2555 4957 2795 5017 erraret,
2818 4952 3187 5021 obdormivit,
3209 4956 3266 5008 et
3296 4967 3543 5024 surgens

1892 5042 2038 5096 vidit
2088 5040 2167 5095 ibi
2224 5039 2661 5095 multitudinem
2716 5039 2965 5095 ccelestis
3017 5038 3262 5106 militiae,
3309 5042 3366 5095 et
3411 5038 3537 5095 ait:

1893 5154 1918 5180 ‹‹
1954 5130 2057 5183 Hic
2106 5127 2271 5182 locus
2323 5131 2562 5181 vocatur
2617 5131 2805 5182 castra
2860 5125 3201 5198 angelorum
3244 5126 3354 5198 (28)
3374 5124 3537 5197 (Gen.

1888 5233 2068 5283 xxxn,
2100 5217 2176 5286 2).
2204 5236 2230 5264 »
2262 5214 2387 5268 Non
2421 5214 2564 5270 satis
2593 5214 2705 5268 fuit
2732 5217 2990 5269 castrum
3022 5230 3249 5284 vocare,
3280 5215 3382 5271 sed
3413 5231 3540 5272 cas-

1890 5309 2000 5373 tra,
2019 5320 2147 5376 quae
2176 5306 2349 5358 tanta:
2394 5301 2759 5357 multitudini
2791 5302 3375 5362 convenirent.Vides
3403 5319 3541 5379 ergo

1892 5483 2069 5536 castra
2084 5476 2647 5561 “angelorumﬁxlx
2695 5477 2906 5561 Interp.
2949 5477 3223 5561 habeant,
3247 5487 3546 5561 μαριιεὸρλῆ

1892 5561 2013 5607 Θεοῦ
2044 5559 2170 5617 αὕτη
2199 5547 2216 5603 “;
2252 5566 2367 5621 qua
2397 5549 2454 5603 in
2485 5547 2734 5621 lectione
2763 5547 2907 5621 ipsis
2929 5551 3080 5607 sacri
3102 5547 3546 5616 omnium'idio'i

1894 5627 2119 5678 metum
2152 5619 2379 5678 codices
2405 5619 2796 5678 consentiunt.
