3894 6208
143 371 315 439 1048

1193 371 1646 439 ENARRATIO
1687 367 1768 435 IN
1810 365 2192 437 PSALMUM
2236 368 2510 439 XXXVI.

3395 353 3551 428 1016

148 512 266 580 16).
305 533 333 560 ››
358 508 510 568 Audi
533 509 682 583 justi
708 504 1162 568 semen.«Filioli
1192 512 1326 577 mei,
1361 527 1508 582 quos
1539 526 1642 581 ego
1669 526 1794 579 par-
1826 505 1883 571 Α
1912 515 2062 562 recte
2093 510 2319 573 offeras,
2364 527 2474 565 non
2527 510 2680 563 recte
2720 505 2970 578 dividas;
3020 498 3272 578 peccasti
3315 508 3336 560 ι
3384 497 3552 571 quie-

145 601 331 666 turio,
389 601 574 656 donec
623 601 904 657 formetur
945 601 1212 657 Christus
1269 600 1329 654 in
1384 600 1547 654 vobis
1597 598 1790 669 (Galat.

150 707 231 758 1v,
267 691 378 760 19).
415 712 443 739 »
473 691 543 745 Et
574 707 728 745 nunc
759 690 806 745 si
841 690 972 761 quis
1002 707 1068 745 ex
1100 689 1372 762 gentibus
1402 688 1636 743 veniens
1677 702 1796 741 ser-

151 795 392 835 monem
425 778 625 834 audiat
654 783 942 849 nostrum,
976 785 1032 833 et
1060 779 1343 834 Dominus
1365 780 1570 848 juvare
1598 776 1798 847 digne-

154 872 271 934 tur,
335 871 400 922 ut
451 868 733 924 formetur
789 867 1058 922 Christus
1116 866 1174 920 in
1226 866 1419 921 animo
1478 867 1626 936 ejus,
1686 881 1799 935 quo

153 960 362 1028 partus
413 956 546 1010 ﬁdei
600 957 744 1010 ferat
795 973 807 1010 ι
864 971 1061 1011 semen
1109 955 1159 1010 ei
1206 953 1473 1010 Christus
1518 953 1641 1007 erit.
1678 951 1802 1007 lllic

77 1063 90 1074 ·
155 1045 214 1100 in
251 1048 520 1116 utroque.
555 1044 848 1099 Abraham
884 1045 1080 1115 itaque
1126 1048 1182 1097 et
1221 1042 1611 1114 generationis
1642 1044 1806 1113 pater

155 1138 282 1190 erat
342 1134 666 1189 secundum
718 1134 867 1189 805
928 1148 1183 1198 carnem,
1216 1138 1272 1187 et
1318 1133 1368 1186 is
1417 1131 1514 1202 qui
1562 1130 1803 1184 verbum

157 1221 396 1277 Domini
428 1222 486 1275 in
519 1221 849 1292 pectoribus
883 1222 1186 1291 justorum
1232 1221 1457 1292 primus
1505 1218 1803 1273 infuderit.

157 1312 227 1366 Et
288 1311 418 1365 ideo
466 1311 573 1366 hoc
632 1325 830 1366 semen
869 1311 1111 1364 Abrahae
1164 1326 1340 1380 panes
1391 1310 1533 1363 istos
1591 1308 1807 1379 quibus

160 1400 492 1470 praebeatur
563 1399 880 1471 corporalis
956 1398 1250 1459 alimonia,
1329 1415 1442 1451 non
1513 1396 1804 1467 requirit;

160 1488 303 1559 quia
331 1487 508 1543 habet
537 1503 746 1558 panem
769 1487 1036 1558 justitiae,
1068 1487 1168 1557 qui
1213 1485 1511 1542 descendit
1539 1486 1610 1540 de
1641 1483 1802 1540 caelo.

161 1576 330 1631 Sicut
359 1574 515 1630 enim
539 1578 828 1646 negantur
859 1574 960 1628 filii
991 1574 1236 1628 Abrahae
1273 1575 1372 1644 qui
1421 1589 1595 1646 Opera
1623 1574 1805 1627 Abra-

161 1664 248 1719 hze
281 1681 399 1719 non
433 1663 673 1718 fecerint
723 1682 735 1718 :
785 1664 864 1718 ita
913 1680 1110 1718 semen
1164 1663 1405 1717 Abrahaa
1446 1667 1605 1728 sunt,
1633 1667 1688 1717 et
1719 1662 1806 1715 in-

161 1758 249 1808 ter
301 1753 454 1807 ﬁlios
503 1752 882 1823 recipiuntur,
945 1751 1043 1821 qui
1102 1768 1248 1823 opus
1316 1753 1444 1822 ejus
1512 1751 1808 1823 effecerint

1907 619 2000 659 sce
2039 601 2194 670 (Gen.
2238 617 2310 665 1v,
2344 601 2418 670 7).
2456 620 2484 648 »
2517 600 2581 653 Et
2630 601 2693 652 tu
2742 601 2897 652 recte
2942 593 3154 661 divide,
3204 604 3278 647 ne
3323 603 3548 663 pecces.

1907 694 2036 764 Ipse
2067 691 2290 763 Moyses
2319 690 2520 744 doceat
2549 691 2604 742 te
2634 686 2909 752 dividere,
2960 684 3060 755 qui
3110 678 3417 737 admonuit
3459 693 3550 764 ref

1909 763 1998 836 cte
2028 779 2444 845 dividendum;
2479 780 2544 831 ut
2571 775 2836 847 sequaris
2884 773 3040 845 quod
3083 769 3223 826 Abel
3271 767 3410 842 egit,
3451 763 3553 838 qui

1911 875 2064 925 recte
2104 868 2299 922 divisit
2356 883 2367 920 :
2417 865 2606 937 fugias
2656 864 2810 935 quod
2855 862 2995 918 Cain
3047 859 3338 932 parricida
3397 855 3551 921 fecit,

1913 958 2012 1029 qui
2039 958 2311 1027 recte(31)
2331 955 2584 1010 dividere
2616 952 2927 1009 nesciebat.
2958 948 3174 1005 Dividit
3203 962 3340 1018 ergo
3369 943 3555 1017 Spiri-

1911 1051 2008 1102 tus
2040 1049 2276 1101 sanctus
2308 1043 2751 1112 divisiones,qui
2779 1043 3052 1111 operatur
3073 1035 3271 1092 omnia
3290 1034 3554 1090 dividens

1916 1135 2166 1207 singulis
2225 1136 2397 1204 prout
2451 1131 2575 1185 vult
2619 1149 2631 1185 :
2678 1128 2775 1183 ille
2832 1131 3006 1199 prout
3057 1124 3201 1192 vult,
3261 1127 3325 1178 tu
3382 1124 3556 1194 prout

1917 1229 2100 1295 potes,
2135 1225 2306 1293 prout
2333 1219 2567 1291 ingenio
2613 1217 2790 1272 vales.
2825 1214 3028 1271 Divide
3075 1210 3308 1283 quando
3352 1209 3439 1264 lex
3482 1207 3554 1295 de

1918 1293 2163 1385 pecunia
2194 1310 2367 1373 dicat,
2400 1308 2632 1379 quando
2661 1307 2732 1361 de
2761 1303 2969 1376 gratia.
3006 1299 3160 1356 Dixit
3205 1298 3362 1353 enim
3400 1293 3554 1385 tibi:

1918 1383 1944 1450 ἶ(
1977 1400 2285 1456 Fenerabis
2343 1397 2636 1468 gentibus,
2667 1394 2836 1463 cujus
2886 1390 3168 1446 Dominus
3198 1388 3410 1442 usuras
3440 1383 3558 1440 exi-

1916 1489 2019 1561 git,
2071 1494 2135 1543 tu
2191 1491 2387 1541 autem
2443 1502 2558 1540 non
2618 1480 2980 1539 mutuaberis
3039 1479 3217 1548 (Deut.
3277 1492 3368 1540 xv,
3415 1473 3557 1561 6).»

1917 1560 2017 1634 Est
2065 1581 2122 1633 et
2176 1575 2422 1648 pecunia
2471 1573 2706 1639 fenoris,
2740 1574 2830 1626 est
2875 1573 2931 1624 et
2977 1566 3186 1639 gratia,
3236 1563 3406 1634 cujus
3445 1560 3557 1616 Do-

1917 1666 2112 1722 minus
2153 1681 2364 1720 usuras
2411 1661 2614 1733 exigit;
2674 1657 2930 1731 pecunia
2980 1653 3217 1718 fenoris,
3258 1668 3334 1706 es
3382 1649 3560 1704 habet

1915 1755 2100 1827 gratia
2148 1753 2322 1808 fidem
2377 1749 2618 1806 confert.
2668 1749 2947 1803 Fenerato
2993 1759 3130 1815 ergo
3187 1740 3340 1798 800
3378 1737 3555 1827 ﬁdem

163 1843 342 1933 (Ιορηο
409 1858 530 1933 Vi”,
593 1840 704 1933 :39).
763 1840 978 1895 Verum
1008 1929 1019 1933 _
1048 1840 1291 1894 Abrahae
1361 1856 1559 1895 Semen
1632 1839 1804 1920 Elias.
1839 1869 1886 1933 B
1917 1824 2209 1918 gentibus,
2244 1845 2308 1896 ut
2353 1840 2457 1895 tibi
2497 1838 2754 1894 abundet
2799 1834 2987 1907 gratia
3030 1851 3042 1888 :
3086 1837 3148 1886 tu
3196 1833 3410 1933 autem‘
3439 1824 3557 1882 noli

162 1930 255 1986 cui
289 1928 530 2000 angelus
560 1928 836 1984 alimenta
888 1929 1200 2000 praebebat,
1250 1933 1308 1983 et
1337 1929 1392 1982 in
1426 1928 1634 1983 virtute
1663 1945 1805 1983 esca:

162 2018 327 2073 illius
375 2017 762 2089 quadraginta
811 2017 1037 2072 dierum
1089 2016 1397 2071 curriculis
1446 2016 1802 2071 ambulabat.

159 2107 286 2163 Non
320 2105 651 2177 requirebat
697 2105 872 2160 istam
925 2106 1184 2176 corporis
1233 2105 1410 2175 hujus
1442 2105 1803 2171 alimoniam,

159 2211 367 2250 verum
398 2209 596 2250 semen
625 2193 890 2260 Abrahae,
924 2193 1016 2247 cui
1066 2209 1245 2264 panes
1295 2193 1706 2248 deferebantur
1737 2194 1807 2248 de

161 2283 328 2339 caelo.
384 2282 646 2352 Denique
700 2281 853 2336 corvi
907 2281 958 2335 ei
1016 2280 1420 2353 quotidianum
1480 2281 1804 2336 convivium

162 2370 603 2428 ministrabant.
641 2371 724 2425 Ita
770 2369 1008 2441 indigus
1061 2375 1184 2425 erat
1231 2371 1514 2434 omnium,
1550 2375 1614 2425 ut
1659 2369 1806 2425 nihil

161 2461 408 2516 haberet
436 2474 632 2526 suum,
664 2462 721 2514 et
750 2458 1091 2513 mittebatur
1136 2462 1202 2513 ut
1247 2459 1465 2514 victum
1514 2459 1644 2514 aliis
1693 2458 1806 2514 lar-

160 2550 406 2621 giretur.
439 2547 654 2602 Verum
685 2563 883 2602 semen
917 2545 1140 2612 Daniel,
1174 2546 1268 2601 cui
1297 2547 1450 2602 inter
1479 2547 1675 2602 leones
1705 2565 1806 2619 po-

161 2637 276 2693 sito
309 2651 476 2691 aerea
517 2633 734 2690 fercula
778 2651 879 2705 per
911 2635 1178 2690 Habacuc
1224 2635 1568 2706 prophetam
1599 2635 1809 2690 referta

159 2739 496 2780 messorum
528 2721 717 2794 epulis
746 2722 1125 2777 vehebantur.
1159 2723 1263 2778 Est
1307 2740 1442 2795 ergo
1493 2723 1660 2795 panis
1691 2726 1804 2778 An-

158 2811 452 2884 gelorum,
487 2827 656 2882 quem
688 2810 1062 2865 manducavit
1089 2809 1297 2877 homo;
1351 2810 1432 2866 sic
1479 2811 1633 2866 enim
1665 2811 1806 2866 scri-

158 2907 334 2973 ptum
366 2903 454 2954 est
488 2917 500 2954 :
536 2922 563 2949 «
598 2899 810 2953 Panem
843 2897 1182 2969 angelorum
1215 2899 1586 2954 manducavit
1632 2899 1806 2955 homo

165 2989 582 3057 (Psal.1.xxvu,
617 2987 728 3057 25).
784 3009 810 3034 ››
864 2986 966 3040 Hic
1019 2990 1106 3040 est
1157 2987 1344 3058 panis,
1386 2988 1457 3042 de
1505 3004 1619 3058 quo
1665 2988 1808 3042 dixit

159 3076 346 3134 David
383 3094 394 3130 :
431 3099 457 3124 ‹‹
494 3075 773 3129 Dominus
803 3075 988 3146 pascit
1020 3091 1133 3139 me,
1155 3079 1211 3128 et
1243 3074 1388 3129 nihil
1422 3076 1563 3130 mihi
1595 3076 1802 3132 deerit:

159 3165 224 3221 in
256 3164 382 3220 loco
410 3163 580 3217 viridi
629 3163 708 3216 ibi
763 3179 855 3217 me
898 3161 1216 3217 collocavit.
1249 3164 1434 3234 Super
1466 3180 1679 3235 aquam
1719 3181 1805 3220 re-

1919 1915 2172 1988 mutuari
2227 1929 2392 2001 quasi
2425 1927 2684 2000 indigus,
2718 1925 2817 1981 sed
2868 1921 3036 1994 quasi
3087 1920 3248 1974 dives
3295 1920 3352 1973 et
3396 1915 3556 1971 locu-

1916 2023 2040 2093 ples
2102 2021 2379 2075 fenerato.
2417 2014 2718 2071 Feneravit
2776 2013 3002 2076 Petrus,
3075 2005 3355 2063 feneravit
3409 2003 3555 2058 Pau-

1915 2111 2028 2175 lus,
2082 2107 2361 2163 feneravit
2404 2106 2661 2161 Joannes
2709 2098 3100 2172 Evangelista,
3149 2094 3235 2150 vel
3284 2095 3552 2163 uterque,

1917 2198 2048 2268 (32),
2081 2201 2136 2252 et
2167 2213 2281 2250 non
2311 2193 2590 2266 indiguit;
2627 2191 2736 2246 hoc
2767 2193 2855 2244 est
2884 2186 3218 2248 fenerarunt
3247 2179 3554 2255 pecuniam

1915 2286 2150 2352 Christi,
2179 2302 2291 2340 non
2327 2284 2663 2338 fenerarunt
2705 2276 2985 2351 pecunias
3034 2275 3105 2329 ad
3157 2285 3420 2328 usuram.
3452 2269 3555 2323 Fe-

1916 2391 2056 2429 nera
2085 2390 2241 2444 ergo,
2283 2376 2339 2426 et
2369 2371 2486 2425 noli
2535 2368 2813 2424 desistere
2861 2366 3136 2420 fenerare.
3186 2358 3367 2416 Audis
3415 2356 3554 2429 quid

1917 2461 2072 2516 dicat
2100 2460 2402 2531 Scriptura
2434 2477 2446 2512 :
2483 2482 2510 2506 «
2545 2458 2685 2511 Tota
2716 2454 2809 2509 die
2834 2452 3145 2508 miseretur
3173 2451 3231 2505 et
3260 2447 3500 2503 fenerat.
3527 2466 3554 2494 »

1913 2553 2119 2605 Justus
2151 2565 2252 2620 per
2281 2547 2435 2602 diem
2469 2547 2707 2609 fenerat,
2758 2557 2968 2598 avarus
3015 2540 3075 2593 in
3127 2540 3326 2603 nocte;
3369 2532 3558 2607 gratia

1915 2639 2069 2692 enim
2102 2638 2251 2692 lucis
2292 2639 2401 2700 est,
2433 2633 2676 2689 avaritia
2714 2634 2908 2686 autem
2952 2644 3135 2684 usura
3181 2624 3554 2681 tenebrarum

1915 2726 2098 2781 est.Et
2122 2726 2250 2780 ideo
2282 2739 2480 2778 semen
2512 2720 2827 2776 fenerantis
2855 2717 3032 2772 ﬁdem
3059 2715 3120 2769 in
3149 2709 3556 2768 benedictione

1914 2814 2042 2878 erit,
2076 2813 2299 2868 habens
2325 2811 2528 2881 utique
2557 2807 2866 2880 praemium
2895 2800 3338 2861 benedictionis.

1984 2903 2074 2956 63.
2136 2901 2322 2972 (Vers.
2390 2902 2482 2964 27,
2537 2900 2630 2962 28,
2688 2896 2802 2967 29.)
2859 2892 3099 2950 Declina
3155 2908 3190 2946 a
3253 2887 3430 2954 male,
3499 2889 3557 2943 et

1914 2991 2003 3046 fac
2035 2991 2284 3056 bonum;
2317 2992 2373 3044 et
2403 2985 2666 3041 inhabita
2693 2984 2750 3038 in
2783 2982 2995 3039 saecula
3042 2979 3386 3038 saeculorum
3419 2976 3554 3048 (33).

1914 3079 2199 3141 Quoniam
2248 3076 2530 3132 Dominus
2579 3077 2737 3130 amat
2779 3072 3090 3143 judicium,
3123 3073 3182 3126 et
3226 3083 3342 3124 non
3391 3065 3556 3120 dere-

1913 3164 2141 3238 linquet
2172 3168 2405 3220 sanctos
2441 3182 2452 3218 :
2483 3165 2551 3227 in,
2573 3166 2854 3217 aeternum
2903 3157 3428 3214 conservabuntur.
3464 3151 3557 3207 In-

165 3251 441 3308 factionis
490 3249 755 3306 educavit
803 3265 895 3304 me
942 3251 1111 3317 (Psal.
1163 3267 1296 3316 xxn,
1335 3231 1395 3316 ‘1,
1443 3231 1579 3322 2):»
1613 3253 1808 3308 Bonus
1839 3231 1880 3297 (ἶ
1907 3231 2056 3328 justi
2104 3258 2300 3310 autem
2349 3251 2684 3324 punientur,
2735 3253 2792 3304 et
2837 3264 3036 3304 semen
3094 3245 3412 3316 impiorum
3457 3255 3556 3311 pe-

161 3341 349 3398 David
379 3340 578 3396 docuit
608 3354 700 3394 me
727 3355 934 3410 panem
963 3337 1385 3409 angelorum,et
1416 3339 1539 3410 ipse
1579 3357 1670 3395 me
1701 3342 1808 3396 do-

162 3430 291 3486 cuit
313 3444 525 3500 aquam
556 3426 910 3482 refectionis.
952 3426 1081 3481 Haec
1111 3426 1341 3481 refectio
1387 3427 1667 3498 spiritalis
1698 3434 1804 3495 est,

160 3519 290 3574 haec
321 3516 552 3572 refectio
582 3514 812 3587 requies
842 3519 930 3571 est
961 3513 1170 3569 mentis
1190 3513 1613 3571 internaa.Bona
1635 3532 1806 3587 aqua,

161 3623 295 3679 quae
329 3607 628 3676 peccatum
661 3603 832 3668 lavat,
862 3604 1108 3658 mundat
1137 3602 1381 3658 interna.
1408 3604 1540 3667 Quae
1563 3604 1640 3660 sit
1659 3622 1810 3676 aqua

159 3696 312 3762 haec,
343 3693 674 3749 audiamus.
715 3713 735 3742 ι
771 3691 830 3746 Si
863 3693 1017 3762 quis,
1046 3690 1260 3762 inquit,
1303 3692 1448 3758 sitit,
1500 3693 1691 3747 veniat
1738 3696 1806 3749 ad

159 3785 348 3848 me,et
375 3779 668 3842 bibat.Qui
701 3779 882 3834 credit
901 3780 960 3834 in
989 3796 1100 3844 me,
1134 3779 1285 3834 sicut
1315 3780 1457 3834 dicit
1487 3781 1806 3853 Scriptura,

158 3869 415 3926 ﬂumina
445 3870 516 3922 de
544 3871 740 3923 ventre
766 3869 893 3937 ejus
927 3868 1106 3922 fluent
1128 3884 1290 3938 aquae
1312 3868 1593 3924 vivaa.Hoc
1613 3875 1807 3926 autem

157 3959 398 4015 dicebat
427 3957 496 4011 de
525 3956 766 4028 Spiritu,
801 3973 976 4027 quem
1007 3955 1364 4027 incipiebant
1399 3958 1676 4028 accipere,
1710 3961 1808 4031 qui

159 4045 447 4103 credituri
479 4049 644 4099 erant
683 4045 741 4098 in
792 4061 923 4099 eum
956 4045 1130 4115 (Joan.
1162 4061 1264 4108 v11,
1296 4046 1498 4117 37-39).
1533 4050 1675 4119 Ergo
1706 4065 1811 4104 nec

159 4137 276 4191 hoc
305 4151 470 4205 pane,
506 4149 607 4188 nec
639 4149 791 4204 aqua
825 4132 1154 4188 refectionis
1207 4133 1428 4204 indiget
1462 4135 1684 4204 justus,
1717 4137 1808 4192 cui

159 4221 422 4295 Spiritus
454 4224 692 4276 sanctus
724 4224 813 4276 est
842 4220 1072 4291 requies
1101 4224 1156 4274 et
1188 4221 1437 4275 refectio.

235 4313 328 4364 62.
363 4308 550 4379 (Vers.
582 4309 698 4378 26.)
722 4308 1022 4374 Quomodo
1052 4311 1247 4364 autem
1279 4310 1490 4379 poterit
1533 4310 1810 4384 indigere,

162 4397 268 4470 qui
305 4401 487 4451 «tota
542 4397 632 4452 die
687 4397 995 4451 miseretur
1042 4401 1098 4451 et
1146 4397 1402 4452 fenerat?
1455 4421 1480 4444 ››
1533 4401 1678 4464 Quid
1729 4407 1816 4457 est

162 4486 329 4558 quod
383 4485 602 4539 fenerat
640 4484 878 4554 justus?
909 4485 1032 4539 Non
1083 4502 1179 4548 res,
1233 4502 1345 4540 non
1398 4487 1638 4552 ferrum,
1701 4508 1815 4546 non

1916 3327 2072 3400 ribit.
2105 3343 2256 3397 Justi
2301 3339 2634 3395 hareditate
2666 3336 3052 3409 possidebunt
3098 3336 3336 3397 terram,
3368 3332 3426 3384 et
3465 3327 3554 3382 in-

1917 3431 2266 3488 habitabunt
2315 3430 2374 3482 in
2425 3427 2704 3483 saeculum
2761 3423 2956 3481 saeculi
3014 3438 3192 3494 super
3246 3434 3398 3475 eam.
3454 3415 3556 3471 His

1915 3518 2219 3576 versiculis
2245 3519 2606 3572 demonstrat
2633 3513 2918 3586 Propheta
2958 3511 3112 3584 quod
3160 3507 3557 3581 pertineamus

1920 3609 1990 3665 ad
2042 3607 2379 3670 Dominum,
2408 3607 2465 3659 et
2518 3604 2644 3676 ipse
2693 3601 2912 3657 arbiter
2972 3598 3563 3672 cogitationum-ope-

1919 3695 2331 3765 rationumque
2361 3695 2698 3748 nostrarum
2745 3690 2840 3758 sit,
2875 3693 3148 3762 spectans
3190 3685 3399 3743 merita
3445 3683 3564 3739 sin-

1918 3784 2211 3857 gulorum,
2245 3780 2346 3853 qui
2394 3781 2539 3836 nihil
2588 3780 2714 3836 sine
2754 3778 2974 3851 judicio
3031 3777 3183 3851 agit;
3231 3776 3332 3833 sed
3377 3771 3566 3828 malos

1918 3878 1975 3928 et
2031 3873 2214 3927 bonos
2276 3874 2440 3925 actus
2500 3869 2726 3940 judicio
2777 3867 3078 3925 discernit.
3139 3862 3564 3921 Declinandum

1920 3977 2054 4033 ergo
2085 3965 2172 4015 est
2202 3977 2234 4013 a
2264 3960 2438 4024 malo,
2473 3962 2528 4012 et
2561 3956 2891 4012 faciendum
2941 3959 3031 4010 est
3077 3954 3320 4009 bonum.
3353 3951 3436 4005 Ne
3464 3948 3568 4003 bo-
3615 3995 3618 3998 .

1921 4067 1996 4105 na
2048 4048 2315 4118 malaque
2361 4045 2706 4112 confundas,
2742 4045 2906 4116 prius
2963 4045 3053 4098 est
3111 4044 3176 4096 ut
3205 4039 3448 4096 crimine
3477 4043 3571 4099 ca:

1922 4154 2051 4193 reas
2084 4155 2096 4190 :
2125 4139 2323 4207 postea
2369 4139 2434 4188 ut
2480 4132 2821 4188 innocentia:
2871 4131 3126 4185 fructum
3172 4127 3420 4194 deferas,
3451 4143 3569 4199 quo

1922 4225 2113 4298 possis
2159 4239 2287 4278 esse
2335 4225 2671 4293 perpetuus.
2724 4219 2848 4274 Noli
2905 4221 3110 4290 putare
3169 4215 3323 4288 quod
3383 4214 3570 4272 Deum

1923 4320 2027 4371 tua
2084 4315 2320 4385 peccata
2377 4312 2757 4381 praetereant;
2820 4307 2903 4362 sic
2959 4304 3117 4361 enim
3171 4303 3433 4376 plerique
3487 4304 3571 4361 la-

1925 4404 2163 4457 buntur.
2217 4399 2344 4470 Ipse
2392 4397 2664 4452 universa
2711 4394 2894 4450 cernit
2940 4397 2996 4449 et
3052 4394 3314 4460 damnat,
3363 4397 3420 4448 et
3463 4393 3572 4448 im-

1927 4491 2156 4562 piorum
2231 4503 2429 4542 semen
2490 4484 2869 4550 exterminat;
2931 4497 3130 4538 semen
3187 4481 3392 4553 utique
3458 4498 3574 4538 non

161 4574 482 4648 plumbum
520 4590 531 4626 :
575 4573 673 4627 sed
725 4578 1031 4645 argentum
1066 4574 1186 4645 igni
1237 4575 1657 4633 examinatum.
1708 4580 1825 4636 Hoc
1860 4593 1904 4655 Γ)
1936 4575 2251 4650 corporalis
2280 4573 2693 4647 generationis,
2727 4572 2827 4628 sed
2861 4569 3073 4626 mentis
3103 4570 3342 4626 internae
3380 4575 3438 4626 et
3465 4571 3573 4625 im-

159 4663 360 4718 defert
407 4662 478 4715 ad
540 4677 804 4716 mensam
864 4661 1114 4729 Domini,
1151 4667 1211 4717 et
1263 4663 1472 4718 dividit
1528 4668 1831 4737 requiren-

159 4751 334 4806 tibus
385 4767 396 4804 :
447 4750 536 4803 cui
598 4767 797 4814 unam,
843 4750 934 4804 cui
983 4750 1151 4820 duas,
1203 4750 1292 4804 cui
1344 4752 1604 4824 quinque
1664 4774 1832 4813 mnas

163 4837 435 4911 quotidie
493 4838 720 4904 dividit,
779 4842 834 4892 et
883 4855 1185 4910 nunquam
1237 4839 1447 4894 deﬁcit.
1502 4842 1610 4896 Sed
1666 4846 1826 4900 fene-

158 4928 461 4984 rationem
525 4927 858 4982 audivimus
917 4927 974 4981 in
1031 4927 1177 4999 Lege
1247 4929 1678 4999 reprehensam,
1745 4936 1830 4988 di-

162 5020 344 5072 cente
376 5015 574 5087 Moyse
607 5033 618 5070 :
650 5037 676 5064 «
712 5015 835 5069 Non
887 5015 1178 5070 fenerabis
1230 5016 1406 5086 (Deut.
1458 5035 1618 5086 xxm,
1655 5021 1768 5091 19).
1806 5044 1832 5070 ››

165 5103 402 5175 Duplex
451 5108 540 5158 est
584 5102 863 5158 feneratio
911 5120 923 5157 :
978 5121 1094 5158 una
1143 5104 1419 5174 pecuniae,
1467 5106 1648 5163 altera
1701 5126 1831 5181 gra-

163 5192 289 5248 tiae.
351 5191 552 5245 Divide
601 5195 913 5262 utramque
947 5208 958 5244 :
995 5192 1134 5262 quia
1184 5191 1467 5263 scriptum
1503 5200 1592 5250 est
1627 5214 1637 5250 :
1674 5220 1700 5246 «
1746 5198 1831 5253 Si-

252 5386 368 5463 (3!)
397 5385 1100 5463 Codicesaliquotmanu
1131 5387 1370 5463 exarati,
1401 5411 1427 5437 «
1462 5395 1527 5463 ut
1566 5395 1833 5463 sequaris

172 5456 356 5531 quod
379 5456 518 5531 Abel
553 5457 652 5528 qui
683 5461 834 5531 recte
867 5457 1062 5512 divisit
1087 5475 1098 5512 :
1124 5458 1315 5530 fugias
1345 5462 1498 5529 quod
1523 5456 1665 5518 Cain
1689 5471 1832 5528 erat,

168 5528 477 5603 parricida
507 5533 651 5594 erat,
684 5528 783 5603 qui
817 5533 986 5603 recte,
1028 5534 1135 5603 e_tc.

252 5599 372 5741 232)
403 5599 673 5670 Uterque,
705 5599 997 5680 nimirum
1044 5599 1410 5672 Evangelista
1452 5605 1508 5656 et
1551 5603 1830 5676 Baptista.

279 5671 348 5725 33
405 5670 571 5726 Rom.
626 5671 767 5730 edit.
836 5671 990 5726 hunc
1047 5688 1303 5737 versum,
1350 5689 1414 5728 ac
1462 5675 1533 5727 29
1581 5677 1661 5731 ita
1712 5695 1830 5734 mu-

279 5670 372 5737 33)
405 5670 571 5726 Rom.
626 5671 767 5730 edit.
836 5671 990 5726 hunc
1047 5670 1303 5737 versum,
1350 5689 1414 5728 ac
1462 5675 1533 5727 29
1581 5670 1661 5731 ita
1712 5695 1833 5734 mu-

173 5746 433 5809 taverat,
465 5745 530 5798 ut
558 5741 617 5798 in
649 5742 757 5799 hoc
788 5746 1026 5813 poneret
1060 5761 1072 5800 :
1109 5766 1135 5792 ‹‹
1169 5743 1235 5798 Et
1264 5743 1528 5802 inhabita
1560 5747 1618 5803 in
1651 5765 1833 5807 swcu-

1942 4666 2172 4739 pietatis
2203 4663 2654 4719 successionem.
2688 4661 2833 4716 Nam
2861 4661 3062 4732 utique
3099 4659 3230 4725 Job,
3284 4659 3354 4714 de
3403 4658 3577 4716 semi-

1945 4773 2015 4811 ne
2048 4756 2195 4810 Esau
2229 4752 2461 4825 genitus
2487 4751 2798 4822 Scriptura:
2847 4749 3254 4806 testiﬁcatione
3293 4748 3576 4820 signatur.

1943 4844 2078 4912 (Job.
2142 4862 2179 4909 1,
2238 4843 2308 4904 1).
2365 4839 2663 4904 Quomodo
2721 4855 2855 4911 ergo
2919 4854 3119 4894 semen
3189 4835 3341 4891 Esau
3411 4834 3582 4905 periit

1944 4932 2001 4986 in
2053 4932 2184 4996 Job,
2219 4946 2353 4985 cum
2400 4932 2600 4983 tantus
2643 4927 2751 4983 iste
2797 4927 2884 4981 vir
2935 4925 3128 4990 fuerit,
3160 4927 3226 4978 ut
3273 4924 3584 4977 venturum

1944 5020 2000 5074 in
2052 5024 2238 5074 terras
2288 5016 2598 5071 Dominum
2651 5014 3010 5084 praevideret,
3042 5010 3140 5082 qui
3172 5012 3366 5064 cetum
3413 5008 3586 5065 istius

1945 5106 2140 5163 saeculi
2174 5103 2474 5160 diabolum
2507 5101 2880 5173 subjugaret?
2928 5104 3075 5171 Ergo
3127 5097 3237 5152 hoc
3285 5096 3584 5169 quaeritur,

1947 5213 2017 5251 ne
2079 5193 2302 5249 malitia
2350 5191 2795 5247 transfundatur
2848 5189 2906 5244 in
2963 5189 3248 5261 posteros.
3306 5185 3424 5242 Hoc
3481 5199 3585 5258 per

1945 5391 2070 5446 lum
2102 5387 2328 5454 saeculi;
2367 5410 2392 5434 ››
2423 5386 2478 5441 in
2512 5385 2608 5440 illo
2640 5388 2833 5439 autem
2868 5399 2878 5436 :
2906 5403 2987 5454 im
3021 5381 3090 5454 Et
3117 5375 3590 5454 honorificabunt

1951 5466 2127 5519 Deum
2161 5461 2219 5515 in
2253 5447 2464 5513 saecula
2495 5453 3068 5512 smculorum.»Haud
3100 5448 3273 5506 dubie
3304 5448 3377 5504 ad
3407 5447 3466 5519 id
3497 5464 3588 5503 re-

1946 5518 2231 5606 Spcxerat,
2267 5529 2602 5606 quodinfra
2628 5526 2877 5606 legimus
2912 5542 2924 5578 :
2958 5521 3167 5606 «‘Quid
3200 5518 3585 5606 autenm‘habif

1945 5589 2066 5661 tare
2098 5589 2376 5658 meruerit
2419 5601 2476 5654 in
2527 5589 2805 5655 saeculum
2837 5589 3053 5664 saeculi,
3103 5598 3210 5650 etc.
3245 5616 3271 5642 ››
3317 5591 3431 5648 Sed
3470 5589 3586 5664 hoc

1947 5680 2148 5733 contra
2177 5690 2319 5728 mss.
2354 5678 2410 5727 et
2438 5676 2548 5727 vet.
2583 5671 2719 5727 edit.
2753 5660 3104 5727 consensum
3146 5680 3355 5739 parum
3399 5660 3587 5718 valere

1945 5766 1974 5805 e
1986 5747 2378 5805 xistimamus.
