3894 6208
203 366 364 434 1049

1245 343 1704 447 ENAaaA'rI'o
1743 340 1838 429 ιιι
1867 361 2243 432 PSALMUM
2287 365 2555 432 XXXVI.

3443 337 3609 433 ‘I‘o’so

201 505 408 574 verbo,
433 501 720 576 scriptum
747 504 834 559 est
867 518 879 558 :
922 507 980 558 tu
1011 500 1190 575 aperi,
1224 500 1320 558 ille
1374 501 1664 574 loquetur.
1716 502 1848 557 Ideo
1876 503 1934 569 Ἀ
1965 501 2130 569 mihi,
2166 519 2330 558 soror
2357 519 2506 572 mea,
2541 518 2774 575 sponsa,
2801 475 3008 576 (Ibid).
3046 525 3073 553 »
3104 502 3253 560 Audi
3311 503 3604 576 quomodo

206 595 360 651 dixit
393 592 569 648 David
605 611 617 648 :
656 612 683 644 α
711 593 959 648 Audiam
991 592 1132 664 quid
1167 590 1440 664 loquatur
1468 591 1528 646 in
1559 607 1651 646 me
1669 591 1860 647 Domi-

206 701 322 739 nus
345 682 744 754 (Psalmxxxw,
765 681 880 752 9).»
905 671 969 735 Et
988 680 1112 752 ipse
1132 679 1232 736 Dei
1259 679 1436 736 Filius
1459 679 1597 735 dicit
1623 698 1634 735 :
1663 704 1688 729 ‹‹
1716 685 1859 751 Αροο

207 772 256 828 ri
279 787 346 827 os
365 775 558 838 tuum,
584 774 642 825 et
662 769 990 841 adimplebo
1009 769 1152 824 illud
1173 769 1342 840 (Psal.
1370 786 1531 837 LXXX,
1561 768 1669 839 41).
1697 791 1723 819 ››
1745 770 1855 824 Sed

207 877 328 916 non
361 875 566 915 omnes
595 862 660 912 ut
689 857 962 913 Salomon
995 862 1244 929 possunt
1273 857 1569 930 percipere
1634 857 1858 930 sapien-

204 948 300 1004 tia
327 947 736 1020 perfectionem
764 965 776 1014 ;
802 963 918 1002 non
967 963 1168 1001 omnes
1205 951 1270 1001 ut
1322 943 1539 1001 Daniel.
1573 946 1858 1002 Omnibus

209 1042 409 1092 tamen
435 1053 539 1108 pro
558 1034 940 1107 possibilitate
964 1033 1292 1089 infunditur
1331 1033 1574 1107 Spiritus
1627 1034 1856 1106 sapien-

207 1126 306 1182 tiae
335 1143 349 1193 ;
375 1126 479 1180 sed
505 1123 781 1180 omnibus
803 1124 902 1195 qui
931 1122 1127 1179 ﬁdeles
1164 1128 1319 1179 sunt.
1346 1123 1407 1178 Si
1430 1125 1652 1189 credas,
1673 1123 1858 1179 habes

208 1213 490 1286 spiritum
518 1212 854 1285 sapientize;
903 1211 1031 1267 ideo
1051 1212 1294 1284 Sapiens
1346 1211 1522 1266 dicit:
1577 1211 1857 1267 «Credidi

204 1306 449 1377 prepter
478 1302 634 1374 quod
664 1301 894 1356 locutus
925 1316 1056 1356 sum
1103 1302 1424 1370 (Psal.oxv,
1477 1301 1584 1372 10).
1620 1323 1646 1350 ››
1709 1303 1852 1357 Cum

208 1391 548 1457 credideris,
583 1390 833 1461 accipies
864 1388 1140 1460 loquendi
1172 1390 1441 1461 gratiam.
1478 1391 1546 1444 Et
1576 1390 1674 1461 qui
1734 1406 1855 1445 cre-

208 1480 317 1545 dit,
344 1478 689 1540 redimitur;
712 1482 767 1532 et
790 1478 888 1550 qui
911 1482 1057 1544 orat,
1084 1478 1424 1532 redimitur:
1475 1479 1521 1533 si
1547 1479 1639 1549 pie
1660 1477 1855 1533 inten—

209 1570 313 1624 dat
335 1567 721 1632 orationibus,
754 1571 811 1622 et
842 1567 898 1621 in
927 1566 1186 1622 oratione
1243 1567 1518 1622 assiduus
1573 1567 1669 1634 sit,
1702 1567 1856 1622 diem

207 1657 548 1730 praeveniat,
608 1661 836 1710 noctem
891 1655 1238 1726 frequentet,
1274 1653 1380 1709 soli
1413 1656 1739 1710 matutinus
1770 1672 1860 1710 oc-

210 1750 414 1802 currat
443 1747 579 1816 (40),
611 1748 676 1799 ut
730 1748 864 1799 ante
922 1745 1046 1815 ipse
1099 1742 1465 1798 illuminetur
1522 1757 1554 1797 a
1606 1742 1854 1810 Christo,

212 1850 397 1907 quam
429 1838 583 1889 terra
613 1831 753 1888 solis
785 1836 987 1886 exortu
1066 1835 1123 1930 et
1153 1831 1251 1902 qui
1286 1829 1483 1903 psallit
1513 1831 1853 1898 redimitur;
1890 1866 1938 1932 B

196 1929 271 1980 et
302 1922 405 1994 qui
439 1920 878 1992 compungitur,
911 1919 1239 1976 redimitur.

282 2013 376 2067 66.
412 2010 542 2065 ideo
575 2025 806 2081 semper
840 2009 1145 2073 meditare,
1179 2020 1411 2079 semper
1440 2007 1675 2079 loquere
1733 2025 1860 2079 quae

208 2099 317 2157 Dei
350 2104 507 2167 sunt,
543 2122 570 2149 «
601 2099 809 2154 sedens
838 2096 897 2151 in
929 2097 1101 2151 domo
1133 2098 1309 2167 (Deut.
1343 2113 1418 2150 VI.
1449 2097 1526 2167 7).
1553 2118 1580 2145 »
1611 2096 1860 2152 Domum

197 2178 539 2261 possumus
568 2187 831 2258 accipere
859 2185 1200 2252 Ecclesium,
1236 2201 1555 2257 possumus
1604 2186 1862 2258 accipere

209 2279 461 2334 domum
485 2275 817 2330 interiorem
849 2275 906 2328 in
940 2273 1130 2339 nobis,
1163 2278 1228 2328 ut
1249 2273 1402 2328 intra
1423 2290 1529 2328 nos
1551 2272 1864 2345 loquamur

191 2363 689 2435 'Sedentjudices
718 2363 775 2416 in
835 2361 1204 2428 Jerusalem;
1265 2363 1542 2416 sederunt
1599 2363 1765 2420 sedes
1804 2365 1862 2418 in

201 2451 437 2525 judicio
468 2470 490 2519 ;
522 2451 672 2507 sedit
701 2451 877 2505 etiam
921 2451 1188 2521 judi‘cum
1248 2449 1581 2517 concilium,
1617 2456 1674 2506 et
1731 2449 1863 2506 libri

213 2541 404 2614 aperti
440 2544 598 2606 sunt,
634 2537 920 2610 Propheta
949 2539 1088 2593 dicit
1120 2557 1132 2593 :
1180 2539 1305 2593 «Et
1336 2543 1394 2593 tu
1430 2555 1564 2594 cum
1622 2539 1864 2596 consilio

213 2627 421 2685 omnia
451 2628 541 2683 fac
564 2627 749 2699 (Ecclz'.
786 2643 962 2692 XXXII,
995 2627 1105 2698 24).
1140 2627 1286 2681 Cum
1318 2626 1561 2682 consilio
1593 2627 1663 2682 de
1701 2627 1866 2683 factis

197 2711 340 2773 ituis
363 2715 585 2787 judico,
614 2731 746 2770 cum
775 2713 1019 2770 censilio
1049 2715 1251 2769 vinum
1284 2714 1437 2782 bibe,
1461 2731 1592 2770 cum
1621 2715 1865 2772 consilio

211 2793 575 2877 loquere,ut
605 2801 847 2875 effugias
876 2806 1198 2875 peccatum,
1232 2820 1304 2858 ne
1336 2803 1560 2859 incidas
1591 2821 1693 2876 per
1715 2804 1865 2859 mul-

213 2893 558 2965 tiloquium.
591 2891 789 2947 Sedens
816 2891 1053 2963 loquere
1085 2896 1299 2959 tecum,
1351 2893 1518 2964 quasi
1553 2893 1651 2963 qui
1701 2893 1866 2965 judi-

216 2998 352 3037 ces:
379 2983 438 3035 in
459 2983 551 3035 via
573 2979 828 3050 loquere,
856 2996 926 3034 ne
947 2996 1210 3050 unquam
1234 2995 1420 3035 vaces.
1450 2983 1511 3036 In
1533 2973 1625 3036 via
1665 2981 1865 3053 loque-

215 3071 326 3138 ris,
353 3068 403 3124 si
421 3069 483 3123 in
506 3067 730 3123 Christo
754 3066 1034 3140 loquaris,
1061 3069 1200 3140 quia
1221 3069 1312 3124 via
1333 3061 1600 3124 Christus
1648 3075 1757 3125 est.
1805 3071 1865 3124 In

214 3158 316 3213 via
335 3156 572 3230 loquere
597 3155 723 3222 tibi,
745 3155 982 3227 loquere
1004 3156 1249 3212 Christo.
1278 3158 1428 3212 Audi
1452 3159 1742 3228 quomodo
1781 3158 1863 3212 illi

215 3227 506 3317 loquaris.
538 3267 564 3293 ‹‹
598 3241 760 3309 Volo,
792 3243 1004 3314 inquit,
1035 3246 1189 3300 viros
1219 3244 1278 3299 in
1311 3227 1485 3300 omni
1521 3246 1648 3301 locu
1682 3261 1866 3317 orare,
1899 3227 1940 3295 Ο

215 3335 484 3390 levantes
516 3348 692 3405 puras
722 3346 936 3386 manus
967 3331 1093 3386 sine
1145 3331 1232 3387 ira
1262 3336 1317 3388 et
1374 3333 1794 3405 disceptatione
1826 3335 1869 3406 (ι

204 3424 368 3478 Tim.
391 3437 455 3486 II,
485 3421 560 3489 8).
598 3441 625 3469 »
659 3421 936 3492 Loquere,
971 3436 1002 3475 ο
1041 3419 1236 3487 homo,
1291 3444 1318 3470 ‹‹
1352 3421 1678 3476 dormitans
1713 3445 1737 3470 n
1796 3439 1868 3480 ne

218 3509 334 3566 tibi
365 3525 607 3565 somnus
639 3508 845 3563 mortis
875 3509 1133 3580 obrepat.
1172 3509 1314 3564 Audi
1341 3511 1631 3580 quomodo
1658 3511 1869 3565 dormi-

212 3603 357 3654 tans
385 3595 647 3669 loquaris
677 3614 689 3650 :
724 3619 750 3645 ‹‹
785 3597 844 3652 Si
874 3595 1085 3652 dedero
1116 3614 1390 3652 somnum
1421 3597 1604 3653 oculis
1636 3600 1782 3654 meis
1813 3603 1870 3654 et

216 3685 522 3760 palpebris
553 3684 700 3740 meis
729 3683 1222 3754 dcrmitationem,
1259 3686 1440 3742 donec
1471 3685 1762 3742 inveniam
1787 3687 1866 3742 lo-

215 3791 359 3830 cum
381 3771 648 3838 Domino,
674 3772 1116 3828 tabernaculum
1141 3773 1255 3829 Deo
1277 3773 1454 3830 Jacob
1477 3775 1646 3846 (Psal.
1681 3793 1863 3832 CXXXI.

214 3864 276 3929 4,
308 3861 386 3932 5).
424 3883 445 3909 ι
473 3861 654 3916 Vince
684 3865 955 3916 naturam
983 3859 1304 3934 diligentia,
1337 3863 1578 3919 exclude
1608 3863 1866 3936 corporis

211 3965 524 4008 somnum.
556 3949 836 4005 Naturam
869 3949 1038 4005 nobis
1070 3951 1320 4006 formare
1353 3968 1466 4006 non
1524 3967 1863 4022 possumus,

209 4037 542 4113 possumus
573 4035 960 4110 diligentiam.
993 4038 1177 4094 Homo
1207 4042 1331 4094 erat
1361 4038 1560 4105 David,
1595 4038 1868 4111 indulge-

207 4130 320 4184 bat
347 4122 566 4199 aliquid
589 4141 796 4181 somno
820 4143 922 4198 per
942 4131 1189 4192 noctem,
1209 4127 1310 4181 sed
1335 4125 1678 4182 excludebat
1710 4144 1863 4183 som-

209 4231 387 4282 num,
401 4215 603 4290 lavans
616 4215 995 4286 per‘singulas
1007 4217 1208 4270 noct‘es
1221 4214 1435 4269 lectum
1448 4229 1623 4270 suum
1641 4220 1698 4270 et
1712 4216 1868 4288 lacry

209 4297 598 4376 misirriganis
611 4306 862 4358 stratum
879 4304 1140 4358 suum.Id
1150 4317 1213 4358 eo
1233 4319 1457 4358 memor
1467 4303 1659 4358 eratin
1679 4307 1860 4360 stratu

211 4399 326 4449 'suo
359 4405 592 4462 semper
621 4385 852 4445 Domini
881 4390 995 4456 sui,
1029 4395 1084 4446 et
1107 4389 1165 4446 in
1197 4390 1323 4462 ipso
1355 4390 1768 4457 meditabatur,
1803 4395 1867 4447 ut

205 4467 552 4536 diluculum
565 4478 921 4550 praeveniret,
944 4483 1000 4533 et
1030 4479 1088 4533 in
1119 4478 1374 4534 tenebris
1405 4477 1455 4533 ei
1505 4477 1866 4535 illucesceret

1968 596 2031 646 tu
2062 591 2383 647 exsuscites
2403 585 2732 649 Christum.
2764 592 2976 648 Anima
3004 593 3145 658 dicit
3176 611 3188 648 :
3239 617 3267 642 «
3329 593 3608 664 Adjuravi

1969 697 2088 747 vos,
2127 680 2252 735 tiliae
2284 681 2632 748 Jerusalem,
2665 682 2714 737 si
2749 681 3169 738 suscitaveritis
3202 687 3257 738 et
3295 682 3609 738 resuscita-

1966 769 2164 825 veritis
2196 769 2538 832 charitatem
2573 771 2752 843 (Cant.
2787 772 2954 840 111,5).
2992 793 3018 819 »
3053 770 3318 826 Charitas
3348 769 3612 827 Christus

1968 862 2076 913 est.
2113 858 2259 912 Audi
2285 858 2457 913 etiam
2486 860 2777 929 quomodo
2800 859 3372 931 dormiensloquaris
3398 877 3410 915 :
3440 883 3466 910 (ι
3493 860 3609 933 Ego

1967 945 2215 1012 dormio,
2241 951 2298 1001 et
2328 963 2426 1001 cor
2455 963 2651 1002 meum
2674 947 2877 1020 vigilat
2910 948 3143 1020 (Cant.v.
3163 948 3270 1020 2).»
3296 951 3428 1004 Haec
3460 965 3612 1006 com-

1967 1033 2224 1088 muniter
2257 1051 2269 1088 :
2313 1034 2512 1089 attolle
2543 1051 2697 1089 nunc
2728 1035 2899 1107 paulo
2929 1035 3104 1091 altius
3137 1040 3392 1092 mentem
3423 1039 3606 1092 tuam.

2037 1114 2124 1175 67.
2161 1123 2415 1194 Loquere
2449 1147 2474 1171 ‹‹
2509 1122 2719 1178 sedens
2752 1121 2812 1177 in
2845 1124 3016 1178 domo
3051 1124 3226 1196 (Deut.
3259 1142 3336 1190 γι,
3369 1127 3446 1196 7),
3490 1147 3518 1202 γ)
3549 1124 3610 1180 in

1967 1209 2073 1265 hac
2104 1214 2364 1266 terrestri
2397 1213 2568 1267 domo
2595 1211 2772 1282 hujus
2804 1211 3202 1282 habitationis,
3231 1229 3358 1284 quae
3409 1212 3614 1270 dissol-

1965 1298 2138 1366 vitur,
2173 1299 2228 1352 in
2253 1315 2367 1370 qua
2397 1301 2841 1372 peregrinamur
2870 1318 2903 1356 a
2933 1301 3195 1356 Domino.
3256 1303 3320 1356 In
3377 1317 3614 1374 corpore

1967 1386 2122 1441 enim
2152 1387 2266 1443 isto
2299 1387 2494 1459 positi,
2515 1390 2654 1443 dum
2683 1391 3072 1462 supervestire
3096 1391 3281 1460 magis
3307 1408 3484 1462 quam
3508 1409 3614 1447 nos

1966 1477 2291 1547 exspoliare
2311 1475 2605 1546 volumus,
2627 1479 2931 1532 exulamus
2950 1496 2979 1532 a
3005 1477 3253 1545 Christo,
3272 1484 3327 1533 et
3362 1481 3615 1551 graviter

1964 1561 2428 1636 ingemiscimus.
2465 1567 2523 1620 In
2557 1565 2664 1621 hac
2686 1566 2895 1621 sedens
2918 1583 3053 1638 ergo
3077 1565 3348 1644 confitere
3381 1555 3616 1644 peccata

1966 1657 2104 1721 tua;
2139 1653 2277 1725 quia
2305 1654 2527 1720 sedisti,
2561 1660 2616 1710 et
2646 1672 2758 1709 non
2793 1653 3031 1730 stetisti,
3088 1659 3144 1708 et
3197 1641 3311 1710 non
3363 1641 3564 1711 dixisti
3598 1671 3610 1709 :

1967 1765 1994 1792 ‹‹
2013 1741 2242 1796 Stantes
2265 1751 2425 1796 erant
2450 1743 2622 1814 pedes
2652 1743 2835 1798 nostri
2867 1743 2921 1797 in
2941 1742 3104 1797 atriis
3125 1741 3263 1811 tuis,
3287 1743 3613 1799 Jerusalem

1969 1831 2141 1901 (Psal.
2174 1847 2321 1896 CXXI,
2354 1831 2432 1902 2),
2465 1853 2491 1881 »
2527 1831 2785 1902 Loquere
2818 1831 3118 1904 magis,_et
3174 1831 3289 1885 noli
3324 1831 3615 1887 occultare

1970 1918 2182 1973 delicta
2206 1936 2218 1986 ;
2243 1917 2480 1990 loquere
2493 1921 2701 1975 sedens
2729 1937 2740 1974 ε
2764 1923 2826 1975 ut
2846 1919 3052 1975 audias
3075 1918 3364 1975 dicentem
3391 1936 3403 1973 :
3428 1941 3455 1970 ‹‹
3477 1920 3616 1976 Sur-

1971 2006 2087 2079 gite
2116 2009 2429 2078 postquam
2451 2007 2844 2079 sederilis,qui
2879 2008 3484 2079 munducatispanem
3516 2009 3616 2063 do-

1970 2094 2112 2150 loris
2135 2097 2305 2166 (Psal.
2331 2113 2513 2163 CXXVI,
2546 2098 2622 2166 2).
2660 2120 2686 2145 ››
2723 2100 2977 2168 Loquere
3020 2096 3130 2151 «in
3187 2095 3281 2152 via
3306 2096 3620 2158 ambulans

1971 2185 2145 2253 (Deut.
2178 2184 2348 2255 vI,7),
2379 2207 2407 2232 ››
2440 2184 2495 2238 id
2529 2188 2636 2251 est,
2670 2201 2915 2257 carpens
2956 2183 3082 2240 vitae
3114 2184 3289 2245 istius
3347 2201 3612 2242 cursum.

1973 2271 2077 2327 Hic
2109 2272 2364 2343 loquere,
2390 2287 2462 2326 ne
2485 2271 2601 2327 illic
2625 2274 3018 2338 ohmuteseas,
3038 2273 3188 2328 sicut
3207 2271 3306 2328 ille
3321 2260 3622 2329 obmutuit

1955 2362 2074 2432 'qui
2106 2360 2310 2432 angelo
2340 2360 2549 2415 Christi
2583 2366 2717 2416 ante
2750 2378 2862 2416 non
2895 2360 3160 2429 credidit,
3197 2364 3396 2432 postea
3426 2363 3621 2420 tamen

1974 2467 2106 2504 cum
2127 2448 2488 2514 credidisset,
2512 2466 2711 2505 vocem
2735 2450 2966 2521 recepit.
2993 2451 3251 2521 Loquere
3274 2473 3302 2498 «
3325 2448 3621 2506 dormiens

1974 2543 2030 2594 et
2051 2538 2360 2608 quiescens
2382 2538 2626 2608 (Ibz'd.).»
2646 2538 3094 2609 consepultusin
3119 2538 3349 2593 Christo
3368 2556 3379 2603 ;
3401 2545 3461 2592 ut
3482 2553 3618 2594 cum

1974 2625 2102 2699 ipso
2132 2627 2190 2680 in
2222 2625 2472 2681 novitate
2497 2627 2625 2681 vitae
2656 2642 2945 2698 resurgas.
2991 2627 3249 2697 Loquere
3301 2626 3477 2681 etiam
3538 2642 3621 2682 se-

1963 2713 2177 2786 pultus
2212 2713 2270 2768 in
2303 2713 2716 2779 tumulo,sicut
2746 2714 3138 2786 loquebantur
3157 2714 3362 2769 animai
3389 2719 3620 2771 sancto-

1965 2793 2130 2869 ;rum,
2157 2807 2417 2875 petentes
2448 2803 2518 2858 de
2551 2804 2757 2858 mortis
2789 2808 3023 2858 auctore
3056 2802 3393 2864 vindictam,
3457 2825 3484 2851 ‹‹
3517 2801 3622 2864 Us-

1966 2878 2230 2963 quequo,
2264 2891 2528 2958 Domine,
2560 2896 2799 2946 sanctus
2831 2897 2889 2946 et
2919 2909 3112 2956 verus,
3147 2907 3260 2947 non
3306 2891 3538 2962 judicas
3567 2896 3625 2947 et

1975 2979 2238 3035 vindicas
2269 2980 2617 3052 sanguinem
2650 2985 2917 3036 nostrum
2949 2982 3135 3052 (Apoc.
3178 2997 3256 3046 VI,
3293 2980 3378 3051 10)
3399 2978 3428 3033 ?
3462 3003 3488 3028 »
3521 2979 3624 3036 Lo-

1976 3069 2151 3138 quere
2183 3073 2478 3139 postremo
2515 3091 2542 3118 α
2574 3085 2708 3123 cum
2740 3069 2934 3141 surgis
2969 3087 2981 3135 ;
3013 3091 3039 3119 ››
3088 3068 3242 3123 sicut
3271 3068 3469 3123 docuit
3527 3068 3624 3125 ille

1978 3157 2075 3227 qui
2112 3156 2254 3210 dixit
2289 3174 2300 3210 :
2339 3179 2366 3206 «
2398 3157 2515 3228 Ego
2545 3156 2812 3224 dormivi,
2846 3163 2901 3212 et
2931 3156 3142 3228 quievi,
3176 3161 3232 3210 et
3288 3158 3572 3212 resurreXi
3607 3175 3620 3223 ;

1981 3245 2258 3314 quoniam
2277 3244 2560 3298 Dominus
2583 3245 2864 3316 suscipiet
2885 3261 2978 3298 me
3004 3246 3172 3313 (Paul.
3201 3258 3287 3308 III,
3307 3245 3382 3314 6).
3416 3265 3443 3295 η
3479 3243 3626 3298 Etil-

1976 3331 2202 3404 licergo
2227 3333 2396 3402 (vers.
2421 3333 2546 3400 30):
2604 3332 2900 3402 «Osjusti
2950 3331 3334 3386 meditabitur
3386 3331 3618 3402 sapien-

1976 3421 2140 3486 tiam,
2166 3420 2390 3475 ndonec
2403 3421 2470 3474 ad
2498 3419 2844 3475 sublimiora
2861 3418 3219 3474 tabernaculi
3266 3424 3623 3485 secreta,cm-

1978 3505 2232 3573 lestis,ac
2250 3524 2423 3563 sacrae
2438 3507 3011 3579 plenajucunditatis
3025 3524 3197 3579 atque
3238 3505 3454 3565 laetitiae
3485 3495 3623 3582 ipse

1977 3596 2275 3670 perveniat
2301 3615 2313 3664 ;
2348 3596 2844 3668 quemadmodum
2861 3595 3161 3668 Scriptura
3178 3613 3282 3651 nos
3297 3596 3511 3667 docuit,
3532 3596 3624 3653 dri-

1978 3689 2140 3740 cente
2157 3684 2356 3740 David:
2378 3685 2537 3740 «Haec
2550 3685 2890 3761 recordatus
2908 3703 3061 3752 sum,
3078 3689 3135 3740 et
3149 3685 3323 3741 effudi
3340 3701 3519 3757 super
3533 3700 3626 3740 me

1977 3774 2235 3829 animam
2251 3791 2462 3840 meam;
2479 3773 2756 3846 quoniam
2772 3774 3137 3848 ingrediarin
3155 3773 3348 3829 locum
3363 3774 3627 3833 taberna-

1977 3860 2092 3916 culi
2107 3863 2174 3917 ad
2185 3861 2496 3930 mirabilis,
2512 3880 2697 3934 usque
2711 3863 2782 3917 ad
2805 3863 3044 3918 domum
3065 3864 3185 3918 Dei.
3206 3862 3268 3916 In
3282 3877 3418 3916 voce
3429 3849 3624 3917 exsul-

1976 3950 2215 4005 tationis
2237 3956 2292 4005 et
2307 3951 2690 4006 confessionis
2707 3967 2887 4006 sonus
2921 3949 3213 4022 epulantis
3227 3950 3398 4016 (Psal.
3415 3965 3527 4015 XLI,
3542 3951 3618 4020 5).

1975 4038 2123 4108 Ergo
2147 4039 2202 4091 et
2224 4037 2494 4091 sedentes
2522 4037 2576 4090 in
2613 4036 2720 4090 hac
2743 4053 3017 4106 corporea
3072 4036 3265 4104 domo,
3317 4037 3373 4088 et
3403 4035 3618 4104 egressi

1976 4123 2133 4191 hinc,
2159 4128 2332 4195 atque
2360 4123 2728 4179 ambulantes
2757 4124 2814 4177 in
2861 4124 2972 4190 via,
3033 4139 3167 4177 cum
3218 4122 3536 4193 rapiemUr,
3571 4123 3620 4179 si

1977 4227 2292 4280 meremur,
2309 4212 2538 4266 obviam
2562 4211 2811 4279 Christo,
2837 4214 2893 4266 et
2909 4210 3268 4266 dormientes
3289 4208 3618 4283 loquemur.

2044 4301 2135 4355 68.
2155 4299 2362 4371 Accipe
2381 4299 2609 4354 tertiam
2652 4298 2912 4362 ἀναγωγήν
2943 4316 3059 4371 qua
3088 4313 3149 4355 se
3182 4299 3381 4356 anima
3437 4298 3620 4355 elevat

1966 4389 2135 4459 justi.
2171 4387 2274 4443 Est
2303 4387 2458 4442 enim
2490 4388 2730 4459 quidam
2767 4388 3050 4461 spiritalis
3105 4403 3349 4443 somnus
3409 4387 3618 4444 intelli-

1979 4479 2226 4552 gendus,
2247 4477 2318 4533 de
2341 4493 2455 4548 quo
2478 4477 2752 4533 Salomon
2781 4478 2860 4533 ait
2885 4496 2896 4532 :
2927 4501 2953 4528 ‹‹
2977 4477 3034 4532 Si
3056 4479 3212 4533 enim
3248 4476 3473 4544 sedeas,
3497 4476 3621 4532 sine

203 4565 486 4624 Christus
516 4565 714 4621 dicens
748 4583 760 4620 :
815 4588 841 4614 ‹‹
875 4565 1060 4638 Surge
1117 4565 1217 4636 qui
1247 4566 1469 4621 dormis
1530 4567 1742 4639 (Ephes.
1806 4585 1858 4633 v,
1893 4587 1940 4654 υ
1975 4567 2183 4622 timore
2209 4565 2438 4622 sedebis
2463 4584 2474 4634 ;
2503 4567 2551 4622 si
2592 4562 2865 4634 dormias,
2890 4567 3143 4622 suaviter
3189 4565 3540 4638 requiesces,
3565 4573 3622 4623 et

205 4652 1440 4727 M).>>Noninomnibushacgratiaest,sed
1459 4660 1789 4726 potestesse
1807 4661 1863 4712 et
1895 4652 1908 4654 ⁷
1973 4673 2085 4712 non
2119 4655 2356 4711 timebis
2384 4671 2657 4726 pavorem
2692 4655 2791 4727 qui
2827 4655 3200 4728 superveniet
3247 4654 3376 4724 tibi,
3438 4671 3624 4727 neque

198 4746 268 4800 in
305 4740 575 4814 pluribus
606 4740 927 4815 diligentia.
952 4741 1034 4798 Ne
1061 4742 1243 4816 igitur
1271 4748 1572 4814 exspectes
1605 4750 1667 4798 ut
1715 4745 1861 4801 exci-

199 4835 294 4887 tet
317 4835 374 4884 te
388 4827 688 4897 Christus,
717 4829 816 4884 sed
842 4829 1038 4902 potius
1059 4829 1356 4887 Christum
1409 4829 1613 4886 excita.
1668 4831 1862 4888 Excita

198 4933 350 4976 eum
373 4917 471 4989 qui
490 4917 698 4989 deipso
712 4917 1037 4974 dormitans
1058 4917 1290 4990 cogitat.
1315 4918 1372 4972 Si
1392 4921 1454 4972 tu
1472 4917 1640 4974 illum
1653 4921 1862 4976 excita-

195 5006 389 5082 veris,
406 5011 463 5061 et
481 5005 608 5079 ipse
631 4999 784 5062 800
796 5011 852 5062 te
865 5006 1142 5062 excitabit
1163 5024 1196 5062 a
1229 5023 1456 5075 somno,
1483 5000 1859 5064 resuscitabit

195 5114 240 5153 ει
269 5093 462 5149 morte
494 5093 697 5149 dicens
718 5093 825 5149 tibi
853 5112 865 5149 :
889 5117 916 5144 «
941 5095 1198 5167 Exsurge
1222 5111 1256 5150 a
1303 5093 1550 5150 mortuis
1588 5095 1791 5166 (Ibid).
1829 5119 1856 5146 ))

192 5183 358 5240 Cum
387 5195 595 5254 surges
625 5195 761 5253 ergo
791 5182 876 5238 vel
919 5199 1211 5256 resurges,
1271 5183 1467 5255 ipsum
1500 5182 1760 5256 loquere,
1792 5189 1857 5241 ut

190 5263 456 5342 impleas
485 5269 639 5341 quod
663 5270 911 5340 juberis.
945 5271 1094 5326 Audi
1135 5272 1427 5343 quomodo
1481 5274 1538 5327 te
1590 5270 1856 5328 Christus

188 5359 434 5417 excitet.
467 5357 678 5412 Anima
709 5361 810 5414 tua
838 5358 980 5415 dicit
1010 5382 1038 5409 «
1070 5359 1193 5415 Vox
1238 5358 1433 5415 ﬁ'atris
1489 5359 1604 5416 mei
1660 5360 1858 5432 pulsat

187 5447 273 5506 ad
299 5447 551 5518 j'anuam
584 5445 762 5518 (Cant.
794 5463 848 5515 v,
879 5446 957 5518 2),
993 5470 1020 5496 »
1051 5450 1106 5503 et
1134 5445 1402 5503 Christus
1433 5446 1514 5503 ait
1546 5465 1558 5502 :
1622 5470 1650 5497 «
1683 5449 1852 5522 Aperi

1972 4745 2225 4816 impetus
2255 4744 2570 4816 impiorum
2631 4745 3103 4817 supervenientes
3162 4744 3266 4800 tibi
3318 4747 3501 4817 (Prov.
3537 4761 3620 4820 III,

1969 4833 2187 4904 23-25).
2224 4854 2252 4880 »
2284 4833 2426 4896 Cum
2460 4832 2746 4889 suavitate
2777 4833 3129 4906 requiesces,
3163 4835 3218 4888 et
3244 4847 3540 4904 pavorem,
3564 4836 3621 4886 et

1972 4919 2457 4992 supervenientes
2487 4920 2803 4993 impiorum
2835 4921 3092 4992 impetus
3125 4936 3239 4974 non
3271 4919 3508 4974 timebis
3534 4937 3545 4986 ;
3570 4911 3624 4975 si

1969 5008 2171 5081 lingua
2201 5011 2302 5063 tua
2332 5007 2608 5078 loquatur
2631 5008 2924 5078 judicium
2961 5008 3076 5075 Dei,
3110 5017 3161 5062 et
3211 5021 3440 5079 semper
3471 5005 3616 5062 illud

1966 5102 2103 5152 ante
2132 5095 2331 5151 oculos
2361 5095 2581 5151 habeas
2619 5114 2632 5162 ;
2668 5101 2732 5151 ut
2762 5104 2995 5168 peccato
3025 5096 3220 5152 locum
3262 5095 3494 5151 nullum
3527 5111 3613 5153 re-

1968 5181 2535 5256 linquas,etnoveris
2555 5184 2709 5255 quod
2726 5183 2919 5240 delicti
2943 5184 3196 5257 pretium
3229 5181 3501 5258 supplicii
3534 5197 3618 5241 re-

1964 5272 2281 5328 tributione
2309 5271 2587 5327 solvetur.
2626 5273 2754 5344 Ipse
2785 5273 2941 5328 enim
2976 5273 3082 5328 hoc
3116 5273 3175 5328 in
3233 5272 3615 5345 nonagesimo

1965 5363 2380 5432 interpretatus
2411 5363 2498 5414 est
2539 5358 2765 5432 psalmo
2793 5359 2992 5417 dicens
3028 5377 3041 5416 :
3078 5384 3106 5411 »
3136 5361 3259 5417 Non
3292 5361 3528 5418 timebis
3584 5381 3617 5417 a

1963 5449 2184 5504 timore
2215 5451 2523 5514 nocturno,
2557 5452 2613 5504 et
2643 5465 2675 5504 a
2705 5447 2917 5523 sagitta
2973 5449 3198 5507 volante
3228 5465 3330 5523 per
3375 5447 3552 5521 diem,
3585 5466 3617 5506 a

270 5604 507 5683 (40)_Ita
537 5602 676 5683 edit.
702 5607 759 5683 et
809 5605 994 5683 pauci
1020 5605 1296 5683 msszAiii
1326 5606 1547 5683 majori
1587 5610 2004 5675 numero,solis
2051 5608 2340 5663 matutinis
2370 5613 2637 5663 occurrat.
2696 5609 2859 5683 Haud
2902 5609 3073 5682 male,
3108 5611 3157 5668 si
3217 5613 3410 5668 mente
3466 5625 3610 5682 sup-

187 5670 450 5753 pleveris
479 5670 681 5746 radiis,
713 5670 883 5743 horis,
910 5676 998 5732 vel
1029 5677 1170 5747 quid
1203 5676 1414 5734 simile.
