3894 6208
386 338 532 407 1051

1841 341 1904 405 S.
1949 337 2330 406 AMBROSII

3589 341 3703 410 105!

384 475 617 549 negotio
661 472 1104 549 perambulante
1159 471 1220 531 in
1258 469 1536 543 tenebris,
1565 469 1636 530 ab
1697 486 1942 530 occursu
1975 479 2030 528 et
2059 475 2104 541 Α
2146 473 2247 528 illi.
2279 497 2307 524 ››
2329 471 2550 530 Videas
2577 485 2682 546 ego
2715 472 2983 546 peccator
3004 470 3142 546 quia
3170 471 3364 547 justus
3393 470 3448 530 in
3498 491 3582 532 ore
3627 495 3704 534 suo

382 564 668 621 daemonio
699 565 1048 621 meridiano.
1083 564 1303 620 Cadent
1331 582 1363 620 a
1391 563 1573 620 latere
1625 568 1724 620 tuo
1759 561 1939 629 mille,
1973 568 2030 618 et

383 653 583 710 decem
617 653 800 709 millia
831 671 864 709 a
893 654 1111 708 dextris
1142 653 1282 721 tuis,
1311 654 1381 708 ad
1414 658 1467 707 te
1499 657 1694 708 autem
1755 669 1868 708 non
1929 669 2028 724 ap-

382 742 815 814 propinquabit.
855 745 1268 796 Verumtamen
1301 741 1485 797 oculis
1545 742 1663 797 tuis
1694 740 2026 796 considera-

381 829 495 896 bis,
529 835 584 885 et
614 830 1050 885 retributionem
1084 835 1453 901 peccatorum
1488 829 1712 885 videbis
1735 830 1906 899 (Psal.
1937 847 2027 896 xc,

377 919 518 990 5-8).
546 941 574 966 »
604 919 810 974 Justus
842 918 995 974 enim
1029 935 1163 974 cum
1195 919 1350 974 8l0
1403 918 1665 989 loquitur
1709 918 2027 988 judicium,

381 1006 498 1072 Dei,
530 1005 616 1060 vel
648 1023 784 1062 cum
815 1006 1077 1078 loquitur
1107 1007 1230 1078 ipse
1261 1022 1391 1078 quae
1414 1008 1579 1077 justa
1610 1010 1766 1069 sunt,
1799 1009 1855 1060 et
1911 1006 2028 1060 veri

378 1095 550 1168 plena
573 1097 804 1166 judicii,
839 1114 956 1150 non
1015 1112 1149 1150 cum
1209 1096 1510 1151 iracundia
1563 1095 1846 1166 loquitur,
1911 1112 2026 1149 non

379 1201 446 1239 ex
477 1184 656 1239 animi
680 1184 984 1238 maerentis
1027 1185 1362 1253 afﬂictione,
1397 1201 1511 1238 non
1545 1200 1610 1238 ex
1659 1182 1876 1250 dolore,
1913 1199 2026 1237 non

378 1290 445 1326 ex
476 1271 673 1344 aliqua
702 1272 977 1344 passione
1011 1290 1024 1339 ;
1059 1274 1159 1327 sed
1194 1272 1456 1344 loquitur
1517 1288 1585 1327 ex
1639 1271 1896 1338 veritate,
1943 1271 2026 1326 lo-

378 1361 582 1432 quitur
610 1378 677 1415 ex
735 1362 1030 1432 aequitate,
1066 1365 1129 1415 ut
1160 1378 1274 1415 non
1306 1360 1631 1432 propendat
1661 1361 1891 1424 affectu,
1925 1362 2025 1415 sed

377 1466 500 1518 quas
535 1449 811 1520 loquitur,
847 1465 979 1504 vero
1011 1449 1226 1520 pendat
1255 1448 1519 1504 examine
1555 1449 1822 1519 :judicat
1868 1449 2023 1503 enim

375 1554 502 1614 quae
537 1537 783 1591 dicenda
814 1537 952 1603 sint,
989 1536 1074 1592 vel
1136 1553 1248 1592 non
1297 1538 1638 1609 promenda.
1671 1535 1774 1592 Cui
1833 1536 2025 1592 simile

374 1631 463 1682 est
492 1625 638 1680 illud
674 1643 685 1680 :
742 1647 768 1674 ‹‹
803 1625 983 1681 Labia
1015 1625 1372 1697 sapientium
1405 1623 1642 1696 alligata
1673 1629 1811 1678 sunt
1845 1641 2021 1679 sensu

375 1717 559 1785 (Prov.
594 1730 683 1781 xv,
716 1715 770 1782 7)
809 1732 821 1780 ;
860 1736 886 1762 »
919 1729 984 1767 eo
1012 1715 1166 1784 quod
1199 1713 1397 1769 omnia
1425 1730 1552 1784 quae
1579 1713 1919 1784 loquuntur,
1936 1729 2024 1768 ve-

373 1820 438 1858 ro
469 1802 667 1858 sensui
699 1802 1004 1857 convenire
1034 1803 1359 1868 videantur,
1393 1807 1450 1858 et
1492 1819 1702 1858 sensus
1735 1801 1824 1857 sui
1881 1818 2017 1872 pru-

373 1892 572 1949 dentia
603 1889 958 1963 intelligant,
991 1907 1118 1961 quae
1151 1891 1308 1962 loqui
1359 1891 1609 1946 debeant
1639 1890 1727 1944 vel
1784 1894 1975 1945 tacere
2006 1905 2021 1946 :

371 1985 437 2037 ut
466 1997 593 2052 quae
642 1979 870 2034 silenda
923 1984 1086 2046 sunt,
1114 1979 1423 2034 cohibeant
1452 1979 1707 2035 claustro
1765 1979 2019 2052 quodam

371 2085 638 2141 nexuque
668 2069 956 2124 labiorum
989 2087 1002 2134 ;
1034 2067 1094 2122 in
1125 2067 1198 2123 iis
1228 2073 1422 2123 autem
1445 2085 1570 2139 quae
1591 2072 1852 2138 oporteat
1881 2067 2022 2136 dici,

369 2158 659 2215 labiorum
699 2157 931 2212 vincula
962 2156 1345 2211 resolvantur.
1381 2156 1580 2211 Merito
1612 2172 1749 2228 ergo
1792 2155 2019 2227 praemi-

370 2248 447 2302 sit
479 2265 491 2302 :
529 2270 554 2295 ‹‹
588 2246 665 2302 Os
689 2245 836 2316 justi
861 2245 1239 2300 meditabitur
1268 2244 1614 2315 sapientiam
1652 2263 1664 2311 ;
1697 2263 1722 2295 ο
1780 2245 2024 2300 medita-

369 2335 450 2391 tio
479 2335 638 2390 enim
671 2333 954 2388 diuturna
983 2331 1220 2404 plenum
1244 2331 1453 2404 poterit
1475 2331 2023 2402 haberejudicium,

369 2423 522 2495 quod
555 2422 828 2494 loquetur
869 2423 1063 2492 iustus
1106 2421 1164 2476 in
1223 2426 1528 2493 tempore;
1577 2438 1713 2476 cum
1772 2438 1839 2476 ea
1896 2438 2021 2491 quae

366 2511 621 2584 perfecta
650 2515 808 2576 sunt,
839 2511 981 2565 facie
1011 2512 1082 2565 ad
1117 2510 1341 2577 faciem,
1375 2510 1604 2565 viderit.
1641 2510 1820 2564 Nunc
1863 2509 2020 2565 enim

365 2601 438 2656 de
466 2600 538 2654 iis
571 2615 696 2670 qua:
729 2615 842 2653 non
902 2598 1476 2670 comprehendimus,
1526 2598 1685 2669 loqui
1741 2614 1875 2652 vera
1906 2614 2019 2652 non

365 2704 706 2760 possumus.
740 2686 1001 2758 Denique
1033 2703 1137 2742 nec
1168 2686 1386 2742 Paulus
1408 2684 2018 2757 praesumpsitdicere,

366 2775 466 2848 qui
500 2779 706 2847 raptus
738 2774 798 2828 in
833 2774 1173 2845 paradisum
1205 2774 1428 2829 audivit
1459 2777 1681 2829 secreta
1711 2772 1969 2828 ccelestia
2002 2790 2015 2828 :

366 2864 466 2920 sed
512 2862 712 2918 volens
771 2878 885 2916 non
945 2862 1004 2916 in
1064 2862 1138 2916 iis
1187 2878 1380 2916 errare
1439 2877 1565 2933 quae
1629 2860 1866 2926 diceret,
1889 2860 2013 2915 ait:

369 2974 396 3000 ‹‹
427 2953 612 3016 Quam
645 2949 1052 3004 inscrutabilia
1092 2954 1231 3005 sunt
1253 2949 1479 3019 judicia
1509 2948 1631 3013 Dei,
1665 2952 1721 3004 et
1776 2948 2016 3004 investi-

365 3037 589 3112 gabiles
621 3037 726 3092 viae
759 3038 886 3108 ejus
909 3039 1082 3107 (Rom.
1115 3055 1194 3104 x1,
1228 3037 1318 3106 33)
1353 3037 1365 3090 l
1415 3060 1442 3085 »
1473 3037 1639 3092 Nunc
1685 3041 1880 3092 autem
1909 3039 2014 3094 ab-

2142 562 2420 635 loquitur,
2455 567 2511 618 et
2539 561 2596 617 in
2627 562 2798 618 corde
2828 561 3146 620 meditatur
3165 563 3640 636 sapientiam,quia
3661 567 3704 623 in

2140 650 2342 723 lingua
2372 651 2790 722 suajudicium
2821 651 3100 723 loquitur,
3135 651 3269 723 quia
3297 652 3351 707 in
3373 654 3529 708 corde
3549 655 3705 711 suole-

2139 755 2271 812 gem
2304 739 2532 796 Domini
2563 739 2819 796 custodit
2849 761 2863 808 ς
2925 745 3171 796 mortem
3205 743 3416 813 peccati
3445 741 3490 796 ei
3517 749 3706 802 conatur

2138 827 2369 897 inferre,
2405 830 2504 885 sed
2536 829 2819 886 Dominus
2850 832 3048 885 tuetur
3076 847 3228 886 eum.
3283 832 3345 885 Et
3374 831 3488 886 ideo
3517 849 3610 886 non
3653 833 3704 886 ti-

2139 935 2407 974 meamus
2436 918 2681 974 insidias
2737 918 3078 990 peccatoris,
3139 919 3404 990 quoniam
3451 919 3579 975 Deus
3629 939 3704 992 pro

2138 1007 2307 1062 nobis
2336 1011 2444 1062 est.
2479 1007 2536 1062 Si
2568 1022 2703 1077 ergo
2734 1011 2886 1063 Deus
2915 1023 3018 1078 pro
3049 1006 3378 1079 nobis,quis
3397 1011 3571 1062 contra
3587 1009 3704 1062 nos?
3810 1067 3811 1078 ξ

2138 1095 2444 1188 Propterea
2474 1113 2589 1152 non
2621 1094 2986 1166 derelinquet
3007 1097 3239 1167 justum
3273 1113 3435 1151 suum
3465 1096 3608 1163 Deus,
3626 1114 3704 1151 nec

2135 1183 2441 1239 damnabit
2469 1201 2782 1251 eum,cum
2824 1183 3098 1239 habuerit
3150 1184 3221 1238 de
3278 1184 3398 1254 ipso
3445 1184 3699 1256 judicium.
3810 1183 3811 1260 1

2135 1272 2319 1328 Verus
2349 1273 2504 1328 enim
2528 1273 2712 1343 judex
2744 1276 2852 1341 est,
2885 1276 2941 1328 et
2971 1272 3097 1327 ideo
3121 1272 3352 1341 justitia
3406 1289 3504 1328 non
3556 1278 3701 1344 potest

2134 1361 2467 1432 periclitari.
2502 1361 2662 1417 Unde
2694 1365 2750 1416 et
2778 1359 2987 1433 Aquila
3013 1359 3155 1415 dixit
3191 1379 3203 1415 :
3239 1383 3264 1408 «
3299 1360 3406 1416 Nec
3455 1361 3703 1415 damnabit

2133 1466 2266 1505 eum
2298 1449 2355 1504 in
2381 1449 2704 1521 judicando
2734 1466 2820 1506 eo.
2857 1471 2883 1498 »
2915 1448 3302 1518 Symmachus
3332 1466 3344 1503 :
3377 1472 3403 1499 α
3435 1449 3532 1504 Nec
3577 1449 3700 1506 dam-

2134 1537 2318 1603 nabit,
2354 1539 2808 1609 cumjudicatur
2837 1539 3059 1609 justus.

2200 1627 2289 1680 71.
2321 1626 2432 1682 Sed
2450 1627 2587 1698 quia
2615 1626 2996 1700 Septuaginta
3014 1625 3121 1680 viri
3145 1627 3230 1681 sic
3255 1629 3568 1697 posuerunt:
3589 1625 3698 1682 8H

2136 1735 2155 1761 α
2191 1714 2334 1769 Cum
2353 1715 2721 1785 judicabitur
2750 1713 2855 1780 illi,
2890 1736 2918 1763 »
2971 1717 3250 1785 putamus
3275 1714 3422 1784 quod
3475 1714 3536 1768 ad
3583 1713 3703 1768 aliud

2130 1801 2468 1872 respexerit,
2500 1799 2638 1872 quia
2663 1799 2950 1873 scriptum
2981 1803 3071 1856 est
3103 1817 3114 1854 :
3151 1824 3179 1850 «
3213 1801 3488 1870 Quoniam
3511 1801 3612 1872 ipse
3627 1801 3705 1856 Do-
3810 1791 3811 1804 “

2137 1887 2334 1943 minus
2364 1888 2558 1944 veniet
2587 1889 2645 1943 in
2678 1889 2970 1960 judicium
3003 1891 3126 1958 (Isa.
3165 1907 3250 1956 ιιι,
3312 1887 3416 1960 14).
3450 1912 3473 1938 ››
3524 1891 3614 1946 Sed
3660 1891 3704 1943 in

2133 1977 2285 2046 quod
2311 1977 2604 2048 judicium
2633 1977 2661 2031 ?
2686 1977 2835 2032 Audi
2865 1977 3153 2032 dicentem
3193 1997 3205 2033 :
3257 2000 3284 2027 ‹‹
3311 1978 3433 2033 Tibi
3461 1977 3554 2033 soli
3600 1995 3701 2050 pec-

2133 2065 2275 2132 cavi,
2309 2069 2366 2120 et
2395 2065 2615 2121 malum
2644 2082 2840 2122 coram
2872 2070 2927 2121 te
2957 2066 3085 2134 feci,
3119 2071 3188 2122 ut
3208 2066 3527 2138 justiﬁceris
3546 2067 3597 2122 in
3621 2083 3706 2122 ser-

2132 2153 2406 2208 monibus
2436 2150 2578 2222 tuis,
2611 2158 2665 2209 et
2693 2155 2895 2210 vincas
2924 2171 3058 2210 cum
3081 2155 3370 2226 judicaris
3399 2155 3548 2225 (Psal.
3577 2172 3620 2218 L,
3645 2155 3701 2220 6).

2133 2242 2263 2297 Ideo
2295 2258 2430 2316 ergo
2463 2243 2677 2316 praebet
2705 2259 2769 2299 se
2796 2243 3074 2299 Dominus
3104 2244 3474 2309 audiendum,
3503 2248 3557 2298 ut
3581 2243 3636 2298 de
3660 2259 3706 2297 se

2122 2330 2444 2400 judicetur,
2479 2348 2593 2403 quo
2625 2331 2813 2403 magis
2842 2331 3058 2387 vincat.
3092 2333 3389 2398 Quomodo
3410 2348 3465 2387 se
3485 2332 3704 2403 praebeat,

2131 2418 2268 2473 audi
2302 2436 2314 2474 :
2349 2443 2376 2468 «
2411 2419 2667 2491 Populus
2694 2436 2881 2490 meus,
2913 2420 3054 2491 quid
3087 2420 3196 2475 feci
3227 2420 3350 2487 tibi,
3381 2423 3472 2476 aut
3521 2420 3569 2474 in
3616 2435 3702 2490 quo

2130 2507 2467 2562 contristavi
2492 2512 2568 2576 te,
2601 2511 2702 2562 aut
2732 2507 2873 2578 quid
2913 2506 3201 2564 molestus
3232 2509 3336 2565 tibi
3389 2509 3484 2573 fui,
3513 2523 3699 2578 respon-

2129 2595 2200 2650 de
2232 2595 2375 2650 mihi
2405 2597 2434 2650 ‘I
2463 2596 2608 2661 Quia
2635 2611 2705 2652 ex
2732 2596 2973 2668 Egypto
2995 2597 3170 2652 eduxi
3222 2596 3298 2666 te,
3360 2601 3413 2653 et
3463 2597 3524 2652 de
3570 2595 3701 2650 domo

2127 2683 2424 2739 servitutis
2451 2683 2687 2739 liberavi
2718 2688 2775 2739 te
2805 2684 2982 2756 (Mich.
3015 2701 3092 2752 vi,
3150 2685 3211 2753 3,
3269 2687 3366 2756 4)?
3398 2707 3422 2734 n
3453 2685 3515 2739 Et
3554 2682 3662 2738 alibi
3689 2699 3698 2735 :

2130 2793 2157 2822 ‹‹
2189 2773 2306 2844 Ego
2336 2789 2490 2840 sum,
2523 2789 2626 2844 ego
2657 2789 2789 2828 sum
2822 2772 2924 2843 qui
2950 2771 3114 2827 deleo
3144 2772 3477 2845 iniquitates
3510 2775 3637 2837 tuas,
3661 2772 3701 2824 et

2127 2876 2352 2915 memor
2379 2877 2495 2915 non
2525 2877 2623 2916 ero
2658 2879 2670 2927 ;
2702 2864 2766 2916 tu
2804 2863 2999 2915 autem
3030 2877 3260 2917 memor
3290 2866 3427 2927 esto,
3455 2863 3506 2916 et
3526 2859 3698 2929 judice-

2125 2965 2259 3003 mur
2283 2949 2409 3020 (Isa.
2443 2966 2601 3016 me,
2633 2950 2704 3004 25
2731 2949 2843 3021 26).
2879 2971 2907 2999 »

2192 3039 2280 3095 72.
2315 3037 2497 3094 Grave
2525 3038 2635 3094 hoc
2656 3037 2971 3109 judicium,
2991 3055 3124 3094 cum
3154 3038 3435 3094 Dominus
3453 3039 3515 3092 de
3532 3052 3584 3110 se
3599 3050 3698 3108 pos-

367 3127 598 3183 solutus
639 3142 897 3198 corpore,
958 3126 1202 3182 forsitan
1260 3125 1754 3198 investigabilium
1787 3125 2012 3182 viarum
2121 3125 2271 3181 tulat
2299 3131 2501 3182 contra
2529 3126 2827 3182 hominem
2850 3126 3125 3198 judicari.
3162 3127 3312 3190 Quid
3343 3126 3486 3182 enim
3510 3138 3698 3195 respon-

362 3231 596 3290 genera,
629 3218 686 3270 et
705 3213 932 3285 judicia
961 3215 1090 3286 ejus
1138 3230 1264 3286 qua
1318 3213 1470 3269 sicut
1525 3215 1772 3285 abyssus
1823 3215 2007 3270 multa
2035 3204 2078 3271 C
2117 3215 2256 3270 deas
2283 3218 2360 3286 et,
2391 3215 2492 3287 qui
2524 3215 2795 3270 universa
2825 3215 2932 3270 tibi
2956 3214 3230 3287 contulit,
3257 3216 3514 3271 omnibus
3532 3217 3579 3269 te
3595 3227 3698 3284 prae-

363 3308 520 3374 sunt,
553 3302 1011 3375 comprehendit.

431 3395 520 3448 69.
555 3394 740 3464 (Vers.
774 3393 888 3463 31.)
916 3392 1121 3447 Adhuc
1144 3391 1389 3463 justitiae
1422 3391 1608 3447 forma
1658 3391 2010 3447 describitur

362 3487 418 3536 et
449 3485 716 3553 augetur,
750 3480 978 3536 dicente
1009 3479 1308 3552 Scriptura
1341 3497 1352 3534 :
1417 3501 1439 3529 ι
1474 3479 1586 3534 Lex
1612 3479 1712 3535 Dei
1763 3479 1893 3550 eius
1945 3478 2005 3534 in

364 3569 535 3624 corde
590 3568 823 3639 ipsius;
884 3572 942 3623 et
998 3585 1113 3624 non
1175 3567 1713 3640 supplantabuntur
1767 3583 2006 3638 gressus

364 3657 512 3728 ejus.
551 3678 578 3704 »
609 3655 671 3710 In
704 3656 878 3710 corde
899 3655 1048 3726 justi
1080 3655 1169 3712 lex
1201 3657 1300 3711 Dei
1331 3660 1436 3712 est.
1489 3658 1624 3720 Quae
1679 3655 1770 3710 lex
1798 3655 1825 3709 ‘I
1879 3655 2004 3710 Non

364 3743 600 3816 scripta,
636 3743 734 3798 sed
769 3742 1052 3798 naturalis
1086 3762 1098 3798 :
1126 3745 1290 3814 justo
1320 3744 1476 3798 enim
1500 3760 1615 3798 non
1648 3747 1736 3799 est
1766 3743 1856 3798 lex
1909 3760 2007 3815 po-

365 3833 495 3901 sita,
527 3833 626 3888 sed
660 3831 899 3903 injuste.
936 3832 997 3886 In
1029 3832 1202 3886 corde
1230 3833 1358 3902 ejus
1388 3831 1477 3887 lex
1503 3837 1741 3901 est,non
1765 3832 2005 3902 perfun-

363 3921 562 3990 ctorie,
597 3921 749 3976 sicut
773 3919 832 3974 in
866 3919 1037 3976 labiis
1065 3920 1400 3975 Judasorum
1439 3938 1452 3987 ;
1487 3921 1658 3974 corde
1695 3920 1850 3976 enim
1884 3937 2003 3976 cre-

362 4011 519 4067 ditur
547 4010 618 4066 ad
642 4009 960 4082 justitiam.
996 4008 1103 4074 Qui
1135 4009 1336 4076 credit,
1372 4012 1428 4064 et
1457 4007 1745 4080 loquitur;
1780 4009 1879 4080 qui
1902 4027 2002 4065 au-

361 4105 477 4158 tem
508 4099 787 4171 loquitur,
825 4115 937 4154 non
970 4096 1248 4154 continuo
1307 4097 1507 4152 credit.
1567 4097 1830 4169 Denique
1887 4114 2002 4154 non

360 4188 608 4244 credidit
639 4187 912 4260 populus,
945 4187 1014 4242 de
1066 4203 1180 4258 quo
1211 4186 1433 4241 dictum
1491 4190 1578 4241 est
1611 4203 1622 4240 :
1687 4208 1713 4236 «
1745 4185 2003 4258 Populus

359 4276 642 4332 hiclabiis
665 4292 756 4330 me
778 4276 1024 4332 honorat
1055 4295 1068 4342 ;
1102 4292 1201 4331 cor
1230 4279 1423 4331 autem
1457 4291 1658 4330 eorum
1688 4274 1859 4348 longe
1914 4281 2003 4330 est

359 4382 393 4419 a
424 4381 514 4420 me
547 4365 668 4434 (lsa.
699 4382 853 4432 xxix,
888 4365 994 4436 13).
1033 4386 1054 4414 ι
1091 4364 1150 4419 Si
1186 4363 1363 4436 igitur
1391 4369 1592 4434 gentes
1623 4380 1757 4419 cum
1777 4381 1843 4419 ea
1873 4381 1998 4436 quea

355 4453 506 4526 legis
535 4456 674 4509 sunt
705 4452 943 4518 faciunt,
974 4452 1087 4524 ipsi
1115 4451 1226 4507 sibi
1249 4456 1388 4508 sunt
1441 4452 1552 4519 lex,
1585 4458 1998 4525 cognoscentes

358 4558 484 4631 quae
509 4540 676 4631 sequi
707 4541 956 4631 debeant
985 4541 1068 4631 vel
1102 4557 1298 4631 cavere
1332 4559 1343 4608 ;
1379 4544 1598 4631 quanto
1637 4541 1824 4631 magis
1857 4541 1998 4631 ﬁde-
2030 4566 2076 4631 Ι)

357 4629 431 4683 lis
458 4629 744 4699 etjustus,
765 4629 864 4700 qui
883 4629 953 4684 ad
981 4629 1296 4700 imaginem
1319 4632 1376 4683 et
1416 4628 1864 4685 similitudinem
1897 4629 1997 4685 Dei

353 4716 510 4784 vivit,
525 4717 734 4773 decora
755 4717 912 4772 novit
931 4721 987 4772 et
1003 4716 1247 4772 honesta
1268 4718 1592 4786 decernere,
1611 4723 1667 4772 et
1697 4717 1781 4772 uti
1809 4717 1998 4790 legiti-

356 4823 450 4860 mo
500 4805 754 4877 quodam
804 4803 1087 4859 naturalis
1127 4804 1423 4875 sapientiae
1453 4804 1869 4876 gubernaculo.
1929 4823 2002 4862 ne

354 4896 482 4967 ejus
529 4893 982 4967 supplantentur
1033 4892 1321 4964 vestigia;
1382 4890 1536 4948 sicut
1590 4893 1766 4960 Esau,
1826 4911 2000 4967 quem

353 4987 589 5057 prepter
616 4982 765 5056 gulae
796 4981 1132 5038 aviditatem
1164 4982 1340 5038 frater
1379 4980 1784 5054 supplantavit
1813 4987 1878 5038 ut
1907 5000 2000 5040 ca-

352 5073 532 5141 deret,
566 5076 739 5145 atque
771 5072 830 5127 in
863 5074 1110 5128 mortem
1141 5071 1392 5144 vestigia
1424 5071 1556 5142 ejus
1598 5071 1820 5126 effudit.

421 5164 511 5216 70.
544 5161 724 5235 (Vers.
759 5162 848 5228 32,
879 5162 1130 5232 33.)Quo
1163 5161 1352 5233 magis
1374 5161 1577 5231 justus
1608 5164 1696 5216 est
1727 5161 1999 5233 quisque,

352 5265 417 5304 eo
449 5251 636 5322 magis
667 5250 751 5305 illi
783 5250 1100 5306 insidiatur
1130 5249 1407 5305 inimicus
1441 5267 1454 5315 ;
1488 5255 1544 5305 et
1588 5249 1717 5304 ideo
1749 5250 1831 5304 ait
1860 5249 2006 5307 Scri-

353 5342 524 5407 ptura
556 5357 617 5394 ;‹‹
637 5339 977 5396 Considerat
997 5344 1264 5411 peccator
1286 5341 1540 5410 justum,
1575 5343 1630 5394 et
1661 5339 2006 5411 quaeritper-

2116 3303 2288 3371 fecit;
2317 3302 2566 3375 subjecit
2595 3302 2699 3358 tibi
2729 3302 3050 3376 Egyptios,
3084 3303 3156 3359 ad
3187 3320 3335 3376 quos
3391 3303 3576 3373 hospes
3621 3297 3694 3352 ad-

2113 3391 2738 3460 veneras,insectantes
2759 3394 2962 3463 postea
2985 3392 3133 3447 mari
3165 3390 3609 3448 mersit.llletuos
3623 3387 3699 3441 de-

2113 3478 2252 3536 levit
2280 3480 2478 3536 hostes
2508 3483 2684 3551 atque
2715 3480 3026 3548 subvertit,
3061 3479 3157 3535 ille
3201 3485 3259 3536 te
3289 3480 3494 3536 creavit
3517 3483 3566 3533 et
3588 3492 3692 3531 con-

2115 3568 2283 3638 didit,
2316 3568 2414 3624 ille
2443 3583 2549 3624 suo
2580 3568 2866 3640 sanguine
2895 3573 2951 3624 te
2979 3569 3234 3624 redemit
3266 3587 3279 3637 ;
3334 3572 3389 3625 et
3444 3570 3499 3622 tu
3552 3562 3693 3620 tradis

2113 3661 2190 3724 te,
2225 3661 2289 3712 ut
2321 3657 2538 3712 servias
2567 3656 2696 3727 ejus
2725 3655 2964 3712 inimico
3001 3657 3014 3711 l
3049 3656 3152 3713 Ille
3178 3656 3286 3713 tibi
3316 3655 3502 3713 omnia
3535 3667 3695 3726 pecca-

2113 3749 2174 3800 ta
2200 3744 2443 3815 dimisit,
2477 3749 2534 3800 et
2563 3747 2626 3800 tu
2657 3745 2923 3817 graviora
2952 3746 3275 3802 committis
3311 3747 3323 3800 l
3355 3745 3523 3801 Vocat
3547 3745 3608 3808 te,
3653 3739 3696 3792 in

2106 3833 2400 3904 judicium
2429 3831 2646 3901 venies,
2679 3833 2821 3904 quid
2852 3849 3246 3906 responsurus
3277 3851 3338 3890 es
3367 3833 3438 3899 ei,
3471 3831 3558 3903 qui
3593 3827 3699 3883 nisit

2115 3922 2330 3978 iterum
2359 3922 2464 3977 tibi
2495 3922 2691 3990 donet,
2723 3922 2925 3994 peristi
2955 3922 2982 3976 ?
3013 3923 3267 3995 Ideoque
3295 3923 3487 3978 videns
3506 3919 3698 3975 sanctus

2113 4010 2292 4066 David
2324 4010 2432 4065 hac
2462 4010 2718 4082 quadam
2749 4009 3075 4067 moralitate
3105 4011 3218 4081 (41)
3253 4013 3352 4066 Dei
3409 4007 3629 4080 amplius
3652 4016 3698 4056 se

2112 4098 2359 4171 gravari,
2384 4097 2678 4169 judicium
2708 4099 2939 4172 refugit,
2973 4098 3433 4155 misericordiam
3458 4094 3616 4169 poscit
3638 4089 3700 4144 di-

2112 4204 2248 4243 cens
2284 4205 2296 4242 :
2334 4187 2451 4242 «Et
2481 4202 2552 4242 ne
2583 4186 2766 4242 intres
2791 4187 2850 4242 in
2876 4187 3166 4254 judicium
3214 4204 3349 4243 cum
3385 4201 3534 4243 servo
3583 4187 3697 4244 tuo;

2113 4275 2389 4347 quoniam
2421 4291 2532 4329 non
2561 4274 2986 4345 justiﬂcabitur
3014 4275 3074 4330 in
3106 4279 3418 4348 conspectu
3447 4278 3537 4330 tuo
3551 4266 3698 4326 omnis

2108 4363 2307 4419 vivens
2337 4364 2508 4434 (Psal.
2540 4378 2713 4429 chn,
2745 4364 2822 4434 2).
2859 4385 2887 4413 «
2920 4363 3241 4440 conﬁtetur
3297 4381 3359 4420 se
3415 4365 3469 4418 in
3497 4353 3698 4416 tenebris

2111 4451 2262 4510 sicut
2316 4456 2614 4508 mortuum
2673 4451 2873 4507 saeculi
2932 4451 3305 4508 collocatum.
3367 4453 3534 4507 Caute
3581 4446 3698 4501 sicut

2109 4545 2407 4595 mortuum
2440 4539 2637 4595 seaculi
2671 4539 2836 4610 dixit,
2868 4557 2984 4596 non
3011 4545 3314 4598 mortuum
3351 4560 3363 4609 ;
3423 4556 3528 4594 non
3576 4532 3696 4590 enim

2109 4629 2325 4684 mortui
2359 4628 2555 4685 saeculi
2589 4633 2747 4697 sunt,
2782 4629 2882 4701 qui
2915 4630 3249 4686 moriuntur
3280 4631 3337 4685 in
3369 4627 3574 4687 Christo
3598 4641 3609 4688 ;
3633 4617 3697 4673 illi

2109 4722 2303 4774 autem
2335 4721 2474 4772 sunt
2505 4717 2719 4773 mortui
2752 4717 2971 4787 saeculi,
2995 4718 3096 4790 qui
3126 4735 3359 4776 omnem
3379 4718 3542 4772 vitam
3565 4722 3697 4768 suam

2109 4822 2286 4879 quam
2315 4806 2584 4862 vixerunt
2609 4805 2671 4862 in
2709 4807 2936 4876 sarculo,
2969 4806 3029 4863 in
3061 4807 3298 4864 interitu
3327 4811 3383 4863 et
3410 4806 3574 4862 morte
3593 4812 3697 4854 con-

2111 4895 2387 4960 stituunt,
2420 4895 2489 4950 Et
2519 4895 2645 4951 ideo
2703 4896 2872 4966 quasi
2904 4897 3245 4968 desperatus
3305 4896 3373 4951 ad
3427 4887 3699 4949 remedium

2112 4983 2373 5057 confugit
2402 4983 2602 5040 dicens
2630 4999 2642 5038 :
2677 5006 2703 5032 «
2737 4983 2863 5040 Cito
2893 4984 3101 5040 exaudi
3133 5000 3242 5052 me,
3277 4981 3543 5043 Domine;
3595 4971 3700 5057 qui?

2112 5056 2321 5128 defecit
2346 5071 2590 5146 spiritus
2620 5087 2787 5128 meus
2818 5072 2976 5144 (Ibid.
3006 5073 3085 5145 7).
3120 5095 3147 5121 ››
3179 5071 3338 5127 Talis
3367 5056 3699 5137 enimjudicii

2113 5160 2412 5234 proposita
2441 5160 2554 5216 sibi
2583 5159 2875 5217 oblatione
2905 5160 3197 5228 defecit,in
3226 5177 3342 5232 quo
3363 5148 3701 5215 examinanda

2113 5250 2328 5306 veritas
2359 5249 2505 5324 foret
2524 5248 2741 5322 potius,
2764 5266 2941 5322 quam
2967 5247 3365 5307 misericordia
3382 5238 3698 5303 conferenda.

2183 5340 2274 5393 73.
2308 5339 2525 5394 Tamen
2555 5341 2678 5393 tam
2707 5338 2840 5410 pius
2871 5343 2961 5395 est
2988 5339 3290 5404 Dominus,
3322 5340 3387 5391 ut
3409 5333 3512 5390 etsi
3561 5338 3696 5384 nemo

355 5424 489 5480 dere
520 5443 674 5481 eum.
699 5427 981 5484 Dominus
1013 5432 1207 5483 autem
1235 5445 1349 5483 non
1382 5426 1748 5499 derelinquet
1778 5443 1912 5483 eum
1945 5427 2005 5482 in
2106 5427 2471 5500 justificetur
2493 5425 2554 5481 in
2576 5430 2891 5498 conspectu
2949 5427 3077 5499 ejus
3128 5426 3322 5482 vivens
3376 5421 3523 5494 (quis
3573 5413 3694 5472 enim

356 5512 629 5566 manibus
647 5515 772 5582 ejus
795 5533 807 5583 ;
830 5532 935 5571 nec
957 5515 1260 5572 damnabit
1294 5531 1451 5582 eum,
1484 5531 1617 5570 cum
1643 5515 2009 5587 judicabitur
2117 5515 2592 5587 quamvisjustus
2615 5530 2730 5570 non
2751 5515 3036 5573 obnoxius
3057 5520 3145 5572 est
3172 5516 3404 5587 peccato
3439 5530 3450 5579 ;
3481 5510 3569 5564 aut
3615 5517 3690 5557 ου’

431 5659 536 5730 (lit)
568 5660 904 5735 Moralitate,
938 5665 996 5720 id
1030 5671 1141 5733 est,
1200 5681 1309 5720 usu
1345 5665 1798 5724 consuetudinis
1855 5684 1920 5725 ac
1960 5667 2142 5726 moris
2167 5666 2410 5726 humani
2433 5683 2546 5738 quo
2579 5680 2640 5725 se
2671 5666 2838 5726 nobis
2865 5671 3018 5725 Deus
3048 5664 3458 5724 accommodat.
