3894 6208
206 367 370 436 1053

1247 362 1706 429 ENARRATIO
1749 361 1828 427 IN
1875 356 2261 425 PSALMUM
2303 355 2576 423 XXXVI.

3464 357 3619 419 1054

192 507 300 579 jus
333 502 469 560 talis
490 504 581 559 est
608 500 743 570 vita,
778 505 843 556 ut
869 499 1047 574 digna
1077 498 1374 571 judicétur
1419 498 1520 553 Dei
1580 497 1854 552 similitu-
1885 495 1941 561 Α
1970 493 2123 548 sicut
2150 509 2397 564 granum
2430 491 2674 563 sinapis,
2703 489 2910 546 dicetis
2939 489 3077 546 huic
3119 489 3340 546 monti:
3374 489 3618 555 Tollere,

203 592 394 650 dine?
422 592 627 665 utique
659 592 730 648 ad
764 589 1082 663 imaginem
1134 593 1190 644 et
1246 587 1696 644 similitudinem
1757 586 1860 642 Dei

202 683 397 740 factus
428 682 623 748 debet,
656 681 806 736 sicut
837 680 990 735 Deus
1040 678 1142 749 qui
1181 677 1306 734 sine
1337 679 1569 748 peccato
1613 679 1722 746 est,
1780 675 1863 730 ita

203 777 264 828 et
295 772 347 827 is
379 771 480 843 qui
513 771 585 826 ad
617 769 936 841 imaginem
965 768 1093 838 ejus
1129 771 1238 834 est,
1271 765 1396 821 sine
1427 769 1663 838 peccato
1708 781 1857 820 esse.

201 862 332 926 Qua
373 876 510 931 ergo
556 859 770 930 dignus
820 861 907 912 est
961 873 1129 928 poena
1180 855 1280 926 qui
1329 854 1577 926 gratiam
1637 857 1859 908 tantam

201 947 529 1006 Dominicm
557 945 937 1018 operationis,
967 950 1023 999 et
1053 942 1498 999 similitudinem
1534 942 1710 996 divini
1762 943 1862 996 de-

202 1039 364 1096 coris
387 1035 626 1092 amisit?
657 1035 766 1090 Sed
800 1035 939 1106 quia
971 1033 1300 1090 misericors
1329 1036 1437 1097 est,
1470 1031 1700 1088 etiamsi
1738 1029 1864 1102 ipse

206 1143 274 1184 se
313 1126 542 1196 judicio
586 1123 896 1194 subjiciat;
931 1123 1163 1193 justum
1209 1125 1404 1176 tamen
1455 1137 1569 1175 non
1613 1120 1861 1190 judicat,

205 1216 311 1272 sed
346 1215 660 1285 injustum.
691 1213 862 1268 Justo
895 1211 1097 1284 parcit,
1151 1209 1320 1282 quasi
1351 1207 1701 1265 conditionis
1753 1209 1863 1263 fra-

198 1303 436 1377 gilitate
466 1301 764 1375 peccanti:
803 1300 1088 1373 injustum
1141 1299 1328 1371 punit,
1364 1298 1532 1370 quasi
1573 1298 1671 1368 qui
1712 1298 1866 1352 dete-

200 1395 397 1448 stetur
461 1390 779 1462 ingratum.
843 1388 1058 1444 Deinde
1123 1387 1357 1443 etiamsi
1416 1386 1604 1441 multa
1647 1385 1866 1441 habeas

199 1497 386 1553 opera
406 1477 676 1550 justitiaa,
711 1476 826 1531 noli
850 1493 979 1532 esse
1011 1475 1326 1547 impatiens
1357 1478 1531 1546 atque
1562 1490 1862 1546 arrogans,

199 1586 324 1642 quo
347 1565 724 1640 prmmia(42)
758 1565 864 1620 tibi
903 1564 1156 1635 justitiae
1207 1564 1266 1618 in
1325 1564 1433 1618 hoc
1486 1562 1695 1619 saeculo
1748 1562 1836 1618 exi

198 1657 415 1714 stimes
445 1655 782 1728 ﬂagitanda,
816 1657 917 1709 aut
945 1652 1185 1724 indigne
1202 1652 1306 1707 tibi
1326 1653 1568 1707 adversa
1586 1650 1868 1706 accidisse

201 1745 408 1818 aliqua
436 1741 836 1814 conqueraris.
872 1741 1140 1805 Quandiu
1181 1740 1337 1796 enim
1378 1739 1543 1808 vivis,
1577 1743 1864 1793 certamen

198 1834 311 1891 tibi
336 1834 604 1908 debetur,
639 1848 754 1886 non
789 1829 1116 1903 praemium.

274 1925 371 1977 74.
403 1922 591 1993 (Vers.
633 1921 747 1986 34.)
794 1941 821 1967 ‹‹
864 1918 1146 1989 Exspecta
1203 1939 1232 1964 ››
1283 1931 1419 1987 ergo
1475 1915 1559 1971 vel
1617 1915 1864 1971 auxilia-

199 2016 421 2079 torem,
463 2008 552 2065 vel
578 2011 1077 2063 remuneratorem
1107 2004 1422 2061 Dominum
1447 2028 1474 2054 «
1525 2009 1582 2059 et
1637 2005 1864 2060 custodi

196 2100 329 2155 vias
347 2100 510 2171 ejus;
547 2120 574 2146 »
607 2097 716 2152 hoc
746 2099 852 2162 est,
887 2099 1221 2166 exspectare
1267 2098 1324 2148 et
1376 2095 1505 2164 ejus
1536 2110 1709 2164 quem
1769 2111 1862 2148 ex-

199 2188 595 2262 spectandum
619 2188 812 2257 putas,
847 2184 1125 2239 mandata
1153 2199 1514 2238 conservare.
1549 2183 1666 2238 Etsi
1727 2199 1862 2238 con-

198 2278 442 2344 teraris,
497 2276 606 2331 etsi
654 2272 954 2345 afﬂigaris,
1011 2271 1120 2327 etsi
1199 2271 1545 2343 aegritudine
1605 2271 1862 2341 delicias,

199 2372 407 2424 tamen
458 2367 729 2437 exspecta
759 2363 913 2418 812
963 2361 1300 2431 Dominum,
1361 2364 1417 2414 et
1449 2377 1564 2415 non
1624 2363 1680 2417 te
1727 2377 1864 2416 con-

202 2455 417 2511 fundet
447 2469 600 2526 spes.

273 2545 370 2598 75.
400 2542 608 2598 Veniet
636 2539 938 2603 Dominus,
972 2541 1082 2593 «et
1110 2537 1386 2592 exaltabit
1430 2541 1509 2604 te,
1567 2541 1632 2591 ut
1682 2536 1864 2591 haere-

204 2633 394 2689 ditate
421 2631 728 2704 possideas
749 2633 1037 2684 terram.»
1076 2627 1282 2698 Liquet
1329 2625 1688 2697 superiorem
1737 2641 1866 2680 esse

201 2726 454 2785 terram,
491 2736 607 2774 non
641 2719 811 2774 istam
869 2716 927 2770 in
977 2714 1126 2770 valle
1174 2717 1502 2779 terrenam;
1554 2714 1654 2768 sed
1699 2711 1865 2767 illam

205 2826 344 2883 quae
375 2813 465 2864 est
516 2803 988 2879 repromissionis
1009 2808 1254 2870 aeternae,
1290 2803 1348 2858 in
1383 2820 1498 2874 qua
1529 2803 1866 2874 quicunque

201 2897 611 2964 constituitur,
641 2895 928 2951 exaltatu)
951 2910 984 2948 a
1012 2891 1278 2948 Domino.

277 2989 373 3041 76.
411 3009 438 3036 ‹‹
469 2985 707 3040 Videbis
756 2987 950 3038 autem
995 2997 1128 3036 cum
1162 2980 1440 3052 perierint
1492 2984 1862 3051 peccatores;

199 3081 356 3134 tunc
377 3074 535 3131 enim
561 3075 860 3145 justorum
892 3069 1284 3126 remuneratio
1323 3069 1452 3135 erit,
1514 3086 1645 3123 cum
1701 3068 1867 3140 judi-

199 3166 368 3222 cium
415 3163 590 3219 fuerit
645 3162 714 3217 de
747 3159 971 3215 meritis
1021 3158 1358 3230 impiorum.
1413 3158 1524 3214 Sed
1575 3174 1691 3212 non
1750 3173 1865 3212 uno

1896 1858 1945 1923 B

1968 586 2026 636 et
2047 582 2271 652 jactare
2321 581 2380 634 in
2415 597 2572 637 mare
2605 581 2812 651 (Matth.
2864 597 3002 646 xvn,
3041 580 3148 652 19).
3208 603 3235 630 »
3280 581 3435 634 Huic.
3470 579 3621 634 Cui?

1969 670 2286 737 Daemonio,
2320 669 2534 740 inquit,
2568 687 2602 723 a
2631 686 2745 741 quo
2778 669 2888 724 iste
2919 670 3158 725 invasus
3217 669 3405 725 fuerat
3433 675 3490 724 et
3519 685 3620 741 op-

1971 775 2234 831 pressus,
2262 775 2436 829 quem
2472 757 2767 812 miramini
2806 775 2933 814 esse
2965 763 3262 814 sanatum.
3325 759 3458 813 Ideo
3491 757 3627 814 cha-

1972 847 2199 903 ritatem
2236 846 2422 918 magis
2458 847 2635 902 habet
2664 846 2723 902 in
2756 848 3002 916 Christo,
3065 865 3240 919 quam
3275 850 3623 919 potestatem

1970 936 2031 991 in
2063 935 2315 990 diabolo.
2351 935 2524 991 Vides
2547 937 2782 991 cedrum
2808 937 2862 991 in
2889 941 3082 992 monte
3099 937 3388 993 altissimo
3419 952 3622 1007 super-

1973 1024 2283 1080 exaltatam
2309 1041 2322 1091 ;
2357 1025 2453 1079 sed
2485 1027 2657 1080 vento
2689 1025 2997 1097 frangitur,
3055 1027 3155 1081 sed
3187 1026 3307 1098 igni
3339 1024 3620 1091 exuritur,

1973 1114 2072 1169 sed
2105 1116 2391 1167 vetustate
2421 1113 2793 1168 dissolvitur:
2829 1114 2910 1168 ita
2938 1118 3026 1169 est
3055 1115 3214 1168 dives
3273 1113 3330 1167 in
3390 1112 3621 1168 szeculo.

1973 1201 2175 1272 Fulget
2205 1201 2442 1271 quidem
2476 1200 2784 1273 splendore
2816 1203 3070 1273 quodam
3101 1203 3298 1274 gratiae
3332 1201 3626 1258 saecularis

1974 1294 2040 1344 ut
2070 1289 2326 1344 Libanus
2355 1309 2367 1356 ;
2399 1291 2569 1345 nixus
2602 1295 2690 1346 est
2720 1292 2928 1346 mundi
2966 1291 3245 1363 potentia,
3307 1290 3515 1362 opibus
3573 1295 3630 1346 et

1975 1378 2193 1434 divitiis
2222 1378 2460 1434 exultat.
2490 1379 2735 1434 Videtur
2763 1381 2867 1435 tibi
2887 1379 3109 1452 aliquid
3137 1398 3284 1446 esse,
3311 1385 3627 1452 antequam

1975 1466 2176 1522 dicas:
2214 1468 2580 1523 «Transiens
2638 1468 2844 1525 videbo
2903 1471 3090 1541 (Exod.
3128 1488 3211 1532 III,
3271 1471 3345 1540 3).
3381 1492 3408 1520 »
3470 1469 3630 1524 Sicut

1973 1557 2132 1612 enim
2166 1558 2392 1629 Moyses
2425 1558 2621 1614 animo
2652 1563 2708 1613 et
2741 1564 2933 1615 mente
2963 1559 3234 1615 transivit
3280 1557 3626 1622 materialia,

1974 1650 2032 1702 et
2061 1650 2240 1702 Deum
2269 1647 2452 1703 vidit:
2485 1647 2566 1703 ita
2597 1653 2654 1703 et
2678 1654 2742 1703 tu
2774 1649 2821 1704 si
2868 1653 3134 1705 transeas
3189 1649 3349 1717 hinc,
3398 1651 3467 1705 ad
3528 1648 3630 1704 Dei

1975 1735 2223 1807 gratiam
2255 1736 2565 1809 vestigium
2590 1742 2700 1792 tuae
2716 1739 2930 1794 mentis
2951 1738 3471 1804 attollens,videbis
3493 1756 3628 1795 eum

1976 1823 2119 1878 nihil
2151 1840 2278 1879 esse
2305 1825 2404 1896 qui
2434 1825 2490 1880 in
2511 1825 2618 1880 hac
2636 1831 2788 1882 terra
2804 1827 2915 1883 sibi
2936 1827 3383 1899 potentissimus
3404 1829 3631 1884 videba-

1974 1915 2088 1966 tur.
2123 1913 2255 1968 Ideo
2288 1915 2498 1968 animae
2527 1919 2640 1969 tuae
2673 1915 2831 1983 dicit,
2867 1916 3047 1971 menti
3110 1920 3217 1973 tuae
3276 1917 3417 1973 dicit
3475 1919 3630 1974 Deus

1975 2001 2263 2057 Verbum:
2301 2026 2327 2051 ‹‹
2368 2004 2521 2058 Ades
2550 2003 2664 2059 huc
2695 2021 2729 2059 a
2751 2005 2986 2071 Libano,
3022 2023 3258 2076 sponsa,
3287 2007 3426 2061 ades
3459 2005 3572 2062 huc
3599 2024 3632 2062 a

1976 2088 2197 2144 Libano
2224 2109 2235 2145 :
2273 2091 2552 2147 transibis
2583 2097 2639 2148 et
2671 2095 3053 2164 pertransibis
3076 2095 3258 2164 (Cant.
3303 2112 3375 2161 1v,
3407 2097 3482 2164 8).
3518 2117 3546 2144 »
3570 2095 3630 2150 Si

1972 2179 2254 2232 transmas
2269 2179 2592 2246 szecularia,
2617 2182 3002 2252 pertransibis
3015 2183 3084 2238 ad
3105 2183 3466 2254 paradisum.
3481 2183 3628 2238 Audi

1973 2271 2400 2322 transeuntem.
2421 2291 2448 2317 «
2474 2270 2760 2324 Memento
2793 2271 2927 2336 mei,
2961 2271 3223 2338 Domine,
3247 2288 3379 2326 cum
3406 2271 3630 2327 veneris

1975 2351 2034 2406 in
2069 2370 2312 2426 regnum
2346 2359 2512 2411 tuum
2546 2359 2693 2427 (Luc.
2726 2375 2889 2427 xxm,
2923 2360 3031 2427 42).
3057 2381 3082 2406 ››
3113 2359 3263 2415 Audi
3289 2360 3498 2414 iterum
3532 2375 3635 2431 per

1973 2445 2419 2499 transeuntem:
2456 2469 2483 2495 «
2509 2451 2718 2516 Amen,
2753 2464 2921 2504 amen
2957 2447 3084 2503 dico
3143 2448 3269 2514 tibi,
3303 2448 3475 2504 hodie
3507 2464 3634 2504 me-

1975 2547 2107 2585 cum
2139 2533 2252 2588 eris
2284 2534 2341 2588 in
2375 2535 2648 2605 paradiso
2680 2536 2833 2602 (Ibid.
2867 2538 2978 2607 43).
3018 2558 3038 2587 ι

2059 2622 2148 2677 78.
2183 2623 2330 2686 Quid
2359 2629 2480 2679 est:
2519 2647 2544 2674 ‹‹
2587 2625 2729 2680 Ecce
2783 2642 2896 2680 non
2957 2629 3100 2681 erat.
3135 2650 3161 2675 ››
3223 2629 3285 2681 In
3344 2627 3632 2699 principio

1973 2716 2179 2786 utique
2229 2712 2486 2768 Verbum
2517 2718 2659 2769 erat.
2703 2715 2773 2768 Et
2832 2714 2933 2784 qui
2988 2714 3246 2770 Verbum
3303 2715 3480 2783 videt,
3533 2719 3631 2788 qui

1975 2800 2266 2872 particeps
2298 2799 2472 2855 Verbi
2507 2804 2614 2868 est,
2646 2801 2850 2872 utique
2881 2807 2938 2857 et
2964 2801 3088 2874 ipse
3130 2808 3256 2870 est;
3328 2804 3464 2876 quia
3493 2808 3633 2860 Ver—

1975 2891 2118 2945 bum
2150 2890 2250 2945 Dei
2279 2905 2510 2962 semper
2550 2894 2656 2956 est,
2710 2894 2768 2944 et
2824 2906 3017 2945 sermo
3069 2891 3167 2963 qui
3218 2893 3289 2946 de
3339 2891 3467 2964 ipso
3525 2898 3633 2961 est,

1978 2996 2095 3035 non
2127 2983 2248 3034 est:
2286 2979 2386 3034 Est
2415 2983 2470 3034 et
2501 2995 2651 3047 non;
2687 2980 2786 3034 sed
2819 2998 2831 3034 ε
2863 2981 2983 3046 Est,
3016 2985 3071 3036 et
3101 2984 3300 3036 manet
3347 2982 3405 3036 in
3439 2998 3505 3037 eo
3537 2983 3637 3054 qui

1976 3068 2243 3139 sequitur
2286 3073 2490 3123 Deum.
2544 3067 2654 3133 Qui
2708 3073 2903 3124 autem
2955 3069 3140 3125 nescit
3186 3070 3465 3137 Verbum,
3521 3088 3633 3127 non

1976 3160 2085 3225 est,
2119 3155 2392 3226 quianon
2419 3155 2677 3210 adhaeret
2697 3157 2746 3211 ei
2781 3156 2878 3227 qui
2913 3157 3094 3212 dixit:
3121 3180 3149 3207 ‹‹
3187 3159 3302 3230 Ego
3353 3177 3482 3214 sum
3536 3159 3637 3230 qui

200 3268 424 3328 genere
451 3253 713 3324 'pereunt
755 3225 1126 3321 peccatores
1151 3249 1290 3302 Ante
1339 3245 1444 3301 tibi
1491 3250 1752 3318 pereunt,
1815 3246 1861 3300 si
1897 3225 1939 3292 ί]
1980 3260 2111 3299 sum
2137 3225 2348 3315 (Exod.
2379 3261 2463 3310 ιιι,
2500 3244 2610 3314 Η).
2647 3267 2674 3293 ››
2707 3225 2858 3300 813
2889 3245 2996 3309 Qui
3047 3225 3260 3300 autem'
3303 3225 3636 3303 adhaeret—ei

201 3356 419 3400 eorum
449 3337 772 3410 potentiam
804 3340 860 3391 et
890 3335 1120 3391 divitias
1161 3351 1274 3390 non
1327 3333 1596 3388 mireris:
1651 3333 1701 3388 si
1754 3351 1869 3388 non

201 3435 268 3486 te
324 3431 555 3483 moveat
617 3442 752 3481 cum
815 3441 914 3480 eos
963 3423 1307 3489 honoribus,
1381 3421 1602 3486 liberis,
1664 3421 1873 3477 amicis

202 3516 516 3575 abundare
555 3513 917 3587 cognoveris.
971 3512 1100 3566 Haec
1130 3512 1287 3566 enim
1339 3509 1537 3566 saeculi
1597 3515 1754 3574 sunt,
1817 3515 1874 3565 et

204 3604 499 3664 saeculum
531 3602 793 3659 saeculari
817 3601 1080 3672 subjaret
1103 3599 1453 3672 malignitati
1479 3617 1491 3654 :
1513 3604 1570 3654 et
1602 3598 1873 3672 princeps

206 3692 427 3751 mundi
459 3692 532 3748 iis
561 3691 660 3764 qui
691 3690 799 3746 sibi
824 3689 1105 3757 serviunt,
1129 3689 1280 3744 favet
1309 3707 1320 3757 ;
1356 3688 1681 3744 secundum
1705 3687 1870 3743 illud:

207 3807 240 3835 ‹‹
287 3780 503 3837 Omnia
550 3779 656 3835 tibi
705 3779 875 3846 dabo,
926 3777 975 3833 si
1026 3777 1334 3849 procidens
1391 3776 1722 3832 adoraveris
1781 3793 1875 3831 me

209 3871 432 3943 (Matth.
469 3886 542 3935 IV,
567 3869 682 3939 9).»
705 3867 852 3933 Quid
886 3865 1101 3937 quaeris
1127 3869 1191 3920 ut
1219 3882 1287 3920 ea
1318 3864 1424 3920 tibi
1455 3865 1686 3932 dentur,
1741 3881 1873 3919 cum

203 3962 343 4032 ipse
372 3957 592 4028 impius
616 3956 716 4028 qui
748 3956 934 4026 dat,in
965 3955 1048 4010 eis
1071 3954 1294 4011 diutius
1319 3971 1448 4009 esse
1480 3971 1594 4008 non
1632 3953 1819 4025 possit
1843 3953 1891 4006 ‘?'

203 4047 453 4105 Transit
482 4045 660 4100 etiam
683 4045 828 4117 ipse,
865 4044 1158 4116 quomodo
1188 4046 1436 4114 possunt
1476 4059 1590 4097 non
1625 4041 1876 4097 transire

207 4152 344 4209 qua:
377 4132 672 4190 contulit?
702 4134 790 4188 Tu
825 4133 996 4187 modo
1027 4136 1389 4187 constantem
1421 4130 1686 4186 animum
1719 4145 1872 4201 gere,

195 4222 506 4297 justitiam
547 4226 699 4287 tene,
735 4237 904 4276 nomo
953 4223 1008 4274 te
1052 4223 1299 4286 moveat,
1353 4223 1409 4273 et
1453 4218 1678 4274 videbis
1730 4218 1876 4273 nihil

211 4329 351 4368 esse
385 4310 656 4383 impium.

289 4402 384 4453 77.
420 4399 607 4469 (Vers.
637 4399 767 4469 35.)
827 4397 1086 4470 Denique
1125 4396 1261 4453 audi
1297 4395 1583 4452 dicentem
1619 4413 1630 4450 :
1668 4420 1694 4446 «
1747 4396 1875 4452 Vidi

210 4487 474 4560 impium
508 4485 1026 4558 superexaltatum,
1065 4489 1120 4540 et
1149 4484 1434 4540 elevatum
1466 4501 1644 4557 super
1677 4486 1880 4540 cedros

1981 3350 2133 3388 unus
2159 3332 2402 3403 spiritus
2435 3337 2542 3387 est.
2587 3332 2693 3387 Ubi
2727 3338 2928 3388 autem
2959 3333 3225 3404 spiritus,
3269 3334 3347 3390 ibi
3381 3339 3437 3390 et
3493 3336 3632 3391 vita.

1981 3421 2114 3477 Ideo
2155 3421 2261 3476 tibi
2289 3419 2430 3475 dicit
2485 3420 2785 3493 Scriptura
2816 3423 2887 3476 de
2917 3422 3072 3477 Deo:
3133 3445 3160 3471 «
3221 3425 3329 3488 Qui
3385 3424 3638 3480 viviﬁcat

1984 3513 2268 3575 mortuos,
2297 3512 2354 3564 et
2381 3512 2545 3563 vocat
2575 3525 2642 3563 ea
2662 3525 2786 3580 quae
2833 3526 2948 3564 non
3008 3514 3166 3577 sunt,
3229 3518 3510 3584 tanquam
3570 3531 3636 3568 ea

1984 3616 2110 3672 quae
2142 3603 2281 3655 sunt
2311 3599 2484 3669 (Rom.
2521 3615 2596 3663 IV,
2616 3598 2733 3669 l7);
2767 3620 2796 3648 ››
2815 3598 2923 3654 hoc
2953 3594 3061 3670 est,
3094 3606 3260 3657 vocat
3280 3607 3479 3674 gentes
3508 3620 3633 3674 quze

1984 3704 2101 3743 non
2134 3691 2320 3753 erant,
2373 3691 2652 3758 tanquam
2707 3687 2993 3760 populum
3051 3706 3222 3746 suum
3283 3691 3381 3762 qui
3466 3697 3632 3759 erat;

1987 3780 2153 3832 erant
2182 3776 2337 3832 enim
2370 3779 2566 3848 patres
2597 3777 2802 3842 nostri,
2862 3778 2963 3849 qui
3013 3783 3180 3834 erant
3210 3780 3374 3835 electi
3409 3781 3528 3837 Dei.
3571 3783 3640 3837 Et

1985 3864 2125 3920 alibi
2157 3865 2406 3920 dicitur:
2441 3888 2467 3913 ‹‹
2502 3866 2780 3938 Cognovit
2809 3867 3094 3924 Dominus
3125 3869 3224 3939 qui
3257 3874 3398 3923 sunt
3452 3869 3639 3940 ipsius

1986 3955 2058 4025 (II
2096 3955 2318 4020 Tim.11,
2351 3954 2463 4024 49),
2501 3977 2527 4004 ››
2562 3971 2677 4009 non
2711 3957 3012 4027 cognoscit
3063 3973 3162 4011 eos
3193 3957 3292 4027 qui
3327 3973 3442 4012 non
3501 3963 3640 4012 sunt

1984 4043 2055 4097 Et
2084 4041 2291 4098 Esther
2321 4043 2435 4097 ait:
2496 4065 2523 4092 «
2553 4042 2676 4098 Non
2711 4044 2812 4097 des
2839 4044 3060 4115 virgam
3096 4044 3254 4114 regni
3288 4044 3372 4099 tui
3405 4044 3477 4100 iis
3537 4047 3637 4117 qui

1986 4147 2099 4186 non
2131 4135 2272 4185 sunt
2301 4131 2518 4201 (Esther
2545 4148 2657 4198 x1v,
2679 4131 2788 4200 Η).
2819 4153 2845 4179 ››
2874 4132 3046 4186 Recte
3068 4148 3203 4202 ergo
3224 4133 3424 4202 justus
3455 4133 3631 4189 dicit:

1987 4243 2015 4270 «
2048 4220 2117 4273 Et
2147 4218 2412 4288 transivi,
2440 4224 2495 4274 et
2525 4235 2654 4274 ecce
2678 4236 2792 4274 non
2825 4223 2984 4286 erat;
3016 4242 3042 4268 ››
3075 4219 3184 4275 hoc
3216 4225 3322 4286 est,
3358 4221 3470 4277 vidi
3504 4239 3637 4278 eum

1988 4306 2484 4379 superexaltatum
2518 4307 2575 4361 in
2605 4306 2837 4373 saeculo,
2871 4312 3184 4379 antequam
3208 4310 3638 4367 considerarem

1989 4396 2128 4467 quia
2159 4395 2306 4450 nihil
2338 4399 2430 4450 est
2461 4395 2765 4451 saculum.
2799 4395 2907 4451 Ubi
2941 4400 3135 4451 autem
3173 4398 3415 4453 transivi
3447 4405 3640 4455 mente

1988 4501 2167 4556 supra
2199 4483 2508 4551 mundum,
2541 4484 2656 4539 vidi
2689 4485 2974 4556 quiajam
3025 4502 3139 4540 non
3171 4491 3293 4540 erat
3349 4487 3446 4558 qui
3505 4491 3640 4544 ante

219 4575 461 4634 Libani.
486 4576 555 4630 Et
597 4574 862 4641 transivi,
897 4579 952 4630 et
981 4591 1110 4629 ecce
1168 4590 1282 4628 non
1315 4576 1455 4629 erat.
1494 4596 1519 4621 ››
1569 4573 1695 4628 Vidi
1745 4590 1878 4629 eum
1911 4593 1958 4657 D
1989 4577 2114 4630 erat
2134 4573 2602 4645 superexaltatus
2635 4575 2692 4628 in
2724 4573 2834 4628 hoc
2868 4576 3107 4630 mundo.

220 4666 287 4721 in
343 4663 557 4718 saaculo
604 4662 736 4730 hoc,
786 4662 902 4716 vidi
952 4660 1138 4716 oculis
1202 4661 1499 4733 corporis;
1549 4661 1666 4716 vidi
1707 4662 1879 4717 etiam

211 4755 546 4826 jactantem
580 4768 662 4818 se,
696 4755 754 4806 et
777 4749 1306 4822 superexaltantem
1335 4749 1708 4805 sermonibus
1734 4751 1880 4816 suis,

221 4841 621 4898 mstimantem
650 4856 712 4895 se
733 4838 955 4910 aliquid
984 4855 1133 4906 esse,
1158 4839 1255 4911 qui
1281 4837 1425 4893 nihil
1449 4842 1555 4893 est.
1581 4839 1882 4904 Quomodo

220 4945 290 4986 se
324 4928 717 5001 superexaltat
747 4929 775 4982 ‘2
805 4950 831 4976 ‹‹
863 4929 1096 4996 Ponam,
1132 4927 1344 4999 inquit,
1374 4925 1652 4982 thronum
1686 4943 1882 4983 meum

217 5033 412 5091 super
468 5018 656 5072 nubes
716 5033 729 5073 :
789 5020 847 5072 et
923 5032 1019 5072 ero
1095 5015 1309 5072 similis
1383 5015 1681 5072 Altissimo
1753 5016 1883 5089 (Isa.

217 5123 344 5174 xxv,
379 5107 490 5174 14).
527 5128 554 5154 ››
586 5104 822 5161 Exaltat
850 5121 932 5172 se,
964 5109 1028 5160 ut
1054 5105 1252 5160 videas
1307 5121 1441 5160 eum
1500 5105 1654 5160 sicut
1681 5106 1887 5161 cedros

219 5194 439 5252 Libani
469 5193 1022 5267 superexaltatasmt
1050 5193 1190 5266 ipsa:
1218 5193 1346 5249 altae
1369 5197 1589 5260 sunt,et
1610 5193 1668 5248 in
1694 5197 1888 5249 monte

215 5288 370 5343 sunt
394 5281 704 5339 altissimo.
735 5282 938 5338 Merito
955 5299 1090 5355 ergo
1119 5282 1558 5355 superexaltatoe
1573 5287 1711 5338 sunt
1726 5288 1782 5338 et
1798 5301 1890 5338 su-

217 5368 626 5446 perexaltatus
646 5371 876 5426 videtur
891 5369 1130 5442 impius,
1151 5371 1326 5442 quise
1346 5370 1402 5424 in
1421 5369 1516 5425 illo
1539 5374 1737 5426 monte
1754 5387 1888 5426 con-

214 5460 441 5530 stituit,
475 5461 546 5515 de
565 5476 679 5530 quo
712 5459 996 5531 scriptum
1023 5463 1147 5514 est:
1183 5481 1209 5508 «
1240 5458 1298 5514 Si
1340 5458 1661 5514 habueritis
1715 5460 1888 5516 fidem

2060 4663 2149 4716 79.
2184 4663 2251 4716 Et
2281 4667 2364 4730 tu,
2399 4663 2656 4733 sijustus
2686 4679 2768 4731 es,
2802 4663 2987 4719 transi
3013 4682 3046 4719 a
3068 4667 3451 4736 praesentibus
3482 4667 3551 4722 ad
3575 4684 3642 4723 ea

1995 4767 2121 4822 qua:
2174 4753 2369 4807 futura
2426 4757 2584 4821 sunt,
2646 4756 2702 4808 et
2758 4753 3092 4810 transibunt
3152 4755 3258 4810 tibi
3313 4756 3637 4827 praesentia.

1995 4839 2271 4895 «Caelum
2295 4845 2351 4895 ct
2405 4845 2560 4896 terra
2615 4841 2983 4908 transibunt;
3036 4844 3208 4898 verba
3263 4847 3457 4898 autem
3512 4859 3642 4900 mea

1995 4945 2109 4983 non
2142 4929 2521 4999 praeteribunt
2561 4928 2768 4999 (Matth.
2831 4948 2979 4998 XXIV,
3041 4931 3152 5000 35).
3197 4952 3223 4977 »
3282 4930 3448 4985 Justo
3505 4947 3640 5002 ergo

1996 5015 2194 5071 omnia
2223 5021 2546 5072 transeunt.
2583 5018 2819 5072 Transit
2848 5017 3086 5089 impius,
3137 5017 3352 5072 similis
3402 5019 3642 5074 vanitati

1997 5109 2106 5169 est,
2129 5109 2186 5159 et
2217 5104 2340 5159 dies
2372 5105 2498 5175 ejus
2521 5104 2672 5158 sicut
2693 5106 2902 5161 umbra
2922 5109 3288 5177 praetereunt.
3317 5105 3429 5163 Nec
3451 5106 3641 5163 solum

1999 5198 2351 5266 pretereunt
2375 5193 2534 5262 justo
2564 5193 2891 5264 prmsentia,
2925 5194 3025 5249 sed
3055 5193 3228 5249 etiam
3262 5211 3392 5250 cum
3447 5197 3518 5251 ad
3575 5214 3643 5254 ea

2001 5300 2127 5355 qua:
2161 5285 2301 5337 sunt
2331 5281 2546 5349 futura,
2582 5281 2916 5351 intenderit,
2941 5283 3066 5353 jam
3126 5283 3240 5338 ista
3271 5288 3638 5356 praetereunt.

1997 5370 2141 5426 Vide
2172 5369 2460 5441 quomodo
2481 5369 2644 5439 justo
2677 5370 2988 5441 praesentia
3027 5372 3370 5442 prazterierc.
3431 5373 3643 5446 Utique

1998 5457 2362 5530 temporibus
2390 5457 2567 5512 David
2595 5458 2886 5530 propheta:
2916 5460 3220 5533 Synagoga
3255 5465 3400 5531 erat,
3448 5463 3642 5519 Eccle-

291 5621 409 5696 (42)
459 5619 598 5696 Cod.
665 5619 926 5696 quinque
987 5618 1212 5687 Gallic.,
1289 5619 1523 5675 multam
1588 5619 1785 5674 habeas
1840 5623 1898 5675 in
1940 5636 2103 5693 opera
2142 5620 2424 5691 jusz'tiam,
2486 5621 2602 5674 noti
2669 5635 2782 5676 esse
2841 5623 3130 5693 impatiens
3175 5627 3334 5696 atque
3381 5641 3642 5696 arrogans

211 5694 314 5764 qui
369 5693 622 5763 praemia,
671 5695 776 5748 etc.
