3894 6208
278 328 442 402 1057

1324 328 1779 400 ENARRATIO
1819 330 1902 396 IN
1943 324 2318 415 BSALMUM
2364 293 2654 395 xxan.

3536 334 3692 418 ωδε

283 461 577 533 quoniam
607 460 667 518 in
697 461 817 520 illis
847 459 1077 542 duobus
1106 462 1321 522 libellis
1372 463 1702 540 adhortatio
1759 463 1940 536 pcnni-
1967 473 2023 538 Α
2057 464 2210 520 816
2241 464 2390 519 sicut
2419 465 2544 536 ipse
2575 464 2721 520 dixit
2752 482 2764 518 :
2795 490 2821 514 «
2858 466 3043 538 Super
3095 483 3268 539 quem
3325 470 3688 540 requiescam

279 550 487 608 tentia:
517 549 606 606 vel
638 552 935 632 profectus
963 556 1074 632 est,
1108 553 1156 610 si
1187 557 1426 634 geratur
1458 572 1471 621 ;
1539 570 1695 608 nunc
1747 557 1941 609 autem
1993 553 1996 556 ’
2051 553 2161 608 nisi
2196 570 2374 626 supra
2404 553 2690 609 humilem
2716 558 2773 612 et
2805 560 3181 612 mansuetum
3213 558 3337 625 (Isa.
3399 575 3544 626 vai,
3581 563 3637 634 2)
3671 563 3693 615 Ρ

283 629 797 712 quemadmodum
824 641 917 713 agi
963 629 1306 714 poenitentia
1355 642 1579 709 debeat,
1615 641 1941 714 exprimen-

282 728 433 784 dum
464 732 555 784 est
587 747 599 796 ;
656 729 802 784 nihil
835 730 991 786 enim
1022 731 1261 803 prodest
1317 747 1509 803 agere,
1537 729 1653 786 nisi
1692 731 1775 785 ita
1803 746 1943 805 aga-

280 821 384 873 tur
417 821 484 873 ut
514 821 764 890 oportet.
797 819 859 876 In
891 836 1006 896 quo
1038 823 1279 876 sanctus
1337 819 1514 876 David
1574 818 1941 896 sequendum
1987 817 1992 824 ’

236 932 240 935 ·
283 905 462 962 nobis
493 906 799 978 proposuit
848 891 1276 980 magisterium,
1307 908 1407 982 qui
1449 908 1579 964 ideo
1609 891 1754 964 mihi
1785 891 1943 964 vide-

284 998 390 1049 tur
421 999 692 1067 gustasse
725 1000 1030 1068 peccatum
1063 1001 1128 1052 ut
1157 998 1406 1068 doceret
1437 997 1942 1074 quemadmodum

281 1087 596 1154 peccatum
628 1089 829 1156 posset
857 1084 1094 1141 aboleri.
1128 1085 1291 1142 Unde
1322 1085 1482 1142 enim
1525 1085 1836 1151 medicina,
1860 1085 1945 1139 ni-

285 1171 341 1227 si
373 1173 447 1227 de
476 1172 716 1228 vulnere
742 1175 1000 1248 sumpsit
1028 1174 1330 1244 exordium
1351 1174 1378 1229 ?
1407 1175 1557 1230 Dum
1588 1175 1780 1248 prima
1806 1177 1944 1250 aetas

285 1261 530 1332 generis
561 1261 807 1317 humani
839 1250 1010 1320 docet
1032 1261 1176 1319 alios
1232 1263 1388 1335 quod
1449 1263 1562 1318 sibi
1620 1262 1858 1335 profuit,
1889 1265 1949 1315 et

288 1350 799 1421 quemadmodum
829 1351 1045 1408 vulnus
1078 1368 1254 1407 suum
1315 1350 1626 1418 sanaverit,
1661 1349 1793 1406 aliis
1853 1367 1946 1405 os-

285 1439 486 1494 tendit
518 1441 532 1506 ;
568 1456 713 1496 usus
743 1445 927 1495 artem
959 1441 1114 1509 fecit,
1138 1444 1194 1496 et
1213 1440 1493 1514 aegritudo
1520 1437 1943 1514 magisterium.

288 1529 433 1598 Ipsa
462 1531 550 1582 est
579 1527 736 1583 enim
795 1529 985 1600 prima
1042 1534 1098 1585 et
1155 1527 1348 1585 valida
1403 1533 1560 1584 secta
1619 1527 1946 1592 medicinae,

292 1631 480 1686 quam
510 1617 1004 1688 experientia,non
1035 1619 1366 1690 conjectura
1393 1617 1679 1672 formavit.
1705 1617 1951 1688 Ideoque

292 1704 371 1759 ab
405 1704 758 1774 experientia
789 1705 1056 1769 ἐμπειρικοί
1113 1706 1301 1777 primo
1333 1705 1543 1761 medici
1575 1709 1716 1760 sunt
1744 1705 1951 1770 vocati,

2052 664 2079 690 «
2113 641 2355 698 Absolve
2386 647 2439 698 te
2470 658 2606 715 ergo
2645 643 2804 699 omni
2845 645 3110 710 sabbato,
3142 654 3198 701 et
3225 645 3408 704 alleva
3463 650 3694 720 pondus

2051 745 2336 798 errorum,
2365 736 2426 786 ut
2485 748 2729 787 securus
2767 733 2840 787 ad
2894 731 3054 789 illius
3113 735 3292 791 futuri
3342 737 3571 793 sabbati
3602 755 3695 806 re-

2053 818 2248 890 quiem
2274 819 2572 891 pervenire
2605 820 2903 890 merearis.
2952 821 3099 876 Nam
3164 823 3213 878 si
3270 823 3407 880 hinc
3463 830 3698 898 peccata

2051 906 2251 978 gravia
2279 908 2618 978 portaveris,
2651 908 2769 963 illic
2800 908 3060 980 requiem
3091 928 3205 966 non
3264 911 3526 969 habebis.
3563 916 3701 971 Exo-

2053 1011 2193 1050 nera
2224 994 2403 1066 igitur
2443 1000 2606 1050 tuam
2664 1001 2944 1064 mentem,
3002 998 3174 1068 rejice
3227 1001 3425 1058 omnia
3483 1003 3698 1074 quibus

2055 1082 2414 1138 conscientia
2430 1087 2705 1156 gravatur
2726 1088 2782 1139 et
2810 1085 3113 1156 premitur,
3149 1103 3218 1142 ne
3249 1089 3350 1143 fiat
3381 1089 3518 1161 fuga
3575 1091 3696 1161 hie-

2055 1188 2148 1227 me
2175 1172 2266 1227 vel
2295 1172 2536 1227 sabbato
2571 1189 2582 1226 :
2617 1172 2736 1227 vita
2765 1171 2886 1226 haec
2906 1171 2966 1226 in
2999 1172 3195 1229 labore
3225 1181 3333 1244 est,
3367 1177 3466 1233 illa
3497 1179 3555 1233 in
3612 1197 3699 1249 re-

2056 1260 2208 1332 quie.
2246 1259 2544 1316 Leviorem
2576 1264 2631 1316 te
2658 1259 2856 1316 szeculi
2888 1260 3068 1329 hujus
3127 1264 3376 1334 reperiat
3428 1282 3701 1322 consum-

2058 1347 2257 1413 matio,
2292 1363 2363 1401 ne
2390 1352 2665 1402 oneratus
2691 1349 2943 1418 peccatis
2975 1349 3171 1420 fugere
3205 1368 3319 1406 non
3353 1353 3565 1424 possis.
3588 1358 3703 1410 An-

2059 1440 2112 1491 te
2144 1437 2297 1510 fuge,
2327 1440 2390 1490 ut
2418 1435 2752 1508 przevenias.
2790 1437 2960 1508 Fugit
3018 1439 3321 1508 saaculum,
3354 1443 3456 1512 qui
3507 1444 3704 1499 saeculi

2059 1521 2347 1580 illecebris
2378 1541 2493 1579 non
2525 1529 2775 1590 tenetur,
2809 1525 2910 1596 qui
2943 1542 3003 1580 se
3033 1528 3191 1582 omni
3225 1545 3368 1584 cura
3424 1529 3550 1600 ejus
3607 1533 3706 1586 ab-

2061 1612 2248 1668 solvit.
2273 1616 2427 1685 Fuge
2457 1613 2918 1668 etiamfuturam
2979 1615 3149 1684 iram,
3186 1615 3296 1671 hoc
3357 1623 3466 1689 est,
3494 1620 3705 1691 judicii

2063 1700 2238 1756 diem.
2265 1701 2432 1773 Fugit
2455 1716 2582 1755 eam
2604 1700 2701 1772 qui
2723 1701 2905 1774 egerit
2934 1703 3334 1773 paenitentiam
3359 1725 3373 1774 ;
3433 1707 3518 1763 sic
3548 1709 3704 1764 enim

292 1797 355 1847 et
387 1808 458 1847 ex
487 1807 554 1848 ea
585 1796 744 1848 secta
774 1799 992 1848 caeteras
1024 1793 1293 1849 derivata:
1327 1799 1485 1858 sunt,
1552 1798 1728 1865 atque
1785 1793 1856 1848 ab
1886 1807 1954 1846 ea
1985 1834 2032 1899 B
2063 1789 2325 1844 deﬁnivit
2346 1789 2606 1860 Baptista
2643 1789 2897 1844 Joannes
2927 1792 3126 1847 dicens
3159 1811 3170 1847 :
3226 1816 3255 1844 «
3287 1794 3590 1852 Generatio
3624 1798 3704 1852 vi-

297 1896 470 1899 _,m_z_,
522 1897 580 1899 _,,
605 1897 655 1899 κη
708 1881 724 1899 1
787 1898 792 1899 ,
865 1884 907 1899 Il
930 1884 971 1899 ιλ
1381 1898 1392 1899 γ
1559 1881 1570 1899 9
1612 1886 1623 1899 ι
1679 1881 1747 1899 1-,,
1806 1880 1951 1899 nd!)
2065 1893 2330 1899 _-_-_--_-
2393 1877 2519 1899 ---2-
2551 1877 2712 1899 ---1.2-
2774 1879 2860 1899 μ]-κ
2887 1898 2891 1899 ,
2915 1897 2969 1899 χχ,
2992 1885 3052 1899 xz,
3087 1880 3182 1899 ,1;
3245 1882 3268 1899 ι·
3527 1885 3539 1899 ι
3626 1885 3635 1896 ο

269 1882 480 1937 ὐευω
512 1881 828 1951 quemdam
861 1884 973 1958 (44)
1007 1899 1126 1938 suae
1157 1898 1464 1954 sumpsere
1517 1881 1771 1937 virtutis.
1805 1880 1956 1945 Quid
1985 1877 2032 1899 "
2064 1893 2358 1948 perarum,
2388 1877 2521 1949 quis
2551 1877 2715 1933 vobis
2767 1879 3188 1936 demonstravit
3242 1882 3441 1956 fugere
3491 1885 3562 1939 ab
3621 1885 3708 1941 ira

296 1973 504 2025 autem
539 1975 626 2026 est
657 1970 730 2027 ad
784 1970 1247 2027 cohortationem
1302 1969 1654 2042 p‘mnitentias
1683 1968 1954 2036 validius,

298 2073 487 2125 quam
519 2059 673 2129 quod
707 2063 952 2114 sanctus
1010 2058 1294 2131 propheta
1348 2057 1529 2115 David
1584 2062 1955 2130 peccatorum

295 2152 644 2202 nostrorum
679 2164 785 2203 nos
819 2147 1021 2203 docuit
1051 2147 1327 2220 pmnitere
1356 2147 1384 2202 ?
1415 2148 1558 2212 Quis
1604 2146 1760 2202 enim
1792 2145 1954 2201 dedi-

297 2239 519 2308 gnetur
549 2235 866 2292 humiliare
899 2253 963 2293 se
991 2237 1133 2304 Deo,
1181 2253 1315 2292 cum
1371 2253 1471 2292 rex
1518 2251 1579 2291 se
1608 2234 1955 2290 humiliave-

302 2323 388 2378 rit
418 2322 446 2376 ἵ
494 2324 608 2378 Aut
639 2324 770 2396 quis
800 2324 1026 2380 dubitet
1052 2324 1310 2397 afﬂigere
1334 2323 1592 2381 animam
1624 2339 1954 2391 suam,cum

302 2412 599 2484 propheta
626 2416 824 2468 tantus
851 2413 1140 2482 atﬂixerit,
1173 2411 1402 2470 solvens
1460 2413 1714 2486 pretium
1771 2411 1958 2484 lacry-

303 2518 542 2556 marum
577 2518 681 2574 pro
710 2503 1114 2578 redemptione
1144 2503 1364 2575 peccati
1395 2503 1423 2557 ?
1474 2504 1545 2558 Et
1573 2503 1840 2575 quamvis
1869 2508 1956 2558 to-

305 2596 370 2646 to
405 2590 757 2663 scriptorum
789 2609 1030 2648 suorum
1063 2608 1302 2664 corpore
1355 2594 1622 2665 gerenda:
1673 2591 1960 2664 poeniten-

304 2679 405 2734 tiae
438 2684 726 2752 praecepta
754 2680 1054 2737 diffuderit
1085 2702 1098 2751 ;
1152 2681 1288 2753 quis
1319 2681 1477 2737 enim
1535 2682 1666 2751 ejus
1693 2680 1958 2752 psalmus

304 2785 430 2824 non
463 2769 956 2844 medicamentum
1004 2776 1096 2842 est
1149 2769 1515 2828 conscientiae
1569 2769 1956 2841 peccatricis;

301 2873 445 2912 cum
478 2855 615 2912 alibi
646 2859 1150 2928 quemadmodum
1180 2857 1479 2930 impulsus
1505 2858 1582 2913 sit
1607 2859 1956 2928 (Psat.cxvu,

305 2945 423 3016 t3),
455 2943 594 3002 alibi
625 2947 1123 3018 quemadmodum
1154 2947 1541 3004 conturbatus
1599 2947 1770 3017 (Psal.
1804 2963 1957 3013 χχιχ,

2061 1969 2308 2020 ventura
2335 1965 2362 2020 ?
2403 1965 2594 2022 Facite
2625 1982 2760 2039 ergo
2818 1968 3042 2022 fructus
3094 1968 3301 2041 dignos
3357 1972 3708 2046 paenitentia

2065 2053 2271 2126 (Matth.
2307 2070 2392 2120 III,
2424 2056 2480 2120 7,
2508 2055 2585 2126 8).
2611 2077 2638 2102 »

2135 2145 2187 2198 3.
2219 2143 2484 2198 Audistis
2512 2142 2686 2198 hodie
2717 2143 2827 2216 legi
2878 2145 3019 2216 quia
3065 2145 3323 2204 Joannes
3377 2149 3708 2222 baptizabat

2064 2232 2124 2286 in
2156 2231 2363 2299 i’Enon,
2389 2231 2560 2301 juxta
2588 2230 2770 2287 Salim
2801 2235 2985 2303 (Joan.
3023 2251 3107 2300 in,
3157 2235 3268 2307 23).
3325 2238 3509 2293 zEnon
3564 2241 3706 2296 dici-

2066 2324 2163 2375 tur
2192 2319 2396 2376 oculus
2426 2319 2849 2392 suppliciorum
2884 2337 2897 2376 :
2935 2322 3116 2377 Salim
3156 2323 3280 2395 ipse
3337 2329 3704 2398 ascendens»;

2067 2409 2175 2464 hoc
2207 2409 2383 2464 habet
2413 2409 2830 2481 interpretatio.
2868 2410 2976 2474 Qui
3016 2427 3151 2484 ergo
3183 2413 3465 2485 baptizari
3524 2417 3707 2489 eligit,

2066 2496 2355 2568 supplicia
2385 2496 2659 2568 praevidet
2690 2515 2703 2565 ;
2737 2501 2792 2552 et
2821 2498 2948 2553 ideo
2996 2501 3259 2573 confugit
3289 2503 3359 2558 ad
3393 2504 3711 2576 baptisma-

2065 2587 2141 2642 tis
2172 2589 2627 2654 sacramentum,
2661 2591 2725 2639 ut
2761 2589 3064 2656 peccatum
3105 2606 3278 2645 omne
3334 2592 3604 2663 deponat,
3639 2612 3710 2650 ne

2067 2673 2350 2732 obnoxius
2380 2673 2622 2746 incipiat
2639 2690 2767 2730 esse
2797 2675 3120 2747 suppliciis.
3153 2679 3220 2732 Et
3249 2679 3396 2735 forte
3421 2681 3711 2754 supplicia

2067 2763 2344 2836 praevidet
2374 2763 2471 2834 qui
2504 2761 2832 2834 baptizatur
2863 2763 3157 2835 baptismo
3202 2769 3590 2838 paenitentiae;
3651 2777 3710 2826 at

2068 2868 2200 2908 vero
2233 2851 2327 2908 ille
2357 2851 2604 2924 gratiam
2635 2855 2880 2924 spectat,
2914 2853 3013 2923 qui
3046 2853 3375 2926 baptizatur
3431 2859 3491 2916 in
3549 2859 3709 2916 Chri-

2069 2945 2174 2997 sto.
2215 2940 2550 3012 Baptismus
2579 2957 2714 3012 ergo
2744 2940 3010 3012 Joannis,
3052 2943 3256 3000 oculus
3286 2947 3708 3018 suppliciorum

303 3035 388 3104 8),
421 3035 744 3092 ostenderit
774 3053 788 3091 :
825 3040 890 3092 ut
920 3053 1035 3094 non
1067 3036 1259 3094 solum
1291 3035 1788 3108 quemadmodum
1843 3034 1962 3092 sint
2071 3036 2160 3086 est
2192 3049 2205 3097 ;
2240 3029 2568 3101 haptismus
2597 3029 2839 3099 Christi,
2869 3031 3076 3088 oculus
3106 3034 3449 3105 gratiarum.
3489 3037 3711 3095 Tamet-

304 3121 596 3196 sananda,
632 3125 732 3180 sed
765 3123 942 3181 etiam
974 3124 1472 3197 quemadmodum
1523 3124 1779 3180 cavenda
1835 3123 1959 3179 vul-

2071 3119 2122 3174 si
2151 3119 2210 3174 in
2241 3122 2424 3173 Athon
2457 3118 2789 3189 baptizabat
2814 3118 3089 3185 Joannes,
3109 3122 3278 3192 juxta
3298 3125 3710 3183 ascendentem

307 3226 477 3276 nera,
509 3211 962 3279 demonstraret,
994 3219 1051 3269 et
1080 3230 1188 3270 suo
1217 3229 1326 3270 nos
1355 3213 1586 3269 doceret
1639 3211 1903 3284 exemplo
1933 3211 1960 3266 ‘2
1991 3197 2033 3264 C
2070 3207 2405 3279 baptizabat
2439 3225 2451 3273 ;
2485 3205 2593 3261 hoc
2623 3206 2777 3262 enim
2806 3213 2862 3263 et
2893 3208 3005 3264 ista
3063 3209 3237 3265 habet
3285 3211 3706 3284 interpretatio,

308 3298 456 3362 Quis
485 3304 681 3357 autem
712 3305 866 3358 stare
887 3319 949 3359 se
980 3303 1198 3369 credat,
1248 3301 1349 3358 ubi
1378 3300 1581 3374 lapsus
1638 3305 1727 3357 est
1779 3299 1956 3356 etiam

309 3387 431 3454 (45)
453 3387 700 3457 fortior;
737 3394 932 3447 tamen
955 3390 1014 3445 in
1069 3389 1368 3446 tricesimo
1425 3389 1673 3461 septimo
1729 3387 1958 3460 psalmo

309 3475 605 3546 majorem
634 3478 754 3536 vim
781 3478 1008 3536 doloris.
1057 3478 1293 3545 interni,
1327 3481 1383 3534 et
1434 3475 1828 3534 lamentabilis
1860 3477 1957 3532 de-

310 3563 664 3635 plorationis
694 3568 998 3639 expressit.

396 3657 454 3712 2.
487 3656 672 3726 (Vere.
704 3656 784 3724 4.)
816 3657 1078 3728 Denique
1106 3656 1168 3711 in
1199 3655 1431 3713 exordio
1459 3654 1583 3725 ipse
1615 3669 1722 3710 nos
1752 3653 1961 3711 titulus

309 3749 597 3805 admonet
626 3745 966 3815 huiusmodi
1001 3750 1287 3816 praecepta
1318 3743 1552 3816 formari
1589 3760 1602 3810 ;
1662 3743 1746 3798 sic
1801 3743 1958 3798 enim

304 3837 568 3910 legimus
601 3853 614 3890 :
648 3858 674 3882 «
712 3834 769 3888 In
805 3833 1442 3900 commemorationem,
1471 3831 1684 3903 inquit,
1705 3831 1961 3888 dieisab~

304 3924 434 3980 bati
468 3921 728 3995 psalmus
757 3921 957 3976 David.
993 3943 1020 3970 »
1071 3919 1247 3976 Plena
1275 3920 1434 3975 enim
1464 3924 1552 3976 est
1608 3919 1960 3990 pcenitentiaa

304 4011 598 4080 deﬁnitio,
631 4009 1109 4069 commemoratio
1140 4008 1484 4065 delictorum
1519 4025 1533 4075 ;
1575 4011 1639 4063 ut
1671 4008 1959 4079 unusqui-

305 4117 428 4173 que
452 4105 686 4173 peccata
713 4115 821 4156 sua
851 4097 1007 4156 velut
1029 4097 1285 4169 quodam
1317 4095 1644 4167 quotidiani
1671 4096 1959 4152 sermonis

303 4189 559 4261 castiget
579 4187 829 4261 ﬂagello,
855 4190 914 4242 et
934 4187 1253 4242 commissa
1296 4184 1409 4241 sibi
1445 4183 1666 4256 ﬂagitia
1685 4185 1959 4240 condem-

305 4282 411 4335 net
435 4277 527 4334 Sic
548 4277 704 4332 enim
729 4275 1262 4343 docemur,dicente
1279 4272 1526 4330 Domino
1551 4289 1562 4326 :
1593 4297 1621 4322 «
1637 4272 1961 4346 Diciniqui-

302 4371 462 4423 tates
475 4363 1050 4435 tuas,utjustiliceris
1072 4364 1199 4434 (lsa.
1224 4363 1498 4434 xuii,26).
1519 4383 1545 4411 »
1559 4362 1628 4418 Et
1650 4362 1960 4434 Apostolus

301 4456 393 4511 ait
421 4472 433 4509 :
471 4477 498 4504 «
524 4454 634 4510 Ore
653 4452 942 4510 confessio
961 4453 1022 4507 fit
1043 4453 1114 4507 ad
1176 4450 1428 4510 salutem
1458 4451 1635 4521 (Rom.
1666 4467 1721 4505 χ.
1783 4450 1894 4521 40).
1929 4474 1958 4502 ››

299 4544 419 4600 Sed
453 4543 596 4600 forte
625 4546 872 4608 moveat,
905 4541 1044 4612 quia
1075 4556 1190 4596 non
1221 4540 1366 4596 dixit
1394 4544 1765 4611 peccatorum
1796 4556 1960 4628 com-
1989 4561 2035 4628 D

302 4631 816 4698 memorationem,
868 4631 969 4686 sed
999 4629 1113 4686 diei
1163 4628 1397 4697 sabbati,
1426 4633 1528 4685 aut
1577 4628 1752 4699 (sicut
1804 4627 1956 4684 alius

301 4721 504 4793 habet)
531 4721 897 4778 sabbatorum.
941 4718 1046 4782 Qui
1079 4721 1168 4775 est
1194 4721 1391 4775 autem
1450 4717 1782 4784 sabbatum,
1839 4715 1955 4771 nisi

297 4809 539 4882 requies
567 4810 920 4875 futurorum,
944 4805 1209 4862 levamen
1239 4803 1638 4877 praesentium,
1692 4821 1807 4876 quo
1840 4804 1956 4861 Lex

286 4899 470 4971 jubet
499 4898 809 4955 hominum
839 4912 1017 4969 Opera
1045 4895 1260 4960 feriari,
1293 4910 1472 4949 onera
1499 4893 1712 4965 deponi
1743 4894 1949 4964 (Exod.

296 5005 398 5054 xx,
423 4988 608 5057 8-11)?
632 4989 765 5053 Quae
788 4989 929 5043 sunt
949 4985 1215 5057 graviora
1234 4999 1434 5047 onera,
1457 4981 1572 5038 nisi
1597 4985 1796 5038 nostra
1817 4998 1950 5053 pec-

297 5081 436 5135 cata
461 5075 489 5130 ‘2
519 5075 648 5130 Haec
673 5075 1040 5146 deponantur
1069 5073 1126 5128 in
1159 5071 1542 5128 sabbatorum
1575 5069 1806 5137 diebus,
1840 5068 1950 5125 hoc

297 5170 395 5222 est
423 5163 482 5219 in
517 5163 625 5220 hoc
651 5163 776 5220 vitae
810 5163 980 5219 istius
1005 5159 1528 5233 tempore.Septem
1559 5157 1714 5215 enim
1737 5158 1949 5214 diebus

291 5254 625 5312 hebdomas
653 5252 847 5308 omnis
873 5250 1264 5317 concluditur,
1299 5264 1399 5304 sex
1429 5247 1638 5304 diebus
1687 5247 1948 5303 mundus

293 5343 400 5400 ille
432 5342 719 5399 formatus
749 5339 1116 5413 est,septimo
1140 5339 1232 5394 die
1253 5335 1535 5409 requievit
1565 5336 1849 5393 Dominus
1871 5336 1946 5393 ab

294 5448 473 5508 opere
499 5448 632 5499 suo,
658 5429 757 5502 qui
791 5430 850 5484 in
883 5433 1085 5487 nostra
1126 5425 1578 5484 mansuetudine
1608 5424 1944 5497 requiescit,

371 5593 486 5744 (fit)
517 5589 863 5676 Complures
894 5605 1063 5658 mss.,
1093 5592 1256 5717 otiae
1312 5587 1380 5645 ab
1413 5602 1478 5645 ea
1533 5601 1756 5669 succum

394 5666 463 5722 45
565 5663 707 5742 Mss.
789 5662 1032 5741 aliquot,
1117 5677 1154 5718 u
1193 5675 1239 5717 i
1289 5658 1502 5736 lapsum
1555 5655 1699 5731 videt

394 5661 484 5740 45)
565 5661 707 5742 Mss.
789 5661 1032 5741 aliquot,
1117 5677 1154 5718 u

2067 3301 2132 3352 ut
2155 3294 2335 3351 Salim
2367 3294 2594 3349 dicatur
2623 3294 2748 3366 ipse
2804 3296 3147 3351 ascendens.
3211 3298 3518 3356 Proximus
3572 3319 3708 3374 ergo

2067 3389 2189 3441 erat
2217 3383 2467 3449 Christo,
2500 3382 2602 3454 qui
2631 3383 2760 3453 ejus
2790 3383 3097 3439 nuntiabat
3125 3385 3456 3444 adventum.
3479 3390 3708 3454 Etenim

2070 3473 2252 3529 Filius
2282 3470 2538 3527 hominis
2569 3470 2670 3542 qui
2702 3471 3000 3526 descendit
3029 3473 3099 3528 de
3154 3472 3317 3541 coelo,
3365 3475 3492 3548 ipse
3540 3484 3628 3534 est
3653 3485 3710 3538 et

2070 3562 2169 3633 qui
2200 3558 2464 3617 ascendit
2491 3560 2548 3614 in
2576 3559 2808 3628 coelum,
2868 3565 2933 3615 ut
2988 3559 3258 3632 impleret
3316 3567 3534 3622 omnia.
3595 3569 3707 3626 Sed

2071 3649 2208 3723 quia
2239 3648 2431 3722 qualis
2458 3646 2892 3716 cmlestis,tales
2921 3653 2978 3704 et
3006 3650 3291 3717 caelestes,
3314 3653 3477 3710 etille
3506 3673 3707 3713 ascen-

2069 3739 2156 3795 dit
2186 3742 2244 3794 in
2276 3737 2615 3808 ccslum,qui
2647 3742 2875 3792 terrena
2900 3738 3197 3811 deponens
3231 3744 3622 3815 consepelitur
3650 3747 3709 3803 in

2070 3828 2298 3884 Christo
2335 3844 2348 3894 ;
2383 3830 2448 3881 ut
2475 3842 2608 3881 cum
2642 3825 2869 3882 Christo
2901 3834 3171 3901 resurgat
3199 3847 3233 3885 a
3261 3839 3446 3886 morte
3489 3835 3709 3904 peccati

2070 3917 2141 3973 ad
2175 3916 2488 3972 novitatem
2515 3915 2644 3970 vitae
2673 3913 3147 3988 haereditatisque
3204 3920 3561 3976 consortium
3597 3939 3610 3987 ;
3645 3927 3710 3978 ut

2070 4007 2190 4071 ﬁat,
2223 4005 2376 4060 sicut
2403 4003 2689 4075 scriptum
2720 4009 2809 4060 est
2841 4020 2854 4057 :
2890 4005 2991 4060 Dei
3019 4005 3208 4075 haras,
3243 4008 3446 4061 Christi
3472 4009 3710 4067 colum;

2069 4095 2240 4165 (Rom.
2274 4110 2395 4157 vm,
2432 4092 2538 4160 17).

2140 4183 2190 4236 4.
2223 4181 2535 4261 Vera‘ergo
2567 4179 2858 4234 medicina
2892 4183 2981 4235 est
3009 4197 3206 4252 gerere
3260 4184 3659 4255 paenitentiam
3693 4206 3706 4245 :

2069 4287 2194 4344 quae
2227 4274 2364 4324 tunc
2391 4267 2649 4340 legitime
2681 4267 2992 4339 praedicata
3022 4274 3129 4336 est,
3166 4273 3399 4341 quando
3447 4275 3710 4334 medicus

2068 4359 2225 4415 venit
2254 4374 2284 4413 e
2314 4356 2477 4424 coelo,
2508 4357 2608 4428 qui
2640 4373 2755 4412 non
2785 4363 3155 4429 exasperaret
3182 4361 3444 4428 vulnera,
3477 4365 3577 4421 sed
3610 4381 3710 4422 sa-

2070 4451 2253 4503 naret.
2286 4451 2483 4501 Bonus
2512 4446 2797 4508 medicus.
2851 4446 2951 4517 qui
2979 4447 3176 4504 docuit
3209 4452 3709 4520 quemadmodum

2068 4536 2128 4592 in
2160 4535 2270 4592 hac
2300 4540 2455 4591 terra
2484 4534 2744 4606 corporis
2777 4534 2960 4590 nostri
2991 4536 3248 4592 remedia
3277 4554 3707 4610 quaereremus;

2066 4642 2202 4682 eum
2234 4625 2341 4680 flos
2372 4623 2542 4679 nobis
2573 4623 2767 4679 herbae
2797 4622 3072 4678 salutaris
3104 4625 3374 4692 oriretur,
3419 4629 3520 4700 qui
3579 4653 3605 4680 ‹‹
3639 4630 3713 4686 de

2066 4717 2297 4786 peccato
2327 4710 2629 4768 damnavit
2659 4716 2959 4782 peccatum
3014 4714 3073 4767 in
3104 4730 3275 4771 carne
3333 4717 3490 4787 (Ibid.
3550 4718 3625 4789 3).
3683 4741 3709 4767 ››

2062 4801 2402 4857 Antidotum
2435 4818 2570 4873 ergo
2603 4800 2754 4857 facta
2784 4805 2892 4870 est,
2924 4818 3080 4869 caro,
3111 4819 3242 4874 qua:
3271 4809 3394 4860 erat
3422 4821 3710 4863 venenum

2064 4895 2196 4945 ante
2227 4889 2445 4961 peccati
2479 4907 2490 4944 ε
2525 4889 2666 4961 quia
2696 4893 2820 4945 erat
2851 4889 3126 4946 illecebra
3156 4895 3708 4962 poccatorum.Audi

2062 4979 2559 5049 quemadmodum
2588 4977 2915 5032 antidotum
2949 4995 3079 5032 caro
3110 4978 3207 5032 Dei
3246 4982 3310 5033 lit
3343 4997 3355 5034 :
3394 5001 3414 5031 ι
3452 4965 3706 5038 Verbum

2061 5067 2278 5122 factum
2295 5071 2383 5121 est
2412 5081 2544 5120 caro
2576 5066 2754 5135 (Joan.
2791 5082 2830 5134 ι,
2850 5066 2966 5135 14);
2999 5087 3028 5114 ››
3063 5066 3225 5120 misit
3255 5083 3498 5123 manum
3529 5069 3588 5123 in
3611 5086 3703 5127 ca-

2057 5172 2294 5211 vernam
2310 5153 2903 5225 aspidum,venenum
2923 5154 3553 5226 evacuavit,peccatum
3570 5159 3702 5214 abs-

2043 5243 2162 5304 .tuli
2175 5243 2276 5312 t;id
2291 5243 2511 5309 est,«de
2523 5245 2756 5312 peccato
2771 5241 3070 5296 damnavit
3082 5248 3386 5312 peccatum
3398 5244 3456 5299 in
3471 5262 3664 5303 carne.
3677 5271 3704 5298 ››

2125 5335 2180 5386 5.
2213 5332 2281 5386 Et
2313 5334 2377 5386 ut
2407 5329 2515 5385 hoc
2557 5329 2749 5402 possit
2777 5328 3036 5401 plenius
3067 5331 3446 5401 considerari,
3507 5335 3704 5407 ipsum

2055 5419 2317 5495 Apostoli
2348 5416 2667 5492 capitulum
2700 5433 3129 5477 recenseamus.
3164 5418 3428 5497 Namque
3457 5421 3540 5481 ita
3567 5425 3706 5483 scri~

1823 5584 2092 5642 uemdam.

1289 5658 1502 5736 lapsum
1555 5655 1699 5731 videt
1777 5655 2093 5740 fortiorum.
