3894 6208
190 339 343 404 1061

1234 333 1688 399 ENARRA'I‘IO
1732 333 1809 395 IN
1856 325 2240 395 PSALMUM
2285 325 2586 393 XXXVII.

3449 335 3602 397 1062

190 473 380 546 culpae
423 469 777 528 adulterium
834 469 1194 543 provocavit;
1256 469 1356 525 sed
1407 467 1507 524 ubi
1563 480 1850 522 venenum
1880 464 1936 532 Α
1965 482 2112 537 quos
2144 466 2348 538 utique
2375 467 2502 525 ideo
2532 472 2834 540 genuerat,
2865 469 2928 521 ut
2959 470 3174 521 essent.
3225 465 3293 520 Et
3333 465 3461 521 ideo
3492 484 3606 521 non

192 564 323 634 ejus
355 560 610 618 eﬂ‘usum
642 565 730 617 est
759 560 818 616 in
848 559 1005 615 hunc
1047 557 1361 628 mundum,
1416 556 1645 613 soboles
1693 554 1853 610 illius

193 651 430 707 femine
461 649 951 706 eircumventione
979 649 1260 720 parentis,
1311 651 1370 702 et
1426 645 1628 700 fraude
1669 643 1855 699 multa

194 739 510 812 serpentis,
543 737 722 794 armis
754 753 887 794 eum
919 736 1044 792 suis
1072 736 1248 805 exuit,
1273 737 1330 790 et
1351 738 1528 806 caput
1547 731 1706 789 illius
1727 749 1853 788 am-

197 828 444 901 putavit.
479 828 637 894 Quod
670 826 720 883 si
749 841 970 882 venena
997 823 1423 899 praevaluerint,
1454 827 1512 880 et
1552 826 1854 894 peccatum

198 918 256 972 in
282 933 400 988 quo
433 919 520 972 est
551 914 790 971 aculeus
820 914 1026 971 mortis
1055 912 1354 986 irrepserit
1381 931 1394 981 ;
1428 917 1589 968 utere
1609 911 1862 966 medico-

198 1022 335 1060 rum
368 1004 656 1076 exemplo,
693 1008 756 1059 ut
784 1003 888 1059 tibi
925 1018 1166 1076 serpens
1222 1001 1310 1058 vel
1364 1018 1490 1057 sero
1550 1000 1854 1056 moriatur.

199 1097 490 1151 Conteras
520 1094 647 1163 ejus
677 1107 989 1159 venenum,
1023 1105 1355 1165 corpusque
1375 1089 1771 1157 comminuas,
1805 1089 1862 1144 et

199 1182 530 1238 admistum
551 1180 910 1237 salutaribus
931 1180 1122 1236 succis
1144 1179 1370 1235 noveris
1385 1179 1858 1251 temperandum;

198 1275 268 1325 ut
300 1287 421 1325 non
456 1268 644 1325 solum
674 1269 791 1323 vim
823 1285 991 1325 suam
1017 1271 1074 1323 et
1100 1267 1261 1324 virus
1291 1266 1538 1338 amittat,
1561 1267 1663 1322 sed
1685 1265 1861 1322 etiam

199 1359 306 1414 fiat
331 1357 658 1414 remedium
690 1359 759 1413 de
783 1374 1021 1413 veneno.
1054 1356 1298 1413 Moritur
1355 1360 1552 1411 autem
1584 1355 1689 1410 tibi
1747 1372 1864 1410 ser-

199 1464 353 1520 pens
384 1446 482 1502 ille
511 1445 916 1519 intelligibilis,
948 1445 997 1501 si
1027 1449 1089 1500 tu
1120 1443 1389 1505 moriaris
1422 1447 1740 1516 peccato,et
1757 1443 1860 1498 tibi

197 1541 306 1591 tua
328 1537 566 1606 peccata
587 1532 1034 1590 moriantur.Sic
1059 1533 1383 1588 conteritur
1412 1531 1538 1602 ejus
1551 1546 1863 1595 venenum,

199 1625 252 1681 si
287 1629 346 1680 te
375 1627 480 1678 tua
507 1623 660 1678 facta
689 1625 1091 1693 compungant
1122 1636 1134 1674 :
1170 1619 1254 1674 sic
1301 1635 1474 1675 omne
1530 1618 1689 1674 virus
1737 1619 1867 1688 ejus

204 1711 496 1774 aboletur,
530 1710 580 1766 si
609 1710 778 1766 bonis
808 1709 1084 1780 operibus
1113 1712 1292 1780 tegas,
1345 1712 1403 1763 et
1429 1706 1587 1763 ﬁdeli
1639 1708 1863 1763 confes-

1963 558 2201 615 admisit
2231 559 2704 623 consolationem,
2738 556 2944 613 occisis
2976 554 3232 627 parvulis
3262 556 3334 610 ab
3364 556 3606 626 Herode;

1963 646 2102 718 quia
2130 664 2235 703 nec
2257 648 2316 703 in
2348 648 2658 704 adventum
2686 647 2826 702 Jesu
2857 646 3245 712 crediderunt,
3271 660 3608 702 mensuram

1965 735 2197 791 sceleris
2228 736 2633 807 adimplentes,
2667 740 2732 790 ut
2761 739 2816 789 et
2832 733 3102 806 parvulos
3130 734 3613 802 interﬂcerent,ut

1965 823 2116 880 inter
2143 841 2241 880 eos
2267 828 2324 879 et
2349 823 2504 879 filius
2534 823 2790 894 Virginis
2823 826 3146 877 necaretur.
3181 823 3325 894 Ergo
3359 821 3613 879 Ecclesia

1969 912 2197 969 Domini
2229 913 2287 966 in
2317 913 2534 968 Judeis
2563 909 2848 967 consolari
2879 909 3062 965 noluit
3098 952 3112 977 ,
3145 909 3284 981 quia
3314 927 3428 966 non
3452 915 3608 967 sunt:

1967 1005 2027 1060 in
2070 1000 2417 1058 Christianis
2449 1004 2642 1056 autem
2674 1000 2773 1070 qui
2805 1015 2874 1053 ex
2917 999 3248 1056 nationibus
3278 1003 3610 1074 congregati

1970 1094 2128 1159 sunt,
2161 1088 2432 1160 epulatur
2461 1091 2517 1142 et
2545 1087 2777 1159 gaudet,
2810 1087 3086 1157 quoniam
3118 1094 3419 1159 cceperunt
3463 1107 3611 1157 esse,

1971 1179 2072 1252 qui
2095 1195 2207 1234 non
2223 1181 2407 1232 erant.

2045 1270 2128 1322 11.
2164 1265 2375 1322 Misisti
2405 1281 2541 1335 ergo
2573 1280 2785 1336 aquam
2815 1263 3108 1330 Jordanis,
3142 1281 3356 1335 aquam
3395 1266 3613 1338 gratia,

1973 1357 2078 1412 hoc
2135 1354 2393 1427 primum
2440 1352 2602 1407 bibe:
2665 1352 2877 1407 misisti
2931 1370 3144 1423 aquam
3203 1353 3618 1427 lacrymarum,

1973 1461 2185 1516 aquam
2218 1441 2588 1514 paenitentiae,
2621 1440 2729 1496 hoc
2755 1442 3078 1496 secundum
3109 1446 3198 1497 est
3225 1443 3523 1514 poculum,
3556 1448 3623 1498 ut

1976 1533 2230 1606 primum
2263 1546 2516 1603 repares.
2549 1529 2689 1584 Bibe
2718 1545 2931 1600 aquam
2988 1531 3056 1584 de
3088 1531 3205 1586 tuis
3251 1532 3427 1598 vasis,
3485 1531 3619 1588 bibe

1975 1637 2188 1694 aquam
2214 1621 2284 1675 de
2313 1619 2430 1674 tuis
2461 1618 2710 1686 ﬂetibus,
2733 1623 2797 1672 ut
2829 1618 2987 1672 dicas
3012 1635 3024 1671 :
3054 1642 3079 1667 α
3105 1619 3170 1673 Et
3195 1623 3398 1690 potum
3422 1636 3618 1676 meum

1975 1712 2113 1766 ﬂetu
2145 1708 2540 1779 temperabam
2569 1707 2738 1777 (Psal.
2775 1723 2849 1771 c1,
2883 1707 2992 1775 10).
3019 1729 3045 1754 ››
3069 1705 3263 1763 Fletus
3294 1724 3429 1780 ergo
3459 1713 3617 1776 tuus,

205 1801 375 1857 sione
435 1800 587 1856 819
645 1803 934 1870 temperes
989 1797 1210 1852 crimen
1279 1795 1627 1852 admissum.
1714 1795 1862 1851 Audi
1894 1827 1942 1892 B
1977 1803 2151 1870 potus
2183 1802 2271 1854 est
2299 1801 2436 1851 tuus
2469 1816 2483 1865 ;
2516 1799 2572 1850 et
2601 1796 2868 1865 lacrymac
2909 1801 3042 1860 tuae,
3100 1795 3265 1851 cibus
3313 1801 3402 1852 est
3456 1801 3616 1852 tuus.

205 1887 714 1961 quemadmodum
744 1885 926 1941 virtus
955 1885 1226 1941 draconis
1266 1884 1454 1957 ipsius
1507 1888 1858 1940 conteratur.

206 2001 235 2028 ‹‹
266 1978 564 2042 Conterat,
596 1973 810 2046 inquit,
844 1974 998 2030 Deus
1027 1974 1305 2030 Satanam
1335 1974 1445 2030 sub
1483 1972 1732 2045 pedibus
1764 1990 1862 2029 ve-

204 2065 354 2121 stris
385 2065 558 2136 (Rom.
591 2080 708 2130 xvi,
736 2064 850 2132 20).
885 2084 912 2111 »
943 2063 1184 2119 Contere
1213 2061 1402 2134 primo
1429 2078 1527 2118 cor
1555 2065 1745 2132 tuum,
1803 2063 1862 2116 in

205 2171 331 2228 quo
364 2157 489 2209 erat
516 2151 784 2208 draconis
816 2149 1041 2206 cubile:
1075 2155 1140 2206 ut
1168 2166 1284 2207 non
1315 2150 1572 2205 inveniat
1601 2149 1701 2204 ubi
1732 2165 1864 2220 pos-

207 2243 290 2300 sit
323 2241 627 2297 habitare:
652 2243 883 2296 contere
910 2239 1181 2294 draconis
1212 2254 1452 2294 carnes:
1486 2255 1688 2294 carnes
1737 2239 1868 2309 ejus

207 2335 457 2405 peccata
487 2332 689 2385 nostra
719 2331 878 2384 sunt.
913 2328 1045 2383 Ideo
1074 2326 1181 2382 tibi
1213 2326 1354 2382 dicit
1401 2327 1588 2382 Deus:
1623 2349 1652 2377 ‹‹
1714 2329 1866 2399 Epu-

207 2421 417 2476 lantur
448 2419 507 2473 in
538 2433 604 2473 eo
634 2416 1012 2490 gentes»(Job.
1045 2433 1134 2484 XL,
1166 2416 1517 2488 25).Etinfra
1546 2416 1626 2470 ait
1649 2420 1870 2471 :«Prae-

208 2509 403 2565 currit
436 2507 583 2562 mori
606 2507 757 2578 (h7):
791 2520 996 2561 carnes
1030 2507 1226 2560 autem
1257 2505 1514 2572 corporis
1546 2505 1674 2574 ejus
1731 2512 1872 2563 sunt

208 2598 584 2654 adhaerentes
614 2595 664 2650 ei
695 2594 830 2666 (Job.
865 2610 976 2660 XLI,
1012 2594 1098 2660 13,
1135 2592 1242 2664 14).
1267 2616 1296 2644 ››
1321 2593 1651 2650 Sicutenim
1682 2601 1870 2663 sancti

209 2702 435 2758 corpus
466 2688 523 2740 et
551 2683 816 2740 membra
845 2686 984 2737 sunt
1013 2680 1229 2736 Christi
1255 2697 1268 2749 ;
1302 2682 1381 2738 ita
1408 2687 1740 2755 peccatores
1771 2685 1871 2758 qui

207 2777 523 2848 peccatum
579 2787 695 2827 non
752 2771 1050 2837 deserunt,
1108 2770 1209 2825 sed
1257 2775 1493 2842 peccato
1565 2772 1870 2841 inhaarent,

210 2879 436 2935 corpus
464 2859 735 2916 draconis
759 2863 816 2914 et
847 2858 1113 2914 membra
1133 2863 1297 2914 sunt.
1332 2859 1464 2916 Ideo
1496 2877 1602 2917 nos
1657 2861 1874 2919 Christi

211 2966 438 3024 corpus
466 2948 812 3021 epulamur;
846 2946 928 3002 illi
950 2950 1147 3002 autem
1175 2963 1388 3019 corpus
1407 2949 1722 3020 epulantur
1750 2951 1876 3006 dra-

212 3039 386 3096 conis
420 3056 433 3094 :
467 3054 575 3094 nos
601 3036 930 3109 epulamur,
963 3035 1064 3107 qui
1099 3034 1328 3092 Christo
1385 3037 1678 3095 adhaerere
1730 3056 1872 3095 con-

215 3128 548 3194 tendimus,
607 3124 1014 3181 remissionem
1073 3125 1477 3198 quotidianam
1535 3131 1592 3182 et
1643 3129 1872 3185 veniam

215 3219 618 3290 peccatorum,
651 3211 731 3268 illi
756 3217 952 3268 autem
985 3214 1084 3285 qui
1108 3214 1362 3285 peccatis
1417 3215 1680 3286 quotidie
1743 3234 1873 3288 pec-

217 3309 357 3362 cata
385 3305 758 3366 connectunt,
790 3301 1284 3358 continuationem
1325 3301 1677 3374 ﬂagitiorum
1733 3322 1875 3378 epuc

216 3394 426 3450 lantur
456 3395 514 3446 et
551 3389 884 3447 criminum.

297 3481 391 3536 10.
425 3480 670 3536 Contere
707 3477 888 3550 igitur
908 3477 1016 3534 has
1038 3494 1262 3546 carnes,
1294 3483 1352 3535 et
1382 3495 1559 3552 super
1585 3497 1684 3537 eas
1737 3498 1872 3538 con-

224 3568 534 3624 tritionem
565 3566 646 3622 tui
682 3566 874 3622 cordis
907 3582 1185 3639 asperge:
1216 3567 1424 3623 deinde
1477 3568 1643 3624 mitte
1701 3587 1878 3643 super

222 3657 432 3714 omnia
460 3672 528 3711 ea
544 3655 818 3712 Jordanis
840 3665 1073 3726 aquam.
1105 3654 1380 3712 Jordanis
1401 3657 1556 3712 enim
1578 3658 1877 3717 descensio

222 3750 284 3803 et
317 3744 582 3802 ascensio
611 3748 719 3812 est,
753 3744 1030 3815 quoniam
1062 3744 1160 3816 qui
1192 3744 1250 3798 in
1281 3745 1501 3802 fontem
1519 3763 1750 3803 sacrum
1781 3750 1878 3805 de-

224 3833 545 3900 scenderit,
579 3837 636 3888 et
654 3832 941 3901 ascendit;
976 3836 1040 3886 ut
1069 3849 1197 3904 qua
1229 3833 1532 3906 superiora
1559 3840 1696 3892 sunt
1723 3853 1880 3908 quae-

223 3927 340 3978 rat.
374 3920 683 3977 Descendit
711 3921 868 3976 enim
901 3921 959 3975 in
992 3926 1240 3977 mortem
1269 3921 1506 3990 Christi,
1538 3924 1637 3995 qui
1683 3924 1878 3997 bapti-

217 4016 396 4067 zatur
425 4010 484 4064 in
502 4009 754 4077 Christo,
778 4013 835 4064 et
853 4007 912 4063 in
936 4011 1420 4066 resurrectionem
1440 4011 1568 4081 ejus
1593 4013 1875 4069 ascendit.

219 4099 284 4156 Si
318 4101 515 4154 autem
529 4098 656 4168 jam
681 4097 1009 4169 baptizatus
1031 4097 1258 4166 errasti,
1282 4099 1447 4155 mitte
1463 4117 1676 4171 aquam
1699 4101 1880 4174 lacry-

225 4202 486 4255 marum,
517 4203 637 4242 non
669 4186 1034 4256 mendacem,
1063 4186 1165 4242 sed
1195 4201 1426 4255 veram;
1462 4191 1526 4242 ut
1555 4188 1626 4244 de
1646 4190 1882 4261 profun-

226 4278 304 4332 do
338 4275 555 4331 clames
585 4275 657 4330 ad
688 4274 1002 4330 Dominum
1033 4279 1215 4330 Deum
1246 4278 1437 4344 tuum,
1461 4283 1517 4332 et
1561 4277 1788 4332 dicatur
1813 4278 1884 4335 de

226 4369 326 4421 te:
364 4387 392 4414 «
418 4363 542 4419 Vox
571 4362 772 4418 audita
800 4367 888 4418 est
917 4363 976 4418 in
1035 4363 1240 4431 Rama,
1287 4364 1458 4420 ﬂetus
1511 4368 1568 4419 et
1622 4363 1882 4422 ululatus

227 4451 481 4520 multus,
515 4450 728 4507 Rachel
762 4450 997 4523 plorans
1037 4450 1188 4507 ﬁlios
1210 4468 1370 4519 suos,
1402 4456 1458 4508 et
1479 4452 1665 4510 noluit
1680 4470 1882 4511 conso-

1975 1913 2002 1938 ‹‹
2029 1888 2304 1950 Fuerunt,
2338 1884 2550 1954 inquit,
2586 1882 2729 1936 mihi
2764 1882 3031 1954 lacrymze
3065 1900 3207 1940 meae
3237 1902 3418 1956 panes
3449 1887 3618 1954 (Psat.

1971 1993 2082 2041 XLI,
2116 1976 2190 2042 4).
2217 1972 2276 2028 Si
2308 1972 2573 2044 lacrymzs
2605 1987 2803 2042 panes,
2838 1970 3020 2026 habes
3052 1988 3120 2026 ex
3141 1977 3376 2043 peccato
3399 1973 3623 2045 iniqui-

1973 2063 2111 2119 tatis
2149 2062 2348 2116 cibum
2406 2059 2818 2128 conversionis,
2882 2060 3207 2114 secundum
3263 2061 3405 2116 illud
3465 2062 3620 2133 quod

1973 2152 2118 2224 legis
2149 2151 2208 2204 in
2239 2147 2578 2220 Evangelio:
2604 2171 2631 2195 «
2667 2147 2946 2209 Quoniam
2991 2148 3082 2201 cui
3140 2148 3274 2220 plus
3331 2149 3618 2220 dimittur,

1975 2237 2110 2311 plus
2137 2235 2328 2308 diligit
2357 2236 2506 2305 (Luc.
2539 2250 2637 2299 vn,
2672 2233 2781 2301 47).
2816 2256 2843 2282 ››
2879 2232 3038 2288 Unde
3069 2251 3220 2306 saepe
3239 2235 3504 2294 videmus
3525 2238 3625 2294 ali-

1977 2342 2126 2396 quos
2160 2323 2259 2396 qui
2292 2327 2424 2378 ante
2451 2320 2813 2393 negligentes
2858 2321 3091 2377 fuerant
3120 2322 3458 2392 Christiani,
3491 2343 3621 2398 pec-

1978 2419 2106 2470 cato
2131 2413 2326 2483 aliquo
2351 2410 2689 2477 commisso,
2723 2410 2846 2464 ﬁeri
2877 2409 3294 2482 diligentiores,
3328 2419 3383 2468 et
3412 2432 3481 2470 ex
3525 2415 3624 2470 illo

1980 2519 2083 2574 per
2122 2499 2522 2573 paenitentiam
2580 2498 2819 2553 evadere
2877 2498 3030 2554 820
3079 2500 3261 2556 solere
3321 2503 3622 2574 perfectos.

1981 2593 2141 2648 Sicut
2172 2589 2350 2662 igitur
2373 2605 2442 2643 ex
2497 2589 2732 2658 peccato
2788 2587 3108 2655 conversio,
3165 2590 3245 2645 ita
3300 2591 3624 2647 remedium

1983 2683 2054 2736 de
2136 2693 2376 2733 veneno.
2439 2674 2590 2730 Audi
2673 2675 2782 2729 hoc
2868 2675 3192 2732 remedium
3245 2695 3257 2732 :
3319 2701 3348 2728 «
3417 2680 3624 2742 Justus

1981 2768 2040 2822 in
2102 2764 2384 2838 principio
2444 2761 2732 2819 sermonis
2790 2767 3093 2818 accusator
3143 2770 3232 2821 est
3287 2767 3378 2821 sui
3435 2772 3619 2838 (Prov,

1983 2872 2144 2920 xvm,
2202 2853 2313 2924 17).
2374 2875 2401 2901 »
2459 2851 2786 2918 Venenum,
2871 2855 3169 2923 peccatum
3242 2860 3364 2923 est;
3440 2875 3626 2916 reme-

1936 2997 1938 2999 ,
1985 2946 2170 3010 dium,
2203 2939 2498 2998 accusatio
2530 2940 2620 2996 sui
2651 2939 2951 2996 criminis:
2984 2957 3294 3012 venenum,
3347 2945 3628 3019 iniquitas

1986 3037 2112 3099 est;
2145 3030 2456 3096 confessio,
2483 3029 2810 3084 remedium
2843 3029 3252 3102 prolapsionis.
3287 3035 3354 3090 Et
3375 3035 3503 3092 ideo
3535 3055 3627 3094 ve-

1987 3139 2046 3177 re
2076 3119 2400 3177 remedium
2430 3118 2501 3174 de
2529 3133 2752 3173 veneno
2795 3123 2903 3184 est,
2965 3118 3014 3173 si
3073 3120 3232 3176 dicas
3288 3122 3630 3194 iniquitates

1984 3216 2138 3278 tuas,
2171 3213 2238 3265 ut
2254 3205 2611 3280 justiﬁceris.

2059 3302 2144 3354 12.
2177 3297 2290 3354 Sed
2314 3297 2440 3367 jam
2473 3293 2764 3365 psalmum
2813 3294 3167 3361 adoriamur,
3229 3302 3292 3351 ut
3347 3299 3471 3370 ipse
3524 3319 3632 3359 nos

1986 3392 2189 3446 doceat
2218 3383 2716 3458 quemadmodum
2748 3383 2972 3455 agenda
3024 3385 3362 3454 paenitentia
3389 3387 3483 3443 sit.
3518 3391 3629 3445 lta-

1987 3495 2100 3552 que
2131 3476 2214 3533 sic
2233 3472 2470 3544 incipit:

2582 3559 3010 3616 ENARRA'I‘IO.

2058 3665 2144 3722 43.
2179 3662 2364 3734 (Vers.
2396 3662 2473 3726 2.)
2505 3680 2531 3707 ‹‹
2566 3656 2827 3722 Domine,
2861 3674 2932 3714 ne
2962 3659 3047 3715 ira
3075 3663 3178 3717 tua
3229 3680 3442 3737 arguas
3499 3684 3626 3734 me;

1987 3769 2176 3826 neque
2204 3751 2264 3806 in
2297 3750 2488 3805 furore
2517 3750 2616 3802 tuo
2647 3746 2928 3819 corripias
2959 3765 3071 3804 me.
3110 3772 3136 3799 »
3184 3752 3290 3816 Qui
3348 3755 3630 3826 ρωηίιθη.

1987 3842 2128 3898 tiam
2160 3839 2300 3911 agit,
2332 3841 2571 3909 paratus
2599 3852 2728 3892 esse
2756 3835 2926 3893 debet
2971 3837 3043 3892 ad
3102 3830 3414 3912 opprobria
3453 3847 3633 3914 perfe-

1989 3931 2172 3987 renda
2201 3927 2564 3998 injuriasque
2593 3925 2931 3981 subeundas
2959 3943 2972 3993 ;
3007 3942 3110 3980 nec
3156 3932 3525 4000 commoveri,
3583 3937 3630 3990 si

1992 4018 2125 4090 quis
2156 4016 2207 4072 ei
2235 4015 2452 4086 peccati
2486 4013 2578 4069 sui
2609 4014 2827 4070 crimen
2857 4013 3114 4084 objiciat.
3148 4015 3479 4094 Cumgenim
3510 4022 3634 4093 ipse

1990 4120 2262 4162 accusare
2293 4119 2355 4156 se
2384 4102 2610 4168 debeat,
2643 4101 3138 4171 quemadmodum
3162 4102 3343 4160 alium
3375 4124 3488 4162 non
3512 4126 3637 4167 sus-

1989 4195 2136 4250 tinet
2163 4194 2501 4263 arguentem
2527 4190 2554 4242 ?
2585 4188 2745 4252 Quod
2777 4188 2828 4242 si
2858 4188 2930 4243 ab
2961 4188 3196 4246 homine
3227 4195 3392 4264 argui
3430 4197 3636 4254 timere

1990 4299 2104 4340 non
2128 4281 2316 4347 debet,
2348 4282 2563 4350 quanto
2613 4275 2800 4348 magis
2846 4293 2879 4330 a
2926 4277 3172 4334 Domino
3212 4281 3326 4337 Deo
3385 4301 3514 4358 suo,
3545 4287 3638 4342 cui

1992 4386 2194 4428 omnes
2233 4367 2409 4424 etiam
2449 4367 2509 4421 in
2541 4365 2612 4420 iis
2670 4381 2794 4436 quae
2826 4369 2964 4420 sunt
2993 4365 3239 4437 occulta,
3292 4387 3632 4443 peccamus;

1999 4475 2132 4515 cum
2166 4453 2482 4529 praesertim
2505 4453 2910 4509 condemnatio
2937 4456 3638 4526 p'raasentium,absolutio

224 4541 369 4606 lari,
401 4540 541 4612 quia
591 4555 707 4595 non
766 4544 906 4594 sunt
956 4540 1171 4611 (Jerem.
1225 4557 1378 4611 χχχι,
1438 4542 1552 4610 1‘5;
1597 4542 1784 4599 Matth.
1818 4561 1883 4614 ιι,
1915 4554 1960 4618 1)
1993 4549 2324 4604 futurorum
2358 4543 2452 4598 sit.
2493 4543 2600 4607 Qui
2657 4546 2852 4596 autem
2902 4560 3014 4597 non
3068 4546 3534 4604 condemnantur
3580 4551 3641 4605 in

235 4631 348 4700 l8).
380 4649 408 4677 »
441 4626 653 4683 Rachel
684 4627 941 4683 Ecclesia
969 4632 1078 4698 est,
1108 4627 1168 4682 in
1200 4644 1316 4700 qua
1344 4629 1708 4686 benedicitur
1724 4631 1888 4704 plebs

226 4717 338 4776 Dei
369 4735 382 4772 :
421 4717 548 4788 ipsa
569 4733 672 4788 pro
702 4721 759 4772 te
788 4717 941 4784 ﬂeat,
969 4717 1098 4788 ipsa
1125 4721 1226 4773 tua
1253 4723 1492 4789 peccata
1520 4719 1803 4790 deploret,
1836 4725 1896 4777 et

228 4808 339 4863 ﬂat
353 4806 698 4878 plurimum;
719 4809 784 4861 ut
803 4805 1261 4862 consolationem
1282 4805 1451 4862 facile
1465 4823 1583 4862 non
1597 4808 1890 4877 admittat,

226 4894 736 4968 quemadmodum
757 4894 859 4966 qui
881 4893 1202 4966 plurimum
1213 4894 1570 4951 dolent.Ideo
1601 4897 1894 4954 consolari

167 5034 182 5041 -
231 5001 300 5040 se
333 4983 564 5052 noluit;
598 4983 878 5055 quoniam
911 4983 1011 5055 qui
1041 5000 1192 5052 eras,
1225 5000 1354 5039 esse
1385 4982 1607 5040 desisti.
1641 4985 1754 5041 Sed
1784 4985 1892 5042 hac

230 5071 676 5144 perseverantia
705 5071 926 5128 doloris
958 5075 1015 5128 et
1045 5071 1216 5128 ﬂetus
1246 5075 1574 5128 emercatur
1603 5076 1668 5128 ut
1696 5073 1889 5130 dicat:

231 5159 462 5216 «Filius
495 5175 661 5216 meus
685 5163 952 5217 mortuus
983 5165 1123 5231 erat,
1157 5164 1213 5216 et
1239 5160 1444 5217 revixit
1469 5178 1481 5216 :
1510 5161 1780 5233 perierat,
1838 5167 1895 5219 et

233 5250 513 5305 inventus
542 5253 630 5304 est
663 5250 811 5318 (Luc.
845 5267 938 5318 xv,
971 5253 1081 5320 52).
1106 5271 1134 5299 ››
1169 5251 1280 5306 Aut
1307 5249 1453 5306 forte
1505 5249 1792 5306 consolari
1833 5268 1894 5308 se

235 5335 436 5393 noluit
465 5335 679 5391 Rachel
712 5337 771 5400 in
796 5337 959 5394 Filiis
988 5337 1324 5395 Judaeorum
1351 5357 1364 5407 ;
1396 5338 1536 5410 quia
1581 5355 1697 5395 non
1728 5343 1891 5406 sunt,

316 5497 430 5567 (47)
462 5495 555 5552 Sic
584 5511 790 5554 omnes
822 5514 966 5555 mss.
993 5513 1060 5555 ac
1091 5502 1202 5554 vet.
1259 5496 1397 5554 edit.
1432 5515 1446 5566 ;
1508 5496 1676 5562 Rom.
1734 5513 1891 5566 vero,

231 5569 610 5701 frzcucurrit
633 5584 779 5624 mors
809 5573 880 5625 ei.
913 5569 1202 5626 Nimirum
1237 5586 1304 5626 ex
1334 5567 1492 5637 LXX,
1533 5569 1687 5644 apud
1745 5585 1892 5643 quos

262 5656 406 5701 828.8
476 5647 750 5701 ἔμπροσθεν
803 5648 953 5701 αὐτοῦ
1035 5649 1201 5701 τριγει
1280 5647 1514 5701 ἀπὼλιια.
1617 5644 1740 5701 aut.
1829 5645 1892 5701 ut

262 5656 406 5720 egas
476 5647 750 5718 ἔμπροσθεν
803 5648 953 5703 αὐτοῦ
1035 5649 1201 5720 τρέχει
1280 5647 1514 5714 ἀπώλιια,
1617 5644 1740 5716 aut,
1829 5645 1896 5704 ut

1998 4633 2229 4700 saeculo,
2262 4647 2394 4687 cum
2427 4629 2765 4685 hominibus
2788 4645 2901 4684 non
2925 4629 3394 4702 ﬂagellabuntur.
3413 4635 3508 4690 Va:
3533 4637 3643 4692 mi-

1997 4723 2091 4778 hi!
2127 4721 2176 4776 si
2208 4721 2277 4775 de
2325 4734 2416 4774 me
2457 4718 2726 4773 dicatur:
2761 4740 2788 4766 «
2848 4718 3032 4774 Habet
3087 4724 3416 4779 mercedem
3475 4741 3642 4779 suam

1999 4810 2205 4884 (Matth.
2238 4825 2316 4873 v1,
2347 4811 2424 4875 2).
2452 4830 2479 4855 ››
2501 4807 2559 4861 Si
2592 4808 2810 4862 bonum
2842 4808 3062 4863 factum
3094 4809 3202 4865 hac
3225 4812 3645 4866 condemnatur

2001 4897 2312 4962 sententia,
2344 4900 2561 4968 quanto
2593 4896 2780 4967 magis
2812 4896 3030 4952 crimen
3061 4897 3378 4968 gravatur?
3398 4898 3542 4952 Nam
3592 4898 3641 4954 si

1999 4983 2399 5042 misericordia
2429 4983 2583 5039 facili
2613 4985 2829 5055 jactata
2867 5000 3154 5050 sermone,
3196 4985 3384 5040 fructu
3408 4987 3641 5040 frauda-

1998 5080 2095 5130 tur
2124 5078 2360 5140 aeterno,
2389 5076 2608 5143 quanto
2641 5070 2831 5143 magis
2871 5071 3198 5142 iniquitatis
3255 5090 3424 5145 poena
3453 5075 3643 5130 acerbi

1999 5162 2216 5219 fenoris
2238 5160 2568 5216 accessione
2588 5159 2855 5214 differtur
2872 5159 2899 5214 ?
2929 5160 3077 5231 Ergo
3108 5161 3207 5232 qui
3239 5162 3642 5233 paenitentiam

2000 5251 2138 5323 agit,
2173 5249 2374 5304 oﬂ'erre
2405 5264 2466 5302 se
2521 5247 2692 5303 debet
2740 5247 2810 5302 ad
2847 5264 3098 5319 pcenam,
3135 5255 3199 5305 ut
3231 5249 3322 5306 hic
3368 5251 3644 5322 puniatur

1998 5357 2032 5396 a
2062 5338 2324 5403 Domino,
2360 5353 2476 5391 non
2508 5337 2577 5391 ad
2612 5335 2901 5408 supplicia
2929 5341 3142 5394 aeterna
3172 5343 3432 5396 servetur
3489 5341 3638 5410 (48):

1998 5497 2225 5566 Aquila,
2256 5495 2465 5560 ἐκλιμία.

1999 5569 2182 5706 ΝΞᾹΒ)
2211 5569 2414 5630 Plures
2441 5585 2607 5641 mss.,
2641 5585 2754 5628 non
2781 5570 2850 5629 ad
2889 5572 3158 5648 supplicia
3212 5576 3411 5650 futura
3465 5588 3642 5635 serve-
