3894 6208
314 275 466 338 1063

1768 275 1829 333 S.
1881 269 2258 336 AMBROSII

3569 272 3720 336 1064

310 424 415 464 nec
445 410 780 480 exspectare
809 409 1066 478 tempus,
1092 406 1188 462 sed
1225 421 1527 461 occurrere
1557 404 1764 459 divina:
1813 403 1962 457 indi-
1993 404 2045 474 Α
2077 405 2376 476 Scriptura
2407 407 2693 474 hortatur,
2722 411 2785 463 ut
2816 411 2874 463 et
2903 410 2965 463 tu
2995 409 3400 481 paenitentiam
3425 423 3545 464 non
3577 406 3713 461 refu-

309 495 590 570 gnationi.

382 586 467 640 14.
504 583 647 640 Vide
680 585 830 639 facta
873 582 1048 638 David
1108 582 1236 652 ejus
1295 582 1567 654 precibus
1626 581 1952 636 convenire.

309 673 640 728 Offenderat
671 672 1004 738 Dominum,
1040 671 1177 742 quia
1208 670 1501 725 numerari
1536 671 1796 741 jusserat
1855 685 1956 740 po-

308 759 537 831 pulum.
570 760 945 816 Confessione
977 757 1253 830 praevenit
1285 759 1384 812 Dei
1419 758 1954 828 nuntium,peccas-

308 865 369 904 se
402 865 463 903 se
493 847 679 912 valde,
707 851 763 902 et
795 847 972 902 nimis
1003 847 1180 902 stulte
1213 847 1418 902 fecisse
1444 862 1949 901 commemorans:

305 953 419 992 non
451 936 620 1008 quasi
673 937 1015 991 admoneret
1065 935 1338 1000 oblitum,
1371 936 1470 990 sed
1506 934 1671 1005 quasi
1725 939 1956 1005 urgeret

304 1029 628 1082 morantem
657 1042 669 1092 ;
704 1042 776 1079 ne
816 1025 1042 1080 diutius
1073 1025 1522 1079 commotionem
1557 1023 1816 1077 differret
1863 1023 1950 1076 ef—

303 1114 499 1169 fensaa.
535 1137 561 1161 ‹‹
597 1113 857 1173 Peccavi.
889 1112 1100 1183 inquit,
1132 1111 1320 1178 valde,
1371 1111 1648 1182 quoniam
1707 1111 1949 1165 verbum

303 1202 411 1257 hoc
434 1203 538 1256 feci
563 1203 609 1271 (I
637 1202 765 1256 Par.
824 1217 916 1254 xxx
973 1201 1067 1269 8):
1103 1223 1130 1248 »
1191 1205 1246 1255 et
1293 1216 1467 1265 nunc,
1513 1200 1772 1264 Domine,
1824 1197 1950 1253 dele

305 1289 673 1362 iniquitatem
709 1289 854 1343 servi
888 1288 994 1343 tui.
1039 1288 1336 1353 Quomodo
1395 1293 1587 1342 autem
1647 1287 1952 1342 deleantur

304 1383 560 1451 peccata,
595 1378 727 1433 audi
761 1377 1044 1433 dicentem
1081 1393 1093 1430 :
1129 1400 1156 1424 «
1188 1376 1453 1431 Solutum
1503 1380 1591 1430 est
1646 1379 1948 1446 peccatum

304 1469 452 1538 ejus,
483 1468 618 1538 quia
649 1467 864 1538 recepit
901 1467 972 1522 de
1003 1483 1181 1520 manu
1213 1464 1442 1520 Domini
1473 1464 1726 1536 duplicia
1756 1481 1952 1536 pecca-

297 1561 355 1610 ta
385 1573 494 1611 sua
523 1558 654 1616 (Isa.
679 1573 769 1623 XL,
803 1557 878 1626 2).
911 1579 936 1604 ››
985 1555 1105 1609 Non
1166 1570 1302 1624 ergo
1357 1553 1588 1625 penitus
1647 1552 1757 1609 sibi
1816 1570 1950 1624 pec-

296 1650 490 1700 catum
535 1644 748 1700 remitti
811 1643 1088 1716 postulat,
1143 1645 1241 1698 sed
1303 1645 1603 1698 moderata
1661 1642 1948 1698 solutione

2070 493 2215 564 gias,
2253 495 2351 549 sed
2386 497 2654 567 sequaris
2685 496 2890 563 Deum,
2917 513 3087 570 quem
3118 496 3283 570 sequi
3316 497 3518 552 debes.
3571 494 3713 550 Bene

2067 582 2312 651 addidit,
2349 601 2586 655 «super
2634 584 2951 652 malitiam;
3004 609 3031 635 ››
3106 586 3243 657 quia
3302 585 3537 640 videtur
3592 599 3712 639 om-

2065 669 2156 724 nis
2181 670 2326 725 dura
2343 687 2469 726 esse
2488 672 2762 728 vindicta.
2797 673 2928 729 Ideo
2958 678 3015 728 et
3044 674 3167 730 dies
3192 673 3426 746 judicii,
3468 672 3594 728 dies
3624 671 3710 726 di-

2063 759 2216 814 citur
2246 758 2420 824 mala,
2454 761 2524 815 de
2555 777 2670 832 qua
2697 761 2901 816 beatus
2930 765 3017 816 est
3039 763 3138 834 qui
3172 779 3273 836 per
3303 761 3489 817 Deum
3509 761 3708 817 libera-

2062 851 2198 913 tur;
2233 853 2294 902 ut
2327 848 2605 919 scriptum
2632 854 2754 904 est:
2787 872 2814 899 ‹‹
2849 851 2907 904 In
2942 851 3034 905 die
3074 851 3229 906 mala
3259 849 3528 906 liberavit
3582 865 3708 904 eum

2065 936 2345 992 Dominus
2378 938 2549 1008 (Psal.
2584 955 2672 1004 XL,
2696 939 2772 1009 2).
2801 961 2826 987 ››
2859 939 2927 993 Et
2959 940 3123 1005 dixit,
3145 939 3357 1011 inquit,
3377 937 3583 1011 angelo
3615 943 3711 993 Do-

2063 1025 2260 1079 minus
2282 1030 2345 1079 ut
2363 1025 2466 1080 tibi
2492 1027 2930 1097 parceret.Vide
2955 1033 3152 1082 autem
3182 1028 3318 1100 quia
3341 1027 3576 1098 quando
3603 1027 3706 1083 Do-

2062 1113 2259 1166 minus
2288 1113 2412 1166 vult
2440 1113 2758 1185 ignoscere,
2793 1115 2891 1169 dat
2923 1117 3172 1187 gratiam
3212 1121 3267 1170 et
3304 1115 3582 1170 fiduciam
3613 1116 3705 1170 de-

2062 1200 2357 1272 precandi.
2418 1203 2481 1255 Et
2511 1201 2654 1256 vidit
2684 1203 2859 1257 David
2894 1203 3189 1259 ferientem
3223 1203 3521 1276 angelum,
3553 1208 3608 1258 et
3627 1203 3706 1257 di-

2057 1289 2139 1344 xit
2163 1305 2175 1344 :
2204 1313 2224 1335 ι
2264 1290 2399 1343 Ecce
2433 1305 2537 1361 ego
2565 1307 2694 1345 sum
2723 1308 2735 1356 ;
2761 1307 2866 1363 ego
2899 1292 3152 1363 peccavi,
3176 1297 3233 1347 et
3261 1309 3367 1365 ego
3380 1297 3584 1363 pastor
3600 1307 3703 1348 ma-

2057 1377 2109 1432 le
2143 1377 2354 1443 feci,et
2388 1379 2481 1431 isti
2512 1379 2568 1432 in
2630 1379 2737 1434 hoc
2795 1395 2968 1452 grege
3027 1380 3166 1451 quid
3229 1373 3536 1438 fecerunt?
3590 1380 3705 1434 Eiat

2059 1483 2268 1521 manus
2295 1466 2469 1520 tuain
2502 1483 2594 1521 me
2627 1471 2683 1521 et
2713 1467 2770 1521 in
2803 1469 3042 1523 domum
3076 1468 3258 1540 patris
3283 1468 3396 1523 mei
3428 1470 3481 1540 (Ι
3525 1469 3702 1524 Paret.

2055 1556 2303 1622 xxr,17).
2345 1576 2369 1600 ››
2394 1553 2452 1609 Si
2487 1555 2858 1610 mandaverat
2885 1555 3168 1610 Dominus
3209 1556 3418 1629 angelo
3458 1558 3523 1611 ut
3582 1573 3705 1627 par-

2022 1700 2028 1705 _
2057 1647 2228 1706 ceret,
2253 1644 2546 1713 quomodo
2579 1643 2822 1698 feriebat
2861 1643 3052 1699 adhuc
3084 1645 3329 1716 angelus
3359 1663 3371 1698 :
3409 1645 3524 1699 nisi
3575 1645 3706 1716 quia

296 1734 495 1804 deleri,
527 1733 634 1788 hoc
657 1737 763 1799 est,
795 1737 857 1786 ut
889 1733 945 1786 in
977 1733 1239 1786 futurum
1272 1732 1398 1802 ejus
1431 1731 1711 1786 memoria
1757 1730 1945 1786 delea-
1981 1763 2026 1827 Β
2059 1731 2340 1785 Dominus
2371 1730 2476 1784 etsi
2509 1729 2631 1784 vult
2660 1731 2981 1801 ignoscere,
3013 1732 3135 1786 vult
3166 1734 3379 1805 rogari,
3412 1738 3467 1788 et
3501 1739 3565 1787 ut
3614 1751 3704 1788 ro-

295 1826 409 1876 tur.
449 1821 706 1891 Denique
737 1819 903 1890 quasi
949 1817 1375 1890 interpellantis
1431 1834 1570 1872 voce
1627 1821 1947 1871 conventus

296 1910 602 1975 Dominus,
637 1925 706 1962 ne
739 1908 994 1963 vindicta
1028 1907 1326 1963 commissi
1357 1905 1746 1978 protelaretur
1791 1921 1948 1960 erro-

297 1998 396 2062 ris,
422 1997 581 2052 misit
613 1997 682 2052 ad
721 2012 852 2051 eum
886 1995 1113 2050 Nathan
1173 1995 1284 2065 (49)
1342 1993 1682 2066 prophetam
1719 2011 1732 2060 ;
1765 1999 1821 2048 et
1853 1992 1949 2047 ille

292 2085 451 2141 venit
480 2086 549 2140 ad
586 2101 802 2157 regem,
835 2088 890 2139 et
917 2085 1062 2138 dixit
1093 2085 1141 2138 ei
1169 2100 1180 2138 :
1219 2107 1244 2131 ‹‹
1265 2083 1411 2147 Quid
1444 2082 1566 2136 fieri
1589 2081 1751 2144 velis,
1777 2081 1944 2152 elige:

294 2175 614 2230 triennium
647 2175 859 2228 famem
890 2190 1067 2244 super
1096 2177 1332 2238 terram,
1385 2176 1487 2225 aut
1545 2171 1734 2225 tribus
1783 2187 1944 2225 men-

293 2264 458 2319 sibus
492 2263 692 2333 fugere
748 2267 802 2316 te
863 2279 895 2316 a
953 2261 1096 2316 facie
1145 2260 1517 2314 inimicorum
1578 2265 1836 2324 tuorum,
1891 2265 1947 2313 et

293 2351 424 2406 illos
446 2354 897 2423 persequentes;
934 2353 1033 2403 aut
1065 2348 1256 2402 triduo
1288 2349 1409 2403 fieri
1444 2351 1688 2402 mortem
1740 2348 1796 2401 in
1830 2352 1944 2401 ter-

299 2457 382 2494 ra.
407 2441 476 2494 Et
506 2455 661 2493 nunc
693 2438 860 2502 scito,
894 2441 950 2491 et
980 2437 1110 2492 vide
1142 2437 1281 2508 quid
1313 2437 1694 2508 respondeam
1729 2434 1812 2489 illi
1844 2435 1942 2506 qui

295 2529 456 2584 misit
484 2544 576 2583 me
610 2528 663 2598 (Ι
680 2531 809 2582 Par.
835 2543 950 2592 xxx,
981 2527 1062 2592 11,
1093 2527 1196 2595 12).
1230 2548 1256 2573 ››
1276 2525 1417 2579 Vide
1442 2526 1740 2579 docentem
1760 2525 1941 2579 Deum

293 2635 408 2689 qua
441 2615 842 2671 moderatione
871 2616 1000 2686 ejus
1031 2611 1357 2686 indignatio
1388 2613 1658 2678 leniatur,
1719 2614 1768 2667 si
1825 2629 1939 2666 non

294 2705 528 2778 penitus
551 2705 790 2760 verbera
810 2719 1151 2758 recusemus
1177 2721 1188 2767 ;
1213 2703 1313 2756 sed
1329 2701 1668 2773 qualitatem
1693 2701 1938 2766 levandi,

293 2811 405 2850 non
440 2793 692 2848 evitandi
727 2790 999 2863 supplicii
1031 2790 1416 2862 postulemus.
1450 2789 1584 2843 Tria
1615 2789 1938 2860 proposuit,

294 2887 357 2936 ut
387 2881 542 2952 quod
577 2879 934 2934 moderatius
969 2882 1215 2948 putaret,
1249 2877 1503 2950 eligeret.
1565 2876 1708 2931 Vide
1765 2877 1939 2930 etiam

295 2967 791 3041 quemadmodum
825 2966 894 3020 ad
920 2964 1320 3036 pcenitentiam
1370 2968 1676 3034 provocat;
1714 2969 1779 3018 ut
1834 2981 1940 3019 nos
1986 2955 1996 2962 ’

293 3057 607 3112 offeramus
637 3053 886 3124 injuriae,
921 3052 1130 3124 eligam
1162 3069 1390 3124 poenam
1424 3053 1732 3118 mandans,
1766 3056 1832 3106 ut
1878 3053 1936 3106 in

2060 1823 2228 1889 getur
2259 1819 2390 1888 (50),
2427 1819 2742 1890 operatur?
2770 1818 2882 1874 Nec
2923 1819 3164 1875 vidisset
3201 1821 3375 1876 homo
3435 1817 3701 1893 angelum

2060 1905 2380 1972 ferientem,
2415 1907 2525 1962 nisi
2559 1908 2840 1962 Dominus
2872 1908 2997 1978 ejus
3027 1909 3212 1964 oculis
3245 1909 3528 1984 angelum
3559 1925 3704 1965 reve-

2059 1995 2252 2050 lasset.
2289 1994 2450 2050 Unde
2481 1999 2538 2049 et
2567 1996 2807 2051 Elisaeus
2838 1997 2978 2051 dicit
3004 2014 3014 2051 :
3053 2019 3077 2046 ‹‹
3101 1997 3701 2069 Domine,aperinunc

2057 2081 2256 2136 oculos
2288 2083 2449 2154 pueri
2485 2082 2682 2153 hujus,
2718 2089 2781 2138 ut
2809 2085 3017 2140 videat.
3053 2086 3122 2140 Et
3154 2086 3337 2156 aperti
3372 2089 3516 2141 sunt
3556 2084 3701 2141 oculi

2057 2170 2217 2242 pueri
2249 2172 2395 2240 ejus,
2429 2175 2484 2225 et
2511 2171 2653 2226 vidit
2685 2177 2943 2229 montem
2975 2175 3140 2246 equis
3173 2173 3461 2246 repletum
3493 2179 3553 2230 et
3581 2192 3701 2230 cur-

2055 2258 2217 2313 ribus
2247 2258 2303 2312 in
2328 2259 2567 2312 circuitu
2603 2260 2895 2332 prophetae
2949 2262 3042 2330 (IV
3097 2262 3305 2328 ch.v1,
3371 2262 3484 2331 i7).
3524 2283 3549 2309 ››
3591 2261 3697 2316 Nec

2055 2352 2108 2402 te
2140 2351 2364 2402 moveat
2386 2348 2538 2418 quod
2573 2363 2821 2419 persona
2842 2349 3008 2403 vilior
3036 2348 3269 2416 servuli,
3321 2365 3503 2420 quam
3567 2364 3695 2422 pro-

2055 2435 2238 2506 phetae
2259 2434 2343 2490 vel
2377 2434 2568 2506 regis;
2598 2438 2734 2506 quia
2765 2436 2930 2490 vilior
2949 2443 3004 2490 et
3026 2453 3309 2508 equorum
3340 2441 3398 2492 et
3419 2429 3694 2493 curruum

2052 2524 2297 2596 species,
2331 2540 2506 2595 quam
2539 2525 2820 2579 sanctitas
2851 2524 3214 2595 angelorum.

2123 2612 2208 2666 16.
2242 2613 2309 2665 Et
2341 2611 2584 2667 fortasse
2615 2611 2911 2683 aliquibus
2946 2614 3338 2684 perfunctorie
3361 2614 3693 2686 legentibus

2051 2702 2265 2755 durum
2287 2700 2551 2755 videatur
2581 2701 2736 2770 quod
2766 2701 2939 2755 David
2975 2699 3067 2756 ille
3099 2701 3341 2757 humilis
3374 2703 3548 2758 corde
3609 2708 3690 2758 at-

2052 2805 2161 2860 que
2192 2794 2555 2852 mansuetus,
2582 2789 2677 2859 qui
2712 2790 2983 2859 parcebat
3011 2789 3287 2854 inimicis,
3313 2794 3565 2846 mortem
3587 2808 3697 2847 ma-

2050 2877 2139 2948 gis
2173 2875 2367 2949 populi
2417 2875 2606 2946 elegit,
2655 2893 2828 2946 quam
2862 2893 3030 2932 suam
3061 2878 3280 2949 fugam,
3334 2885 3436 2934 aut
3490 2881 3693 2935 famem

2051 2983 2226 3038 super
2246 2969 2480 3020 terram.
2509 2965 2741 3019 Famem
2784 2964 2986 3035 populi
3028 2966 3248 3033 vitavit,
3283 2967 3426 3039 quia
3475 2969 3694 3039 gravior

2051 3059 2234 3108 morte
2263 3058 2318 3107 et
2349 3053 2626 3107 omnibus
2658 3052 2966 3124 suppliciis
2998 3053 3266 3121 habetur,
3300 3071 3482 3126 quam
3516 3055 3695 3128 sequi-

294 3144 423 3216 ipsa
452 3158 620 3215 poena
648 3140 946 3196 electionis
979 3141 1245 3211 quaedam
1271 3140 1648 3212 praerogativa
1678 3145 1941 3194 servetur
1969 3110 2010 3175 C
2043 3148 2140 3197 tur
2169 3142 2342 3195 etiam
2392 3139 2739 3213 pestilentia,
2773 3157 2899 3213 quae
2932 3141 3141 3196 caelum
3161 3110 3692 3215 contaminat,uior-

291 3232 438 3289 821
470 3235 526 3286 et
566 3247 660 3286 reo
693 3246 798 3284 suo
822 3229 1155 3284 blandiatur
1185 3229 1290 3283 hoc
1322 3229 1513 3283 verbo.
1552 3230 1616 3282 Et
1654 3229 1799 3283 dixit
1829 3229 1938 3283 Da-

287 3322 380 3376 vid
404 3321 475 3375 ad
508 3319 735 3374 Natban
763 3335 822 3371 :«
857 3317 1152 3389 Angustiae
1176 3316 1317 3370 mihi
1352 3320 1491 3370 sunt
1521 3315 1577 3370 in
1607 3317 1697 3371 his
1727 3317 1935 3371 tribus:

290 3410 389 3465 sed
422 3409 610 3480 magis
642 3407 896 3462 incidam
958 3405 1016 3460 in
1085 3421 1298 3460 manus
1347 3405 1597 3472 Domini,
1660 3404 1938 3476 quoniam

290 3513 505 3570 magna
529 3500 617 3551 est
647 3493 1047 3550 misericordia
1078 3493 1260 3560 illius,
1294 3510 1470 3564 quam
1513 3493 1569 3547 in
1632 3493 1939 3547 hominum

292 3601 503 3640 manus
535 3583 694 3654 (Ibid.
756 3582 864 3651 13).
893 3605 917 3628 η
976 3581 1252 3651 Nunquid
1302 3581 1504 3635 donari
1539 3581 1649 3634 sibi
1711 3597 1937 3651 pinnam

291 3671 586 3746 proposcit
617 3669 869 3724 erroris?
903 3670 1062 3734 Quod
1087 3669 1134 3724 si
1168 3669 1423 3730 fecisset,
1451 3669 1822 3739 impudentiae
1848 3687 1943 3723 no-

290 3765 531 3823 taretur,
559 3758 660 3829 qui
693 3756 1073 3812 moderationi
1121 3757 1327 3811 divinae
1380 3757 1588 3810 fuisset
1649 3757 1936 3828 ingratus.

291 3849 438 3903 Nam
462 3845 780 3917 plurimum
800 3844 1154 3915 suffragatur
1176 3859 1271 3898 reo
1292 3845 1613 3898 verecunda
1631 3861 1734 3899 con
1747 3845 1939 3910 fessio;

292 3943 350 3994 et
381 3951 613 4008 pmnam
647 3951 823 4005 quam
851 3931 1189 3988 defensione
1219 3933 1434 3987 evitare
1465 3949 1576 3986 non
1605 3950 1940 4004 pOssumus,

293 4025 517 4098 pudore
549 4022 830 4079 levamus.
867 4020 1053 4093 Elegit
1081 4038 1197 4076 non
1232 4022 1386 4093 quod
1421 4038 1454 4076 a
1504 4020 1730 4093 ﬂagello
1791 4027 1944 4076 esset

293 4116 583 4181 immune,
617 4111 718 4168 sed
751 4111 905 4182 quod
958 4110 1319 4166 moderatius
1349 4110 1674 4181 judicavit;
1733 4115 1795 4164 ut
1841 4111 1940 4164 Dei

291 4201 516 4257 lenitati
547 4200 737 4272 magis
765 4199 866 4269 qui
915 4203 1115 4254 nosset
1161 4199 1484 4271 ignoscere,
1535 4215 1714 4270 quam
1755 4199 1942 4253 homi-

293 4307 434 4344 num
457 4306 527 4352 .se
557 4289 947 4344 committeret
973 4288 1266 4359 potestati,
1291 4288 1388 4360 qui
1410 4304 1746 4342 mensuram
1772 4287 1941 4342 ultio-

295 4379 385 4434 nis
418 4379 747 4450 frequenter
774 4378 1132 4432 excederent.
1168 4376 1474 4431 Miseretur
1505 4377 1810 4447 itaquequi
1849 4391 1939 4431 ne-

2047 3236 2162 3285 tem
2188 3234 2432 3284 acervat.
2459 3229 2636 3283 Suam
2663 3229 2856 3300 fugem
2891 3245 3005 3284 non
3041 3232 3324 3302 poposcit,
3360 3237 3601 3303 propter
3626 3231 3689 3286 il-

2046 3318 2168 3385 lud;
2206 3317 2343 3388 quia
2374 3316 2656 3388 propheta
2682 3333 2785 3388 pro
2830 3316 3043 3388 populo
3085 3319 3384 3390 deprecari
3452 3323 3690 3392 poterat,

2050 3406 2202 3462 sicut
2229 3405 2446 3460 factum
2471 3403 2842 3476 estzpopulus
2874 3422 2975 3476 pro
3008 3407 3289 3478 propheta
3347 3407 3692 3463 intervenire

2051 3511 2164 3549 non
2193 3491 2740 3565 poterat.Seriptum
2764 3496 2854 3548 est
2873 3492 3029 3548 enim
3059 3511 3070 3548 :
3096 3495 3153 3549 Si
3190 3495 3443 3566 populus
3474 3509 3692 3551 errave-

2031 3581 2424 3648 .rit,sacerdos
2444 3579 2633 3635 orabit
2663 3597 2763 3651 pro
2782 3597 2878 3647 eo;
2902 3581 2951 3636 si
2971 3582 3241 3638 sacerdos
3263 3583 3693 3654 erraverit,quis

2053 3670 2279 3742 rogabit
2305 3684 2407 3740 pro
2439 3683 2505 3723 eo
2525 3669 2554 3722 ‘I
2583 3669 2652 3723 Et
2669 3672 2865 3724 tamen
2891 3669 2987 3724 ubi
3017 3670 3164 3724 vidit
3185 3671 3367 3726 occidi
3391 3672 3692 3744 populum.

2050 3759 2173 3829 ipse
2215 3773 2276 3811 se
2305 3756 2511 3828 angelo
2533 3757 2684 3812 822
2717 3756 2944 3812 ferienti
2977 3757 3228 3825 obtulit;
3262 3764 3328 3813 ut
3359 3760 3488 3831 ipse
3507 3761 3694 3832 potius

2051 3863 2153 3918 pro
2186 3846 2398 3917 populo
2428 3837 2714 3900 feriretur.
2736 3844 2874 3900 Plus
2904 3849 2993 3901 est
3024 3847 3174 3918 quod
3197 3847 3448 3919 necipsa
3479 3853 3694 3919 perter-

2054 3934 2202 3989 ritus
2233 3933 2424 4004 specie
2455 3936 2820 3987 mortuorum
2851 3933 3044 4005 gladio
3076 3950 3137 3990 se
3167 3934 3399 4002 obtulit,
3433 3953 3612 4009 quam
3650 3937 3696 3992 si

2052 4037 2378 4077 sermonem
2411 4021 2726 4093 pr0positze
2758 4022 3109 4078 conditionis
3141 4028 3422 4096 optasset.
3459 4026 3520 4080 In
3557 4025 3694 4081 elsc-

2050 4111 2206 4166 tione
2220 4110 2417 4182 itaque
2431 4109 2714 4165 rationem
2738 4115 3093 4181 secutusest,
3113 4111 3170 4166 in
3191 4111 3388 4168 dolore
3400 4113 3692 4185 pietatem.

2123 4201 2209 4253 17.
2239 4198 2382 4252 Vide
2413 4201 2608 4253 autem
2642 4197 2873 4253 Domini
2906 4199 3175 4272 gratiam,
3200 4200 3357 4271 quod
3389 4204 3446 4256 et
3489 4202 3611 4274 ipse
3665 4219 3695 4256 a

2050 4287 2344 4358 proposita
2374 4285 2703 4342 conditione
2735 4285 2990 4342 deﬂexit.
3015 4286 3312 4359 Numquid
3335 4287 3574 4360 aliquod
3597 4291 3694 4345 mi-

2050 4374 2356 4432 serationis
2380 4378 2467 4430 est
2497 4374 2715 4430 crimen
2754 4391 2767 4429 ε
2797 4376 2936 4446 quia
2966 4375 3097 4446 plus
3117 4377 3397 4447 minatur,
3415 4382 3472 4433 et
3504 4379 3695 4432 minus

293 4468 402 4523 scit
431 4483 659 4532 errare;
695 4483 807 4520 non
844 4465 1173 4529 miseretur,
1208 4465 1306 4536 qui
1350 4465 1564 4520 erroris
1621 4471 1706 4519 est
1767 4466 1942 4535 parti-
1977 4471 2020 4534 1)
2051 4464 2272 4536 exigit?
2300 4463 2406 4526 Qui
2438 4463 2494 4518 in
2527 4464 2990 4519 remuneratione
3020 4465 3396 4536 praemiorum
3430 4482 3540 4522 sua
3569 4483 3694 4539 pro-

293 4572 449 4627 ceps.

373 4645 453 4698 15.
489 4643 602 4697 Nec
635 4641 843 4697 fefellit
873 4644 1140 4696 sanctum
1177 4641 1348 4696 David
1406 4641 1550 4697 fides
1581 4658 1708 4707 sua,
1742 4642 1839 4696 sed
1883 4643 1941 4696 in

292 4733 421 4804 ipsa
451 4747 683 4802 quoque
701 4729 1018 4784 offensione
1047 4729 1295 4800 gratiam
1329 4729 1533 4783 divinas
1549 4728 1944 4784 miserationis

291 4821 558 4878 emeruit.
591 4819 736 4873 Nam
770 4817 869 4889 qui
890 4821 1276 4888 proposuerat
1298 4822 1542 4871 mortem
1571 4817 1765 4871 triduo
1789 4833 1944 4872 exer-

291 4927 418 4967 cere
445 4910 507 4964 in
539 4913 711 4972 terra,
741 4923 811 4961 ne
842 4922 1027 4960 unum
1089 4905 1324 4976 quidem
1386 4906 1538 4960 diem
1601 4922 1813 4977 passus
1856 4910 1945 4960 est

293 4998 620 5072 prasterire;
655 4997 755 5052 sed
789 4995 859 5050 ad
891 4994 1093 5049 horam
1131 4993 1366 5065 prandii
1400 4993 1651 5050 libenter
1677 4993 1942 5063 indulsit,

290 5093 346 5144 et
395 5088 482 5148 (ut
511 5087 684 5142 verbo
713 5084 1029 5156 Scripturaa
1061 5083 1210 5153 utar)
1243 5106 1269 5131 «
1305 5081 1509 5137 habuit
1538 5083 1941 5154 paenitentiam

291 5193 470 5248 super
499 5174 786 5231 malitiam
809 5174 881 5244 (II
901 5173 1026 5244 Reg.
1049 5188 1205 5237 xxrv,
1242 5172 1350 5238 16).
1377 5194 1405 5221 ››
1426 5171 1867 5243 Videquomodo
1888 5176 1944 5229 te

362 5333 472 5402 (49)
506 5333 669 5388 Rom.
702 5333 841 5387 edit.
876 5332 971 5387 hic
1031 5337 1093 5404 et
1135 5331 1290 5404 infra
1345 5333 1609 5404 reposuit
1669 5349 1698 5388 e
1757 5334 1940 5389 sacris

295 5404 421 5475 cod.
457 5403 587 5457 Gud.
620 5403 836 5458 Verum
857 5419 991 5458 cum
1024 5402 1151 5458 aliae
1177 5403 1314 5458 edit.
1341 5402 1515 5475 atque
1543 5421 1689 5475 mss.
1716 5405 1772 5459 in
1806 5422 1943 5460 voce

297 5473 517 5548 Νιιεζιαη⁵
537 5477 921 5548 consentiant,
954 5479 1194 5545 apparet
1228 5473 1510 5548 memoria
1538 5474 1768 5548 lapsum
1797 5476 1939 5534 fuis-

299 5558 360 5600 se
389 5542 786 5610 Ambrosium,
820 5542 1361 5619 quem'auctoritate
1381 5542 1616 5623 propria
1634 5549 1942 5607 emendare

2051 4553 2232 4609 missa
2264 4552 2537 4616 custodit,
2558 4553 2614 4606 in
2639 4553 2935 4608 exactione
2956 4567 3252 4624 plenarum
3288 4556 3692 4627 praescriptum

2052 4641 2358 4697 remordet.
2392 4639 2534 4694 Cum
2567 4639 2839 4695 irascitur
2866 4640 2926 4694 in
2959 4641 3394 4707 reum,differt:
3429 4658 3565 4698 cum
3597 4643 3696 4697 mi-

2052 4735 2295 4795 seretur,
2329 4733 2630 4800 properat,
2659 4731 2722 4782 ut
2744 4726 3038 4796 absolvat;
3071 4733 3269 4796 terret,
3318 4734 3385 4784 ut
3405 4732 3693 4806 corrigat;

2051 4819 2343 4884 admonet,
2377 4821 2440 4871 ut
2469 4816 2774 4883 emendet;
2807 4817 3101 4887 pmvenit,
3127 4821 3191 4871 ut
3233 4816 3523 4889 ignoscat.
3587 4817 3695 4874 Un-

2051 4909 2121 4962 de
2150 4910 2206 4962 et
2235 4905 2371 4960 alibi
2400 4906 2480 4959 ait
2502 4904 2787 4975 Propheta
2807 4905 2876 4959 de
2898 4905 3143 4960 Domino
3169 4923 3182 4959 :
3208 4928 3235 4953 «
3260 4905 3421 4960 Calix
3438 4906 3501 4961 in
3521 4921 3695 4960 manu

2051 4994 2282 5051 Domini
2311 4991 2429 5048 vini
2454 4993 2596 5047 meri
2631 4992 2839 5064 plenus
2868 4997 2956 5048 est
2988 4993 3231 5048 misto...
3285 4997 3691 5049 verumtamen

2053 5086 2157 5140 faex
2187 5085 2314 5155 ejus
2345 5098 2460 5137 non
2492 5084 2580 5136 est
2608 5081 2902 5136 exinanita
2942 5083 3113 5151 (Psal.
3169 5098 3354 5150 Lxxw,
3413 5083 3492 5154 9).
3529 5106 3556 5132 n
3618 5081 3694 5137 Ad

2051 5173 2386 5229 terrendum
2420 5169 2628 5242 plenus
2656 5173 2745 5224 est
2776 5169 2942 5238 calix,
2976 5170 3048 5225 ad
3080 5171 3408 5226 feriendum
3442 5188 3561 5228 non
3613 5174 3698 5226 est

2051 5331 2456 5405 religioni‘est.

2121 5398 2242 5481 (5D)_
2265 5402 2411 5481 Edit.
2442 5416 2646 5481 omnes
2676 5398 2736 5454 in
2757 5415 3017 5481 corpore,
3049 5409 3103 5457 et
3133 5405 3442 5481 utrogetig,
3508 5402 3692 5481 horta:

2051 5471 2162 5532 tur.
2198 5471 2323 5531 Vet.
2357 5477 2553 5542 autem
2583 5471 2642 5527 in
2691 5471 2982 5544 margine,
3013 5471 3278 5546 cumque,
3322 5473 3453 5533 illis.
3504 5473 3693 5534 cuncti

2051 5564 2220 5620 mss,
2249 5549 2303 5604 et
2320 5553 2382 5603 ut
2407 5550 2647 5616 rogetur,
2677 5551 2955 5618 aperatur.
