3894 6208
133 402 292 464 1065

1189 405 1643 469 ENARRATIO
1689 409 1766 470 IN
1816 409 2194 478 PSALMUM
2241 411 2532 473 XXXVII.

3390 416 3556 488 1066.

135 533 496 594 exinanitae.
528 533 750 594 Plenus
779 542 904 592 erat
934 538 1100 606 calix,
1134 556 1266 599 cum
1306 557 1460 596 mors
1481 557 1585 612 per
1607 541 1794 596 tridu-
1827 543 1878 609 Α
1908 559 2143 602 summa
2195 545 2479 616 patientia
2535 545 2827 602 celebrare
2883 544 3223 615 vindictam,
3284 563 3549 606 exercere

137 639 236 679 um
266 623 656 684 mandaretur
689 641 709 679 :-
738 625 843 682 sed
873 627 1126 685 occurrit
1155 627 1561 686 misericordia
1590 630 1798 693 Dei,te-

139 711 268 767 nuit
300 729 550 773 manum
582 713 798 785 angeli,
833 715 1181 786 priusquam
1196 715 1438 773 calicem
1466 718 1647 774 istum
1677 718 1793 774 exi-

140 801 395 859 naniret.
419 801 493 857 Ut
523 802 679 858 scias
709 807 906 860 autem
939 802 1078 875 quia
1107 804 1255 860 calix
1303 822 1474 876 poena
1528 805 1614 861 vel
1672 806 1794 878 gla-

140 890 274 947 dius
307 895 420 957 est,
439 891 578 949 audi
608 891 899 950 dicentem
925 911 938 948 :
964 915 992 943 «
1023 893 1232 965 Accipe
1261 894 1500 952 calicem
1524 895 1644 950 vini
1674 911 1795 952 me-

136 979 183 1034 ri
209 978 490 1050 huiusde
515 996 697 1040 mauu
729 997 884 1050 mea,
905 986 966 1037 et
995 981 1325 1053 potionabis
1347 1001 1550 1040 omnes
1569 989 1793 1056 gentes,

136 1068 216 1122 ad.
237 1078 398 1140 quas
428 1083 534 1141 ego
567 1067 796 1126 mittam
827 1075 918 1126 te:
977 1074 1034 1126 et
1065 1077 1393 1136 voment,et
1439 1073 1734 1132 insaniant
1763 1090 1797 1128 a

136 1156 283 1211 facie
308 1156 488 1228 gladii
516 1157 733 1226 (Jercm.
758 1175 887 1224 xxv,
911 1160 995 1225 15,
1055 1160 1165 1228 46).
1195 1183 1214 1211 ι
1266 1161 1335 1213 Et
1366 1161 1434 1214 ad
1467 1161 1793 1222 Jerusalem

133 1244 358 1303 dicitur
390 1262 403 1300 :
438 1269 465 1294 ‹‹
491 1244 696 1302 Bibisti
730 1245 971 1302 calicem
1007 1247 1104 1302 iraa
1162 1249 1233 1303 de
1293 1258 1471 1304 manu
1526 1250 1792 1306 Domini:

132 1332 379 1390 calicem
407 1334 563 1392 enim
590 1334 770 1394 ruinae
795 1334 996 1392 bibisti
1050 1337 1256 1408 (51},et
1300 1337 1635 1403 exinanisti,
1691 1355 1796 1394 nec

129 1427 258 1480 erat
275 1422 378 1495 qui
400 1426 457 1481 te
478 1422 880 1482 consolaretur
901 1425 1037 1495 (Isa.
1055 1425 1279 1494 1.547).»
1298 1425 1622 1486 Jerusalem
1639 1444 1798 1490 men-

130 1528 341 1568 suram
353 1510 527 1578 bibit,
548 1529 674 1583 qua
695 1530 1227 1584 supramensuram
1240 1516 1516 1587 peccavit.
1537 1516 1798 1574 Ecclesia

128 1598 612 1660 Christianorum
634 1600 873 1664 calicem
897 1601 996 1657 iraa
1017 1602 1315 1660 exinanire
1337 1619 1450 1659 non
1485 1604 1658 1672 novit,
1693 1605 1792 1662 sed

129 1688 505 1748 exinanitum
540 1694 906 1761 unguentum
937 1709 949 1757 ;
975 1695 1214 1762 propter
1234 1709 1410 1764 quam
1439 1708 1500 1748 se
1528 1692 1797 1749 Christus

131 1777 481 1847 exinanivit,
533 1782 598 1833 ut
631 1780 846 1850 ubique
878 1781 1179 1852 fragraret.
1221 1781 1301 1837 De
1331 1798 1509 1842 manu
1565 1781 1796 1838 Domini

130 1867 245 1923 hoc
274 1884 497 1926 munus
526 1867 754 1939 accepit
788 1887 800 1937 ;
836 1868 1111 1940 poculum
1146 1874 1348 1928 autem.
1374 1872 1580 1927 mortis
1634 1871 1796 1944 igno-
1824 1908 1872 1973 Β

129 1961 242 2012 rat.
276 1961 438 2016 Duos
469 1955 680 2016 calices
712 1956 858 2028 lego,
889 1974 1074 2021 unum
1111 1960 1341 2029 mortis,
1375 1959 1626 2016 alterum
1643 1961 1792 2028 vitaz,

128 2044 341 2102 Mortis
372 2043 616 2106 calicem
642 2061 749 2108 suo
780 2046 1048 2110 Christus
1096 2047 1416 2106 exinanivit
1447 2048 1506 2104 in
1556 2048 1796 2121 sangui-

128 2151 204 2190 ne
235 2151 248 2202 ;
281 2137 344 2188 et
387 2149 599 2193 novum
661 2133 901 2192 calicem
955 2135 1334 2205 ministravit,
1363 2143 1428 2192 ut
1481 2138 1748 2195 dicamus
1781 2155 1792 2193 :

124 2249 151 2271 α
194 2221 455 2282 Calicem
479 2222 755 2281 salutaris
787 2222 1068 2295 accipiam
1104 2224 1278 2294 (Psal.
1304 2242 1428 2293 cxv,
1466 2227 1573 2297 13).
1609 2249 1638 2276 ››
1681 2231 1796 2282 No-

121 2313 180 2367 vi
213 2311 374 2371 calix
396 2316 488 2371 est
516 2311 903 2378 Testamenti,
939 2311 1039 2382 qui
1071 2311 1128 2368 in
1163 2314 1574 2375 remissionem
1608 2316 1795 2372 effun-

123 2401 295 2461 ditur
325 2403 718 2471 peccatorum.
750 2401 1086 2457 Ell‘unditur
1119 2401 1211 2456 hic
1244 2401 1411 2471 calix,
1445 2408 1503 2460 et
1535 2404 1640 2460 faex
1669 2405 1796 2474 ejus

125 2506 252 2544 non
314 2488 613 2545 invenitur
670 2489 803 2559 (52),
875 2489 1014 2561 quia
1079 2490 1328 2545 mundat
1385 2507 1558 2548 omne
1614 2491 1794 2548 delic-

124 2584 282 2639 tum.

206 2669 297 2726 18.
333 2667 600 2728 Diximus
631 2667 1130 2739 quemadmodum
1165 2668 1223 2722 in
1253 2667 1589 2728 ulciscendo
1634 2670 1796 2730 inﬂe-

124 2760 262 2816 ctat.
287 2755 578 2816 Dominus
610 2755 1062 2812 commotionem
1087 2772 1285 2812 suam:
1307 2757 1572 2814 dicamus
1591 2775 1794 2829 quem-

123 2845 465 2914 admodum
495 2845 556 2900 in
587 2845 1014 2907 remunerando
1045 2847 1359 2916 praeveniat
1379 2850 1639 2909 nostram
1665 2864 1794 2920 pre-

123 2935 548 3001 cationem,et
575 2933 891 2994 doceamus
951 2932 1236 3005 exemplo.
1298 2935 1446 2990 Audi
1505 2935 1671 2991 illum
1728 2953 1798 2996 ex

125 3023 376 3079 duobus
407 3021 694 3078 latronem
726 3021 1016 3084 dicentem
1060 3022 1308 3078 Domino
1343 3039 1355 3078 :
1420 3046 1446 3072 ‹‹
1508 3024 1806 3084 Memento.

125 3113 273 3180 mei,
303 3110 568 3180 Domine,
603 3127 736 3172 cum
767 3110 1000 3174 veneris
1027 3111 1085 3164 in
1135 3127 1380 3183 regnum
1411 3116 1580 3167 tuum
1641 3113 1792 3182 (Luc.

117 3218 295 3268 χχιιι,
331 3187 445 3270 42).
480 3221 508 3250 ››
542 3200 866 3272 Respondit
899 3199 1177 3262 Dominus
1211 3216 1224 3254 :
1269 3223 1296 3249 «
1326 3202 1508 3264 Amen
1568 3201 1696 3258 dico
1729 3201 1794 3257 ti-

116 3291 213 3358 bi,
243 3288 424 3346 hodie
451 3304 685 3350 mecum
716 3289 834 3348 eris
861 3288 920 3344 in
949 3287 1222 3360 paradiso
1263 3289 1422 3360 (Ibid.
1457 3290 1568 3360 43).
1608 3312 1634 3339 ››

1903 636 2212 690 tormenta.
2247 634 2363 695 Cur
2390 651 2526 705 ergo
2561 635 2790 694 mireris
2819 635 2877 690 in
2909 635 3070 704 Deo,
3108 637 3157 692 si
3214 635 3323 696 hoc
3381 637 3552 706 inter-

1905 720 2047 776 dum
2077 720 2142 782 in
2179 722 2416 780 homine
2474 738 2859 795 recognoscas
2887 723 2923 777 ?.
2966 724 3301 788 Vindictam
3350 731 3558 794 autem.

1906 807 2051 864 iram
2083 826 2212 865 esse
2241 827 2420 881 supra
2451 810 2727 867 diximus.
2760 811 3022 883 Denique
3052 829 3202 878 usus
3254 813 3453 880 habet,
3485 817 3553 874 ut

1906 896 2173 952 dicamus
2199 899 2271 954 de
2302 914 2597 970 quoquam
2630 899 2853 970 punito,
2887 900 3026 970 quia
3052 899 3202 971 iram
3233 901 3440 961 incidit
3467 901 3548 970 le,-

1905 1001 2043 1057 gum
2074 1002 2085 1039 :
2121 1003 2236 1043 non
2267 986 2404 1057 quia
2432 986 2625 1058 legum
2661 987 2830 1059 iram,
2864 989 2965 1044 sed
2991 989 3128 1061 quia
3155 989 3359 1062 legum
3384 1007 3548 1060 seve-

1905 1073 2135 1130 ritatem
2169 1075 2391 1130 incidit.
2424 1075 2517 1131 Sic
2544 1080 2599 1131 et
2629 1075 2766 1130 alibi
2797 1076 2867 1134 de
2898 1077 3096 1144 decem
3142 1077 3330 1150 plagis
3389 1079 3552 1150 Egy-

1905 1162 2160 1232 ptiorum
2197 1165 2315 1220 ait:
2344 1187 2371 1214 «
2404 1163 2561 1219 Misit
2590 1164 2650 1219 in
2680 1180 2779 1220 eos
2811 1165 2962 1228 iram
2985 1183 3085 1237 per
3115 1165 3556 1238 angelosmales

1904 1252 2080 1320 (Paul.
2103 1253 2427 1319 Lxxvn,49),
2461 1274 2488 1300 ν
2522 1253 2576 1310 id
2597 1252 3054 1322 estvindictam;
3088 1254 3346 1324 lexenim
3369 1254 3557 1324 nescit

1907 1339 2103 1408 irasci,
2138 1339 2238 1394 sed
2271 1341 2382 1395 scit
2411 1340 2605 1412 legum
2636 1341 2923 1398 minister.
2965 1343 3159 1404 Nescit
3183 1359 3320 1416 ergo
3377 1342 3554 1414 irasci

1908 1427 2009 1497 qui
2039 1431 2241 1484 auctor
2271 1433 2359 1486 est
2401 1429 2617 1500 legum,
2654 1430 2749 1485 cui
2805 1431 3060 1500 terrendi
3119 1437 3214 1499 est.
3261 1431 3554 1504 voluntas,

1905 1532 2020 1579 non
2049 1515 2348 1587 puniendi.
2384 1517 2703 1583 Imitamini
2735 1533 2893 1589 ergo,
2926 1517 3340 1590 imperatores,
3360 1535 3552 1577 exem-

1905 1599 2066 1673 plum
2104 1601 2362 1657 divinum
2396 1620 2408 1669 ;
2443 1608 2507 1657 ut
2535 1603 2666 1658 sitis
2698 1604 2757 1658 in
2789 1606 3120 1674 statuendis
3149 1605 3377 1678 legibus
3399 1623 3555 1664 seve-

1906 1690 2112 1758 riores,
2147 1690 2206 1744 in
2236 1691 2536 1763 exigendis
2570 1691 2879 1764 suppliciis
2910 1694 3339 1752 misericordes.
3382 1699 3553 1756 Seve-

1906 1779 2053 1836 ritas
2085 1779 2277 1852 legum
2308 1781 2656 1837 insolentem
2687 1783 3004 1856 restringat
3061 1784 3394 1852 audaciam,
3453 1783 3557 1840 mi-

1905 1869 2219 1926 sericordia
2250 1869 2587 1941 principum.
2615 1887 2744 1927 reos
2778 1871 3089 1934 subtrahat
3145 1890 3346 1945 poenae.
3379 1873 3554 1942 Reco-

1905 1958 2133 2029 gnoscit
2162 1957 2341 2030 igitur
2370 1959 2657 2031 Propheta
2685 1959 2920 2032 culpam
2974 1977 3167 2027 suam,
3225 1960 3388 2032 videt-
3435 1960 3556 2018 vul-

1906 2063 2065 2114 nera,
2099 2048 2288 2102 curari
2323 2048 2599 2119 postulat.
2644 2049 2754 2114 Qui
2786 2050 2987 2106 sanari.
3037 2049 3184 2118 vult,
3214 2049 3382 2122 argui
3437 2066 3565 2122 non,

1904 2135 2245 2191 reformidat
2278 2153 2291 2192 :
2325 2138 2426 2191 sed
2460 2154 2574 2192 non
2607 2137 2730 2192 vult
2759 2138 2925 2210 argui
2951 2139 3011 2193 in
3059 2139 3272 2208 furore,
3332 2139 3430 2194 sed
3490 2139 3552 2196 in

1904 2225 2078 2281 verbo
2111 2225 2231 2280 Dei.
2265 2225 2521 2281 Verbum
2559 2225 2674 2294 Dei,
2709 2227 2940 2286 sanitas
2960 2231 3070 2290 est.
3104 2227 3198 2284 Sic
3227 2227 3382 2286 enim
3413 2226 3556 2303 legi-

1907 2329 2040 2370 mus
2075 2330 2088 2368 :
2123 2336 2150 2363 ‹‹
2183 2314 2341 2368 Misit
2369 2313 2627 2370 Verbum
2658 2331 2860 2382 suum,
2891 2320 2949 2371 et
2978 2317 3206 2389 sanavit
3235 2333 3334 2379 eos
3384 2315 3556 2388 (Psal.

1905 2419 2016 2468 ενι,
2045 2403 2159 2473 20),
2193 2424 2219 2451 »
2253 2403 2376 2458 Non
2407 2401 2532 2456 vult
2561 2403 2780 2458 erudiri
2832 2404 2895 2460 in
2924 2404 3032 2473 ira,
3059 2405 3164 2460 sed
3222 2405 3285 2460 in
3345 2404 3560 2466 doctri-

1906 2507 1982 2545 na
2015 2508 2027 2558 ;
2062 2494 2126 2544 ut
2157 2489 2206 2544 si
2240 2488 2532 2544 medicum
2567 2506 2756 2564 roges,
2803 2507 2874 2548 ne
2905 2495 3062 2550 secet
3117 2491 3334 2550 vulnus
3364 2497 3555 2568 tuum,

1907 2579 2009 2634 sed
2041 2579 2534 2636 medicamentum
2569 2585 2829 2652 apponat
2858 2598 2870 2648 ;
2903 2584 3074 2653 urget
3101 2581 3556 2656 medicamento,

1905 2669 2007 2722 sed
2042 2683 2157 2723 non
2188 2671 2366 2722 secat.
2430 2666 2684 2738 Denique
2739 2673 2828 2724 est
2877 2669 3063 2739 dolor,
3122 2670 3234 2727 sed.
3279 2686 3402 2743 non
3452 2686 3555 2746 su-

1906 2772 2011 2826 pra
2065 2771 2400 2827 mensuram
2463 2754 2682 2812 doloris
2715 2773 2727 2812 :
2761 2758 3009 2829 mordet,
3042 2758 3143 2814 sed
3175 2774 3292 2816 non
3349 2775 3556 2833 crucu-

1904 2847 2008 2898 tat.

1973 2934 2062 2988 20.
2097 2932 2281 3001 (Vers.
2324 2933 2403 3004 3.)
2461 2933 2532 2987 Et
2585 2931 2857 2990 addidit:
2924 2934 3269 3012 «Quoniam
3327 2935 3563 3014 sagittas.

1905 3025 2020 3081 tuae
2050 3021 2240 3078 infixae
2265 3025 2407 3077 sunt
2435 3021 2600 3076 mihi.
2635 3044 2662 3072 ››
2697 3023 2911 3082 Eadem
2940 3023 3169 3082 videtur
3187 3023 3401 3093 dicere,
3425 3040 3560 3098 qua.

1906 3113 2147 3170 sanctus
2174 3111 2284 3166 Job
2319 3126 2331 3163 :
2367 3110 2466 3166 sed
2501 3110 2730 3165 diversa
2759 3115 2916 3167 sunt.
2978 3111 3126 3168 Nam
3150 3117 3215 3181 et
3269 3111 3364 3168 ille
3418 3112 3498 3168 ait
3532 3130 3544 3168 :

1907 3221 1933 3248 (ι
1970 3198 2204 3272 Sagittae
2234 3199 2392 3254 enim
2424 3199 2652 3254 Domini
2682 3199 2739 3254 in
2771 3215 3012 3271 corpore
3033 3216 3161 3258 meo
3211 3204 3371 3268 sunt,
3407 3216 3557 3277 qua-

1691 3289 1790 3354 Ille
1902 3304 2034 3342 rum
2066 3286 2228 3341 furor
2259 3285 2408 3340 bibit
2437 3286 2784 3358 sanguinem
2842 3302 3041 3344 meum
3072 3303 3084 3340 :
3145 3303 3280 3344 cum
3338 3274 3565 3366 incipio.

117 3379 330 3436 adhuc
359 3377 602 3450 rogabat
631 3382 697 3433 ut
727 3377 1098 3438 meminisset
1128 3377 1220 3433 sui
1251 3393 1386 3434 cum
1417 3380 1674 3434 venisset
1729 3379 1790 3434 in
1898 3375 2084 3447 loqui,
2119 3379 2525 3447 compungunt
2555 3391 2648 3430 me
2677 3375 2820 3445 (Job.
2853 3391 2929 3441 v1,
2963 3376 3038 3450 4).
3074 3397 3102 3424 ››
3157 3374 3260 3432 Ille
3297 3377 3368 3433 de
3427 3376 3553 3432 vul-

121 3484 385 3542 regnum
419 3482 592 3523 suum
627 3484 641 3535 ;
673 3471 730 3523 et
758 3467 1066 3534 Dominus,
1115 3483 1247 3523 cum
1283 3468 1545 3529 nondum
1601 3468 1790 3526 venis-

122 3563 244 3624 set,
280 3557 334 3612 ei
358 3557 488 3627 jam
520 3571 764 3628 regnum
796 3554 1026 3618 cceleste
1064 3556 1377 3614 tribuebat.
1412 3557 1596 3622 Quam
1629 3556 1793 3622 velox

122 3645 548 3704 misericordia
580 3646 592 3699 l
627 3645 880 3706 Tardius
906 3649 1107 3702 votum
1138 3645 1454 3717 precantis,
1487 3662 1664 3718 quam
1699 3664 1792 3703 re-

123 3733 512 3791 munerantis
540 3736 630 3790 est
658 3733 986 3804 praemium.

205 3825 302 3879 49.
345 3822 478 3877 Ideo
509 3837 644 3894 ergo
683 3821 862 3880 David
920 3821 1381 3879 moderationem
1438 3823 1646 3893 tenuit,
1678 3840 1793 3880 non

123 3911 557 3970 remissionem
590 3910 772 3968 oravit
800 3910 1004 3970 dicens
1036 3927 1049 3966 :
1085 3933 1112 3960 σι
1147 3909 1415 3978 Domine,
1450 3929 1521 3970 ne
1551 3912 1639 3968 ira
1694 3917 1797 3974 tua

127 4018 366 4074 arguas.
393 4015 506 4066 me,
534 4016 723 4070 neque
779 4000 838 4056 in
898 4000 1094 4060 furore
1123 4002 1223 4056 tuo
1279 4000 1562 4072 corripias
1618 4018 1729 4058 me.
1763 4025 1792 4054 »

1900 3481 2037 3522 nere
2068 3463 2159 3520 sui
2217 3462 2477 3535 corporis
2527 3464 2838 3534 queritur;
2899 3463 2994 3520 hic
3024 3463 3290 3538 deplorat
3344 3465 3551 3538 animas

1901 3571 2021 3610 sum
2050 3552 2310 3608 vulnera.
2347 3551 2412 3607 Et
2442 3553 2587 3607 forte
2613 3551 2705 3607 hic
2736 3553 2856 3626 agit
2886 3553 3290 3626 paenitentiam
3320 3555 3392 3612 de
3421 3571 3548 3633 pec.-

1901 3650 2026 3698 calo
2059 3642 2171 3714 (53)
2206 3657 2218 3698 :
2253 3639 2352 3696 ille
2382 3657 2619 3698 causam
2653 3642 2774 3718 agit
2801 3641 3166 3701 inﬁrmitatis
3225 3643 3498 3702 humanae
3532 3662 3545 3714 ;

1902 3736 1959 3786 et
1986 3731 2156 3804 quasi
2189 3734 2399 3785 nostrae
2431 3729 2848 3792 imbecillitatis
2905 3737 3181 3804 assertor,
3242 3734 3315 3797 ad
3365 3749 3550 3792 reme.-

1902 3820 2066 3876 dium
2093 3819 2286 3892 operis
2317 3819 2598 3874 auxilium
2629 3820 2916 3877 Creatoris
2947 3822 3222 3898 exposcit.
3247 3821 3350 3878 Hic
3371 3821 3552 3900 igitur

1904 3912 2194 3981 precatur,
2243 3907 2339 3964 ille
2371 3907 2790 3979 patrocinatur.
2849 3909 3098 3980 Ideoque
3152 3908 3550 3966 vehementior

1904 3999 2086 4071 hujus
2117 4001 2208 4052 est
2264 3995 2467 4063 dolor;
2527 3997 2666 4068 quia
2724 3998 2931 4054 animai
2987 3997 3231 4053 vulnera
3284 3997 3554 4071 graviora

122 4094 329 4148 Furor
359 4088 554 4148 Graece
585 4089 731 4151 θυμὸς
785 4087 1019 4157 dicitur,
1073 4093 1132 4144 et
1191 4087 1287 4144 ira:
1343 4089 1619 4160 impetus.
1679 4091 1797 4148 Hoc
1907 4103 2086 4160 quam
2109 4085 2300 4140 carnis
2325 4089 2483 4139 sunt.
2512 4085 2611 4139 Ille
2633 4085 2773 4139 dicit
2793 4085 3039 4158 sagittas
3065 4083 3297 4142 Domini
3340 4084 3400 4142 in
3443 4101 3554 4166 suo.

124 4196 278 4253 ergo
312 4177 558 4236 Latinus
587 4177 770 4234 voluit
799 4177 1125 4250 exprimere
1155 4196 1172 4230 :
1201 4177 1397 4249 Neque
1434 4177 1493 4234 in
1527 4179 1633 4250 ira,
1694 4196 1798 4237 ne-
1908 4192 2038 4233 esse
2060 4189 2319 4245 corpore,
2340 4173 2447 4228 iste
2465 4172 2728 4244 deplorat
2750 4172 2961 4230 inﬁxas
2984 4197 2998 4240 ;
3022 4173 3182 4252 illius
3202 4173 3445 4247 sanguis
3463 4173 3550 4255 bi-

131 4286 256 4342 que
281 4269 344 4323 in
363 4269 492 4339 ipso
513 4267 728 4339 impetu
754 4267 850 4323 ira:
872 4283 1218 4339 arguas-me,
1241 4259 1800 4339 autcorripias,Cor-
1911 4266 2088 4332 bitur,
2111 4263 2291 4334 hujus
2312 4260 2632 4317 effunditur
2657 4279 2670 4328 ;
2695 4260 2792 4316 ille
2823 4261 3254 4334 compungitur,
3284 4262 3377 4319 hic
3424 4261 3551 4320 vul-

137 4357 337 4430 reptio
370 4360 590 4423 autem,
625 4355 877 4412 eruditio
912 4359 1019 4415 est.
1057 4357 1189 4428 Ipsa
1219 4356 1412 4412 Graece
1441 4356 1658 4414 dicitur
1690 4367 1802 4414 παί-
1913 4357 2152 4411 neratur
2174 4369 2186 4417 ;
2210 4348 2377 4404 illum
2402 4366 2612 4404 manus
2640 4349 2740 4404 Dei
2763 4350 2973 4428 tetigit,
2997 4367 3172 4422 super
3191 4350 3347 4406 hunc
3392 4349 3554 4423 gravi

139 4447 332 4505 δευσις,
365 4444 438 4499 de
466 4460 586 4514 qua
625 4442 842 4501 dicitur
872 4459 886 4499 :
951 4466 978 4494 «
1012 4443 1221 4498 Beatus
1278 4443 1453 4500 homo
1507 4461 1681 4516 quem
1738 4451 1806 4502 tu
1913 4442 2166 4515 pondere
2217 4438 2559 4493 conﬁrmata
2587 4443 2707 4503 est;
2765 4439 2858 4494 hic
2889 4438 3148 4500 animam
3181 4456 3349 4496 suam
3382 4438 3568 4496 deﬂet.

137 4532 468 4600 erudieris,
508 4532 663 4593 823
708 4532 952 4592 Domine
984 4533 1154 4602 (P-saL
1204 4549 1361 4600 xcm,
1401 4533 1482 4605 13)
1518 4535 1529 4590 l
1593 4558 1620 4584 »
1679 4535 1805 4591 Non
1915 4529 2292 4587 illusionibus
2322 4542 2450 4582 esse
2480 4527 2854 4598 completam,
2889 4526 2986 4584 ille
3017 4544 3192 4585 suum
3225 4545 3436 4601 corpus
3467 4527 3551 4584 ul-

136 4625 314 4682 enim
351 4622 508 4680 Deus
538 4621 809 4695 passioni.
826 4626 1006 4694 patet,
1063 4626 1127 4685 ut
1185 4623 1488 4691 irascatur,
1549 4641 1684 4679 cum
1733 4624 1882 4709 sitD
1916 4617 2435 4709 ceribus.‘Manum
2457 4621 2650 4672 autem
2701 4617 3122 4709 Dei,vi:tutem
3171 4616 3556 4692 intelligimus

138 4716 228 4770 im
243 4711 550 4785 passibilis
585 4729 598 4778 ;
633 4711 731 4769 sed
767 4711 913 4783 quia
935 4711 1210 4781 vindicat,
1243 4711 1472 4774 videtur
1503 4712 1811 4770 irasci.No—
1838 4706 1870 4709 _
1919 4706 2221 4782 puniendi.
2247 4706 2376 4762 Haec
2395 4722 2606 4761 manus
2637 4722 2832 4779 regem
2879 4707 3276 4779 Egyptiorum
3325 4710 3564 4778 propter.

135 4804 242 4859 bis
276 4801 391 4858 hoc
422 4800 650 4858 videtur
681 4818 695 4868 ;
726 4799 868 4872 quia
893 4799 1169 4872 ipsicum
1197 4801 1584 4858 commotione
1620 4801 1808 4860 vindi-
1917 4797 2162 4854 Abrahae
2184 4795 2463 4866 injuriam
2485 4796 2556 4850 ab
2593 4801 2872 4852 tcntatam
2895 4795 3049 4852 Same
3079 4795 3423 4867 pudicitiam
3455 4795 3558 4850 fla-

147 4889 760 4949 careconsuevimus.
821 4888 1170 4960 Plerumque
1199 4893 1394 4945 tamen
1426 4895 1482 4946 et
1539 4889 1811 4946 homines
1916 4885 2168 4958 gellavit.
2188 4885 2319 4939 Haec
2340 4901 2552 4939 manus
2597 4885 2996 4959 .‘Egyptiorum
3018 4901 3247 4951 currus,
3296 4899 3479 4954 equos
3505 4886 3570 4938 et

137 4978 545 5037 inveniuntur
626 4994 762 5035 cum
835 4977 1154 5045 vindicant,
1213 4994 1328 5033 non
1388 4979 1600 5033 moveri
1635 4995 1646 5044 ;
1707 4979 1808 5033 sed
1917 4972 2164 5047 pepulos
2207 4972 2388 5028 Rubri
2419 4973 2600 5028 maris
2631 4973 2907 5031 demersit
2934 4973 3243 5046 profundo.
3277 4971 3407 5032 Haec
3437 4987 3560 5051 ma.-

1918 5155 2025 5221 est,
2059 5167 2237 5224 quam
2268 5150 2576 5223 Synagoga
2601 5155 2782 5208 totam
2811 5150 3149 5208 exhausisse
3178 5151 3272 5208 hic
3302 5149 3559 5212 declara-

1916 5228 2101 5365 ωἴέ2)
2134 5293 2300 5347 Rom.
2335 5291 2494 5357 edit.,
2527 5296 2580 5347 et
2607 5296 2718 5364 faex
2765 5296 2878 5365 ejus
2933 5311 3043 5349 non
3099 5283 3370 5349 inanitur.
3424 5293 3558 5350 Aliae

1919 5356 2051 5422 cum
2086 5356 2274 5428 ἔωθεν.
2311 5356 2750 5437 ηοηᾼῐηυθήίίίυθν.
2786 5356 3015 5432 Melius,
3047 5381 3179 5420 cum
3214 5366 3307 5420 hic
3339 5370 3564 5437 aperte

1919 5437 2282 5510 signiﬁcatur
2329 5435 2574 5510 calicem
2624 5436 2763 5492 Novi
2792 5437 3175 5510 Testamentig
3187 5435 3560 5510 faeculentum

1921 5506 2036 5565 non
2066 5524 2227 5581 esse,
2247 5506 2347 5562 sed
2381 5523 2595 5581 purum
2632 5525 2644 5574 ;
2679 5512 2744 5563 ut
2774 5513 2908 5581 pote
2953 5508 3054 5580 qui
3082 5508 3302 5567 nullam
3361 5509 3562 5568 crimi-

218 5155 672 5229 (5l).D.uo.mss.
701 5171 767 5229 ac
795 5157 926 5229 _vet.
974 5154 1113 5229 edit.
1138 5154 1197 5210 in
1249 5155 1535 5229 margine,
1585 5155 1810 5211 calicem

123 5226 303 5288 enim
326 5226 440 5284 irae
469 5227 676 5282 bibisti.
711 5226 907 5293 Hebr.,
940 5226 1164 5282 calicem
1208 5228 1361 5282 enim
1391 5226 1598 5282 ’veneni
1626 5230 1811 5282 morti-

117 5297 408 5377 feri,_vel
441 5301 503 5352 ut
533 5297 918 5377 Grot._vertit_,
940 5299 1206 5377 Pacatula
1235 5298 1516 5377 horribile.
1577 5296 1807 5377 Chald,

175 5371 412 5428 oculum
436 5369 858 5440 maledictionis,
894 5369 1098 5423 bibisti.
1142 5369 1208 5423 Et
1238 5373 1371 5440 post
1428 5385 1543 5425 non
1602 5369 1806 5438 multa,

175 5391 412 5428 acutum
436 5391 858 5434 πιαιείιισηοτιιδ,
894 5391 1098 5423 Οῖυῑδιι.
1143 5391 1208 5423 ιω,
1239 5391 1371 5440 ρυδῐι
1428 5391 1543 5425 ΠΟΠ
1602 5391 1806 5438 murta,

109 5391 319 5501 ﬁam.
355 5439 673 5523 editusola,
708 5440 1018 5523 _Jerusalcm
1049 5457 1216 5523 supra
1264 5456 1593 5523 mensuram
1652 5441 1807 5523 bibit,

113 5517 306 5589 quia,
339 5517 448 5567 etc.
480 5511 676 5566 Minus
708 5513 887 5578 bene;
913 5508 1202 5636 siquidem
1226 5508 1811 5568 videturAmbrosius
1921 5508 2036 5565 non
2066 5524 2215 5573 esse,
2247 5508 2347 5562 sed
2381 5523 2595 5578 purum
2632 5525 2644 5574 ;
2679 5512 2744 5563 ut
2774 5513 2908 5581 pote
2953 5508 3054 5580 qui
3082 5508 3302 5567 nullam
3361 5509 3463 5566 crii

115 5588 216 5645 ad
257 5584 314 5664 is
343 5583 701 5664 remeasse:
756 5581 911 5664 quod
979 5597 1140 5664 ,οοιξε
1200 5581 1474 5664 Iamsi?
1528 5583 1812 5664 habeatur
1921 5576 2332 5664 negassim
2362 5577 2681 5664 ιξοηθιυξτι·
3012 5653 3043 5664 -
3136 5654 3145 5664 .
3196 5656 3206 5664 .
3345 5653 3379 5664 ..
3424 5653 3463 5664 ..

115 5600 216 5645 ad
257 5600 314 5640 ια
353 5600 446 5638 res
491 5600 701 5649 exnsse,
756 5600 911 5654 quoa
979 5600 1140 5637 locus
1200 5600 1360 5637 isalaa
1391 5600 1474 5637 81c
1528 5600 1758 5639 naDeau

111 5656 307 5732 apud
342 5600 486 5712 LX£
519 5672 532 5710 :
591 5655 649 5702 τὸ
676 5654 910 5717 ποτήριον
937 5655 1032 5718 γὰρ
1053 5653 1122 5712 τῆ
1145 5653 1388 5717 πτώσεως,
1416 5655 1472 5702 τὸ
1522 5651 1696 5703 ιόνδον
1723 5670 1758 5704 τι

111 5737 305 5784 annos
341 5735 538 5784 ιειπικ.
621 5729 730 5784 etc.
817 5723 966 5784 Nam
1045 5731 1190 5784 κόνδυ
1278 5740 1467 5784 genus
1519 5740 1758 5784 mensur

1973 5600 2013 5637 IS
2041 5600 2332 5634 [11801118111
2362 5600 2476 5633 non
2507 5600 2681 5634 ϐιυᾶῐο.

1992 5652 2104 5722 (55)
2131 5649 2281 5706 Vide
2313 5650 2534 5784 priores
2587 5651 2740 5734 duos
2795 5651 2976 5712 libros
3005 5653 3078 5711 De
3123 5653 3572 5728 inmutatione.

1973 5731 2238 5784 mcton
2251 5723 2316 5784 Jo
2378 5730 2432 5784 et
2458 5721 2649 5784 David.

109 5721 305 5810 θῦμοῦ
341 5735 538 5801 αξιπιες,
621 5729 730 5789 etc.
817 5723 966 5784 Nam
1045 5731 1190 5785 κόνδυ
1278 5740 1467 5802 genus
1519 5740 1809 5788 mensura
1917 5721 2349 5786 cunctaminian
2378 5730 2432 5788 et
2458 5721 2649 5785 David.

475 5855 741 5923 PATIOL.
790 5850 954 5922 XIV.
3165 5855 3246 5938 34
