3894 6208
319 428 346 488 1
357 428 475 491 067

1781 425 1844 488 S.
1879 423 2255 489 AMBROSII

3570 423 3742 488 1068

316 579 430 618 nus
461 565 716 618 mentem
747 561 1005 634 gravavit
1036 560 1188 632 regis
1221 557 1382 630 Saul,
1444 564 1509 615 ut
1564 559 1812 630 gratiam
1865 560 1953 615 sui
1988 563 2041 626 Α
2070 561 2166 631 qui
2198 560 2544 616 vulnerandi
2574 559 2843 634 permisit
2873 555 3104 617 diabolo
3136 563 3511 634 potestatem.
3544 555 3739 616 Deni-

316 651 744 708 conservatoris
773 651 992 708 odisset
1026 667 1038 717 ;
1071 654 1128 706 et
1153 667 1256 722 pro
1320 649 1795 722 praevaricatione
1854 665 1966 703 cae-

312 739 476 796 lestis
498 739 728 813 imperii
759 740 1024 794 desertus
1056 755 1090 793 a
1111 738 1308 806 sociis,
1339 736 1706 808 interemptis
1731 753 1967 808 quoque

317 829 455 884 ﬁliis
487 828 822 897 destitutus,
853 828 1042 883 victus
1075 828 1146 882 ab
1178 827 1446 882 hostibus
1477 830 1614 898 (quo
1639 824 1966 897 spectacqu

320 916 465 973 nihil
495 922 583 973 est
614 918 936 974 deformius
966 918 1109 989 regi)
1143 916 1402 988 gladium
1436 915 1495 969 in
1527 932 1586 969 se
1619 931 1792 968 suum
1845 914 1967 984 ipse

319 1010 697 1074 converteret,
728 1023 800 1062 ne
830 1005 1097 1078 captivus
1127 1020 1302 1060 senex
1332 1005 1543 1059 viveret
1592 1003 1727 1058 ﬁliis
1759 1007 1818 1057 et
1878 1020 1964 1057 re-

317 1111 434 1168 gno
463 1099 780 1168 superstes.
816 1095 975 1149 Hanc
1007 1111 1251 1149 manum
1301 1093 1481 1149 David
1540 1093 1598 1146 in
1657 1091 1848 1163 scipso
1881 1109 1969 1146 cx-

320 1188 523 1256 pertus
542 1189 600 1240 et
625 1182 847 1248 liberis,
873 1182 1115 1238 alterius
1147 1182 1456 1247 incestum,
1490 1180 1730 1236 alterius
1783 1179 1966 1252 parri-

323 1272 545 1328 cidium
577 1271 916 1345 deploravit,
941 1277 996 1327 et
1027 1273 1180 1328 824
1212 1271 1387 1343 (quod
1421 1271 1514 1342 pio
1548 1270 1695 1342 patri
1730 1269 1966 1341 gravius

327 1365 418 1417 est
469 1360 680 1417 salutis
711 1378 829 1416 suae
860 1359 1072 1430 exitiis)
1103 1358 1279 1416 simul
1310 1360 1589 1431 oppobria
1643 1357 1882 1426 sobolis,
1914 1363 1970 1413 et

319 1450 553 1521 pietatis
585 1450 814 1505 deflevit
843 1448 1104 1505 excidia:
1139 1465 1389 1520 quorum
1423 1448 1569 1503 alter
1586 1449 1654 1502 ad
1677 1448 1966 1502 incestum

320 1554 602 1595 accensus
633 1539 704 1594 de
733 1537 1142 1610 germanitatis
1175 1539 1406 1607 affectu,
1438 1537 1585 1592 alter
1613 1537 1683 1592 ad
1719 1536 1964 1609 parrici-

319 1628 482 1682 dium
517 1631 781 1684 armatus
812 1632 901 1684 est
931 1627 1127 1683 studio
1160 1627 1464 1682 castitatis.
1499 1625 1640 1680 Vide
1689 1626 1966 1696 quemad-

318 1716 559 1772 modum
593 1715 724 1771 illos
747 1717 805 1770 in
839 1714 1201 1787 gravissimis
1233 1715 1579 1768 criminibus
1611 1713 1966 1769 conﬁnialu-

317 1821 444 1860 sere
474 1805 779 1860 virtutum.
815 1805 1047 1860 Utinam
1081 1808 1181 1860 aut
1212 1803 1309 1859 ille
1341 1820 1598 1858 sororem
1633 1821 1741 1858 non
1777 1820 1967 1860 amas-

318 1899 428 1961 set,
463 1898 567 1991 aut
596 1894 685 1949 hic
718 1911 832 1949 non
864 1893 1376 1991 vindicassetlhd
1399 1897 1771 1991 postremum
1804 1897 1858 1946 et
1887 1892 1966 1963 ip.
1996 1926 2044 1991 Β

316 1999 378 2038 se
408 1982 604 2055 patriae
636 1983 855 2040 finibus
888 1983 1095 2054 pulsus
1127 1999 1160 2038 a
1221 1981 1359 2046 ﬁlio,
1395 1982 1653 2053 fugiebat
1709 1981 1959 2048 hostem,

316 2087 494 2143 quem
535 2072 772 2145 Optabat
829 2071 1168 2128 haredem:
1232 2071 1529 2125 metuebat
1589 2071 1841 2136 vincere,
1894 2087 1963 2125 ne

313 2160 546 2232 pietatis
562 2161 869 2233 dispendio
897 2161 1244 2218 vinceretur.

383 2251 474 2305 21.
509 2251 621 2306 Sed
651 2250 796 2305 forte
823 2249 1037 2320 aliquis
1069 2249 1222 2304 dicat
1258 2265 1268 2303 :
1322 2248 1624 2311 Quomodo
1658 2248 1713 2302 in
1777 2248 1961 2320 parri-

315 2337 489 2404 cidio,
522 2337 610 2393 vel
639 2338 697 2392 in
732 2338 958 2394 incestu
1003 2354 1214 2394 manus
1246 2337 1422 2392 fuerit
1476 2338 1594 2404 Dei,
1629 2353 1762 2391 cum
1815 2355 1963 2408 opus

316 2425 465 2482 illud
491 2425 713 2482 inimici
745 2426 822 2482 sit
850 2427 878 2480 ‘?
908 2427 1343 2499 Cognoscamus
1375 2427 1552 2499 igitur
1578 2426 1854 2498 quoniam
1908 2431 1965 2482 et

317 2515 418 2570 uhi
449 2514 718 2572 diabolus
776 2515 1061 2585 vulnerat,
1111 2515 1333 2587 sagitta:
1367 2515 1597 2571 Domini
1657 2515 1962 2571 vulnerare

316 2605 605 2661 dicantur.
640 2605 860 2678 Nempe
891 2606 973 2660 sic
998 2604 1270 2676 legimus,
1305 2605 1458 2676 quod
1487 2621 1619 2659 cum
1653 2605 1708 2658 in
1769 2605 1960 2660 conci-

314 2693 392 2750 lio
422 2693 763 2766 angelorum
796 2697 1066 2749 sanctum
1099 2694 1206 2749 Job
1241 2693 1535 2749 servulum
1567 2710 1741 2748 suum
1776 2693 1963 2750 Domi-

312 2799 425 2838 nus
455 2799 772 2839 conversus
803 2783 873 2838 ad
895 2781 1195 2836 diabolum
1229 2783 1569 2852 praedicaret
1608 2783 1744 2853 (Job.
1783 2800 1820 2849 1,
1855 2785 1910 2852 8)
1945 2799 1957 2837 :

319 2875 379 2926 ut
410 2874 676 2926 ureretur
705 2869 956 2940 invidus,
977 2874 1032 2924 et
1061 2869 1297 2924 bamani
1331 2871 1561 2942 generis
1593 2872 1961 2927 adversarius

317 2959 469 3029 (laus
495 2958 652 3015 enim
683 2957 976 3014 inferioris
1015 2958 1356 3014 substantia:
1389 2959 1493 3013 viri
1522 2960 1654 3029 (54),
1689 2961 1960 3016 condem-

319 3047 477 3104 natio
506 3047 634 3119 ejus
664 3048 774 3118 est)
797 3046 1158 3119 responderit
1187 3045 1474 3114 diabolus,
1509 3048 1648 3118 quia
1679 3066 1792 3104 non
1835 3065 1963 3122 gra-

318 3136 394 3193 tis
421 3137 531 3193 Job
564 3139 878 3194 Dominum
904 3140 1296 3204 veneraretur,
1331 3137 1430 3208 qui
1464 3141 1607 3191 nutu
1641 3137 1738 3192 Dei
1771 3139 1957 3194 omni-

313 3223 427 3282 bus
458 3225 803 3282 abundaret.
839 3249 865 3275 «
900 3225 1011 3282 Sed
1043 3225 1231 3291 mitte,
1268 3248 1296 3274 »
1357 3226 1567 3297 inquit,
1625 3250 1650 3274 ‹‹
1718 3244 1957 3284 manum

2076 665 2189 719 que
2220 649 2267 704 si
2302 651 2567 715 mandes,
2601 655 2664 706 ut
2694 654 2830 706 tuus
2861 649 3126 706 servulus
3155 650 3513 720 verberetur,
3531 665 3744 706 nonne

2075 737 2304 792 etiamsi
2335 739 2409 794 ab
2441 740 2712 795 adstante
2741 739 2852 795 alio
2885 741 3160 806 caedatur,
3195 756 3230 795 a
3258 743 3314 794 te
3343 738 3560 794 dicitur
3608 754 3742 793 ver-

2075 825 2312 882 beratus
2333 829 2360 880 ?
2394 828 2496 882 Est
2522 832 2579 882 et
2608 826 2710 882 illa
2743 829 2888 884 ratio
2919 846 2931 884 :
2965 829 3107 900 quia
3137 828 3422 883 Dominus
3452 827 3582 883 ideo
3631 827 3746 882 dat

2078 916 2349 970 tentatori
2396 921 2769 987 potestatem,
2800 922 2864 972 ut
2892 916 3272 973 bominumin
3303 916 3747 972 tentationihus

2075 1004 2351 1073 probetur
2381 1006 2644 1060 affectus.
2679 1005 2812 1061 Ideo
2845 1006 2910 1060 ﬁt
2943 1005 3290 1078 persecutio,
3343 1011 3409 1060 ut
3466 1005 3606 1059 ﬁdes
3638 1004 3749 1059 lu-

2075 1096 2220 1159 ceat,
2255 1093 2437 1148 virtus
2469 1092 2733 1162 excellat,
2767 1111 2934 1150 mens
2964 1093 3196 1150 interna
3237 1092 3511 1150 omnibus
3542 1091 3747 1148 mani-

2075 1180 2338 1236 festetur.

2144 1271 2231 1323 22.
2267 1271 2414 1343 Ergo
2447 1271 2688 1326 tentatio
2720 1272 2888 1343 quasi
2921 1271 3133 1344 sagitta
3164 1270 3744 1344 penetratinteriora

2076 1356 2354 1424 hominis,
2385 1365 2441 1415 et
2470 1361 2638 1432 quasi
2668 1359 2901 1429 gladius
2936 1359 3058 1430 Dei,
3119 1361 3220 1432 qui
3280 1365 3582 1416 scrutatur
3633 1361 3739 1416 in-

2077 1451 2258 1502 terna.
2292 1447 2535 1503 Gladius
2566 1454 2764 1505 autem
2794 1450 3035 1505 verbum
3067 1454 3155 1505 est
3203 1448 3303 1504 Dei
3338 1448 3643 1515 validium,
3683 1455 3750 1504 et

2077 1537 2305 1591 acutius
2335 1537 2493 1591 omni
2524 1537 2715 1609 gladio
2747 1539 3088 1594 acutissimo
3125 1556 3137 1592 :
3168 1539 3238 1593 de
3269 1554 3385 1609 quo
3407 1537 3601 1609 gladio
3624 1555 3752 1592 auo

2077 1625 2132 1677 di
2167 1626 2454 1681 dicentem
2489 1626 2683 1681 Maria:
2715 1627 3047 1682 Simeonem
3082 1644 3094 1681 :
3129 1650 3155 1676 ‹‹
3191 1627 3259 1682 Et
3317 1633 3480 1682 tuam
3541 1627 3755 1698 ipsius

2077 1715 2331 1768 animam
2369 1715 2748 1786 pertransihit
2777 1714 3009 1787 gladius
3035 1734 3048 1783 ;
3082 1721 3144 1771 ut
3174 1714 3756 1772 revelenturmulto-

2077 1818 2206 1855 rum
2248 1803 2508 1857 cordium
2567 1804 2946 1875 cogitationes
3001 1805 3152 1873 (Luc.
3214 1821 3274 1872 ιι,
3305 1805 3421 1875 35).
3480 1827 3508 1852 υ
3539 1805 3753 1860 Verbo

2076 1891 2230 1945 enim
2265 1891 2362 1946 Dei
2400 1894 2599 1948 omnia
2629 1891 2978 1960 revelantur,
3010 1893 3070 1948 in
3094 1894 3265 1965 cujus
3280 1897 3595 1966 conspectu
3622 1911 3751 1950 nu-

2074 1979 2149 2034 da
2179 1984 2233 2034 et
2263 1986 2461 2052 aperta
2492 1986 2630 2036 sunt
2660 1981 2876 2036 omnia.
2914 1983 3126 2038 Anima
3156 1983 3284 2055 ipsa
3334 1983 3561 2038 videtur
3591 1984 3753 2055 (56),

2074 2067 2342 2123 medulla:
2377 2069 2530 2126 825
2566 2070 2892 2137 interiores,
2925 2070 3425 2143 cogitationesque
3443 2072 3753 2128 manites-

2073 2164 2144 2212 tae
2175 2162 2312 2212 sunt
2343 2159 2525 2229 (Hebr.
2561 2177 2638 2226 ιν,
2679 2160 2741 2214 12
2768 2163 2819 2214 et
2852 2161 2939 2230 13)
2975 2177 2987 2215 :
3022 2177 3126 2215 nec
3159 2159 3278 2215 ulla
3311 2165 3614 2232 postremo
3650 2167 3756 2217 est

2073 2251 2356 2311 creatura,
2391 2252 2455 2301 ut
2486 2247 2785 2319 Scriptura
2815 2247 2976 2315 dicit,
3010 2265 3137 2321 quae
3186 2265 3247 2304 se
3305 2265 3338 2305 a
3397 2249 3754 2321 cognitione

2072 2336 2201 2406 ejus
2231 2335 2550 2391 abscondat
2581 2338 2752 2407 (Psal.
2786 2355 2946 2405 xvm,
2969 2339 3044 2407 7).
3078 2338 3226 2410 Ergo
3255 2337 3578 2394 vendamus
3598 2355 3755 2394 om-

2073 2424 2191 2490 nia,
2225 2429 2287 2478 ut
2315 2425 2570 2480 Verbum
2604 2443 2891 2494 emamus,
2930 2428 3241 2499 ipsumque
3272 2427 3332 2482 in
3366 2427 3582 2484 nostris
3617 2430 3752 2485 vis-

2073 2513 2305 2568 ceribus
2338 2514 2746 2570 recondamus.

2141 2603 2230 2657 23.
2270 2603 2394 2673 Ipse
2428 2607 2721 2674 postremo
2755 2603 3024 2660 diabolus
3047 2604 3416 2674 testiﬁcatur,
3442 2605 3581 2676 quia
3603 2621 3746 2663 om-

2073 2691 2170 2746 nia
2200 2690 2300 2746 dat
2333 2690 2506 2747 homo
2538 2708 2664 2763 quae
2694 2692 2868 2748 habet
2898 2709 3001 2765 pro
3051 2693 3247 2748 anima
3303 2710 3432 2764 sua,
3483 2711 3585 2749 nec
3650 2695 3744 2750 di-

2071 2796 2251 2852 gnum
2285 2779 2425 2835 illud
2463 2781 2716 2852 pretium
2747 2781 2924 2838 totius
2968 2783 3303 2854 patrimonii
3335 2799 3440 2856 pro
3498 2783 3740 2840 redem-

2072 2868 2267 2939 ptione
2292 2870 2464 2923 unius
2497 2869 2703 2924 anima:
2736 2871 3066 2926 conﬁtetur.
3099 2871 3246 2936 Quid
3278 2872 3577 2943 parcimus
3623 2890 3738 2945 pa-

2070 2957 2364 3027 trimonio,
2398 2959 2551 3028 quod
2585 2964 2641 3013 et
2676 2959 2797 3030 ipse
2827 2958 3097 3015 diabolus
3132 2959 3490 3032 vilejudicat
3509 2977 3618 3032 pm
3637 2978 3736 3018 sa-

2068 3044 2189 3101 lute
2219 3045 2246 3098 ‘I
2278 3047 2489 3101 Parum
2521 3047 2638 3102 dixi
2672 3065 2773 3119 pro
2800 3047 3006 3113 salute,
3052 3065 3259 3120 parum
3320 3064 3452 3106 esse
3499 3055 3554 3106 et
3611 3067 3728 3122 pro

2067 3151 2259 3191 errore
2289 3141 2555 3191 testatur.
2591 3136 2871 3208 Denique,
2922 3162 2947 3185 ‹‹
2981 3137 3103 3192 haec
3161 3138 3382 3206 omnia,
3418 3163 3438 3191 ι
3502 3140 3724 3211 inquit,

2071 3248 2096 3272 ‹‹
2128 3225 2235 3279 tibi
2267 3225 2438 3292 dabo,
2471 3224 2520 3279 si
2553 3225 2861 3296 procidens
2891 3225 3224 3282 adoraveris
3255 3243 3349 3282 me
3393 3227 3605 3297 (Matth.
3643 3245 3722 3296 ιν,

308 3319 495 3387 tuam,
527 3319 586 3371 et
614 3319 786 3388 tange
817 3315 1014 3372 omnia
1042 3332 1168 3386 quae
1202 3287 1412 3370 habet:
1437 3287 1750 3371 videamus
1771 3317 1817 3371 si
1841 3334 1956 3374 non
1988 3287 2031 3354 ί)
2068 3313 2144 3382 9).
2183 3336 2209 3361 ››
2241 3313 2352 3368 Nec
2385 3287 2576 3368 solum
2626 3313 2862 3369 divitias
2893 3315 3122 3382 mundi,
3153 3316 3254 3370 sed
3304 3287 3480 3371 etiam
3532 3287 3727 3372 bono:

310 3404 368 3459 in
400 3403 608 3462 faciem
641 3408 693 3460 te
715 3404 1017 3461 benedicat
1048 3403 1204 3474 (Ibid.
1243 3406 1350 3471 11).
1386 3429 1412 3452 ››
1473 3405 1538 3459 Et
1573 3406 1722 3461 Deus
1761 3409 1954 3478 potes-

306 3497 486 3549 tatem
526 3493 688 3549 dedit
717 3493 968 3561 diabolo,
1003 3498 1068 3548 ut
1097 3493 1356 3549 mitteret
1410 3510 1650 3549 manum
1694 3511 1862 3549 suam
1892 3495 1952 3551 in

304 3581 504 3636 omnia
523 3597 650 3652 quas
673 3580 912 3637 haberet
931 3582 1062 3636 Job.
1079 3581 1302 3646 Quibus
1324 3582 1526 3653 gestis,
1550 3599 1684 3638 cum
1716 3588 1954 3640 sanctus

301 3668 412 3724 Joh
489 3667 810 3723 immobilis
869 3669 928 3724 in
977 3686 1086 3724 sua
1141 3670 1488 3725 fortitudine
1545 3677 1950 3742 permaneret:

302 3755 677 3830 quianonest
695 3759 890 3813 motus
937 3757 1047 3813 Job
1092 3763 1193 3814 aut
1244 3757 1481 3813 interitu
1533 3758 1809 3825 ﬁliorum,
1851 3766 1953 3817 aut

303 3845 610 3919 dispendio
641 3845 988 3902 facultatum
1023 3862 1035 3901 :
1070 3845 1281 3901 iterum
1315 3847 1598 3904 Dominus
1628 3849 1699 3904 ad
1743 3849 1950 3905 diabo-

303 3935 429 3992 lum
462 3934 891 4004 dixit,illudens
921 3935 993 4000 ei,
1027 3936 1180 4007 quod
1209 3935 1554 4008 dissipasset
1590 3937 1788 3993 omnia
1822 3956 1948 4010 quae

2066 3419 2158 3458 res
2187 3409 2244 3457 et
2274 3418 2453 3474 regna
2484 3403 2846 3457 monstravit.
2902 3403 2958 3458 Si
2991 3408 3152 3459 tanto
3210 3409 3462 3472 constat,
3494 3411 3562 3460 ut
3591 3406 3722 3461 dia-

2065 3489 2234 3547 bolus
2266 3492 2576 3555 adoretur;
2610 3496 2896 3563 quantum
2929 3491 3299 3549 Christianus
3328 3494 3503 3550 debet
3547 3495 3726 3550 offer-

2064 3597 2145 3644 re,
2178 3585 2240 3635 ut
2270 3597 2403 3636 cum
2433 3580 2662 3636 Christo
2694 3581 3076 3637 resuscitetur
3107 3582 3263 3637 PSed
3291 3581 3592 3640 diabolum
3628 3585 3724 3638 di-

2063 3668 2366 3726 mittamus
2394 3669 2564 3740 quasi
2595 3669 2825 3725 hircum
2873 3671 3207 3728 emissionis
3240 3671 3297 3726 in
3356 3672 3666 3728 desertum
3702 3691 3716 3738 ;

2063 3773 2251 3829 neque
2271 3758 2428 3813 enim
2459 3757 2650 3813 ﬁdelis
2682 3763 2942 3814 assertor
2968 3763 3058 3814 est
3085 3759 3346 3815 veritatis
3377 3778 3389 3814 :
3453 3761 3562 3816 etsi
3597 3761 3711 3816 ali-

2061 3847 2296 3918 quando
2327 3847 2704 3918 transﬁguret
2734 3863 2796 3902 se
2817 3847 2876 3901 in
2907 3846 3181 3920 angelum
3212 3846 3382 3904 lucis.

2127 3935 2216 3991 24.
2251 3935 2565 3990 Abundant
2594 3934 2761 3990 nobis
2792 3935 3121 3990 divinarum
3167 3936 3507 3992 testimonia
3558 3941 3714 3994 scri-

299 4025 589 4082 habuerat
613 4025 750 4096 Job,
775 4023 926 4080 ﬁlios
949 4026 1076 4096 ejus
1100 4024 1490 4081 interemisset
1514 4026 1736 4098 :ipsum
1755 4031 1948 4084 tamen
2057 4029 2386 4096 pturarum,
2421 4023 2635 4094 quibus
2664 4023 3017 4078 instruimur
3037 4023 3184 4079 nihil
3213 4041 3342 4081 esse
3379 4026 3436 4080 in
3469 4025 3714 4082 homine

300 4131 675 4188 nequaquam
703 4131 933 4171 movere
975 4117 1046 4170 de
1076 4113 1308 4170 virtutis
1335 4115 1581 4171 statione
1638 4117 1946 4188 potuisset.
2056 4113 2370 4186 pretiosius
2401 4113 2534 4178 ﬁde,
2568 4111 2797 4168 nullum
2839 4117 3066 4168 tantum
3097 4129 3225 4168 esse
3254 4114 3707 4186 patrimonium,

299 4203 368 4258 Et
395 4201 492 4259 ille
514 4204 814 4276 respondit
843 4220 855 4259 :
891 4226 918 4254 «
950 4204 1320 4275 Quaecunque
1352 4203 1525 4259 habet
1586 4203 1782 4268 homo,
1844 4223 1947 4277 pro
2057 4203 2211 4275 quod
2244 4200 2451 4257 salutis
2483 4204 2692 4256 nostra:
2723 4206 2895 4273 atque
2927 4200 3133 4256 animae
3194 4202 3381 4274 pretio
3439 4203 3708 4261 confera-

298 4290 497 4348 anima
526 4309 634 4349 sua
663 4293 844 4348 dabit.
884 4293 994 4348 Sed
1053 4292 1298 4363 mitte,»
1355 4292 1570 4364 inquit,
1635 4316 1662 4342 ‹‹
1701 4310 1944 4349 manum
2053 4295 2167 4347 tur.
2205 4291 2340 4346 Fide
2371 4289 2664 4345 Abraham
2696 4290 2946 4362 patriam
2995 4306 3166 4345 suam
3233 4289 3474 4363 reliquit
3544 4292 3703 4362 (Gen.

295 4384 480 4449 tuam,
513 4385 569 4436 et
598 4384 772 4452 tange
804 4397 1040 4437 carnem
1073 4385 1128 4436 et
1157 4398 1292 4436 ossa
1321 4383 1450 4451 ejus
1479 4380 1614 4451 (Job.
1650 4399 1711 4449 ιι,
1745 4385 1795 4450 4,
1827 4384 1945 4453 5).»
2054 4399 2154 4448 xu,
2189 4381 2263 4448 4),
2297 4383 2354 4434 et
2382 4384 2619 4447 terram,
2653 4383 2708 4434 et
2738 4379 3032 4450 proximos
3100 4377 3274 4434 etiam
3335 4397 3486 4452 quos
3541 4382 3702 4438 vide-

292 4469 364 4524 Et
392 4470 614 4541 accepit
643 4468 854 4525 iterum
886 4473 1235 4542 potestatem
1269 4474 1333 4524 ut
1389 4470 1648 4526 mitteret
1701 4487 1941 4526 manum
2052 4471 2172 4538 bat,
2206 4474 2262 4524 et
2293 4484 2426 4524 eum
2467 4484 2639 4539 quem
2673 4483 2788 4522 non
2848 4467 3100 4534 videbat,
3161 4472 3445 4541 tanquam
3502 4471 3701 4544 adspi-

291 4571 462 4611 suam
497 4557 555 4611 in
587 4573 800 4628 corpus
835 4559 962 4628 ejus
997 4583 1012 4625 ;
1073 4563 1267 4613 tamen
1319 4563 1384 4612 ut
1439 4559 1696 4614 animam
1757 4559 1944 4630 ipsius
2050 4559 2211 4614 ciens
2235 4556 2610 4629 sequebatur.
2644 4556 2870 4629 Moyses
2902 4573 3138 4628 quoque
3168 4558 3380 4612 animas
3425 4575 3545 4614 suae
3580 4577 3700 4632 pre-

291 4645 991 4717 custodiret.Etperfudit
1021 4645 1316 4701 ulceribus
1345 4650 1620 4701 sanctum
1651 4647 1761 4702 Job
1789 4650 1932 4719 (Job.
1964 4653 2012 4718 D
2044 4648 2194 4703 tium
2227 4647 2420 4717 majus
2464 4645 2740 4700 omnibus
2808 4645 3036 4719 Egypti
3102 4645 3323 4702 divitiis
3389 4649 3699 4705 aestimavit

284 4750 402 4802 xvx,
432 4733 521 4802 13,
556 4734 667 4805 15),
702 4733 798 4788 ubi
832 4737 921 4789 est
961 4749 1235 4805 egressus
1266 4751 1300 4789 a
1348 4734 1610 4790 Domino.
1670 4735 1935 4792 Adverti-
1959 4786 1971 4792 -
2045 4737 2222 4806 (Hebr.
2255 4752 2332 4802 ιιι,
2363 4735 2474 4804 26).
2508 4733 2654 4800 Quid
2669 4734 2739 4789 de
2769 4733 3505 4808 virissublimibusloquar
3531 4737 3560 4791 ‘?
3598 4738 3698 4794 Ra-

284 4839 419 4879 mus
451 4839 588 4896 ergo
639 4823 794 4894 quod
858 4839 1069 4877 manus
1113 4821 1342 4878 Domini
1381 4822 1629 4890 dicatur,
1690 4824 1790 4879 ubi
1849 4831 1938 4881 est
2044 4825 2159 4880 hab
2189 4823 2466 4879 meretrix
2494 4823 2670 4894 (Iosue
2690 4837 2754 4889 ιι,
2789 4824 2841 4889 1,
2871 4821 2930 4891 9)
2957 4821 3288 4896 alienigena
3344 4824 3448 4880 illa
3491 4826 3564 4882 de
3595 4844 3694 4882 sa:-

282 4910 812 4978 hominis,diabolo
843 4910 1175 4977 infestante,
1223 4911 1484 4966 tentatio.
1546 4911 1847 4984 Siquidem
1880 4919 1936 4971 et
2041 4913 2191 4981 culo,
2226 4918 2422 4968 tamen
2453 4911 2715 4966 animam
2747 4928 2920 4967 suam
2953 4929 3070 4968 non
3102 4911 3295 4968 solum
3353 4918 3691 4988 contemptu

281 4999 392 5057 Joh
425 5017 667 5058 manum
697 5000 924 5058 Domini
952 4999 1096 5055 dixit
1125 5015 1254 5056 esse
1285 5017 1411 5072 qua:
1441 5016 1502 5055 se
1531 5001 1788 5073 tetigerit
1817 5002 1932 5074 (Job
2041 5003 2307 5058 omnium
2358 5017 2486 5072 quae
2531 4999 2806 5067 habebat,
2839 5000 2942 5056 sed
3001 5001 3176 5057 etiam
3226 5003 3356 5058 vita;
3415 5003 3688 5075 periculis

279 5106 398 5156 xIx,
427 5091 539 5162 21),
573 5095 628 5147 et
651 5091 897 5164 sagittas
924 5089 1158 5145 Domini
1189 5105 1319 5145 esse
1360 5091 1704 5144 memoravit
1759 5092 1933 5164 sagit-
2040 5091 2264 5163 putavit
2293 5107 2421 5146 esse
2463 5089 2868 5144 redimendam
2904 5106 2916 5142 :
2975 5106 3102 5162 qua
3128 5089 3523 5162 exploratores
3549 5093 3683 5148 Jesu

279 5183 370 5236 tas
399 5178 747 5250 piratarum.
783 5203 810 5230 ‹‹
846 5179 912 5234 Et
942 5177 1207 5248 tradidit,
1245 5201 1271 5227 »
1303 5177 1516 5250 inquit,
1543 5203 1569 5228 «
1605 5195 1697 5235 me
1728 5179 1784 5234 in
1805 5197 1928 5236 ma-
2038 5181 2192 5236 Nave
2223 5179 2447 5235 civibus
2479 5177 2602 5234 suis
2631 5178 3028 5250 quaerentibus
3059 5179 3365 5251 denegavit
3398 5198 3412 5247 ;
3445 5186 3504 5236 et
3548 5180 3681 5237 hos-

278 5284 392 5323 nus
414 5268 618 5340 injusti
639 5269 760 5339 (Job
781 5286 895 5337 xv1,
931 5269 1040 5339 14).
1075 5290 1101 5316 ›σ
1139 5268 1264 5338 [pse
1286 5266 1482 5338 itaque
1512 5267 1757 5323 absolvit
1789 5270 1924 5342 (55),
2035 5274 2122 5326 tcs
2144 5266 2619 5341 patrim,legatost
2639 5282 2807 5322 amen
2825 5266 2958 5322 ﬁdei
2978 5265 3186 5322 maluit
3200 5266 3496 5325 occultare
3512 5285 3680 5342 quam

277 5356 415 5426 quia
445 5373 577 5412 cum
609 5357 879 5414 diabolus
906 5357 1193 5423 vulnerat,
1231 5355 1459 5411 Domini
1491 5361 1633 5412 sunt
1679 5357 1924 5430 sagittae,
2034 5359 2300 5430 prodere.
2333 5357 2456 5412 Non
2489 5373 2617 5412 eam
2653 5356 2822 5411 minae
2854 5355 3090 5424 civium,
3124 5373 3238 5412 non
3272 5356 3562 5415 bellorum
3591 5375 3676 5430 pe.

2032 5516 2247 5583 monis,
2279 5516 2543 5586 ejusdem
2577 5516 2858 5572 daemonis
2890 5531 3018 5571 esse
3048 5516 3615 5573 condemnationem.

2123 5589 2214 5654 55)
2244 5588 2501 5652 Absolvit,
2537 5587 2596 5643 id
2627 5593 2734 5654 est,
2771 5586 3070 5643 concludit
3098 5603 3165 5642 ac
3195 5587 3435 5643 evincit.

2123 5589 2194 5643 55
2244 5589 2501 5652 Absolvit,
2537 5589 2596 5643 id
2627 5593 2734 5654 est,
2771 5589 3070 5643 concludit
3098 5603 3165 5642 ac
3195 5589 3375 5642 evinci

2101 5589 2214 5736 256;
2246 5659 2385 5716 Mss.
2421 5657 2663 5734 aliquot,
2695 5659 2895 5716 Anima
2925 5661 3043 5734 ipsa
3074 5657 3375 5720 dividitur.

343 5514 458 5583 (54)
481 5513 647 5570 Rom.
674 5516 812 5571 edit.
846 5517 1179 5572 detraxerat
1219 5514 1326 5569 has
1350 5532 1540 5582 voces,
1601 5519 1925 5576 substantia,v

270 5585 427 5661 viri._
452 5583 762 5661 No-nsatis
805 5587 1284 5661 con_sulte_;_nec_
1315 5587 1470 5640 enim
1507 5589 1600 5642 hic
1655 5590 1923 5661 signatur

272 5654 458 5721 aliud,
487 5653 863 5725 nisilaudem
893 5658 1003 5712 Job
1033 5656 1159 5722 viri,
1193 5655 1363 5725 cujus
1409 5661 1534 5714 erat
1588 5653 1920 5719 substantia

269 5739 338 5801 ac
369 5727 578 5780 natura
606 5723 864 5795 inferior,
893 5742 1071 5800 quam
1101 5723 1432 5786 substantia
1459 5744 1526 5787 ao
1567 5735 1778 5794 natura
1807 5734 1917 5791 die-
