  <div class='ocr_page' id='page_1' title='image "/cluster/home/n/w/nwhite01/storage/ocr_20150623/14/uva.x000826552/549.png"; bbox 0 0 3894 6208; ppageno 0'>
   <div class='ocr_carea' id='block_1_1' title="bbox 156 381 314 444">
    <p class='ocr_par' dir='ltr' id='par_1_1' title="bbox 156 381 314 444">
     <span class='ocr_line' id='line_1_1' title="bbox 156 381 314 444; baseline 0.019 -3"><span class='ocrx_word' id='word_1_1' title='bbox 156 381 314 444; x_wconf 75' lang='grc'>1069</span> 
     </span>
    </p>
   </div>
   <div class='ocr_carea' id='block_1_2' title="bbox 1209 375 2538 443">
    <p class='ocr_par' dir='ltr' id='par_1_2' title="bbox 1209 375 2538 443">
     <span class='ocr_line' id='line_1_2' title="bbox 1209 375 2538 443; baseline -0.002 -1"><span class='ocrx_word' id='word_1_2' title='bbox 1209 378 1662 442; x_wconf 80' lang='lat' dir='ltr'>ENARRA&#39;I‘IO</span> <span class='ocrx_word' id='word_1_3' title='bbox 1705 380 1785 441; x_wconf 82' lang='grc' dir='ltr'>ΙΝ</span> <span class='ocrx_word' id='word_1_4' title='bbox 1827 375 2204 443; x_wconf 83' lang='lat' dir='ltr'>PSALMUM</span> <span class='ocrx_word' id='word_1_5' title='bbox 2249 378 2538 443; x_wconf 86' lang='lat' dir='ltr'>XXXVII.</span> 
     </span>
    </p>
   </div>
   <div class='ocr_carea' id='block_1_3' title="bbox 3412 385 3566 444">
    <p class='ocr_par' dir='ltr' id='par_1_3' title="bbox 3412 385 3566 444">
     <span class='ocr_line' id='line_1_3' title="bbox 3412 385 3566 444; baseline 0 0"><span class='ocrx_word' id='word_1_6' title='bbox 3412 385 3566 444; x_wconf 76' lang='grc'>1070</span> 
     </span>
    </p>
   </div>
   <div class='ocr_carea' id='block_1_4' title="bbox 153 513 3569 586">
    <p class='ocr_par' dir='ltr' id='par_1_4' title="bbox 153 513 3569 586">
     <span class='ocr_line' id='line_1_4' title="bbox 153 513 3569 586; baseline 0.001 -17"><span class='ocrx_word' id='word_1_7' title='bbox 153 515 360 585; x_wconf 83' lang='lat' dir='ltr'>ricula,</span> <span class='ocrx_word' id='word_1_8' title='bbox 396 528 510 569; x_wconf 92' lang='lat' dir='ltr'>non</span> <span class='ocrx_word' id='word_1_9' title='bbox 533 513 802 570; x_wconf 90' lang='lat' dir='ltr'>incendia</span> <span class='ocrx_word' id='word_1_10' title='bbox 823 514 1041 586; x_wconf 80' lang='lat' dir='ltr'>patriae,</span> <span class='ocrx_word' id='word_1_11' title='bbox 1067 531 1182 568; x_wconf 88' lang='lat' dir='ltr'>non</span> <span class='ocrx_word' id='word_1_12' title='bbox 1203 530 1442 569; x_wconf 89' lang='lat' dir='ltr'>suorum</span> <span class='ocrx_word' id='word_1_13' title='bbox 1465 513 1807 569; x_wconf 87' lang='lat' dir='ltr'>discrimina</span> <span class='ocrx_word' id='word_1_14' title='bbox 1837 514 1890 580; x_wconf 78' lang='grc' dir='ltr'>Α</span> <span class='ocrx_word' id='word_1_15' title='bbox 1921 513 2317 584; x_wconf 76' lang='lat' dir='ltr'>deprehendit.</span> <span class='ocrx_word' id='word_1_16' title='bbox 2351 515 2471 571; x_wconf 85' lang='lat' dir='ltr'>Nisi</span> <span class='ocrx_word' id='word_1_17' title='bbox 2520 515 2664 570; x_wconf 85' lang='lat' dir='ltr'>forte</span> <span class='ocrx_word' id='word_1_18' title='bbox 2703 515 2773 570; x_wconf 92' lang='lat' dir='ltr'>ad</span> <span class='ocrx_word' id='word_1_19' title='bbox 2824 513 3122 570; x_wconf 84' lang='lat' dir='ltr'>Christum</span> <span class='ocrx_word' id='word_1_20' title='bbox 3173 514 3281 571; x_wconf 88' lang='lat' dir='ltr'>hoc</span> <span class='ocrx_word' id='word_1_21' title='bbox 3331 518 3569 586; x_wconf 84' lang='lat' dir='ltr'>referas,</span> 
     </span>
    </p>
   </div>
   <div class='ocr_carea' id='block_1_5' title="bbox 152 602 1808 675">
    <p class='ocr_par' dir='ltr' id='par_1_5' title="bbox 152 602 1808 675">
     <span class='ocr_line' id='line_1_5' title="bbox 152 602 1808 675; baseline -0.001 -16"><span class='ocrx_word' id='word_1_22' title='bbox 152 607 508 660; x_wconf 80' lang='lat' dir='ltr'>terruerunt.</span> <span class='ocrx_word' id='word_1_23' title='bbox 542 603 732 670; x_wconf 89' lang='lat' dir='ltr'>Disce,</span> <span class='ocrx_word' id='word_1_24' title='bbox 766 603 871 668; x_wconf 89' lang='lat' dir='ltr'>vir,</span> <span class='ocrx_word' id='word_1_25' title='bbox 906 603 1084 670; x_wconf 84' lang='lat' dir='ltr'>disce,</span> <span class='ocrx_word' id='word_1_26' title='bbox 1118 602 1465 667; x_wconf 85' lang='lat' dir='ltr'>Christiano,</span> <span class='ocrx_word' id='word_1_27' title='bbox 1517 603 1808 675; x_wconf 89' lang='lat' dir='ltr'>quomodo</span> 
     </span>
    </p>
   </div>
   <div class='ocr_carea' id='block_1_6' title="bbox 147 690 1808 763">
    <p class='ocr_par' dir='ltr' id='par_1_6' title="bbox 147 690 1808 763">
     <span class='ocr_line' id='line_1_6' title="bbox 147 690 1808 763; baseline -0.001 -16"><span class='ocrx_word' id='word_1_28' title='bbox 147 708 354 748; x_wconf 89' lang='lat' dir='ltr'>verum</span> <span class='ocrx_word' id='word_1_29' title='bbox 385 691 588 748; x_wconf 87' lang='lat' dir='ltr'>Jesum</span> <span class='ocrx_word' id='word_1_30' title='bbox 622 690 786 763; x_wconf 83' lang='lat' dir='ltr'>sequi</span> <span class='ocrx_word' id='word_1_31' title='bbox 818 691 1063 759; x_wconf 86' lang='lat' dir='ltr'>debeas;</span> <span class='ocrx_word' id='word_1_32' title='bbox 1117 692 1352 763; x_wconf 83' lang='lat' dir='ltr'>quando</span> <span class='ocrx_word' id='word_1_33' title='bbox 1401 691 1618 747; x_wconf 81' lang='lat' dir='ltr'>femina</span> <span class='ocrx_word' id='word_1_34' title='bbox 1673 707 1808 746; x_wconf 88' lang='lat' dir='ltr'>con-</span> 
     </span>
    </p>
   </div>
   <div class='ocr_carea' id='block_1_7' title="bbox 149 780 1811 853">
    <p class='ocr_par' dir='ltr' id='par_1_7' title="bbox 149 780 1811 853">
     <span class='ocr_line' id='line_1_7' title="bbox 149 780 1811 853; baseline -0.002 -17"><span class='ocrx_word' id='word_1_35' title='bbox 149 781 393 853; x_wconf 88' lang='lat' dir='ltr'>tempsit</span> <span class='ocrx_word' id='word_1_36' title='bbox 417 780 618 836; x_wconf 87' lang='lat' dir='ltr'>omnia</span> <span class='ocrx_word' id='word_1_37' title='bbox 646 798 778 846; x_wconf 90' lang='lat' dir='ltr'>sua,</span> <span class='ocrx_word' id='word_1_38' title='bbox 836 785 894 835; x_wconf 90' lang='lat' dir='ltr'>et</span> <span class='ocrx_word' id='word_1_39' title='bbox 945 781 1151 836; x_wconf 88' lang='lat' dir='ltr'>Jesum</span> <span class='ocrx_word' id='word_1_40' title='bbox 1213 780 1270 834; x_wconf 90' lang='lat' dir='ltr'>in</span> <span class='ocrx_word' id='word_1_41' title='bbox 1327 780 1518 852; x_wconf 88' lang='lat' dir='ltr'>figura</span> <span class='ocrx_word' id='word_1_42' title='bbox 1575 782 1811 850; x_wconf 82' lang='lat' dir='ltr'>propter</span> 
     </span>
    </p>
   </div>
   <div class='ocr_carea' id='block_1_8' title="bbox 146 866 1809 939">
    <p class='ocr_par' dir='ltr' id='par_1_8' title="bbox 146 866 1809 939">
     <span class='ocr_line' id='line_1_8' title="bbox 146 866 1809 939; baseline -0.001 -15"><span class='ocrx_word' id='word_1_43' title='bbox 146 868 600 925; x_wconf 79' lang='lat' dir='ltr'>similitudinem</span> <span class='ocrx_word' id='word_1_44' title='bbox 633 868 887 924; x_wconf 86' lang='lat' dir='ltr'>nominis</span> <span class='ocrx_word' id='word_1_45' title='bbox 918 872 1010 924; x_wconf 90' lang='lat' dir='ltr'>est</span> <span class='ocrx_word' id='word_1_46' title='bbox 1041 872 1262 924; x_wconf 90' lang='lat' dir='ltr'>secuta.</span> <span class='ocrx_word' id='word_1_47' title='bbox 1326 867 1490 922; x_wconf 88' lang='lat' dir='ltr'>Unde</span> <span class='ocrx_word' id='word_1_48' title='bbox 1536 866 1809 939; x_wconf 69' lang='lat' dir='ltr'>praeclare</span> 
     </span>
    </p>
   </div>
   <div class='ocr_carea' id='block_1_9' title="bbox 147 955 1807 1028">
    <p class='ocr_par' dir='ltr' id='par_1_9' title="bbox 147 955 1807 1028">
     <span class='ocr_line' id='line_1_9' title="bbox 147 955 1807 1028; baseline -0.003 -13"><span class='ocrx_word' id='word_1_49' title='bbox 147 957 427 1015; x_wconf 89' lang='lat' dir='ltr'>Salomon</span> <span class='ocrx_word' id='word_1_50' title='bbox 458 957 635 1013; x_wconf 85' lang='lat' dir='ltr'>dixit:</span> <span class='ocrx_word' id='word_1_51' title='bbox 674 980 701 1006; x_wconf 85' lang='lat'><strong><em>«</em></strong></span> <span class='ocrx_word' id='word_1_52' title='bbox 755 956 971 1013; x_wconf 83' lang='lat' dir='ltr'>Divitiae</span> <span class='ocrx_word' id='word_1_53' title='bbox 1027 956 1158 1026; x_wconf 89' lang='lat' dir='ltr'>viri,</span> <span class='ocrx_word' id='word_1_54' title='bbox 1216 955 1539 1028; x_wconf 84' lang='lat' dir='ltr'>redemptio</span> <span class='ocrx_word' id='word_1_55' title='bbox 1599 955 1807 1011; x_wconf 74' lang='lat' dir='ltr'>animae</span> 
     </span>
    </p>
   </div>
   <div class='ocr_carea' id='block_1_10' title="bbox 145 1045 1804 1118">
    <p class='ocr_par' dir='ltr' id='par_1_10' title="bbox 145 1045 1804 1118">
     <span class='ocr_line' id='line_1_10' title="bbox 145 1045 1804 1118; baseline -0.002 -16"><span class='ocrx_word' id='word_1_56' title='bbox 145 1048 274 1118; x_wconf 88' lang='lat' dir='ltr'>ejus</span> <span class='ocrx_word' id='word_1_57' title='bbox 299 1049 488 1116; x_wconf 85' lang='lat' dir='ltr'>(Prov.</span> <span class='ocrx_word' id='word_1_58' title='bbox 521 1063 644 1112; x_wconf 83' lang='lat' dir='ltr'>xm,</span> <span class='ocrx_word' id='word_1_59' title='bbox 675 1047 750 1117; x_wconf 91' lang='lat'>8).</span> <span class='ocrx_word' id='word_1_60' title='bbox 788 1068 816 1095; x_wconf 84' lang='lat'><strong>»</strong></span> <span class='ocrx_word' id='word_1_61' title='bbox 846 1046 1088 1102; x_wconf 89' lang='lat' dir='ltr'>Redime</span> <span class='ocrx_word' id='word_1_62' title='bbox 1118 1061 1254 1118; x_wconf 84' lang='lat' dir='ltr'>ergo</span> <span class='ocrx_word' id='word_1_63' title='bbox 1301 1045 1563 1100; x_wconf 90' lang='lat' dir='ltr'>animam</span> <span class='ocrx_word' id='word_1_64' title='bbox 1621 1048 1804 1099; x_wconf 89' lang='lat' dir='ltr'>tuam.</span> 
     </span>
    </p>
   </div>
   <div class='ocr_carea' id='block_1_11' title="bbox 146 1130 1808 1207">
    <p class='ocr_par' dir='ltr' id='par_1_11' title="bbox 146 1130 1808 1207">
     <span class='ocr_line' id='line_1_11' title="bbox 146 1130 1808 1207; baseline -0.001 -18"><span class='ocrx_word' id='word_1_65' title='bbox 146 1134 293 1190; x_wconf 75' lang='lat' dir='ltr'>Vilis</span> <span class='ocrx_word' id='word_1_66' title='bbox 324 1138 415 1190; x_wconf 90' lang='lat' dir='ltr'>est</span> <span class='ocrx_word' id='word_1_67' title='bbox 438 1134 706 1207; x_wconf 89' lang='lat' dir='ltr'>pecunia,</span> <span class='ocrx_word' id='word_1_68' title='bbox 739 1134 838 1189; x_wconf 92' lang='lat' dir='ltr'>sed</span> <span class='ocrx_word' id='word_1_69' title='bbox 874 1133 938 1189; x_wconf 87' lang='lat' dir='ltr'>ﬁt</span> <span class='ocrx_word' id='word_1_70' title='bbox 967 1133 1225 1206; x_wconf 89' lang='lat' dir='ltr'>pretiosa</span> <span class='ocrx_word' id='word_1_71' title='bbox 1257 1150 1359 1205; x_wconf 89' lang='lat' dir='ltr'>per</span> <span class='ocrx_word' id='word_1_72' title='bbox 1407 1133 1603 1188; x_wconf 78' lang='lat' dir='ltr'>fidem:</span> <span class='ocrx_word' id='word_1_73' title='bbox 1675 1130 1808 1187; x_wconf 88' lang='lat' dir='ltr'>vilis</span> 
     </span>
    </p>
   </div>
   <div class='ocr_carea' id='block_1_12' title="bbox 143 1220 1804 1295">
    <p class='ocr_par' dir='ltr' id='par_1_12' title="bbox 143 1220 1804 1295">
     <span class='ocr_line' id='line_1_12' title="bbox 143 1220 1804 1295; baseline -0.004 -17"><span class='ocrx_word' id='word_1_74' title='bbox 143 1228 234 1278; x_wconf 90' lang='lat' dir='ltr'>est</span> <span class='ocrx_word' id='word_1_75' title='bbox 292 1239 427 1278; x_wconf 90' lang='lat' dir='ltr'>cum</span> <span class='ocrx_word' id='word_1_76' title='bbox 502 1223 792 1290; x_wconf 89' lang='lat' dir='ltr'>conditur,</span> <span class='ocrx_word' id='word_1_77' title='bbox 856 1223 1112 1295; x_wconf 88' lang='lat' dir='ltr'>pretiosa</span> <span class='ocrx_word' id='word_1_78' title='bbox 1198 1238 1332 1277; x_wconf 86' lang='lat' dir='ltr'>cum</span> <span class='ocrx_word' id='word_1_79' title='bbox 1391 1220 1804 1292; x_wconf 85' lang='lat' dir='ltr'>dispergitur;</span> 
     </span>
    </p>
   </div>
   <div class='ocr_carea' id='block_1_13' title="bbox 139 1305 1808 1384">
    <p class='ocr_par' dir='ltr' id='par_1_13' title="bbox 139 1305 1808 1384">
     <span class='ocr_line' id='line_1_13' title="bbox 139 1305 1808 1384; baseline -0.004 -17"><span class='ocrx_word' id='word_1_80' title='bbox 139 1312 226 1368; x_wconf 92' lang='lat' dir='ltr'>sic</span> <span class='ocrx_word' id='word_1_81' title='bbox 257 1313 418 1367; x_wconf 87' lang='lat' dir='ltr'>enim</span> <span class='ocrx_word' id='word_1_82' title='bbox 451 1312 735 1384; x_wconf 90' lang='lat' dir='ltr'>scriptum</span> <span class='ocrx_word' id='word_1_83' title='bbox 767 1317 891 1366; x_wconf 90' lang='lat' dir='ltr'>est:</span> <span class='ocrx_word' id='word_1_84' title='bbox 926 1334 952 1362; x_wconf 82' lang='grc' dir='ltr'>α</span> <span class='ocrx_word' id='word_1_85' title='bbox 981 1311 1282 1383; x_wconf 89' lang='lat' dir='ltr'>Dispersit,</span> <span class='ocrx_word' id='word_1_86' title='bbox 1324 1309 1484 1365; x_wconf 90' lang='lat' dir='ltr'>dedit</span> <span class='ocrx_word' id='word_1_87' title='bbox 1540 1305 1808 1380; x_wconf 83' lang='lat' dir='ltr'>pauperi-</span> 
     </span>
    </p>
   </div>
   <div class='ocr_carea' id='block_1_14' title="bbox 138 1395 1802 1473">
    <p class='ocr_par' dir='ltr' id='par_1_14' title="bbox 138 1395 1802 1473">
     <span class='ocr_line' id='line_1_14' title="bbox 138 1395 1802 1473; baseline -0.004 -17"><span class='ocrx_word' id='word_1_88' title='bbox 138 1403 293 1457; x_wconf 88' lang='lat' dir='ltr'>bus:</span> <span class='ocrx_word' id='word_1_89' title='bbox 327 1400 567 1473; x_wconf 88' lang='lat' dir='ltr'>justitia</span> <span class='ocrx_word' id='word_1_90' title='bbox 596 1401 724 1471; x_wconf 89' lang='lat' dir='ltr'>ejus</span> <span class='ocrx_word' id='word_1_91' title='bbox 757 1404 958 1456; x_wconf 89' lang='lat' dir='ltr'>manet</span> <span class='ocrx_word' id='word_1_92' title='bbox 988 1401 1046 1455; x_wconf 90' lang='lat' dir='ltr'>in</span> <span class='ocrx_word' id='word_1_93' title='bbox 1097 1398 1378 1456; x_wconf 76' lang='lat' dir='ltr'>saeculum</span> <span class='ocrx_word' id='word_1_94' title='bbox 1411 1395 1603 1453; x_wconf 74' lang='lat' dir='ltr'>saeculi</span> <span class='ocrx_word' id='word_1_95' title='bbox 1633 1396 1802 1467; x_wconf 77' lang='lat' dir='ltr'>(Psal.</span> 
     </span>
    </p>
   </div>
   <div class='ocr_carea' id='block_1_15' title="bbox 143 1491 413 1558">
    <p class='ocr_par' dir='ltr' id='par_1_15' title="bbox 143 1491 413 1558">
     <span class='ocr_line' id='line_1_15' title="bbox 143 1491 413 1558; baseline -0.004 -13"><span class='ocrx_word' id='word_1_96' title='bbox 143 1507 262 1558; x_wconf 79' lang='lat' dir='ltr'>CXI,</span> <span class='ocrx_word' id='word_1_97' title='bbox 297 1491 352 1545; x_wconf 87' lang='lat'>9.</span> <span class='ocrx_word' id='word_1_98' title='bbox 392 1513 413 1539; x_wconf 77' lang='grc' dir='ltr'>ι</span> 
     </span>
    </p>
   </div>
   <div class='ocr_carea' id='block_1_16' title="bbox 209 1575 1806 1651">
    <p class='ocr_par' dir='ltr' id='par_1_16' title="bbox 209 1575 1806 1651">
     <span class='ocr_line' id='line_1_16' title="bbox 209 1575 1806 1651; baseline -0.005 -16"><span class='ocrx_word' id='word_1_99' title='bbox 209 1582 301 1634; x_wconf 86' lang='grc'>22.</span> <span class='ocrx_word' id='word_1_100' title='bbox 337 1578 398 1635; x_wconf 88' lang='lat' dir='ltr'>Si</span> <span class='ocrx_word' id='word_1_101' title='bbox 431 1577 614 1651; x_wconf 85' lang='lat' dir='ltr'>igitur</span> <span class='ocrx_word' id='word_1_102' title='bbox 643 1577 778 1634; x_wconf 89' lang='lat' dir='ltr'>talis</span> <span class='ocrx_word' id='word_1_103' title='bbox 811 1579 1012 1645; x_wconf 90' lang='lat' dir='ltr'>fueris,</span> <span class='ocrx_word' id='word_1_104' title='bbox 1066 1581 1130 1632; x_wconf 91' lang='lat' dir='ltr'>ut</span> <span class='ocrx_word' id='word_1_105' title='bbox 1179 1575 1372 1648; x_wconf 89' lang='lat' dir='ltr'>possis</span> <span class='ocrx_word' id='word_1_106' title='bbox 1431 1579 1806 1630; x_wconf 86' lang='lat' dir='ltr'>contemnere</span> 
     </span>
    </p>
   </div>
   <div class='ocr_carea' id='block_1_17' title="bbox 142 1664 1802 1736">
    <p class='ocr_par' dir='ltr' id='par_1_17' title="bbox 142 1664 1802 1736">
     <span class='ocr_line' id='line_1_17' title="bbox 142 1664 1802 1736; baseline -0.005 -12"><span class='ocrx_word' id='word_1_107' title='bbox 142 1685 261 1724; x_wconf 91' lang='lat' dir='ltr'>non</span> <span class='ocrx_word' id='word_1_108' title='bbox 296 1666 489 1723; x_wconf 89' lang='lat' dir='ltr'>solum</span> <span class='ocrx_word' id='word_1_109' title='bbox 516 1667 716 1722; x_wconf 86' lang='lat' dir='ltr'>omnia</span> <span class='ocrx_word' id='word_1_110' title='bbox 743 1671 863 1736; x_wconf 89' lang='lat' dir='ltr'>tua,</span> <span class='ocrx_word' id='word_1_111' title='bbox 924 1667 1024 1722; x_wconf 90' lang='lat' dir='ltr'>sed</span> <span class='ocrx_word' id='word_1_112' title='bbox 1083 1666 1258 1721; x_wconf 90' lang='lat' dir='ltr'>etiam</span> <span class='ocrx_word' id='word_1_113' title='bbox 1319 1664 1509 1736; x_wconf 87' lang='lat' dir='ltr'>ipsam</span> <span class='ocrx_word' id='word_1_114' title='bbox 1570 1678 1802 1717; x_wconf 90' lang='lat' dir='ltr'>carnem</span> 
     </span>
    </p>
   </div>
   <div class='ocr_carea' id='block_1_18' title="bbox 141 1748 1806 1828">
    <p class='ocr_par' dir='ltr' id='par_1_18' title="bbox 141 1748 1806 1828">
     <span class='ocr_line' id='line_1_18' title="bbox 141 1748 1806 1828; baseline -0.005 -17"><span class='ocrx_word' id='word_1_115' title='bbox 141 1763 308 1811; x_wconf 87' lang='lat' dir='ltr'>tuam</span> <span class='ocrx_word' id='word_1_116' title='bbox 339 1772 444 1828; x_wconf 90' lang='lat' dir='ltr'>pro</span> <span class='ocrx_word' id='word_1_117' title='bbox 467 1755 721 1824; x_wconf 85' lang='lat' dir='ltr'>justitia,</span> <span class='ocrx_word' id='word_1_118' title='bbox 754 1771 870 1826; x_wconf 91' lang='lat' dir='ltr'>qua</span> <span class='ocrx_word' id='word_1_119' title='bbox 902 1753 1063 1808; x_wconf 89' lang='lat' dir='ltr'>nulla</span> <span class='ocrx_word' id='word_1_120' title='bbox 1094 1755 1206 1821; x_wconf 92' lang='lat'>(57)</span> <span class='ocrx_word' id='word_1_121' title='bbox 1238 1755 1433 1824; x_wconf 81' lang='lat' dir='ltr'>potest</span> <span class='ocrx_word' id='word_1_122' title='bbox 1461 1748 1806 1822; x_wconf 88' lang='lat' dir='ltr'>locupletior</span> 
     </span>
    </p>
   </div>
   <div class='ocr_carea' id='block_1_19' title="bbox 140 1839 1801 1916">
    <p class='ocr_par' dir='ltr' id='par_1_19' title="bbox 140 1839 1801 1916">
     <span class='ocr_line' id='line_1_19' title="bbox 140 1839 1801 1916; baseline -0.005 -17"><span class='ocrx_word' id='word_1_123' title='bbox 140 1861 270 1899; x_wconf 85' lang='lat' dir='ltr'>esse</span> <span class='ocrx_word' id='word_1_124' title='bbox 303 1843 598 1916; x_wconf 85' lang='lat' dir='ltr'>possessio</span> <span class='ocrx_word' id='word_1_125' title='bbox 634 1842 949 1914; x_wconf 89' lang='lat' dir='ltr'>(possessio</span> <span class='ocrx_word' id='word_1_126' title='bbox 970 1841 1121 1896; x_wconf 89' lang='lat' dir='ltr'>enim</span> <span class='ocrx_word' id='word_1_127' title='bbox 1139 1840 1416 1913; x_wconf 88' lang='lat' dir='ltr'>pretiosa,</span> <span class='ocrx_word' id='word_1_128' title='bbox 1438 1839 1612 1894; x_wconf 90' lang='lat' dir='ltr'>homo</span> <span class='ocrx_word' id='word_1_129' title='bbox 1631 1854 1801 1892; x_wconf 88' lang='lat' dir='ltr'>mun-</span> 
     </span>
    </p>
   </div>
   <div class='ocr_carea' id='block_1_20' title="bbox 143 1926 1798 2002">
    <p class='ocr_par' dir='ltr' id='par_1_20' title="bbox 143 1926 1798 2002">
     <span class='ocr_line' id='line_1_20' title="bbox 143 1926 1798 2002; baseline -0.005 -15"><span class='ocrx_word' id='word_1_130' title='bbox 143 1934 280 2002; x_wconf 86' lang='lat' dir='ltr'>dus)</span> <span class='ocrx_word' id='word_1_131' title='bbox 313 1937 370 1987; x_wconf 90' lang='lat' dir='ltr'>et</span> <span class='ocrx_word' id='word_1_132' title='bbox 402 1930 448 1986; x_wconf 87' lang='lat' dir='ltr'>si</span> <span class='ocrx_word' id='word_1_133' title='bbox 483 1931 728 1985; x_wconf 83' lang='lat' dir='ltr'>flumina</span> <span class='ocrx_word' id='word_1_134' title='bbox 757 1936 811 1985; x_wconf 91' lang='lat' dir='ltr'>te</span> <span class='ocrx_word' id='word_1_135' title='bbox 834 1930 1137 2002; x_wconf 90' lang='lat' dir='ltr'>superiora</span> <span class='ocrx_word' id='word_1_136' title='bbox 1166 1926 1580 1988; x_wconf 85' lang='lat' dir='ltr'>concluserint,</span> <span class='ocrx_word' id='word_1_137' title='bbox 1638 1931 1798 1980; x_wconf 88' lang='lat' dir='ltr'>tran-</span> 
     </span>
    </p>
   </div>
   <div class='ocr_carea' id='block_1_21' title="bbox 137 2015 1801 2086">
    <p class='ocr_par' dir='ltr' id='par_1_21' title="bbox 137 2015 1801 2086">
     <span class='ocr_line' id='line_1_21' title="bbox 137 2015 1801 2086; baseline -0.004 -10"><span class='ocrx_word' id='word_1_138' title='bbox 137 2021 242 2076; x_wconf 87' lang='lat' dir='ltr'>sis.</span> <span class='ocrx_word' id='word_1_139' title='bbox 276 2021 427 2076; x_wconf 88' lang='lat' dir='ltr'>Nam</span> <span class='ocrx_word' id='word_1_140' title='bbox 456 2020 562 2075; x_wconf 91' lang='lat' dir='ltr'>etsi</span> <span class='ocrx_word' id='word_1_141' title='bbox 596 2019 821 2075; x_wconf 89' lang='lat' dir='ltr'>dederit</span> <span class='ocrx_word' id='word_1_142' title='bbox 851 2018 1116 2074; x_wconf 88' lang='lat' dir='ltr'>tentandi</span> <span class='ocrx_word' id='word_1_143' title='bbox 1149 2017 1233 2072; x_wconf 91' lang='lat' dir='ltr'>tui</span> <span class='ocrx_word' id='word_1_144' title='bbox 1294 2015 1584 2072; x_wconf 88' lang='lat' dir='ltr'>Dominus</span> <span class='ocrx_word' id='word_1_145' title='bbox 1642 2018 1801 2086; x_wconf 88' lang='lat' dir='ltr'>pote-</span> 
     </span>
    </p>
   </div>
   <div class='ocr_carea' id='block_1_22' title="bbox 135 2103 1803 2175">
    <p class='ocr_par' dir='ltr' id='par_1_22' title="bbox 135 2103 1803 2175">
     <span class='ocr_line' id='line_1_22' title="bbox 135 2103 1803 2175; baseline -0.005 -9"><span class='ocrx_word' id='word_1_146' title='bbox 135 2109 627 2172; x_wconf 87' lang='lat' dir='ltr'>statem,mandat</span> <span class='ocrx_word' id='word_1_147' title='bbox 641 2113 835 2163; x_wconf 91' lang='lat' dir='ltr'>tamen</span> <span class='ocrx_word' id='word_1_148' title='bbox 857 2106 1087 2162; x_wconf 88' lang='lat' dir='ltr'>diabolo</span> <span class='ocrx_word' id='word_1_149' title='bbox 1112 2111 1175 2160; x_wconf 91' lang='lat' dir='ltr'>ut</span> <span class='ocrx_word' id='word_1_150' title='bbox 1204 2106 1464 2162; x_wconf 87' lang='lat' dir='ltr'>animam</span> <span class='ocrx_word' id='word_1_151' title='bbox 1490 2109 1651 2158; x_wconf 91' lang='lat' dir='ltr'>tuam</span> <span class='ocrx_word' id='word_1_152' title='bbox 1675 2103 1803 2175; x_wconf 91' lang='lat' dir='ltr'>ipse</span> 
     </span>
    </p>
   </div>
   <div class='ocr_carea' id='block_1_23' title="bbox 140 2189 1806 2266">
    <p class='ocr_par' dir='ltr' id='par_1_23' title="bbox 140 2189 1806 2266">
     <span class='ocr_line' id='line_1_23' title="bbox 140 2189 1806 2266; baseline -0.004 -14"><span class='ocrx_word' id='word_1_153' title='bbox 140 2197 474 2265; x_wconf 86' lang='lat' dir='ltr'>custodiat;</span> <span class='ocrx_word' id='word_1_154' title='bbox 536 2197 861 2251; x_wconf 90' lang='lat' dir='ltr'>secundum</span> <span class='ocrx_word' id='word_1_155' title='bbox 911 2195 1065 2266; x_wconf 92' lang='lat' dir='ltr'>quod</span> <span class='ocrx_word' id='word_1_156' title='bbox 1123 2193 1407 2266; x_wconf 81' lang='lat' dir='ltr'>scriptum</span> <span class='ocrx_word' id='word_1_157' title='bbox 1463 2197 1588 2248; x_wconf 88' lang='lat' dir='ltr'>est:</span> <span class='ocrx_word' id='word_1_158' title='bbox 1644 2213 1672 2241; x_wconf 84' lang='lat'><strong>«</strong></span> <span class='ocrx_word' id='word_1_159' title='bbox 1733 2189 1806 2246; x_wconf 93' lang='lat' dir='ltr'>Ut</span> 
     </span>
    </p>
   </div>
   <div class='ocr_carea' id='block_1_24' title="bbox 139 2282 1802 2355">
    <p class='ocr_par' dir='ltr' id='par_1_24' title="bbox 139 2282 1802 2355">
     <span class='ocr_line' id='line_1_24' title="bbox 139 2282 1802 2355; baseline -0.005 -13"><span class='ocrx_word' id='word_1_160' title='bbox 139 2288 417 2342; x_wconf 83' lang='lat' dir='ltr'>destruas</span> <span class='ocrx_word' id='word_1_161' title='bbox 449 2284 754 2339; x_wconf 84' lang='lat' dir='ltr'>inimicum</span> <span class='ocrx_word' id='word_1_162' title='bbox 785 2290 841 2339; x_wconf 88' lang='lat' dir='ltr'>et</span> <span class='ocrx_word' id='word_1_163' title='bbox 871 2284 1237 2339; x_wconf 82' lang='lat' dir='ltr'>defensorem</span> <span class='ocrx_word' id='word_1_164' title='bbox 1268 2283 1436 2355; x_wconf 82' lang='lat' dir='ltr'>(Psal.</span> <span class='ocrx_word' id='word_1_165' title='bbox 1470 2298 1592 2345; x_wconf 82' lang='lat' dir='ltr'><strong>VIII,</strong></span> <span class='ocrx_word' id='word_1_166' title='bbox 1623 2282 1680 2348; x_wconf 89' lang='lat'>3)</span> <span class='ocrx_word' id='word_1_167' title='bbox 1707 2298 1720 2348; x_wconf 95' lang='lat'>;</span> <span class='ocrx_word' id='word_1_168' title='bbox 1775 2301 1802 2328; x_wconf 90' lang='grc'>››</span> 
     </span>
    </p>
   </div>
   <div class='ocr_carea' id='block_1_25' title="bbox 140 2371 1802 2434">
    <p class='ocr_par' dir='ltr' id='par_1_25' title="bbox 140 2371 1802 2434">
     <span class='ocr_line' id='line_1_25' title="bbox 140 2371 1802 2434; baseline -0.004 -4"><span class='ocrx_word' id='word_1_169' title='bbox 140 2380 328 2430; x_wconf 86' lang='lat' dir='ltr'>tentat</span> <span class='ocrx_word' id='word_1_170' title='bbox 357 2373 515 2429; x_wconf 90' lang='lat' dir='ltr'>enim</span> <span class='ocrx_word' id='word_1_171' title='bbox 561 2377 627 2428; x_wconf 93' lang='lat' dir='ltr'>ut</span> <span class='ocrx_word' id='word_1_172' title='bbox 685 2373 1075 2434; x_wconf 85' lang='lat' dir='ltr'>adversarius,</span> <span class='ocrx_word' id='word_1_173' title='bbox 1139 2371 1399 2426; x_wconf 86' lang='lat' dir='ltr'>defendit</span> <span class='ocrx_word' id='word_1_174' title='bbox 1456 2374 1522 2423; x_wconf 89' lang='lat' dir='ltr'>ut</span> <span class='ocrx_word' id='word_1_175' title='bbox 1581 2385 1802 2424; x_wconf 88' lang='lat' dir='ltr'>servus.</span> 
     </span>
    </p>
   </div>
   <div class='ocr_carea' id='block_1_26' title="bbox 136 2456 1805 2536">
    <p class='ocr_par' dir='ltr' id='par_1_26' title="bbox 136 2456 1805 2536">
     <span class='ocr_line' id='line_1_26' title="bbox 136 2456 1805 2536; baseline -0.006 -17"><span class='ocrx_word' id='word_1_176' title='bbox 136 2464 434 2536; x_wconf 88' lang='lat' dir='ltr'>Scriptum</span> <span class='ocrx_word' id='word_1_177' title='bbox 467 2466 558 2518; x_wconf 90' lang='lat' dir='ltr'>est</span> <span class='ocrx_word' id='word_1_178' title='bbox 587 2462 742 2517; x_wconf 90' lang='lat' dir='ltr'>enim</span> <span class='ocrx_word' id='word_1_179' title='bbox 805 2479 817 2516; x_wconf 95' lang='lat'>:</span> <span class='ocrx_word' id='word_1_180' title='bbox 884 2483 910 2509; x_wconf 84' lang='lat'><strong>«</strong></span> <span class='ocrx_word' id='word_1_181' title='bbox 971 2461 1040 2514; x_wconf 86' lang='lat' dir='ltr'>Et</span> <span class='ocrx_word' id='word_1_182' title='bbox 1089 2459 1238 2515; x_wconf 89' lang='lat' dir='ltr'>volet</span> <span class='ocrx_word' id='word_1_183' title='bbox 1287 2460 1389 2514; x_wconf 86' lang='lat' dir='ltr'>tibi</span> <span class='ocrx_word' id='word_1_184' title='bbox 1443 2456 1805 2512; x_wconf 87' lang='lat' dir='ltr'>unicornuus</span> 
     </span>
    </p>
   </div>
   <div class='ocr_carea' id='block_1_27' title="bbox 147 2546 1807 2622">
    <p class='ocr_par' dir='ltr' id='par_1_27' title="bbox 147 2546 1807 2622">
     <span class='ocr_line' id='line_1_27' title="bbox 147 2546 1807 2622; baseline -0.005 -15"><span class='ocrx_word' id='word_1_185' title='bbox 147 2552 368 2608; x_wconf 87' lang='lat' dir='ltr'>servire</span> <span class='ocrx_word' id='word_1_186' title='bbox 400 2551 537 2622; x_wconf 87' lang='lat' dir='ltr'>(Job.</span> <span class='ocrx_word' id='word_1_187' title='bbox 572 2567 762 2616; x_wconf 74' lang='lat' dir='ltr'>xxxrx,</span> <span class='ocrx_word' id='word_1_188' title='bbox 796 2551 874 2621; x_wconf 88' lang='lat'>9).</span> <span class='ocrx_word' id='word_1_189' title='bbox 912 2572 932 2597; x_wconf 72' lang='grc' dir='ltr'>ι</span> <span class='ocrx_word' id='word_1_190' title='bbox 968 2549 1153 2604; x_wconf 87' lang='lat' dir='ltr'>Servit</span> <span class='ocrx_word' id='word_1_191' title='bbox 1183 2548 1361 2613; x_wconf 91' lang='lat' dir='ltr'>enim,</span> <span class='ocrx_word' id='word_1_192' title='bbox 1412 2546 1511 2618; x_wconf 90' lang='lat' dir='ltr'>qui</span> <span class='ocrx_word' id='word_1_193' title='bbox 1566 2561 1680 2599; x_wconf 89' lang='lat' dir='ltr'>non</span> <span class='ocrx_word' id='word_1_194' title='bbox 1739 2560 1807 2598; x_wconf 83' lang='lat' dir='ltr'>ex</span> 
     </span>
    </p>
   </div>
   <div class='ocr_carea' id='block_1_28' title="bbox 145 2634 1804 2711">
    <p class='ocr_par' dir='ltr' id='par_1_28' title="bbox 145 2634 1804 2711">
     <span class='ocr_line' id='line_1_28' title="bbox 145 2634 1804 2711; baseline -0.004 -17"><span class='ocrx_word' id='word_1_195' title='bbox 145 2641 447 2697; x_wconf 79' lang='lat' dir='ltr'>voluntate</span> <span class='ocrx_word' id='word_1_196' title='bbox 477 2656 586 2695; x_wconf 88' lang='lat' dir='ltr'>sua</span> <span class='ocrx_word' id='word_1_197' title='bbox 617 2639 772 2711; x_wconf 93' lang='lat' dir='ltr'>quod</span> <span class='ocrx_word' id='word_1_198' title='bbox 802 2642 983 2711; x_wconf 90' lang='lat' dir='ltr'>optat,</span> <span class='ocrx_word' id='word_1_199' title='bbox 1012 2637 1388 2709; x_wconf 87' lang='lat' dir='ltr'>exsequitur;</span> <span class='ocrx_word' id='word_1_200' title='bbox 1426 2634 1524 2690; x_wconf 91' lang='lat' dir='ltr'>sed</span> <span class='ocrx_word' id='word_1_201' title='bbox 1576 2650 1643 2689; x_wconf 84' lang='lat' dir='ltr'>ex</span> <span class='ocrx_word' id='word_1_202' title='bbox 1703 2649 1804 2688; x_wconf 90' lang='lat' dir='ltr'>ne-</span> 
     </span>
    </p>
   </div>
   <div class='ocr_carea' id='block_1_29' title="bbox 145 2723 1804 2798">
    <p class='ocr_par' dir='ltr' id='par_1_29' title="bbox 145 2723 1804 2798">
     <span class='ocr_line' id='line_1_29' title="bbox 145 2723 1804 2798; baseline -0.007 -12"><span class='ocrx_word' id='word_1_203' title='bbox 145 2729 423 2787; x_wconf 87' lang='lat' dir='ltr'>cessitate</span> <span class='ocrx_word' id='word_1_204' title='bbox 455 2726 749 2784; x_wconf 86' lang='lat' dir='ltr'>mandatis</span> <span class='ocrx_word' id='word_1_205' title='bbox 780 2724 1188 2798; x_wconf 87' lang='lat' dir='ltr'>imperialibus</span> <span class='ocrx_word' id='word_1_206' title='bbox 1231 2724 1446 2779; x_wconf 90' lang='lat' dir='ltr'>invitus</span> <span class='ocrx_word' id='word_1_207' title='bbox 1504 2723 1804 2791; x_wconf 87' lang='lat' dir='ltr'>obtempe-</span> 
     </span>
    </p>
   </div>
   <div class='ocr_carea' id='block_1_30' title="bbox 138 2812 1803 2884">
    <p class='ocr_par' dir='ltr' id='par_1_30' title="bbox 138 2812 1803 2884">
     <span class='ocr_line' id='line_1_30' title="bbox 138 2812 1803 2884; baseline -0.009 -7"><span class='ocrx_word' id='word_1_208' title='bbox 138 2825 252 2877; x_wconf 87' lang='lat' dir='ltr'>rat.</span> <span class='ocrx_word' id='word_1_209' title='bbox 289 2818 439 2872; x_wconf 73' lang='lat' dir='ltr'>Vide</span> <span class='ocrx_word' id='word_1_210' title='bbox 470 2815 837 2872; x_wconf 86' lang='lat' dir='ltr'>altitudinem</span> <span class='ocrx_word' id='word_1_211' title='bbox 883 2814 1120 2880; x_wconf 86' lang='lat' dir='ltr'>Christi,</span> <span class='ocrx_word' id='word_1_212' title='bbox 1157 2812 1657 2884; x_wconf 90' lang='lat' dir='ltr'>quemadmodum</span> <span class='ocrx_word' id='word_1_213' title='bbox 1715 2825 1803 2863; x_wconf 88' lang='lat' dir='ltr'>re-</span> 
     </span>
    </p>
   </div>
   <div class='ocr_carea' id='block_1_31' title="bbox 138 2898 1806 2973">
    <p class='ocr_par' dir='ltr' id='par_1_31' title="bbox 138 2898 1806 2973">
     <span class='ocr_line' id='line_1_31' title="bbox 138 2898 1806 2973; baseline -0.008 -8"><span class='ocrx_word' id='word_1_214' title='bbox 138 2908 318 2965; x_wconf 82' lang='lat' dir='ltr'>torsit</span> <span class='ocrx_word' id='word_1_215' title='bbox 347 2907 407 2961; x_wconf 92' lang='lat' dir='ltr'>in</span> <span class='ocrx_word' id='word_1_216' title='bbox 439 2904 738 2961; x_wconf 89' lang='lat' dir='ltr'>diabolum</span> <span class='ocrx_word' id='word_1_217' title='bbox 793 2903 1028 2958; x_wconf 67' lang='lat' dir='ltr'>malitiae</span> <span class='ocrx_word' id='word_1_218' title='bbox 1061 2919 1178 2958; x_wconf 74' lang='lat' dir='ltr'>suae</span> <span class='ocrx_word' id='word_1_219' title='bbox 1234 2899 1506 2973; x_wconf 86' lang='lat' dir='ltr'>pretium.</span> <span class='ocrx_word' id='word_1_220' title='bbox 1543 2898 1644 2954; x_wconf 88' lang='lat' dir='ltr'>Ille</span> <span class='ocrx_word' id='word_1_221' title='bbox 1699 2913 1806 2952; x_wconf 91' lang='lat' dir='ltr'>nos</span> 
     </span>
    </p>
   </div>
   <div class='ocr_carea' id='block_1_32' title="bbox 139 2985 1804 3071">
    <p class='ocr_par' dir='ltr' id='par_1_32' title="bbox 139 2985 1804 3071">
     <span class='ocr_line' id='line_1_32' title="bbox 139 2985 1804 3071; baseline -0.009 -16"><span class='ocrx_word' id='word_1_222' title='bbox 139 2998 322 3071; x_wconf 86' lang='lat' dir='ltr'>cogit,</span> <span class='ocrx_word' id='word_1_223' title='bbox 355 2996 508 3067; x_wconf 90' lang='lat' dir='ltr'>quod</span> <span class='ocrx_word' id='word_1_224' title='bbox 541 2994 674 3050; x_wconf 92' lang='lat' dir='ltr'>odio</span> <span class='ocrx_word' id='word_1_225' title='bbox 704 2993 1015 3062; x_wconf 88' lang='lat' dir='ltr'>habemus,</span> <span class='ocrx_word' id='word_1_226' title='bbox 1049 2989 1157 3046; x_wconf 92' lang='lat' dir='ltr'>hoc</span> <span class='ocrx_word' id='word_1_227' title='bbox 1182 2989 1405 3045; x_wconf 88' lang='lat' dir='ltr'>facere:</span> <span class='ocrx_word' id='word_1_228' title='bbox 1444 2989 1616 3043; x_wconf 83' lang='lat' dir='ltr'>«Non</span> <span class='ocrx_word' id='word_1_229' title='bbox 1647 2985 1804 3040; x_wconf 88' lang='lat' dir='ltr'>enim</span> 
     </span>
    </p>
   </div>
   <div class='ocr_carea' id='block_1_33' title="bbox 139 3074 1805 3161">
    <p class='ocr_par' dir='ltr' id='par_1_33' title="bbox 139 3074 1805 3161">
     <span class='ocr_line' id='line_1_33' title="bbox 139 3074 1805 3161; baseline -0.009 -17"><span class='ocrx_word' id='word_1_230' title='bbox 139 3087 300 3161; x_wconf 79' lang='lat' dir='ltr'>quod</span> <span class='ocrx_word' id='word_1_231' title='bbox 328 3083 480 3150; x_wconf 88' lang='lat' dir='ltr'>volo,</span> <span class='ocrx_word' id='word_1_232' title='bbox 510 3082 620 3138; x_wconf 90' lang='lat' dir='ltr'>hoc</span> <span class='ocrx_word' id='word_1_233' title='bbox 659 3098 790 3153; x_wconf 87' lang='lat' dir='ltr'>ago,</span> <span class='ocrx_word' id='word_1_234' title='bbox 853 3103 874 3130; x_wconf 76' lang='grc' dir='ltr'>ι</span> <span class='ocrx_word' id='word_1_235' title='bbox 939 3083 1003 3135; x_wconf 93' lang='lat' dir='ltr'>ut</span> <span class='ocrx_word' id='word_1_236' title='bbox 1061 3077 1362 3151; x_wconf 91' lang='lat' dir='ltr'>apostolus</span> <span class='ocrx_word' id='word_1_237' title='bbox 1424 3077 1588 3142; x_wconf 87' lang='lat' dir='ltr'>dixit,</span> <span class='ocrx_word' id='word_1_238' title='bbox 1652 3074 1805 3130; x_wconf 65' lang='lat'>820</span> 
     </span>
    </p>
   </div>
   <div class='ocr_carea' id='block_1_34' title="bbox 139 3164 1803 3247">
    <p class='ocr_par' dir='ltr' id='par_1_34' title="bbox 139 3164 1803 3247">
     <span class='ocr_line' id='line_1_34' title="bbox 139 3164 1803 3247; baseline -0.005 -21"><span class='ocrx_word' id='word_1_239' title='bbox 139 3201 169 3226; x_wconf 86' lang='grc'>‹‹</span> <span class='ocrx_word' id='word_1_240' title='bbox 203 3175 312 3232; x_wconf 78' lang='lat' dir='ltr'>sed</span> <span class='ocrx_word' id='word_1_241' title='bbox 339 3172 494 3247; x_wconf 88' lang='lat' dir='ltr'>quod</span> <span class='ocrx_word' id='word_1_242' title='bbox 528 3171 643 3238; x_wconf 92' lang='lat' dir='ltr'>odi,</span> <span class='ocrx_word' id='word_1_243' title='bbox 678 3169 823 3225; x_wconf 92' lang='lat' dir='ltr'>illud</span> <span class='ocrx_word' id='word_1_244' title='bbox 856 3169 1003 3224; x_wconf 83' lang='lat' dir='ltr'>facio</span> <span class='ocrx_word' id='word_1_245' title='bbox 1051 3169 1225 3240; x_wconf 86' lang='lat' dir='ltr'>(Rom.</span> <span class='ocrx_word' id='word_1_246' title='bbox 1286 3182 1387 3231; x_wconf 83' lang='lat' dir='ltr'>v11,</span> <span class='ocrx_word' id='word_1_247' title='bbox 1448 3165 1555 3236; x_wconf 87' lang='grc'>15).</span> <span class='ocrx_word' id='word_1_248' title='bbox 1616 3187 1642 3214; x_wconf 89' lang='grc'>››</span> <span class='ocrx_word' id='word_1_249' title='bbox 1695 3164 1803 3218; x_wconf 85' lang='lat' dir='ltr'>Re-</span> 
     </span>
    </p>
   </div>
   <div class='ocr_carea' id='block_1_35' title="bbox 1919 603 3574 678">
    <p class='ocr_par' dir='ltr' id='par_1_35' title="bbox 1919 603 3574 678">
     <span class='ocr_line' id='line_1_35' title="bbox 1919 603 3574 678; baseline 0.003 -21"><span class='ocrx_word' id='word_1_250' title='bbox 1919 603 2019 674; x_wconf 90' lang='lat' dir='ltr'>qui</span> <span class='ocrx_word' id='word_1_251' title='bbox 2052 603 2124 657; x_wconf 90' lang='lat' dir='ltr'>ab</span> <span class='ocrx_word' id='word_1_252' title='bbox 2154 603 2451 668; x_wconf 86' lang='lat' dir='ltr'>omnibus,</span> <span class='ocrx_word' id='word_1_253' title='bbox 2495 621 2528 657; x_wconf 92' lang='lat' dir='ltr'>a</span> <span class='ocrx_word' id='word_1_254' title='bbox 2580 603 2796 674; x_wconf 89' lang='lat' dir='ltr'>quibus</span> <span class='ocrx_word' id='word_1_255' title='bbox 2854 603 3281 672; x_wconf 89' lang='lat' dir='ltr'>conterebatur,</span> <span class='ocrx_word' id='word_1_256' title='bbox 3340 610 3574 678; x_wconf 84' lang='lat' dir='ltr'>ereptus</span> 
     </span>
    </p>
   </div>
   <div class='ocr_carea' id='block_1_36' title="bbox 1918 691 3573 772">
    <p class='ocr_par' dir='ltr' id='par_1_36' title="bbox 1918 691 3573 772">
     <span class='ocr_line' id='line_1_36' title="bbox 1918 691 3573 772; baseline 0.002 -26"><span class='ocrx_word' id='word_1_257' title='bbox 1918 695 2026 758; x_wconf 91' lang='lat' dir='ltr'>est,</span> <span class='ocrx_word' id='word_1_258' title='bbox 2063 691 2297 764; x_wconf 86' lang='lat' dir='ltr'>quando</span> <span class='ocrx_word' id='word_1_259' title='bbox 2329 708 2390 746; x_wconf 91' lang='lat' dir='ltr'>se</span> <span class='ocrx_word' id='word_1_260' title='bbox 2420 691 2578 747; x_wconf 85' lang='lat' dir='ltr'>exuit</span> <span class='ocrx_word' id='word_1_261' title='bbox 2598 709 2632 747; x_wconf 92' lang='lat' dir='ltr'>a</span> <span class='ocrx_word' id='word_1_262' title='bbox 2662 691 2876 765; x_wconf 90' lang='lat' dir='ltr'>populo</span> <span class='ocrx_word' id='word_1_263' title='bbox 2906 693 3268 761; x_wconf 70' lang='lat' dir='ltr'>Judaeorum,</span> <span class='ocrx_word' id='word_1_264' title='bbox 3305 694 3407 767; x_wconf 92' lang='lat' dir='ltr'>qui</span> <span class='ocrx_word' id='word_1_265' title='bbox 3437 711 3573 772; x_wconf 85' lang='lat' dir='ltr'>eum</span> 
     </span>
    </p>
   </div>
   <div class='ocr_carea' id='block_1_37' title="bbox 1920 779 3578 856">
    <p class='ocr_par' dir='ltr' id='par_1_37' title="bbox 1920 779 3578 856">
     <span class='ocr_line' id='line_1_37' title="bbox 1920 779 3578 856; baseline 0.004 -23"><span class='ocrx_word' id='word_1_266' title='bbox 1920 779 2324 851; x_wconf 87' lang='lat' dir='ltr'>frequentibus</span> <span class='ocrx_word' id='word_1_267' title='bbox 2356 780 2676 853; x_wconf 89' lang='lat' dir='ltr'>sacrilegiis</span> <span class='ocrx_word' id='word_1_268' title='bbox 2697 786 2754 837; x_wconf 90' lang='lat' dir='ltr'>et</span> <span class='ocrx_word' id='word_1_269' title='bbox 2783 781 3142 853; x_wconf 89' lang='lat' dir='ltr'>quotidianis</span> <span class='ocrx_word' id='word_1_270' title='bbox 3171 782 3578 856; x_wconf 74' lang='lat' dir='ltr'>impietatibus</span> 
     </span>
    </p>
   </div>
   <div class='ocr_carea' id='block_1_38' title="bbox 1919 868 3574 944">
    <p class='ocr_par' dir='ltr' id='par_1_38' title="bbox 1919 868 3574 944">
     <span class='ocr_line' id='line_1_38' title="bbox 1919 868 3574 944; baseline 0.003 -21"><span class='ocrx_word' id='word_1_271' title='bbox 1919 868 2316 936; x_wconf 89' lang='lat' dir='ltr'>conterebant,</span> <span class='ocrx_word' id='word_1_272' title='bbox 2351 872 2407 923; x_wconf 93' lang='lat' dir='ltr'>et</span> <span class='ocrx_word' id='word_1_273' title='bbox 2436 868 2707 925; x_wconf 91' lang='lat' dir='ltr'>inimicos</span> <span class='ocrx_word' id='word_1_274' title='bbox 2738 887 2876 926; x_wconf 90' lang='lat' dir='ltr'>suos</span> <span class='ocrx_word' id='word_1_275' title='bbox 2905 869 3129 925; x_wconf 85' lang='lat' dir='ltr'>vocavit</span> <span class='ocrx_word' id='word_1_276' title='bbox 3175 871 3248 926; x_wconf 87' lang='lat' dir='ltr'>ad</span> <span class='ocrx_word' id='word_1_277' title='bbox 3299 869 3574 944; x_wconf 88' lang='lat' dir='ltr'>gratiam,</span> 
     </span>
    </p>
   </div>
   <div class='ocr_carea' id='block_1_39' title="bbox 1919 956 3573 1032">
    <p class='ocr_par' dir='ltr' id='par_1_39' title="bbox 1919 956 3573 1032">
     <span class='ocr_line' id='line_1_39' title="bbox 1919 956 3573 1032; baseline 0.004 -22"><span class='ocrx_word' id='word_1_278' title='bbox 1919 973 2067 1027; x_wconf 89' lang='lat' dir='ltr'>quos</span> <span class='ocrx_word' id='word_1_279' title='bbox 2098 956 2305 1012; x_wconf 90' lang='lat' dir='ltr'>oculus</span> <span class='ocrx_word' id='word_1_280' title='bbox 2335 957 2436 1012; x_wconf 88' lang='lat' dir='ltr'>Dei</span> <span class='ocrx_word' id='word_1_281' title='bbox 2469 957 2611 1012; x_wconf 89' lang='lat' dir='ltr'>vidit</span> <span class='ocrx_word' id='word_1_282' title='bbox 2659 961 2716 1013; x_wconf 90' lang='lat' dir='ltr'>et</span> <span class='ocrx_word' id='word_1_283' title='bbox 2773 958 3004 1013; x_wconf 90' lang='lat' dir='ltr'>amavit.</span> <span class='ocrx_word' id='word_1_284' title='bbox 3061 959 3210 1031; x_wconf 86' lang='lat' dir='ltr'>Ergo</span> <span class='ocrx_word' id='word_1_285' title='bbox 3242 961 3384 1032; x_wconf 89' lang='lat' dir='ltr'>quia</span> <span class='ocrx_word' id='word_1_286' title='bbox 3436 959 3573 1032; x_wconf 86' lang='lat' dir='ltr'>pius</span> 
     </span>
    </p>
   </div>
   <div class='ocr_carea' id='block_1_40' title="bbox 1919 1045 3574 1118">
    <p class='ocr_par' dir='ltr' id='par_1_40' title="bbox 1919 1045 3574 1118">
     <span class='ocr_line' id='line_1_40' title="bbox 1919 1045 3574 1118; baseline 0.002 -19"><span class='ocrx_word' id='word_1_287' title='bbox 1919 1049 2009 1100; x_wconf 88' lang='lat' dir='ltr'>est</span> <span class='ocrx_word' id='word_1_288' title='bbox 2031 1045 2207 1112; x_wconf 89' lang='lat' dir='ltr'>Deus,</span> <span class='ocrx_word' id='word_1_289' title='bbox 2243 1061 2614 1116; x_wconf 90' lang='lat' dir='ltr'>nequaquam</span> <span class='ocrx_word' id='word_1_290' title='bbox 2648 1049 2736 1100; x_wconf 88' lang='lat' dir='ltr'>est</span> <span class='ocrx_word' id='word_1_291' title='bbox 2766 1046 3219 1118; x_wconf 89' lang='lat' dir='ltr'>desperandum.</span> <span class='ocrx_word' id='word_1_292' title='bbox 3281 1047 3401 1104; x_wconf 87' lang='lat' dir='ltr'>Etsi</span> <span class='ocrx_word' id='word_1_293' title='bbox 3458 1047 3574 1103; x_wconf 88' lang='lat' dir='ltr'>ira-</span> 
     </span>
    </p>
   </div>
   <div class='ocr_carea' id='block_1_41' title="bbox 1918 1133 3569 1205">
    <p class='ocr_par' dir='ltr' id='par_1_41' title="bbox 1918 1133 3569 1205">
     <span class='ocr_line' id='line_1_41' title="bbox 1918 1133 3569 1205; baseline 0.002 -17"><span class='ocrx_word' id='word_1_294' title='bbox 1918 1134 2122 1202; x_wconf 89' lang='lat' dir='ltr'>scitur,</span> <span class='ocrx_word' id='word_1_295' title='bbox 2156 1133 2445 1205; x_wconf 88' lang='lat' dir='ltr'>ignoscit;</span> <span class='ocrx_word' id='word_1_296' title='bbox 2479 1135 2584 1189; x_wconf 89' lang='lat' dir='ltr'>etsi</span> <span class='ocrx_word' id='word_1_297' title='bbox 2619 1134 2888 1205; x_wconf 90' lang='lat' dir='ltr'>percutit,</span> <span class='ocrx_word' id='word_1_298' title='bbox 2923 1139 3116 1203; x_wconf 84' lang='lat' dir='ltr'>sanat;</span> <span class='ocrx_word' id='word_1_299' title='bbox 3152 1135 3261 1192; x_wconf 88' lang='lat' dir='ltr'>etsi</span> <span class='ocrx_word' id='word_1_300' title='bbox 3293 1136 3479 1193; x_wconf 89' lang='lat' dir='ltr'>tradit</span> <span class='ocrx_word' id='word_1_301' title='bbox 3509 1136 3569 1191; x_wconf 92' lang='lat' dir='ltr'>in</span> 
     </span>
    </p>
   </div>
   <div class='ocr_carea' id='block_1_42' title="bbox 1918 1222 3573 1297">
    <p class='ocr_par' dir='ltr' id='par_1_42' title="bbox 1918 1222 3573 1297">
     <span class='ocr_line' id='line_1_42' title="bbox 1918 1222 3573 1297; baseline 0.002 -21"><span class='ocrx_word' id='word_1_302' title='bbox 1918 1223 2221 1278; x_wconf 91' lang='lat' dir='ltr'>interitum</span> <span class='ocrx_word' id='word_1_303' title='bbox 2255 1239 2512 1290; x_wconf 88' lang='lat' dir='ltr'>carnem,</span> <span class='ocrx_word' id='word_1_304' title='bbox 2537 1222 2811 1295; x_wconf 89' lang='lat' dir='ltr'>spiritum</span> <span class='ocrx_word' id='word_1_305' title='bbox 2833 1223 3036 1279; x_wconf 90' lang='lat' dir='ltr'>salvat.</span> <span class='ocrx_word' id='word_1_306' title='bbox 3061 1223 3188 1279; x_wconf 90' lang='lat' dir='ltr'>Noli</span> <span class='ocrx_word' id='word_1_307' title='bbox 3209 1240 3346 1297; x_wconf 89' lang='lat' dir='ltr'>ergo</span> <span class='ocrx_word' id='word_1_308' title='bbox 3368 1223 3573 1281; x_wconf 84' lang='lat' dir='ltr'>timere</span> 
     </span>
    </p>
   </div>
   <div class='ocr_carea' id='block_1_43' title="bbox 1916 1311 3566 1382">
    <p class='ocr_par' dir='ltr' id='par_1_43' title="bbox 1916 1311 3566 1382">
     <span class='ocr_line' id='line_1_43' title="bbox 1916 1311 3566 1382; baseline 0.002 -18"><span class='ocrx_word' id='word_1_309' title='bbox 1916 1311 2108 1366; x_wconf 88' lang='lat' dir='ltr'>carnis</span> <span class='ocrx_word' id='word_1_310' title='bbox 2141 1311 2540 1366; x_wconf 83' lang='lat' dir='ltr'>inﬁrmitatem</span> <span class='ocrx_word' id='word_1_311' title='bbox 2566 1331 2579 1379; x_wconf 91' lang='lat'>;</span> <span class='ocrx_word' id='word_1_312' title='bbox 2613 1311 2752 1382; x_wconf 91' lang='lat' dir='ltr'>quia</span> <span class='ocrx_word' id='word_1_313' title='bbox 2778 1315 3020 1368; x_wconf 84' lang='lat' dir='ltr'>sanctus</span> <span class='ocrx_word' id='word_1_314' title='bbox 3043 1329 3178 1368; x_wconf 90' lang='lat' dir='ltr'>cum</span> <span class='ocrx_word' id='word_1_315' title='bbox 3208 1313 3566 1382; x_wconf 80' lang='lat' dir='ltr'>infirmatur,</span> 
     </span>
    </p>
   </div>
   <div class='ocr_carea' id='block_1_44' title="bbox 1916 1399 2338 1471">
    <p class='ocr_par' dir='ltr' id='par_1_44' title="bbox 1916 1399 2338 1471">
     <span class='ocr_line' id='line_1_44' title="bbox 1916 1399 2338 1471; baseline 0 -17"><span class='ocrx_word' id='word_1_316' title='bbox 1916 1399 2202 1471; x_wconf 87' lang='lat' dir='ltr'>potentior</span> <span class='ocrx_word' id='word_1_317' title='bbox 2230 1403 2338 1455; x_wconf 88' lang='lat' dir='ltr'>est.</span> 
     </span>
    </p>
   </div>
   <div class='ocr_carea' id='block_1_45' title="bbox 1987 1489 3569 1563">
    <p class='ocr_par' dir='ltr' id='par_1_45' title="bbox 1987 1489 3569 1563">
     <span class='ocr_line' id='line_1_45' title="bbox 1987 1489 3569 1563; baseline 0.003 -21"><span class='ocrx_word' id='word_1_318' title='bbox 1987 1492 2078 1544; x_wconf 85' lang='lat'>27.</span> <span class='ocrx_word' id='word_1_319' title='bbox 2115 1489 2264 1554; x_wconf 88' lang='lat' dir='ltr'>Quid</span> <span class='ocrx_word' id='word_1_320' title='bbox 2302 1494 2496 1545; x_wconf 90' lang='lat' dir='ltr'>autem</span> <span class='ocrx_word' id='word_1_321' title='bbox 2552 1493 2640 1544; x_wconf 87' lang='lat' dir='ltr'>est</span> <span class='ocrx_word' id='word_1_322' title='bbox 2679 1489 2832 1560; x_wconf 92' lang='lat' dir='ltr'>quod</span> <span class='ocrx_word' id='word_1_323' title='bbox 2893 1489 3004 1546; x_wconf 90' lang='lat' dir='ltr'>ait:</span> <span class='ocrx_word' id='word_1_324' title='bbox 3037 1512 3065 1539; x_wconf 82' lang='lat'>«</span> <span class='ocrx_word' id='word_1_325' title='bbox 3126 1489 3252 1546; x_wconf 90' lang='lat' dir='ltr'>Non</span> <span class='ocrx_word' id='word_1_326' title='bbox 3310 1494 3399 1546; x_wconf 91' lang='lat' dir='ltr'>est</span> <span class='ocrx_word' id='word_1_327' title='bbox 3456 1507 3569 1563; x_wconf 85' lang='lat' dir='ltr'>pax</span> 
     </span>
    </p>
   </div>
   <div class='ocr_carea' id='block_1_46' title="bbox 1916 1577 3570 1650">
    <p class='ocr_par' dir='ltr' id='par_1_46' title="bbox 1916 1577 3570 1650">
     <span class='ocr_line' id='line_1_46' title="bbox 1916 1577 3570 1650; baseline 0.001 -16"><span class='ocrx_word' id='word_1_328' title='bbox 1916 1579 2152 1634; x_wconf 89' lang='lat' dir='ltr'>ossibus</span> <span class='ocrx_word' id='word_1_329' title='bbox 2184 1579 2328 1633; x_wconf 89' lang='lat' dir='ltr'>meis</span> <span class='ocrx_word' id='word_1_330' title='bbox 2360 1596 2393 1633; x_wconf 91' lang='lat' dir='ltr'>a</span> <span class='ocrx_word' id='word_1_331' title='bbox 2426 1577 2568 1633; x_wconf 83' lang='lat' dir='ltr'>facie</span> <span class='ocrx_word' id='word_1_332' title='bbox 2600 1582 2967 1650; x_wconf 86' lang='lat' dir='ltr'>peccatorum</span> <span class='ocrx_word' id='word_1_333' title='bbox 2999 1595 3263 1634; x_wconf 90' lang='lat' dir='ltr'>meorum</span> <span class='ocrx_word' id='word_1_334' title='bbox 3297 1583 3376 1636; x_wconf 75' lang='grc' dir='ltr'>Ρ»</span> <span class='ocrx_word' id='word_1_335' title='bbox 3435 1581 3570 1644; x_wconf 76' lang='lat' dir='ltr'>Quae</span> 
     </span>
    </p>
   </div>
   <div class='ocr_carea' id='block_1_47' title="bbox 1918 1665 3568 1740">
    <p class='ocr_par' dir='ltr' id='par_1_47' title="bbox 1918 1665 3568 1740">
     <span class='ocr_line' id='line_1_47' title="bbox 1918 1665 3568 1740; baseline 0.002 -19"><span class='ocrx_word' id='word_1_336' title='bbox 1918 1671 2055 1721; x_wconf 91' lang='lat' dir='ltr'>sunt</span> <span class='ocrx_word' id='word_1_337' title='bbox 2086 1667 2198 1722; x_wconf 91' lang='lat' dir='ltr'>ista</span> <span class='ocrx_word' id='word_1_338' title='bbox 2225 1682 2392 1721; x_wconf 91' lang='lat' dir='ltr'>ossa:</span> <span class='ocrx_word' id='word_1_339' title='bbox 2429 1671 2627 1721; x_wconf 83' lang='lat' dir='ltr'>utrum</span> <span class='ocrx_word' id='word_1_340' title='bbox 2673 1665 2904 1736; x_wconf 80' lang='lat' dir='ltr'>animae,</span> <span class='ocrx_word' id='word_1_341' title='bbox 2963 1684 3037 1722; x_wconf 90' lang='lat' dir='ltr'>an</span> <span class='ocrx_word' id='word_1_342' title='bbox 3095 1667 3401 1740; x_wconf 80' lang='lat' dir='ltr'>corporis?</span> <span class='ocrx_word' id='word_1_343' title='bbox 3458 1669 3568 1725; x_wconf 92' lang='lat' dir='ltr'>Sed</span> 
     </span>
    </p>
   </div>
   <div class='ocr_carea' id='block_1_48' title="bbox 1917 1753 3575 1827">
    <p class='ocr_par' dir='ltr' id='par_1_48' title="bbox 1917 1753 3575 1827">
     <span class='ocr_line' id='line_1_48' title="bbox 1917 1753 3575 1827; baseline 0.004 -19"><span class='ocrx_word' id='word_1_344' title='bbox 1917 1771 2031 1809; x_wconf 94' lang='lat' dir='ltr'>non</span> <span class='ocrx_word' id='word_1_345' title='bbox 2063 1757 2226 1809; x_wconf 87' lang='lat' dir='ltr'>tanta</span> <span class='ocrx_word' id='word_1_346' title='bbox 2255 1758 2410 1810; x_wconf 90' lang='lat' dir='ltr'>esset</span> <span class='ocrx_word' id='word_1_347' title='bbox 2432 1753 2648 1811; x_wconf 91' lang='lat' dir='ltr'>doloris</span> <span class='ocrx_word' id='word_1_348' title='bbox 2680 1772 2820 1810; x_wconf 90' lang='lat' dir='ltr'>cura</span> <span class='ocrx_word' id='word_1_349' title='bbox 2849 1756 3138 1827; x_wconf 88' lang='lat' dir='ltr'>corporei,</span> <span class='ocrx_word' id='word_1_350' title='bbox 3165 1756 3266 1811; x_wconf 90' lang='lat' dir='ltr'>ubi</span> <span class='ocrx_word' id='word_1_351' title='bbox 3291 1759 3349 1812; x_wconf 92' lang='lat' dir='ltr'>et</span> <span class='ocrx_word' id='word_1_352' title='bbox 3376 1757 3575 1814; x_wconf 87' lang='lat' dir='ltr'>anima</span> 
     </span>
    </p>
   </div>
   <div class='ocr_carea' id='block_1_49' title="bbox 1918 1842 3572 1918">
    <p class='ocr_par' dir='ltr' id='par_1_49' title="bbox 1918 1842 3572 1918">
     <span class='ocr_line' id='line_1_49' title="bbox 1918 1842 3572 1918; baseline 0.004 -23"><span class='ocrx_word' id='word_1_353' title='bbox 1918 1842 2180 1910; x_wconf 89' lang='lat' dir='ltr'>laborat;</span> <span class='ocrx_word' id='word_1_354' title='bbox 2213 1859 2345 1897; x_wconf 91' lang='lat' dir='ltr'>cum</span> <span class='ocrx_word' id='word_1_355' title='bbox 2379 1843 2563 1898; x_wconf 87' lang='lat' dir='ltr'>sancti</span> <span class='ocrx_word' id='word_1_356' title='bbox 2595 1842 2672 1898; x_wconf 91' lang='lat' dir='ltr'>sit</span> <span class='ocrx_word' id='word_1_357' title='bbox 2699 1843 2842 1899; x_wconf 89' lang='lat' dir='ltr'>velle</span> <span class='ocrx_word' id='word_1_358' title='bbox 2871 1859 3106 1900; x_wconf 90' lang='lat' dir='ltr'>carnem</span> <span class='ocrx_word' id='word_1_359' title='bbox 3152 1849 3389 1918; x_wconf 89' lang='lat' dir='ltr'>propter</span> <span class='ocrx_word' id='word_1_360' title='bbox 3451 1846 3572 1902; x_wconf 90' lang='lat' dir='ltr'>ani-</span> 
     </span>
    </p>
   </div>
   <div class='ocr_carea' id='block_1_50' title="bbox 1916 1929 3568 2005">
    <p class='ocr_par' dir='ltr' id='par_1_50' title="bbox 1916 1929 3568 2005">
     <span class='ocr_line' id='line_1_50' title="bbox 1916 1929 3568 2005; baseline 0.003 -19"><span class='ocrx_word' id='word_1_361' title='bbox 1916 1947 2072 1986; x_wconf 86' lang='lat' dir='ltr'>mam</span> <span class='ocrx_word' id='word_1_362' title='bbox 2107 1929 2424 2004; x_wconf 83' lang='lat' dir='ltr'>flagellari;</span> <span class='ocrx_word' id='word_1_363' title='bbox 2460 1931 2615 1985; x_wconf 89' lang='lat' dir='ltr'>sicut</span> <span class='ocrx_word' id='word_1_364' title='bbox 2646 1948 2707 1987; x_wconf 91' lang='lat' dir='ltr'>se</span> <span class='ocrx_word' id='word_1_365' title='bbox 2733 1931 3067 2005; x_wconf 82' lang='lat' dir='ltr'>flagellabat</span> <span class='ocrx_word' id='word_1_366' title='bbox 3097 1937 3154 1988; x_wconf 88' lang='lat' dir='ltr'>et</span> <span class='ocrx_word' id='word_1_367' title='bbox 3199 1933 3434 2002; x_wconf 85' lang='lat' dir='ltr'>Paulus,</span> <span class='ocrx_word' id='word_1_368' title='bbox 3497 1951 3568 1992; x_wconf 87' lang='lat' dir='ltr'>ne</span> 
     </span>
    </p>
   </div>
   <div class='ocr_carea' id='block_1_51' title="bbox 1914 2019 3566 2093">
    <p class='ocr_par' dir='ltr' id='par_1_51' title="bbox 1914 2019 3566 2093">
     <span class='ocr_line' id='line_1_51' title="bbox 1914 2019 3566 2093; baseline 0.004 -21"><span class='ocrx_word' id='word_1_369' title='bbox 1914 2020 2040 2090; x_wconf 91' lang='lat' dir='ltr'>ejus</span> <span class='ocrx_word' id='word_1_370' title='bbox 2073 2019 2478 2089; x_wconf 90' lang='lat' dir='ltr'>reprobaretur</span> <span class='ocrx_word' id='word_1_371' title='bbox 2503 2019 2766 2075; x_wconf 88' lang='lat' dir='ltr'>assertio.</span> <span class='ocrx_word' id='word_1_372' title='bbox 2799 2022 2947 2075; x_wconf 90' lang='lat' dir='ltr'>Sunt</span> <span class='ocrx_word' id='word_1_373' title='bbox 2977 2021 3244 2093; x_wconf 62' lang='lat' dir='ltr'>quaedam</span> <span class='ocrx_word' id='word_1_374' title='bbox 3268 2021 3566 2078; x_wconf 87' lang='lat' dir='ltr'>interioris</span> 
     </span>
    </p>
   </div>
   <div class='ocr_carea' id='block_1_52' title="bbox 1915 2108 3570 2180">
    <p class='ocr_par' dir='ltr' id='par_1_52' title="bbox 1915 2108 3570 2180">
     <span class='ocr_line' id='line_1_52' title="bbox 1915 2108 3570 2180; baseline 0.002 -17"><span class='ocrx_word' id='word_1_375' title='bbox 1915 2125 2049 2164; x_wconf 88' lang='lat' dir='ltr'>ossa</span> <span class='ocrx_word' id='word_1_376' title='bbox 2080 2108 2358 2176; x_wconf 88' lang='lat' dir='ltr'>hominis,</span> <span class='ocrx_word' id='word_1_377' title='bbox 2392 2109 2544 2164; x_wconf 89' lang='lat' dir='ltr'>sicut</span> <span class='ocrx_word' id='word_1_378' title='bbox 2570 2113 2626 2164; x_wconf 92' lang='lat' dir='ltr'>et</span> <span class='ocrx_word' id='word_1_379' title='bbox 2656 2109 2921 2165; x_wconf 86' lang='lat' dir='ltr'>membra</span> <span class='ocrx_word' id='word_1_380' title='bbox 2951 2113 3090 2164; x_wconf 89' lang='lat' dir='ltr'>sunt</span> <span class='ocrx_word' id='word_1_381' title='bbox 3132 2114 3357 2180; x_wconf 65' lang='lat' dir='ltr'>cetera,</span> <span class='ocrx_word' id='word_1_382' title='bbox 3417 2110 3570 2167; x_wconf 92' lang='lat' dir='ltr'>oculi</span> 
     </span>
    </p>
   </div>
   <div class='ocr_carea' id='block_1_53' title="bbox 1917 2196 3570 2271">
    <p class='ocr_par' dir='ltr' id='par_1_53' title="bbox 1917 2196 3570 2271">
     <span class='ocr_line' id='line_1_53' title="bbox 1917 2196 3570 2271; baseline 0.003 -21"><span class='ocrx_word' id='word_1_383' title='bbox 1917 2196 2150 2263; x_wconf 89' lang='lat' dir='ltr'>mentis,</span> <span class='ocrx_word' id='word_1_384' title='bbox 2184 2201 2240 2252; x_wconf 93' lang='lat' dir='ltr'>et</span> <span class='ocrx_word' id='word_1_385' title='bbox 2270 2214 2474 2252; x_wconf 88' lang='lat' dir='ltr'>nares:</span> <span class='ocrx_word' id='word_1_386' title='bbox 2505 2197 2656 2252; x_wconf 86' lang='lat' dir='ltr'>sicut</span> <span class='ocrx_word' id='word_1_387' title='bbox 2683 2198 2792 2253; x_wconf 90' lang='lat' dir='ltr'>Job</span> <span class='ocrx_word' id='word_1_388' title='bbox 2825 2198 3007 2254; x_wconf 85' lang='lat' dir='ltr'>dixit:</span> <span class='ocrx_word' id='word_1_389' title='bbox 3044 2222 3072 2249; x_wconf 83' lang='lat'><strong>«</strong></span> <span class='ocrx_word' id='word_1_390' title='bbox 3116 2199 3370 2271; x_wconf 88' lang='lat' dir='ltr'>Spiritus</span> <span class='ocrx_word' id='word_1_391' title='bbox 3429 2200 3570 2255; x_wconf 90' lang='lat' dir='ltr'>divi-</span> 
     </span>
    </p>
   </div>
   <div class='ocr_carea' id='block_1_54' title="bbox 1916 2283 3569 2358">
    <p class='ocr_par' dir='ltr' id='par_1_54' title="bbox 1916 2283 3569 2358">
     <span class='ocr_line' id='line_1_54' title="bbox 1916 2283 3569 2358; baseline 0.004 -22"><span class='ocrx_word' id='word_1_392' title='bbox 1916 2300 2028 2338; x_wconf 91' lang='lat' dir='ltr'>nus</span> <span class='ocrx_word' id='word_1_393' title='bbox 2058 2283 2270 2354; x_wconf 88' lang='lat' dir='ltr'>quiest</span> <span class='ocrx_word' id='word_1_394' title='bbox 2300 2284 2358 2338; x_wconf 91' lang='lat' dir='ltr'>in</span> <span class='ocrx_word' id='word_1_395' title='bbox 2390 2284 2632 2340; x_wconf 85' lang='lat' dir='ltr'>naribus</span> <span class='ocrx_word' id='word_1_396' title='bbox 2680 2284 2828 2340; x_wconf 88' lang='lat' dir='ltr'>meis</span> <span class='ocrx_word' id='word_1_397' title='bbox 2860 2285 3002 2356; x_wconf 84' lang='lat' dir='ltr'>(Job.</span> <span class='ocrx_word' id='word_1_398' title='bbox 3036 2301 3212 2353; x_wconf 83' lang='lat' dir='ltr'>xxvu,</span> <span class='ocrx_word' id='word_1_399' title='bbox 3244 2286 3321 2358; x_wconf 89' lang='lat'>3).</span> <span class='ocrx_word' id='word_1_400' title='bbox 3359 2309 3386 2335; x_wconf 88' lang='grc'>››</span> <span class='ocrx_word' id='word_1_401' title='bbox 3417 2287 3569 2343; x_wconf 84' lang='lat' dir='ltr'>Sunt</span> 
     </span>
    </p>
   </div>
   <div class='ocr_carea' id='block_1_55' title="bbox 1915 2372 3567 2447">
    <p class='ocr_par' dir='ltr' id='par_1_55' title="bbox 1915 2372 3567 2447">
     <span class='ocr_line' id='line_1_55' title="bbox 1915 2372 3567 2447; baseline 0.004 -23"><span class='ocrx_word' id='word_1_402' title='bbox 1915 2386 2051 2441; x_wconf 88' lang='lat' dir='ltr'>ergo</span> <span class='ocrx_word' id='word_1_403' title='bbox 2083 2378 2138 2426; x_wconf 92' lang='lat' dir='ltr'>et</span> <span class='ocrx_word' id='word_1_404' title='bbox 2169 2388 2324 2438; x_wconf 90' lang='lat' dir='ltr'>ossa,</span> <span class='ocrx_word' id='word_1_405' title='bbox 2370 2372 2589 2442; x_wconf 90' lang='lat' dir='ltr'>quibus</span> <span class='ocrx_word' id='word_1_406' title='bbox 2620 2372 2924 2428; x_wconf 88' lang='lat' dir='ltr'>charitatis</span> <span class='ocrx_word' id='word_1_407' title='bbox 2956 2374 3225 2444; x_wconf 65' lang='lat' dir='ltr'>quaedam</span> <span class='ocrx_word' id='word_1_408' title='bbox 3283 2390 3567 2447; x_wconf 88' lang='lat' dir='ltr'>compago</span> 
     </span>
    </p>
   </div>
   <div class='ocr_carea' id='block_1_56' title="bbox 1913 2459 3564 2518">
    <p class='ocr_par' dir='ltr' id='par_1_56' title="bbox 1913 2459 3564 2518">
     <span class='ocr_line' id='line_1_56' title="bbox 1913 2459 3564 2518; baseline 0.003 -5"><span class='ocrx_word' id='word_1_409' title='bbox 1913 2461 2220 2515; x_wconf 82' lang='lat' dir='ltr'>formatur.</span> <span class='ocrx_word' id='word_1_410' title='bbox 2257 2459 2418 2515; x_wconf 87' lang='lat' dir='ltr'>Unde</span> <span class='ocrx_word' id='word_1_411' title='bbox 2453 2464 2506 2515; x_wconf 87' lang='lat' dir='ltr'>et</span> <span class='ocrx_word' id='word_1_412' title='bbox 2537 2461 2721 2516; x_wconf 84' lang='lat' dir='ltr'>Adam</span> <span class='ocrx_word' id='word_1_413' title='bbox 2753 2461 2898 2516; x_wconf 84' lang='lat' dir='ltr'>dixit</span> <span class='ocrx_word' id='word_1_414' title='bbox 2927 2462 2998 2517; x_wconf 92' lang='lat' dir='ltr'>de</span> <span class='ocrx_word' id='word_1_415' title='bbox 3044 2467 3313 2518; x_wconf 90' lang='lat' dir='ltr'>consorte</span> <span class='ocrx_word' id='word_1_416' title='bbox 3375 2463 3564 2518; x_wconf 90' lang='lat' dir='ltr'>chari-</span> 
     </span>
    </p>
   </div>
   <div class='ocr_carea' id='block_1_57' title="bbox 1915 2548 3566 2621">
    <p class='ocr_par' dir='ltr' id='par_1_57' title="bbox 1915 2548 3566 2621">
     <span class='ocr_line' id='line_1_57' title="bbox 1915 2548 3566 2621; baseline 0.004 -20"><span class='ocrx_word' id='word_1_417' title='bbox 1915 2548 2073 2612; x_wconf 89' lang='lat' dir='ltr'>tatis,</span> <span class='ocrx_word' id='word_1_418' title='bbox 2107 2553 2163 2603; x_wconf 91' lang='lat' dir='ltr'>et</span> <span class='ocrx_word' id='word_1_419' title='bbox 2191 2549 2486 2603; x_wconf 80' lang='lat' dir='ltr'>cohaerede</span> <span class='ocrx_word' id='word_1_420' title='bbox 2519 2549 2713 2621; x_wconf 67' lang='lat' dir='ltr'>gratiae</span> <span class='ocrx_word' id='word_1_421' title='bbox 2744 2549 2871 2603; x_wconf 68' lang='lat' dir='ltr'>vitae</span> <span class='ocrx_word' id='word_1_422' title='bbox 2907 2567 2919 2604; x_wconf 92' lang='lat'>:</span> <span class='ocrx_word' id='word_1_423' title='bbox 2957 2573 2985 2599; x_wconf 88' lang='grc'>‹‹</span> <span class='ocrx_word' id='word_1_424' title='bbox 3018 2550 3136 2605; x_wconf 88' lang='lat' dir='ltr'>Hoc</span> <span class='ocrx_word' id='word_1_425' title='bbox 3169 2567 3325 2607; x_wconf 88' lang='lat' dir='ltr'>nunc</span> <span class='ocrx_word' id='word_1_426' title='bbox 3367 2567 3432 2607; x_wconf 91' lang='lat' dir='ltr'>os</span> <span class='ocrx_word' id='word_1_427' title='bbox 3496 2552 3566 2606; x_wconf 90' lang='lat' dir='ltr'>de</span> 
     </span>
    </p>
   </div>
   <div class='ocr_carea' id='block_1_58' title="bbox 1915 2637 3561 2710">
    <p class='ocr_par' dir='ltr' id='par_1_58' title="bbox 1915 2637 3561 2710">
     <span class='ocr_line' id='line_1_58' title="bbox 1915 2637 3561 2710; baseline -0.001 -20"><span class='ocrx_word' id='word_1_428' title='bbox 1915 2637 2148 2692; x_wconf 89' lang='lat' dir='ltr'>ossibus</span> <span class='ocrx_word' id='word_1_429' title='bbox 2181 2637 2346 2703; x_wconf 89' lang='lat' dir='ltr'>meis,</span> <span class='ocrx_word' id='word_1_430' title='bbox 2379 2643 2436 2692; x_wconf 91' lang='lat' dir='ltr'>et</span> <span class='ocrx_word' id='word_1_431' title='bbox 2465 2654 2597 2692; x_wconf 90' lang='lat' dir='ltr'>caro</span> <span class='ocrx_word' id='word_1_432' title='bbox 2627 2638 2698 2692; x_wconf 91' lang='lat' dir='ltr'>de</span> <span class='ocrx_word' id='word_1_433' title='bbox 2728 2654 2900 2693; x_wconf 88' lang='lat' dir='ltr'>carne</span> <span class='ocrx_word' id='word_1_434' title='bbox 2953 2653 3084 2694; x_wconf 90' lang='lat' dir='ltr'>mea</span> <span class='ocrx_word' id='word_1_435' title='bbox 3110 2637 3262 2710; x_wconf 87' lang='lat' dir='ltr'>(Gen.</span> <span class='ocrx_word' id='word_1_436' title='bbox 3293 2653 3357 2708; x_wconf 86' lang='lat' dir='ltr'>Il,</span> <span class='ocrx_word' id='word_1_437' title='bbox 3389 2640 3501 2708; x_wconf 85' lang='lat'>23).</span> <span class='ocrx_word' id='word_1_438' title='bbox 3541 2663 3561 2689; x_wconf 77' lang='grc' dir='ltr'>ι</span> 
     </span>
    </p>
   </div>
   <div class='ocr_carea' id='block_1_59' title="bbox 1915 2724 3568 2797">
    <p class='ocr_par' dir='ltr' id='par_1_59' title="bbox 1915 2724 3568 2797">
     <span class='ocr_line' id='line_1_59' title="bbox 1915 2724 3568 2797; baseline 0.004 -18"><span class='ocrx_word' id='word_1_439' title='bbox 1915 2725 2074 2788; x_wconf 89' lang='lat' dir='ltr'>Quod</span> <span class='ocrx_word' id='word_1_440' title='bbox 2107 2724 2422 2797; x_wconf 84' lang='lat' dir='ltr'>Apostolus</span> <span class='ocrx_word' id='word_1_441' title='bbox 2456 2725 2869 2797; x_wconf 89' lang='lat' dir='ltr'>interpretatus</span> <span class='ocrx_word' id='word_1_442' title='bbox 2901 2725 3014 2795; x_wconf 92' lang='lat' dir='ltr'>ait;</span> <span class='ocrx_word' id='word_1_443' title='bbox 3048 2749 3076 2777; x_wconf 84' lang='lat'><strong>«</strong></span> <span class='ocrx_word' id='word_1_444' title='bbox 3119 2727 3568 2785; x_wconf 88' lang='lat' dir='ltr'>Sacramentum</span> 
     </span>
    </p>
   </div>
   <div class='ocr_carea' id='block_1_60' title="bbox 1915 2813 3567 2885">
    <p class='ocr_par' dir='ltr' id='par_1_60' title="bbox 1915 2813 3567 2885">
     <span class='ocr_line' id='line_1_60' title="bbox 1915 2813 3567 2885; baseline 0.004 -18"><span class='ocrx_word' id='word_1_445' title='bbox 1915 2813 2023 2869; x_wconf 91' lang='lat' dir='ltr'>hoc</span> <span class='ocrx_word' id='word_1_446' title='bbox 2054 2829 2334 2885; x_wconf 90' lang='lat' dir='ltr'>magnum</span> <span class='ocrx_word' id='word_1_447' title='bbox 2363 2817 2486 2869; x_wconf 88' lang='lat' dir='ltr'>est:</span> <span class='ocrx_word' id='word_1_448' title='bbox 2519 2831 2624 2885; x_wconf 86' lang='lat' dir='ltr'>ego</span> <span class='ocrx_word' id='word_1_449' title='bbox 2655 2817 2853 2870; x_wconf 89' lang='lat' dir='ltr'>autem</span> <span class='ocrx_word' id='word_1_450' title='bbox 2885 2813 3012 2870; x_wconf 92' lang='lat' dir='ltr'>dico</span> <span class='ocrx_word' id='word_1_451' title='bbox 3043 2815 3103 2870; x_wconf 91' lang='lat' dir='ltr'>in</span> <span class='ocrx_word' id='word_1_452' title='bbox 3154 2816 3386 2873; x_wconf 90' lang='lat' dir='ltr'>Christo</span> <span class='ocrx_word' id='word_1_453' title='bbox 3418 2821 3476 2872; x_wconf 90' lang='lat' dir='ltr'>et</span> <span class='ocrx_word' id='word_1_454' title='bbox 3505 2817 3567 2874; x_wconf 90' lang='lat' dir='ltr'>in</span> 
     </span>
    </p>
   </div>
   <div class='ocr_carea' id='block_1_61' title="bbox 1915 2901 3567 2974">
    <p class='ocr_par' dir='ltr' id='par_1_61' title="bbox 1915 2901 3567 2974">
     <span class='ocr_line' id='line_1_61' title="bbox 1915 2901 3567 2974; baseline 0.002 -19"><span class='ocrx_word' id='word_1_455' title='bbox 1915 2901 2174 2957; x_wconf 90' lang='lat' dir='ltr'>Ecclesia</span> <span class='ocrx_word' id='word_1_456' title='bbox 2205 2902 2416 2974; x_wconf 72' lang='lat' dir='ltr'>(Ep/tes.</span> <span class='ocrx_word' id='word_1_457' title='bbox 2450 2920 2503 2968; x_wconf 91' lang='lat' dir='ltr'>v,</span> <span class='ocrx_word' id='word_1_458' title='bbox 2535 2903 2645 2974; x_wconf 85' lang='lat'>32).</span> <span class='ocrx_word' id='word_1_459' title='bbox 2682 2925 2708 2950; x_wconf 81' lang='lat'>»</span> <span class='ocrx_word' id='word_1_460' title='bbox 2740 2902 2956 2958; x_wconf 89' lang='lat' dir='ltr'>Christi</span> <span class='ocrx_word' id='word_1_461' title='bbox 2985 2907 3184 2960; x_wconf 88' lang='lat' dir='ltr'>autem</span> <span class='ocrx_word' id='word_1_462' title='bbox 3210 2909 3266 2960; x_wconf 93' lang='lat' dir='ltr'>et</span> <span class='ocrx_word' id='word_1_463' title='bbox 3294 2903 3567 2964; x_wconf 65' lang='lat' dir='ltr'>Ecclesia:</span> 
     </span>
    </p>
   </div>
   <div class='ocr_carea' id='block_1_62' title="bbox 1916 2990 3568 3066">
    <p class='ocr_par' dir='ltr' id='par_1_62' title="bbox 1916 2990 3568 3066">
     <span class='ocr_line' id='line_1_62' title="bbox 1916 2990 3568 3066; baseline 0.004 -22"><span class='ocrx_word' id='word_1_464' title='bbox 1916 2997 2350 3065; x_wconf 71' lang='lat' dir='ltr'>sacramentum</span> <span class='ocrx_word' id='word_1_465' title='bbox 2385 3008 2498 3046; x_wconf 92' lang='lat' dir='ltr'>non</span> <span class='ocrx_word' id='word_1_466' title='bbox 2528 2990 2778 3058; x_wconf 82' lang='lat' dir='ltr'>carnale,</span> <span class='ocrx_word' id='word_1_467' title='bbox 2812 2992 2913 3047; x_wconf 90' lang='lat' dir='ltr'>sed</span> <span class='ocrx_word' id='word_1_468' title='bbox 2945 2993 3208 3064; x_wconf 89' lang='lat' dir='ltr'>spiritale</span> <span class='ocrx_word' id='word_1_469' title='bbox 3265 3009 3396 3050; x_wconf 89' lang='lat' dir='ltr'>esse</span> <span class='ocrx_word' id='word_1_470' title='bbox 3425 2993 3568 3066; x_wconf 88' lang='lat' dir='ltr'>quis</span> 
     </span>
    </p>
   </div>
   <div class='ocr_carea' id='block_1_63' title="bbox 1917 3078 3568 3155">
    <p class='ocr_par' dir='ltr' id='par_1_63' title="bbox 1917 3078 3568 3155">
     <span class='ocr_line' id='line_1_63' title="bbox 1917 3078 3568 3155; baseline 0.003 -23"><span class='ocrx_word' id='word_1_471' title='bbox 1917 3078 2182 3146; x_wconf 92' lang='lat' dir='ltr'>dubitet;</span> <span class='ocrx_word' id='word_1_472' title='bbox 2216 3096 2348 3134; x_wconf 90' lang='lat' dir='ltr'>cum</span> <span class='ocrx_word' id='word_1_473' title='bbox 2383 3081 2574 3135; x_wconf 87' lang='lat' dir='ltr'>bonus</span> <span class='ocrx_word' id='word_1_474' title='bbox 2608 3081 2864 3151; x_wconf 91' lang='lat' dir='ltr'>quisque</span> <span class='ocrx_word' id='word_1_475' title='bbox 2894 3080 2954 3135; x_wconf 92' lang='lat' dir='ltr'>in</span> <span class='ocrx_word' id='word_1_476' title='bbox 2988 3081 3116 3153; x_wconf 91' lang='lat' dir='ltr'>ipso</span> <span class='ocrx_word' id='word_1_477' title='bbox 3145 3083 3420 3155; x_wconf 89' lang='lat' dir='ltr'>conjugio</span> <span class='ocrx_word' id='word_1_478' title='bbox 3451 3099 3568 3138; x_wconf 90' lang='lat' dir='ltr'>non</span> 
     </span>
    </p>
   </div>
   <div class='ocr_carea' id='block_1_64' title="bbox 1917 3166 3564 3236">
    <p class='ocr_par' dir='ltr' id='par_1_64' title="bbox 1917 3166 3564 3236">
     <span class='ocr_line' id='line_1_64' title="bbox 1917 3166 3564 3236; baseline 0.002 -16"><span class='ocrx_word' id='word_1_479' title='bbox 1917 3166 2131 3236; x_wconf 90' lang='lat' dir='ltr'>carnis,</span> <span class='ocrx_word' id='word_1_480' title='bbox 2165 3169 2265 3223; x_wconf 91' lang='lat' dir='ltr'>sed</span> <span class='ocrx_word' id='word_1_481' title='bbox 2291 3169 2523 3223; x_wconf 88' lang='lat' dir='ltr'>virtutis</span> <span class='ocrx_word' id='word_1_482' title='bbox 2544 3169 2748 3223; x_wconf 88' lang='lat' dir='ltr'>decore</span> <span class='ocrx_word' id='word_1_483' title='bbox 2779 3172 3080 3225; x_wconf 88' lang='lat' dir='ltr'>teneatur:</span> <span class='ocrx_word' id='word_1_484' title='bbox 3124 3173 3181 3224; x_wconf 91' lang='lat' dir='ltr'>et</span> <span class='ocrx_word' id='word_1_485' title='bbox 3220 3185 3414 3226; x_wconf 90' lang='lat' dir='ltr'>mores</span> <span class='ocrx_word' id='word_1_486' title='bbox 3476 3170 3564 3224; x_wconf 89' lang='lat' dir='ltr'>di-</span> 
     </span>
    </p>
   </div>
   <div class='ocr_carea' id='block_1_65' title="bbox 135 3230 3560 3328">
    <p class='ocr_par' dir='ltr' id='par_1_65' title="bbox 135 3230 3560 3328">
     <span class='ocr_line' id='line_1_65' title="bbox 135 3230 3560 3328; baseline -0.002 -8"><span class='ocrx_word' id='word_1_487' title='bbox 135 3264 315 3320; x_wconf 89' lang='lat' dir='ltr'>torsit</span> <span class='ocrx_word' id='word_1_488' title='bbox 344 3230 404 3319; x_wconf 51' lang='lat' dir='ltr'>ila</span> <span class='ocrx_word' id='word_1_489' title='bbox 431 3259 597 3318; x_wconf 82' lang='lat' dir='ltr'>illum</span> <span class='ocrx_word' id='word_1_490' title='bbox 631 3258 936 3326; x_wconf 89' lang='lat' dir='ltr'>Dominus,</span> <span class='ocrx_word' id='word_1_491' title='bbox 970 3261 1032 3312; x_wconf 76' lang='lat' dir='ltr'>ut</span> <span class='ocrx_word' id='word_1_492' title='bbox 1064 3260 1122 3312; x_wconf 91' lang='lat' dir='ltr'>et</span> <span class='ocrx_word' id='word_1_493' title='bbox 1147 3256 1273 3326; x_wconf 89' lang='lat' dir='ltr'>ipse</span> <span class='ocrx_word' id='word_1_494' title='bbox 1303 3254 1647 3326; x_wconf 89' lang='lat' dir='ltr'>plerumque</span> <span class='ocrx_word' id='word_1_495' title='bbox 1678 3268 1794 3306; x_wconf 93' lang='lat' dir='ltr'>non</span> <span class='ocrx_word' id='word_1_496' title='bbox 1827 3230 1870 3298; x_wconf 57' lang='grc' dir='ltr'><strong>(ἶ</strong></span> <span class='ocrx_word' id='word_1_497' title='bbox 1909 3253 2052 3326; x_wconf 79' lang='lat' dir='ltr'>ligat</span> <span class='ocrx_word' id='word_1_498' title='bbox 2081 3257 2139 3310; x_wconf 92' lang='lat' dir='ltr'>in</span> <span class='ocrx_word' id='word_1_499' title='bbox 2174 3273 2370 3327; x_wconf 85' lang='lat' dir='ltr'>uxore,</span> <span class='ocrx_word' id='word_1_500' title='bbox 2405 3274 2515 3312; x_wconf 92' lang='lat' dir='ltr'>non</span> <span class='ocrx_word' id='word_1_501' title='bbox 2549 3274 2694 3311; x_wconf 90' lang='lat' dir='ltr'>usus</span> <span class='ocrx_word' id='word_1_502' title='bbox 2715 3257 2742 3310; x_wconf 85' lang='lat'><strong>?</strong></span> <span class='ocrx_word' id='word_1_503' title='bbox 2770 3257 3029 3327; x_wconf 89' lang='lat' dir='ltr'>Denique</span> <span class='ocrx_word' id='word_1_504' title='bbox 3058 3257 3215 3324; x_wconf 91' lang='lat' dir='ltr'>audi,</span> <span class='ocrx_word' id='word_1_505' title='bbox 3249 3257 3386 3328; x_wconf 90' lang='lat' dir='ltr'>quia</span> <span class='ocrx_word' id='word_1_506' title='bbox 3445 3274 3560 3313; x_wconf 90' lang='lat' dir='ltr'>non</span> 
     </span>
    </p>
   </div>
   <div class='ocr_carea' id='block_1_66' title="bbox 133 3341 1800 3422">
    <p class='ocr_par' dir='ltr' id='par_1_66' title="bbox 133 3341 1800 3422">
     <span class='ocr_line' id='line_1_66' title="bbox 133 3341 1800 3422; baseline -0.008 -13"><span class='ocrx_word' id='word_1_507' title='bbox 133 3353 318 3409; x_wconf 85' lang='lat' dir='ltr'>faciat</span> <span class='ocrx_word' id='word_1_508' title='bbox 345 3350 504 3422; x_wconf 87' lang='lat' dir='ltr'>quod</span> <span class='ocrx_word' id='word_1_509' title='bbox 538 3347 698 3415; x_wconf 75' lang='lat' dir='ltr'>vult;</span> <span class='ocrx_word' id='word_1_510' title='bbox 732 3347 834 3402; x_wconf 89' lang='lat' dir='ltr'>sed</span> <span class='ocrx_word' id='word_1_511' title='bbox 867 3347 1021 3418; x_wconf 92' lang='lat' dir='ltr'>quod</span> <span class='ocrx_word' id='word_1_512' title='bbox 1053 3345 1195 3412; x_wconf 92' lang='lat' dir='ltr'>odit,</span> <span class='ocrx_word' id='word_1_513' title='bbox 1260 3343 1370 3398; x_wconf 91' lang='lat' dir='ltr'>hoc</span> <span class='ocrx_word' id='word_1_514' title='bbox 1432 3342 1623 3398; x_wconf 81' lang='lat' dir='ltr'>faciat.</span> <span class='ocrx_word' id='word_1_515' title='bbox 1698 3341 1800 3397; x_wconf 88' lang='lat' dir='ltr'>De-</span> 
     </span>
    </p>
   </div>
   <div class='ocr_carea' id='block_1_67' title="bbox 134 3431 1795 3513">
    <p class='ocr_par' dir='ltr' id='par_1_67' title="bbox 134 3431 1795 3513">
     <span class='ocr_line' id='line_1_67' title="bbox 134 3431 1795 3513; baseline -0.007 -17"><span class='ocrx_word' id='word_1_516' title='bbox 134 3441 321 3513; x_wconf 89' lang='lat' dir='ltr'>nique</span> <span class='ocrx_word' id='word_1_517' title='bbox 381 3438 644 3494; x_wconf 85' lang='lat' dir='ltr'>animam</span> <span class='ocrx_word' id='word_1_518' title='bbox 696 3452 873 3512; x_wconf 86' lang='lat' dir='ltr'>quam</span> <span class='ocrx_word' id='word_1_519' title='bbox 931 3433 1057 3489; x_wconf 88' lang='lat' dir='ltr'>vult</span> <span class='ocrx_word' id='word_1_520' title='bbox 1111 3448 1466 3505; x_wconf 86' lang='lat' dir='ltr'>expugnare,</span> <span class='ocrx_word' id='word_1_521' title='bbox 1517 3431 1795 3486; x_wconf 90' lang='lat' dir='ltr'>custodit.</span> 
     </span>
    </p>
   </div>
   <div class='ocr_carea' id='block_1_68' title="bbox 141 3519 1797 3598">
    <p class='ocr_par' dir='ltr' id='par_1_68' title="bbox 141 3519 1797 3598">
     <span class='ocr_line' id='line_1_68' title="bbox 141 3519 1797 3598; baseline -0.007 -12"><span class='ocrx_word' id='word_1_522' title='bbox 141 3530 266 3586; x_wconf 79' lang='lat' dir='ltr'>Nos</span> <span class='ocrx_word' id='word_1_523' title='bbox 320 3525 710 3598; x_wconf 87' lang='lat' dir='ltr'>corruptelam</span> <span class='ocrx_word' id='word_1_524' title='bbox 741 3523 933 3584; x_wconf 82' lang='lat' dir='ltr'>carnis</span> <span class='ocrx_word' id='word_1_525' title='bbox 974 3523 1456 3587; x_wconf 88' lang='lat' dir='ltr'>condemnamus,</span> <span class='ocrx_word' id='word_1_526' title='bbox 1490 3525 1547 3575; x_wconf 90' lang='lat' dir='ltr'>et</span> <span class='ocrx_word' id='word_1_527' title='bbox 1604 3519 1797 3592; x_wconf 89' lang='lat' dir='ltr'>sequi-</span> 
     </span>
    </p>
   </div>
   <div class='ocr_carea' id='block_1_69' title="bbox 1910 3345 3558 3415">
    <p class='ocr_par' dir='ltr' id='par_1_69' title="bbox 1910 3345 3558 3415">
     <span class='ocr_line' id='line_1_69' title="bbox 1910 3345 3558 3415; baseline 0.001 -17"><span class='ocrx_word' id='word_1_528' title='bbox 1910 3345 2233 3400; x_wconf 89' lang='lat' dir='ltr'>secundum</span> <span class='ocrx_word' id='word_1_529' title='bbox 2284 3361 2518 3399; x_wconf 78' lang='lat' dir='ltr'>carnem</span> <span class='ocrx_word' id='word_1_530' title='bbox 2552 3345 2832 3415; x_wconf 88' lang='lat' dir='ltr'>loquitur,</span> <span class='ocrx_word' id='word_1_531' title='bbox 2866 3345 2964 3399; x_wconf 91' lang='lat' dir='ltr'>sed</span> <span class='ocrx_word' id='word_1_532' title='bbox 2998 3345 3322 3400; x_wconf 88' lang='lat' dir='ltr'>secundum</span> <span class='ocrx_word' id='word_1_533' title='bbox 3371 3345 3558 3401; x_wconf 85' lang='lat' dir='ltr'>virtu-</span> 
     </span>
    </p>
   </div>
   <div class='ocr_carea' id='block_1_70' title="bbox 1908 3432 3554 3502">
    <p class='ocr_par' dir='ltr' id='par_1_70' title="bbox 1908 3432 3554 3502">
     <span class='ocr_line' id='line_1_70' title="bbox 1908 3432 3554 3502; baseline -0.002 -9"><span class='ocrx_word' id='word_1_534' title='bbox 1908 3443 2024 3494; x_wconf 89' lang='lat' dir='ltr'>tem</span> <span class='ocrx_word' id='word_1_535' title='bbox 2055 3435 2392 3489; x_wconf 88' lang='lat' dir='ltr'>intcriorem</span> <span class='ocrx_word' id='word_1_536' title='bbox 2424 3451 2436 3488; x_wconf 89' lang='lat'>:</span> <span class='ocrx_word' id='word_1_537' title='bbox 2467 3456 2492 3482; x_wconf 91' lang='grc'><em>‹‹</em></span> <span class='ocrx_word' id='word_1_538' title='bbox 2526 3433 2648 3487; x_wconf 88' lang='lat' dir='ltr'>Non</span> <span class='ocrx_word' id='word_1_539' title='bbox 2681 3436 2768 3486; x_wconf 92' lang='lat' dir='ltr'>est</span> <span class='ocrx_word' id='word_1_540' title='bbox 2789 3432 3198 3487; x_wconf 90' lang='lat' dir='ltr'>absconditum</span> <span class='ocrx_word' id='word_1_541' title='bbox 3229 3450 3294 3489; x_wconf 90' lang='lat' dir='ltr'>os</span> <span class='ocrx_word' id='word_1_542' title='bbox 3334 3449 3554 3502; x_wconf 90' lang='lat' dir='ltr'>meum,</span> 
     </span>
    </p>
   </div>
   <div class='ocr_carea' id='block_1_71' title="bbox 1909 3521 3550 3601">
    <p class='ocr_par' dir='ltr' id='par_1_71' title="bbox 1909 3521 3550 3601">
     <span class='ocr_line' id='line_1_71' title="bbox 1909 3521 3550 3601; baseline -0.005 -18"><span class='ocrx_word' id='word_1_543' title='bbox 1909 3527 2064 3601; x_wconf 91' lang='lat' dir='ltr'>quod</span> <span class='ocrx_word' id='word_1_544' title='bbox 2110 3523 2294 3578; x_wconf 84' lang='lat' dir='ltr'>fecisti</span> <span class='ocrx_word' id='word_1_545' title='bbox 2327 3521 2386 3576; x_wconf 91' lang='lat' dir='ltr'>in</span> <span class='ocrx_word' id='word_1_546' title='bbox 2431 3521 2773 3576; x_wconf 91' lang='lat' dir='ltr'>abscondito</span> <span class='ocrx_word' id='word_1_547' title='bbox 2830 3521 2999 3592; x_wconf 77' lang='lat' dir='ltr'>(Psai.</span> <span class='ocrx_word' id='word_1_548' title='bbox 3061 3538 3329 3590; x_wconf 82' lang='lat' dir='ltr'>cxxxvm,</span> <span class='ocrx_word' id='word_1_549' title='bbox 3379 3523 3489 3594; x_wconf 87' lang='grc'>15).</span> <span class='ocrx_word' id='word_1_550' title='bbox 3528 3546 3550 3574; x_wconf 75' lang='grc' dir='ltr'>ι</span> 
     </span>
    </p>
   </div>
   <div class='ocr_carea' id='block_1_72' title="bbox 131 3609 3558 3688">
    <p class='ocr_par' dir='ltr' id='par_1_72' title="bbox 131 3609 3558 3688">
     <span class='ocr_line' id='line_1_72' title="bbox 131 3609 3558 3688; baseline -0.001 -15"><span class='ocrx_word' id='word_1_551' title='bbox 131 3635 275 3673; x_wconf 88' lang='lat' dir='ltr'>mur</span> <span class='ocrx_word' id='word_1_552' title='bbox 303 3634 318 3685; x_wconf 88' lang='lat'>;</span> <span class='ocrx_word' id='word_1_553' title='bbox 352 3620 417 3670; x_wconf 89' lang='lat' dir='ltr'>ut</span> <span class='ocrx_word' id='word_1_554' title='bbox 446 3615 548 3670; x_wconf 90' lang='lat' dir='ltr'>illa</span> <span class='ocrx_word' id='word_1_555' title='bbox 579 3614 754 3670; x_wconf 89' lang='lat' dir='ltr'>vidua</span> <span class='ocrx_word' id='word_1_556' title='bbox 783 3630 914 3685; x_wconf 64' lang='lat' dir='ltr'>qua</span> <span class='ocrx_word' id='word_1_557' title='bbox 941 3613 1295 3688; x_wconf 89' lang='lat' dir='ltr'>promissam</span> <span class='ocrx_word' id='word_1_558' title='bbox 1355 3609 1564 3665; x_wconf 84' lang='lat' dir='ltr'>marito</span> <span class='ocrx_word' id='word_1_559' title='bbox 1622 3609 1796 3665; x_wconf 85' lang='lat' dir='ltr'>fidem</span> <span class='ocrx_word' id='word_1_560' title='bbox 1908 3617 2107 3671; x_wconf 89' lang='lat' dir='ltr'>Virtus</span> <span class='ocrx_word' id='word_1_561' title='bbox 2141 3613 2335 3683; x_wconf 90' lang='lat' dir='ltr'>itaque</span> <span class='ocrx_word' id='word_1_562' title='bbox 2366 3627 2479 3666; x_wconf 90' lang='lat' dir='ltr'>non</span> <span class='ocrx_word' id='word_1_563' title='bbox 2513 3625 2644 3665; x_wconf 90' lang='lat' dir='ltr'>caro</span> <span class='ocrx_word' id='word_1_564' title='bbox 2675 3614 2782 3678; x_wconf 89' lang='lat' dir='ltr'>est,</span> <span class='ocrx_word' id='word_1_565' title='bbox 2823 3627 2948 3682; x_wconf 74' lang='lat' dir='ltr'>quae</span> <span class='ocrx_word' id='word_1_566' title='bbox 2998 3610 3099 3665; x_wconf 91' lang='lat' dir='ltr'>Dei</span> <span class='ocrx_word' id='word_1_567' title='bbox 3155 3611 3343 3668; x_wconf 88' lang='lat' dir='ltr'>Patris</span> <span class='ocrx_word' id='word_1_568' title='bbox 3399 3611 3558 3668; x_wconf 83' lang='lat' dir='ltr'>novit</span> 
     </span>
    </p>
   </div>
   <div class='ocr_carea' id='block_1_73' title="bbox 125 3697 2267 3775">
    <p class='ocr_par' dir='ltr' id='par_1_73' title="bbox 125 3697 2267 3775">
     <span class='ocr_line' id='line_1_73' title="bbox 125 3697 2267 3775; baseline -0.005 -12"><span class='ocrx_word' id='word_1_569' title='bbox 125 3708 368 3763; x_wconf 89' lang='lat' dir='ltr'>irritam</span> <span class='ocrx_word' id='word_1_570' title='bbox 429 3702 586 3769; x_wconf 84' lang='lat' dir='ltr'>facit,</span> <span class='ocrx_word' id='word_1_571' title='bbox 648 3707 705 3758; x_wconf 88' lang='lat' dir='ltr'>et</span> <span class='ocrx_word' id='word_1_572' title='bbox 759 3706 967 3775; x_wconf 77' lang='lat' dir='ltr'>postea</span> <span class='ocrx_word' id='word_1_573' title='bbox 1021 3701 1240 3758; x_wconf 91' lang='lat' dir='ltr'>nubere</span> <span class='ocrx_word' id='word_1_574' title='bbox 1297 3697 1443 3766; x_wconf 90' lang='lat' dir='ltr'>vult,</span> <span class='ocrx_word' id='word_1_575' title='bbox 1476 3699 1631 3770; x_wconf 92' lang='lat' dir='ltr'>quod</span> <span class='ocrx_word' id='word_1_576' title='bbox 1663 3703 1798 3754; x_wconf 91' lang='lat' dir='ltr'>ante</span> <span class='ocrx_word' id='word_1_577' title='bbox 1904 3701 2267 3762; x_wconf 71' lang='lat' dir='ltr'>abscondita.</span> 
     </span>
    </p>
   </div>
   <div class='ocr_carea' id='block_1_74' title="bbox 129 3788 1798 3869">
    <p class='ocr_par' dir='ltr' id='par_1_74' title="bbox 129 3788 1798 3869">
     <span class='ocr_line' id='line_1_74' title="bbox 129 3788 1798 3869; baseline -0.005 -18"><span class='ocrx_word' id='word_1_578' title='bbox 129 3795 404 3869; x_wconf 84' lang='lat' dir='ltr'>fugiebat</span> <span class='ocrx_word' id='word_1_579' title='bbox 432 3793 479 3864; x_wconf 90' lang='grc' dir='ltr'>(Ι</span> <span class='ocrx_word' id='word_1_580' title='bbox 507 3794 640 3847; x_wconf 85' lang='lat' dir='ltr'>Tim.</span> <span class='ocrx_word' id='word_1_581' title='bbox 671 3809 726 3858; x_wconf 93' lang='lat' dir='ltr'>v,</span> <span class='ocrx_word' id='word_1_582' title='bbox 767 3791 872 3862; x_wconf 86' lang='lat'>12).</span> <span class='ocrx_word' id='word_1_583' title='bbox 920 3790 1024 3846; x_wconf 89' lang='lat' dir='ltr'>Ille</span> <span class='ocrx_word' id='word_1_584' title='bbox 1079 3788 1357 3850; x_wconf 73' lang='lat' dir='ltr'>inimicus</span> <span class='ocrx_word' id='word_1_585' title='bbox 1406 3792 1498 3843; x_wconf 90' lang='lat' dir='ltr'>est</span> <span class='ocrx_word' id='word_1_586' title='bbox 1555 3788 1798 3866; x_wconf 61' lang='lat' dir='ltr'>sanctis,</span> 
     </span>
    </p>
   </div>
   <div class='ocr_carea' id='block_1_75' title="bbox 128 3874 1797 3950">
    <p class='ocr_par' dir='ltr' id='par_1_75' title="bbox 128 3874 1797 3950">
     <span class='ocr_line' id='line_1_75' title="bbox 128 3874 1797 3950; baseline -0.007 -8"><span class='ocrx_word' id='word_1_587' title='bbox 128 3891 194 3942; x_wconf 87' lang='lat' dir='ltr'>et</span> <span class='ocrx_word' id='word_1_588' title='bbox 245 3883 518 3939; x_wconf 89' lang='lat' dir='ltr'>defensor</span> <span class='ocrx_word' id='word_1_589' title='bbox 575 3879 906 3944; x_wconf 89' lang='lat' dir='ltr'>adhibetur,</span> <span class='ocrx_word' id='word_1_590' title='bbox 984 3895 1102 3950; x_wconf 92' lang='lat' dir='ltr'>quo</span> <span class='ocrx_word' id='word_1_591' title='bbox 1169 3874 1422 3948; x_wconf 87' lang='lat' dir='ltr'>amplius</span> <span class='ocrx_word' id='word_1_592' title='bbox 1481 3875 1797 3948; x_wconf 89' lang='lat' dir='ltr'>puniatur;</span> 
     </span>
    </p>
   </div>
   <div class='ocr_carea' id='block_1_76' title="bbox 1979 3789 3561 3864">
    <p class='ocr_par' dir='ltr' id='par_1_76' title="bbox 1979 3789 3561 3864">
     <span class='ocr_line' id='line_1_76' title="bbox 1979 3789 3561 3864; baseline -0.003 -16"><span class='ocrx_word' id='word_1_593' title='bbox 1979 3797 2068 3848; x_wconf 87' lang='lat'>28.</span> <span class='ocrx_word' id='word_1_594' title='bbox 2103 3792 2219 3864; x_wconf 86' lang='lat' dir='ltr'>Ego</span> <span class='ocrx_word' id='word_1_595' title='bbox 2251 3807 2363 3844; x_wconf 91' lang='lat' dir='ltr'>non</span> <span class='ocrx_word' id='word_1_596' title='bbox 2394 3794 2482 3846; x_wconf 91' lang='lat' dir='ltr'>est</span> <span class='ocrx_word' id='word_1_597' title='bbox 2513 3806 2624 3862; x_wconf 84' lang='lat' dir='ltr'>pax</span> <span class='ocrx_word' id='word_1_598' title='bbox 2671 3789 2878 3845; x_wconf 66' lang='lat' dir='ltr'>animae</span> <span class='ocrx_word' id='word_1_599' title='bbox 2925 3789 3265 3858; x_wconf 88' lang='lat' dir='ltr'>virtutibus,</span> <span class='ocrx_word' id='word_1_600' title='bbox 3326 3791 3561 3861; x_wconf 88' lang='lat' dir='ltr'>quando</span> 
     </span>
    </p>
   </div>
   <div class='ocr_carea' id='block_1_77' title="bbox 1913 3878 3566 3949">
    <p class='ocr_par' dir='ltr' id='par_1_77' title="bbox 1913 3878 3566 3949">
     <span class='ocr_line' id='line_1_77' title="bbox 1913 3878 3566 3949; baseline -0.004 -11"><span class='ocrx_word' id='word_1_601' title='bbox 1913 3886 2046 3939; x_wconf 88' lang='lat' dir='ltr'>ante</span> <span class='ocrx_word' id='word_1_602' title='bbox 2085 3878 2283 3934; x_wconf 89' lang='lat' dir='ltr'>oculos</span> <span class='ocrx_word' id='word_1_603' title='bbox 2334 3879 2500 3933; x_wconf 92' lang='lat' dir='ltr'>nobis</span> <span class='ocrx_word' id='word_1_604' title='bbox 2550 3883 2749 3934; x_wconf 91' lang='lat' dir='ltr'>nostra</span> <span class='ocrx_word' id='word_1_605' title='bbox 2795 3881 3032 3949; x_wconf 88' lang='lat' dir='ltr'>peccata</span> <span class='ocrx_word' id='word_1_606' title='bbox 3075 3882 3449 3945; x_wconf 89' lang='lat' dir='ltr'>concurrunt,</span> <span class='ocrx_word' id='word_1_607' title='bbox 3507 3881 3566 3933; x_wconf 84' lang='lat' dir='ltr'>et</span> 
     </span>
    </p>
   </div>
   <div class='ocr_carea' id='block_1_78' title="bbox 128 3964 3566 4039">
    <p class='ocr_par' dir='ltr' id='par_1_78' title="bbox 128 3964 3566 4039">
     <span class='ocr_line' id='line_1_78' title="bbox 128 3964 3566 4039; baseline -0.003 -9"><span class='ocrx_word' id='word_1_608' title='bbox 128 3981 204 4030; x_wconf 85' lang='lat' dir='ltr'>ut</span> <span class='ocrx_word' id='word_1_609' title='bbox 237 3987 447 4028; x_wconf 77' lang='lat' dir='ltr'>nocere</span> <span class='ocrx_word' id='word_1_610' title='bbox 490 3987 606 4026; x_wconf 89' lang='lat' dir='ltr'>non</span> <span class='ocrx_word' id='word_1_611' title='bbox 664 3969 896 4033; x_wconf 72' lang='lat' dir='ltr'>audeat,</span> <span class='ocrx_word' id='word_1_612' title='bbox 958 3967 1059 4039; x_wconf 88' lang='lat' dir='ltr'>qui</span> <span class='ocrx_word' id='word_1_613' title='bbox 1091 3981 1299 4024; x_wconf 77' lang='lat' dir='ltr'>nocere</span> <span class='ocrx_word' id='word_1_614' title='bbox 1368 3964 1678 4020; x_wconf 66' lang='lat' dir='ltr'>deSideI‘at.</span> <span class='ocrx_word' id='word_1_615' title='bbox 1733 3966 1804 4020; x_wconf 70' lang='lat' dir='ltr'>Et</span> <span class='ocrx_word' id='word_1_616' title='bbox 1912 3969 2224 4027; x_wconf 70' lang='lat' dir='ltr'>offundunt</span> <span class='ocrx_word' id='word_1_617' title='bbox 2255 3983 2316 4023; x_wconf 89' lang='lat' dir='ltr'>se</span> <span class='ocrx_word' id='word_1_618' title='bbox 2347 3967 2643 4022; x_wconf 89' lang='lat' dir='ltr'>mentibus</span> <span class='ocrx_word' id='word_1_619' title='bbox 2675 3966 2913 4021; x_wconf 88' lang='lat' dir='ltr'>nostris.</span> <span class='ocrx_word' id='word_1_620' title='bbox 2947 3965 3017 4020; x_wconf 90' lang='lat' dir='ltr'>Et</span> <span class='ocrx_word' id='word_1_621' title='bbox 3045 3964 3152 4020; x_wconf 89' lang='lat' dir='ltr'>hoc</span> <span class='ocrx_word' id='word_1_622' title='bbox 3184 3965 3330 4021; x_wconf 90' lang='lat' dir='ltr'>bene</span> <span class='ocrx_word' id='word_1_623' title='bbox 3387 3965 3566 4021; x_wconf 84' lang='lat' dir='ltr'>inter-</span> 
     </span>
    </p>
   </div>
   <div class='ocr_carea' id='block_1_79' title="bbox 126 4051 3570 4137">
    <p class='ocr_par' dir='ltr' id='par_1_79' title="bbox 126 4051 3570 4137">
     <span class='ocr_line' id='line_1_79' title="bbox 126 4051 3570 4137; baseline -0.003 -18"><span class='ocrx_word' id='word_1_624' title='bbox 126 4065 367 4137; x_wconf 89' lang='lat' dir='ltr'>quanto</span> <span class='ocrx_word' id='word_1_625' title='bbox 397 4057 760 4116; x_wconf 90' lang='lat' dir='ltr'>tolerabilius</span> <span class='ocrx_word' id='word_1_626' title='bbox 781 4062 869 4114; x_wconf 88' lang='lat' dir='ltr'>est</span> <span class='ocrx_word' id='word_1_627' title='bbox 892 4071 1090 4112; x_wconf 90' lang='lat' dir='ltr'>amare</span> <span class='ocrx_word' id='word_1_628' title='bbox 1111 4055 1379 4122; x_wconf 88' lang='lat' dir='ltr'>virtutes,</span> <span class='ocrx_word' id='word_1_629' title='bbox 1404 4053 1511 4109; x_wconf 89' lang='lat' dir='ltr'>etsi</span> <span class='ocrx_word' id='word_1_630' title='bbox 1560 4053 1803 4126; x_wconf 88' lang='lat' dir='ltr'>implere</span> <span class='ocrx_word' id='word_1_631' title='bbox 1912 4062 2174 4133; x_wconf 82' lang='lat' dir='ltr'>pretatus</span> <span class='ocrx_word' id='word_1_632' title='bbox 2216 4059 2305 4110; x_wconf 88' lang='lat' dir='ltr'>est</span> <span class='ocrx_word' id='word_1_633' title='bbox 2361 4055 2623 4126; x_wconf 88' lang='lat' dir='ltr'>gentium</span> <span class='ocrx_word' id='word_1_634' title='bbox 2675 4059 2883 4109; x_wconf 92' lang='lat' dir='ltr'>Doctor</span> <span class='ocrx_word' id='word_1_635' title='bbox 2938 4053 3180 4120; x_wconf 89' lang='lat' dir='ltr'>electus,</span> <span class='ocrx_word' id='word_1_636' title='bbox 3214 4053 3272 4108; x_wconf 93' lang='lat' dir='ltr'>in</span> <span class='ocrx_word' id='word_1_637' title='bbox 3321 4051 3570 4126; x_wconf 86' lang='lat' dir='ltr'>epistola</span> 
     </span>
    </p>
   </div>
   <div class='ocr_carea' id='block_1_80' title="bbox 129 4142 3567 4223">
    <p class='ocr_par' dir='ltr' id='par_1_80' title="bbox 129 4142 3567 4223">
     <span class='ocr_line' id='line_1_80' title="bbox 129 4142 3567 4223; baseline -0.006 -6"><span class='ocrx_word' id='word_1_638' title='bbox 129 4169 259 4209; x_wconf 81' lang='lat' dir='ltr'>non</span> <span class='ocrx_word' id='word_1_639' title='bbox 296 4149 511 4223; x_wconf 71' lang='lat' dir='ltr'>possis,</span> <span class='ocrx_word' id='word_1_640' title='bbox 541 4165 718 4221; x_wconf 79' lang='lat' dir='ltr'>quam</span> <span class='ocrx_word' id='word_1_641' title='bbox 764 4146 1000 4202; x_wconf 78' lang='lat' dir='ltr'>audisse</span> <span class='ocrx_word' id='word_1_642' title='bbox 1052 4145 1319 4210; x_wconf 69' lang='lat' dir='ltr'>virtutes,</span> <span class='ocrx_word' id='word_1_643' title='bbox 1383 4142 1598 4216; x_wconf 83' lang='lat' dir='ltr'>quibus</span> <span class='ocrx_word' id='word_1_644' title='bbox 1639 4160 1805 4198; x_wconf 86' lang='lat' dir='ltr'>noce-</span> <span class='ocrx_word' id='word_1_645' title='bbox 1917 4145 2177 4205; x_wconf 89' lang='lat' dir='ltr'>secunda</span> <span class='ocrx_word' id='word_1_646' title='bbox 2207 4144 2278 4200; x_wconf 89' lang='lat' dir='ltr'>ad</span> <span class='ocrx_word' id='word_1_647' title='bbox 2311 4142 2641 4198; x_wconf 76' lang='lat' dir='ltr'>Corinthios</span> <span class='ocrx_word' id='word_1_648' title='bbox 2672 4142 2906 4198; x_wconf 84' lang='lat' dir='ltr'>dicens:</span> <span class='ocrx_word' id='word_1_649' title='bbox 2944 4142 3145 4196; x_wconf 86' lang='lat' dir='ltr'>«Nam</span> <span class='ocrx_word' id='word_1_650' title='bbox 3199 4146 3255 4197; x_wconf 94' lang='lat' dir='ltr'>et</span> <span class='ocrx_word' id='word_1_651' title='bbox 3293 4158 3428 4198; x_wconf 90' lang='lat' dir='ltr'>cum</span> <span class='ocrx_word' id='word_1_652' title='bbox 3471 4157 3567 4198; x_wconf 87' lang='lat' dir='ltr'>ve-</span> 
     </span>
    </p>
   </div>
   <div class='ocr_carea' id='block_1_81' title="bbox 137 4229 3571 4310">
    <p class='ocr_par' dir='ltr' id='par_1_81' title="bbox 137 4229 3571 4310">
     <span class='ocr_line' id='line_1_81' title="bbox 137 4229 3571 4310; baseline -0.002 -16"><span class='ocrx_word' id='word_1_653' title='bbox 137 4258 207 4296; x_wconf 88' lang='lat' dir='ltr'>re</span> <span class='ocrx_word' id='word_1_654' title='bbox 242 4255 361 4294; x_wconf 92' lang='lat' dir='ltr'>non</span> <span class='ocrx_word' id='word_1_655' title='bbox 398 4237 609 4310; x_wconf 90' lang='lat' dir='ltr'>possis.</span> <span class='ocrx_word' id='word_1_656' title='bbox 1918 4237 2211 4292; x_wconf 89' lang='lat' dir='ltr'>nissemus</span> <span class='ocrx_word' id='word_1_657' title='bbox 2249 4232 2306 4286; x_wconf 92' lang='lat' dir='ltr'>in</span> <span class='ocrx_word' id='word_1_658' title='bbox 2336 4231 2756 4298; x_wconf 86' lang='lat' dir='ltr'>Macedoniam,</span> <span class='ocrx_word' id='word_1_659' title='bbox 2792 4229 3013 4285; x_wconf 88' lang='lat' dir='ltr'>nullam</span> <span class='ocrx_word' id='word_1_660' title='bbox 3047 4230 3306 4301; x_wconf 90' lang='lat' dir='ltr'>requiem</span> <span class='ocrx_word' id='word_1_661' title='bbox 3364 4229 3571 4286; x_wconf 83' lang='lat' dir='ltr'>habuit</span> 
     </span>
    </p>
   </div>
   <div class='ocr_carea' id='block_1_82' title="bbox 216 4319 3568 4399">
    <p class='ocr_par' dir='ltr' id='par_1_82' title="bbox 216 4319 3568 4399">
     <span class='ocr_line' id='line_1_82' title="bbox 216 4319 3568 4399; baseline -0.001 -21"><span class='ocrx_word' id='word_1_662' title='bbox 216 4329 309 4384; x_wconf 84' lang='lat'>26.</span> <span class='ocrx_word' id='word_1_663' title='bbox 373 4325 558 4399; x_wconf 87' lang='lat' dir='ltr'>(Vers.</span> <span class='ocrx_word' id='word_1_664' title='bbox 616 4327 692 4396; x_wconf 63' lang='grc' dir='ltr'>ὦ.)</span> <span class='ocrx_word' id='word_1_665' title='bbox 766 4349 791 4374; x_wconf 89' lang='grc'>‹‹</span> <span class='ocrx_word' id='word_1_666' title='bbox 854 4324 979 4379; x_wconf 84' lang='lat' dir='ltr'>Non</span> <span class='ocrx_word' id='word_1_667' title='bbox 1028 4328 1138 4392; x_wconf 87' lang='lat' dir='ltr'>est,</span> <span class='ocrx_word' id='word_1_668' title='bbox 1196 4321 1409 4393; x_wconf 90' lang='lat' dir='ltr'>inquit,</span> <span class='ocrx_word' id='word_1_669' title='bbox 1471 4320 1692 4376; x_wconf 80' lang='lat' dir='ltr'>sanitas</span> <span class='ocrx_word' id='word_1_670' title='bbox 1748 4319 1808 4374; x_wconf 87' lang='lat' dir='ltr'>in</span> <span class='ocrx_word' id='word_1_671' title='bbox 1921 4327 2065 4383; x_wconf 67' lang='lat'>827</span> <span class='ocrx_word' id='word_1_672' title='bbox 2102 4339 2234 4378; x_wconf 90' lang='lat' dir='ltr'>caro</span> <span class='ocrx_word' id='word_1_673' title='bbox 2274 4327 2510 4388; x_wconf 84' lang='lat' dir='ltr'>nostra;</span> <span class='ocrx_word' id='word_1_674' title='bbox 2545 4320 2646 4374; x_wconf 89' lang='lat' dir='ltr'>sed</span> <span class='ocrx_word' id='word_1_675' title='bbox 2675 4319 2732 4373; x_wconf 93' lang='lat' dir='ltr'>in</span> <span class='ocrx_word' id='word_1_676' title='bbox 2781 4319 3058 4374; x_wconf 90' lang='lat' dir='ltr'>omnibus</span> <span class='ocrx_word' id='word_1_677' title='bbox 3087 4335 3294 4375; x_wconf 86' lang='lat' dir='ltr'>sumus</span> <span class='ocrx_word' id='word_1_678' title='bbox 3344 4319 3568 4387; x_wconf 83' lang='lat' dir='ltr'>afflicti,</span> 
     </span>
    </p>
   </div>
   <div class='ocr_carea' id='block_1_83' title="bbox 134 4407 3568 4484">
    <p class='ocr_par' dir='ltr' id='par_1_83' title="bbox 134 4407 3568 4484">
     <span class='ocr_line' id='line_1_83' title="bbox 134 4407 3568 4484; baseline -0.003 -10"><span class='ocrx_word' id='word_1_679' title='bbox 134 4433 328 4475; x_wconf 85' lang='lat' dir='ltr'>carne</span> <span class='ocrx_word' id='word_1_680' title='bbox 359 4431 490 4470; x_wconf 89' lang='lat' dir='ltr'>mea</span> <span class='ocrx_word' id='word_1_681' title='bbox 525 4432 558 4470; x_wconf 94' lang='lat' dir='ltr'>a</span> <span class='ocrx_word' id='word_1_682' title='bbox 591 4413 756 4469; x_wconf 90' lang='lat' dir='ltr'>vultu</span> <span class='ocrx_word' id='word_1_683' title='bbox 783 4413 879 4468; x_wconf 70' lang='lat' dir='ltr'>iraa</span> <span class='ocrx_word' id='word_1_684' title='bbox 927 4417 1039 4468; x_wconf 79' lang='lat' dir='ltr'>tuae</span> <span class='ocrx_word' id='word_1_685' title='bbox 1062 4455 1074 4467; x_wconf 93' lang='lat'>.</span> <span class='ocrx_word' id='word_1_686' title='bbox 1111 4434 1138 4461; x_wconf 85' lang='grc'>››</span> <span class='ocrx_word' id='word_1_687' title='bbox 1166 4409 1445 4482; x_wconf 84' lang='lat' dir='ltr'>Exposuit</span> <span class='ocrx_word' id='word_1_688' title='bbox 1467 4408 1635 4466; x_wconf 87' lang='lat' dir='ltr'>nobis</span> <span class='ocrx_word' id='word_1_689' title='bbox 1656 4409 1812 4467; x_wconf 92' lang='lat' dir='ltr'>hunc</span> <span class='ocrx_word' id='word_1_690' title='bbox 1923 4413 2064 4470; x_wconf 87' lang='lat' dir='ltr'>foris</span> <span class='ocrx_word' id='word_1_691' title='bbox 2097 4427 2325 4484; x_wconf 77' lang='lat' dir='ltr'>pugnae,</span> <span class='ocrx_word' id='word_1_692' title='bbox 2360 4408 2520 4464; x_wconf 90' lang='lat' dir='ltr'>intus</span> <span class='ocrx_word' id='word_1_693' title='bbox 2549 4408 2789 4463; x_wconf 91' lang='lat' dir='ltr'>timores</span> <span class='ocrx_word' id='word_1_694' title='bbox 2820 4409 2890 4479; x_wconf 92' lang='lat' dir='ltr'>(II</span> <span class='ocrx_word' id='word_1_695' title='bbox 2911 4407 3030 4463; x_wconf 86' lang='lat' dir='ltr'>Cor.</span> <span class='ocrx_word' id='word_1_696' title='bbox 3063 4424 3164 4475; x_wconf 83' lang='lat' dir='ltr'>vn,</span> <span class='ocrx_word' id='word_1_697' title='bbox 3196 4409 3274 4477; x_wconf 89' lang='lat'>5).</span> <span class='ocrx_word' id='word_1_698' title='bbox 3323 4431 3352 4458; x_wconf 84' lang='lat'>»</span> <span class='ocrx_word' id='word_1_699' title='bbox 3400 4407 3568 4464; x_wconf 90' lang='lat' dir='ltr'>Illum</span> 
     </span>
    </p>
   </div>
   <div class='ocr_carea' id='block_1_84' title="bbox 133 4496 3575 4571">
    <p class='ocr_par' dir='ltr' id='par_1_84' title="bbox 133 4496 3575 4571">
     <span class='ocr_line' id='line_1_84' title="bbox 133 4496 3575 4571; baseline -0.003 -7"><span class='ocrx_word' id='word_1_700' title='bbox 133 4510 344 4564; x_wconf 89' lang='lat' dir='ltr'>locum</span> <span class='ocrx_word' id='word_1_701' title='bbox 379 4505 556 4560; x_wconf 87' lang='lat' dir='ltr'>Isaias</span> <span class='ocrx_word' id='word_1_702' title='bbox 589 4522 602 4571; x_wconf 91' lang='lat'>;</span> <span class='ocrx_word' id='word_1_703' title='bbox 636 4526 662 4553; x_wconf 91' lang='grc'>‹‹</span> <span class='ocrx_word' id='word_1_704' title='bbox 699 4501 1094 4569; x_wconf 89' lang='lat' dir='ltr'>Peccavimus,</span> <span class='ocrx_word' id='word_1_705' title='bbox 1127 4504 1183 4555; x_wconf 90' lang='lat' dir='ltr'>et</span> <span class='ocrx_word' id='word_1_706' title='bbox 1208 4503 1269 4554; x_wconf 87' lang='lat' dir='ltr'>tu</span> <span class='ocrx_word' id='word_1_707' title='bbox 1294 4500 1478 4554; x_wconf 88' lang='lat' dir='ltr'>iralus</span> <span class='ocrx_word' id='word_1_708' title='bbox 1529 4515 1588 4553; x_wconf 90' lang='lat' dir='ltr'>es</span> <span class='ocrx_word' id='word_1_709' title='bbox 1644 4497 1815 4555; x_wconf 90' lang='lat' dir='ltr'>nobis</span> <span class='ocrx_word' id='word_1_710' title='bbox 1921 4503 2298 4558; x_wconf 84' lang='lat' dir='ltr'>Macedonum</span> <span class='ocrx_word' id='word_1_711' title='bbox 2335 4502 2565 4571; x_wconf 87' lang='lat' dir='ltr'>peccata</span> <span class='ocrx_word' id='word_1_712' title='bbox 2597 4497 2917 4565; x_wconf 82' lang='lat' dir='ltr'>vexabant;</span> <span class='ocrx_word' id='word_1_713' title='bbox 2959 4501 3180 4569; x_wconf 90' lang='lat' dir='ltr'>quanto</span> <span class='ocrx_word' id='word_1_714' title='bbox 3213 4496 3404 4570; x_wconf 85' lang='lat' dir='ltr'>magis</span> <span class='ocrx_word' id='word_1_715' title='bbox 3436 4513 3575 4570; x_wconf 86' lang='lat' dir='ltr'>pro-</span> 
     </span>
    </p>
   </div>
   <div class='ocr_carea' id='block_1_85' title="bbox 134 4586 3572 4668">
    <p class='ocr_par' dir='ltr' id='par_1_85' title="bbox 134 4586 3572 4668">
     <span class='ocr_line' id='line_1_85' title="bbox 134 4586 3572 4668; baseline -0.003 -17"><span class='ocrx_word' id='word_1_716' title='bbox 134 4598 274 4668; x_wconf 81' lang='lat' dir='ltr'>(Isa.</span> <span class='ocrx_word' id='word_1_717' title='bbox 334 4609 482 4657; x_wconf 81' lang='lat' dir='ltr'>wa,</span> <span class='ocrx_word' id='word_1_718' title='bbox 515 4593 591 4663; x_wconf 93' lang='lat'>5).</span> <span class='ocrx_word' id='word_1_719' title='bbox 629 4615 656 4640; x_wconf 85' lang='lat'>»</span> <span class='ocrx_word' id='word_1_720' title='bbox 689 4590 829 4654; x_wconf 86' lang='lat' dir='ltr'>Quis</span> <span class='ocrx_word' id='word_1_721' title='bbox 861 4595 951 4645; x_wconf 85' lang='lat' dir='ltr'>est</span> <span class='ocrx_word' id='word_1_722' title='bbox 981 4594 1176 4644; x_wconf 89' lang='lat' dir='ltr'>tamen</span> <span class='ocrx_word' id='word_1_723' title='bbox 1208 4587 1302 4641; x_wconf 64' lang='lat' dir='ltr'>irae</span> <span class='ocrx_word' id='word_1_724' title='bbox 1336 4586 1814 4643; x_wconf 77' lang='lat' dir='ltr'>Dominivultus?</span> <span class='ocrx_word' id='word_1_725' title='bbox 1841 4593 1890 4664; x_wconf 74' lang='grc' dir='ltr'>Β</span> <span class='ocrx_word' id='word_1_726' title='bbox 1923 4591 2048 4665; x_wconf 86' lang='lat' dir='ltr'>pria</span> <span class='ocrx_word' id='word_1_727' title='bbox 2078 4603 2559 4660; x_wconf 87' lang='lat' dir='ltr'>unumquemque</span> <span class='ocrx_word' id='word_1_728' title='bbox 2592 4590 2859 4642; x_wconf 89' lang='lat' dir='ltr'>nostrum</span> <span class='ocrx_word' id='word_1_729' title='bbox 2921 4592 3159 4658; x_wconf 87' lang='lat' dir='ltr'>peccata</span> <span class='ocrx_word' id='word_1_730' title='bbox 3207 4587 3572 4658; x_wconf 81' lang='lat' dir='ltr'>perturbant,</span> 
     </span>
    </p>
   </div>
   <div class='ocr_carea' id='block_1_86' title="bbox 131 4675 3575 4752">
    <p class='ocr_par' dir='ltr' id='par_1_86' title="bbox 131 4675 3575 4752">
     <span class='ocr_line' id='line_1_86' title="bbox 131 4675 3575 4752; baseline -0.004 -10"><span class='ocrx_word' id='word_1_731' title='bbox 131 4686 225 4742; x_wconf 80' lang='lat' dir='ltr'>Ne</span> <span class='ocrx_word' id='word_1_732' title='bbox 257 4683 409 4738; x_wconf 81' lang='lat' dir='ltr'>forte</span> <span class='ocrx_word' id='word_1_733' title='bbox 439 4680 557 4748; x_wconf 91' lang='lat' dir='ltr'>ille,</span> <span class='ocrx_word' id='word_1_734' title='bbox 592 4681 730 4751; x_wconf 90' lang='lat' dir='ltr'>quia</span> <span class='ocrx_word' id='word_1_735' title='bbox 763 4677 961 4734; x_wconf 85' lang='lat' dir='ltr'>«Oculi</span> <span class='ocrx_word' id='word_1_736' title='bbox 1012 4676 1247 4732; x_wconf 89' lang='lat' dir='ltr'>Domini</span> <span class='ocrx_word' id='word_1_737' title='bbox 1306 4692 1482 4747; x_wconf 86' lang='lat' dir='ltr'>super</span> <span class='ocrx_word' id='word_1_738' title='bbox 1539 4675 1814 4730; x_wconf 78' lang='lat' dir='ltr'>facientes</span> <span class='ocrx_word' id='word_1_739' title='bbox 1926 4686 1993 4737; x_wconf 89' lang='lat' dir='ltr'>ut</span> <span class='ocrx_word' id='word_1_740' title='bbox 2023 4679 2254 4752; x_wconf 89' lang='lat' dir='ltr'>requies</span> <span class='ocrx_word' id='word_1_741' title='bbox 2286 4677 2452 4732; x_wconf 77' lang='lat' dir='ltr'>nobis</span> <span class='ocrx_word' id='word_1_742' title='bbox 2483 4692 2611 4730; x_wconf 89' lang='lat' dir='ltr'>esse</span> <span class='ocrx_word' id='word_1_743' title='bbox 2642 4692 2754 4730; x_wconf 91' lang='lat' dir='ltr'>non</span> <span class='ocrx_word' id='word_1_744' title='bbox 2789 4676 3010 4748; x_wconf 77' lang='lat' dir='ltr'>possit?</span> <span class='ocrx_word' id='word_1_745' title='bbox 3039 4675 3280 4731; x_wconf 89' lang='lat' dir='ltr'>Gravior</span> <span class='ocrx_word' id='word_1_746' title='bbox 3309 4676 3575 4731; x_wconf 87' lang='lat' dir='ltr'>adversa-</span> 
     </span>
    </p>
   </div>
   <div class='ocr_carea' id='block_1_87' title="bbox 136 4763 1816 4842">
    <p class='ocr_par' dir='ltr' id='par_1_87' title="bbox 136 4763 1816 4842">
     <span class='ocr_line' id='line_1_87' title="bbox 136 4763 1816 4842; baseline -0.007 -12"><span class='ocrx_word' id='word_1_747' title='bbox 136 4772 314 4830; x_wconf 84' lang='lat' dir='ltr'>mala</span> <span class='ocrx_word' id='word_1_748' title='bbox 345 4771 514 4842; x_wconf 81' lang='lat' dir='ltr'>(Psal.</span> <span class='ocrx_word' id='word_1_749' title='bbox 546 4786 747 4835; x_wconf 69' lang='grc' dir='ltr'>χχχιιι,</span> <span class='ocrx_word' id='word_1_750' title='bbox 776 4769 886 4838; x_wconf 84' lang='grc'>47).</span> <span class='ocrx_word' id='word_1_751' title='bbox 923 4789 950 4815; x_wconf 89' lang='grc'><strong>››</strong></span> <span class='ocrx_word' id='word_1_752' title='bbox 985 4766 1042 4822; x_wconf 94' lang='lat' dir='ltr'>Si</span> <span class='ocrx_word' id='word_1_753' title='bbox 1067 4767 1221 4821; x_wconf 91' lang='lat' dir='ltr'>enim</span> <span class='ocrx_word' id='word_1_754' title='bbox 1257 4764 1408 4821; x_wconf 91' lang='lat' dir='ltr'>oculi</span> <span class='ocrx_word' id='word_1_755' title='bbox 1443 4763 1678 4818; x_wconf 91' lang='lat' dir='ltr'>Domini</span> <span class='ocrx_word' id='word_1_756' title='bbox 1717 4781 1816 4819; x_wconf 91' lang='lat' dir='ltr'>su-</span> 
     </span>
    </p>
   </div>
   <div class='ocr_carea' id='block_1_88' title="bbox 137 4851 1821 4935">
    <p class='ocr_par' dir='ltr' id='par_1_88' title="bbox 137 4851 1821 4935">
     <span class='ocr_line' id='line_1_88' title="bbox 137 4851 1821 4935; baseline -0.007 -18"><span class='ocrx_word' id='word_1_757' title='bbox 137 4880 255 4935; x_wconf 88' lang='lat' dir='ltr'>per</span> <span class='ocrx_word' id='word_1_758' title='bbox 281 4857 888 4932; x_wconf 85' lang='lat' dir='ltr'>justos,quomodoa</span> <span class='ocrx_word' id='word_1_759' title='bbox 943 4854 1109 4910; x_wconf 88' lang='lat' dir='ltr'>vultu</span> <span class='ocrx_word' id='word_1_760' title='bbox 1169 4855 1266 4909; x_wconf 65' lang='lat' dir='ltr'>ira:</span> <span class='ocrx_word' id='word_1_761' title='bbox 1326 4851 1428 4908; x_wconf 88' lang='lat' dir='ltr'>Dei</span> <span class='ocrx_word' id='word_1_762' title='bbox 1485 4852 1821 4906; x_wconf 84' lang='lat' dir='ltr'>inﬁrmatur</span> 
     </span>
    </p>
   </div>
   <div class='ocr_carea' id='block_1_89' title="bbox 139 4939 1817 5022">
    <p class='ocr_par' dir='ltr' id='par_1_89' title="bbox 139 4939 1817 5022">
     <span class='ocr_line' id='line_1_89' title="bbox 139 4939 1817 5022; baseline -0.008 -15"><span class='ocrx_word' id='word_1_763' title='bbox 139 4949 448 5022; x_wconf 85' lang='lat' dir='ltr'>Propheta</span> <span class='ocrx_word' id='word_1_764' title='bbox 469 4946 497 5001; x_wconf 84' lang='lat'><strong>?</strong></span> <span class='ocrx_word' id='word_1_765' title='bbox 529 4946 692 5003; x_wconf 92' lang='lat' dir='ltr'>Unde</span> <span class='ocrx_word' id='word_1_766' title='bbox 715 4949 771 5002; x_wconf 89' lang='lat' dir='ltr'>et</span> <span class='ocrx_word' id='word_1_767' title='bbox 800 4943 942 5000; x_wconf 92' lang='lat' dir='ltr'>illud</span> <span class='ocrx_word' id='word_1_768' title='bbox 961 4943 1289 5008; x_wconf 90' lang='lat' dir='ltr'>considera,</span> <span class='ocrx_word' id='word_1_769' title='bbox 1315 4941 1468 5014; x_wconf 91' lang='lat' dir='ltr'>quod</span> <span class='ocrx_word' id='word_1_770' title='bbox 1490 4941 1612 5013; x_wconf 90' lang='lat' dir='ltr'>ipse</span> <span class='ocrx_word' id='word_1_771' title='bbox 1640 4939 1817 4995; x_wconf 86' lang='lat' dir='ltr'>David</span> 
     </span>
    </p>
   </div>
   <div class='ocr_carea' id='block_1_90' title="bbox 139 5029 1819 5110">
    <p class='ocr_par' dir='ltr' id='par_1_90' title="bbox 139 5029 1819 5110">
     <span class='ocr_line' id='line_1_90' title="bbox 139 5029 1819 5110; baseline -0.008 -15"><span class='ocrx_word' id='word_1_772' title='bbox 139 5041 208 5095; x_wconf 88' lang='lat' dir='ltr'>in</span> <span class='ocrx_word' id='word_1_773' title='bbox 245 5036 674 5110; x_wconf 85' lang='lat' dir='ltr'>posterioribus</span> <span class='ocrx_word' id='word_1_774' title='bbox 709 5033 892 5089; x_wconf 87' lang='lat' dir='ltr'>dixit:</span> <span class='ocrx_word' id='word_1_775' title='bbox 927 5056 954 5083; x_wconf 83' lang='lat'><strong>«</strong></span> <span class='ocrx_word' id='word_1_776' title='bbox 988 5032 1274 5098; x_wconf 88' lang='lat' dir='ltr'>Quoniam</span> <span class='ocrx_word' id='word_1_777' title='bbox 1307 5047 1373 5086; x_wconf 85' lang='lat' dir='ltr'>ex</span> <span class='ocrx_word' id='word_1_778' title='bbox 1406 5029 1683 5085; x_wconf 91' lang='lat' dir='ltr'>omnibus</span> <span class='ocrx_word' id='word_1_779' title='bbox 1712 5029 1819 5083; x_wconf 87' lang='lat' dir='ltr'>tri-</span> 
     </span>
    </p>
   </div>
   <div class='ocr_carea' id='block_1_91' title="bbox 141 5118 1822 5195">
    <p class='ocr_par' dir='ltr' id='par_1_91' title="bbox 141 5118 1822 5195">
     <span class='ocr_line' id='line_1_91' title="bbox 141 5118 1822 5195; baseline -0.007 -11"><span class='ocrx_word' id='word_1_780' title='bbox 141 5125 562 5184; x_wconf 87' lang='lat' dir='ltr'>bulationibus</span> <span class='ocrx_word' id='word_1_781' title='bbox 588 5122 855 5195; x_wconf 88' lang='lat' dir='ltr'>eripuisti</span> <span class='ocrx_word' id='word_1_782' title='bbox 890 5137 1019 5189; x_wconf 93' lang='lat' dir='ltr'>me;</span> <span class='ocrx_word' id='word_1_783' title='bbox 1053 5128 1109 5176; x_wconf 93' lang='lat' dir='ltr'>et</span> <span class='ocrx_word' id='word_1_784' title='bbox 1139 5136 1318 5191; x_wconf 85' lang='lat' dir='ltr'>super</span> <span class='ocrx_word' id='word_1_785' title='bbox 1351 5118 1621 5174; x_wconf 90' lang='lat' dir='ltr'>inimicos</span> <span class='ocrx_word' id='word_1_786' title='bbox 1662 5134 1822 5173; x_wconf 89' lang='lat' dir='ltr'>meos</span> 
     </span>
    </p>
   </div>
   <div class='ocr_carea' id='block_1_92' title="bbox 138 5206 1822 5287">
    <p class='ocr_par' dir='ltr' id='par_1_92' title="bbox 138 5206 1822 5287">
     <span class='ocr_line' id='line_1_92' title="bbox 138 5206 1822 5287; baseline -0.007 -15"><span class='ocrx_word' id='word_1_787' title='bbox 138 5213 418 5287; x_wconf 85' lang='lat' dir='ltr'>respexit</span> <span class='ocrx_word' id='word_1_788' title='bbox 446 5211 654 5269; x_wconf 91' lang='lat' dir='ltr'>oculus</span> <span class='ocrx_word' id='word_1_789' title='bbox 687 5228 856 5268; x_wconf 89' lang='lat' dir='ltr'>meus</span> <span class='ocrx_word' id='word_1_790' title='bbox 890 5211 1060 5284; x_wconf 77' lang='lat' dir='ltr'>(Psal.</span> <span class='ocrx_word' id='word_1_791' title='bbox 1096 5225 1214 5274; x_wconf 81' lang='lat' dir='ltr'>Lm,</span> <span class='ocrx_word' id='word_1_792' title='bbox 1249 5208 1327 5279; x_wconf 87' lang='lat'>9).</span> <span class='ocrx_word' id='word_1_793' title='bbox 1364 5231 1392 5257; x_wconf 88' lang='lat'>»</span> <span class='ocrx_word' id='word_1_794' title='bbox 1451 5207 1613 5263; x_wconf 88' lang='lat' dir='ltr'>Sicut</span> <span class='ocrx_word' id='word_1_795' title='bbox 1665 5206 1822 5261; x_wconf 91' lang='lat' dir='ltr'>enim</span> 
     </span>
    </p>
   </div>
   <div class='ocr_carea' id='block_1_93' title="bbox 142 5293 1826 5374">
    <p class='ocr_par' dir='ltr' id='par_1_93' title="bbox 142 5293 1826 5374">
     <span class='ocr_line' id='line_1_93' title="bbox 142 5293 1826 5374; baseline -0.007 -12"><span class='ocrx_word' id='word_1_796' title='bbox 142 5309 317 5362; x_wconf 81' lang='lat' dir='ltr'>bona</span> <span class='ocrx_word' id='word_1_797' title='bbox 337 5303 640 5374; x_wconf 88' lang='lat' dir='ltr'>justorum</span> <span class='ocrx_word' id='word_1_798' title='bbox 671 5298 950 5373; x_wconf 89' lang='lat' dir='ltr'>respicit;</span> <span class='ocrx_word' id='word_1_799' title='bbox 985 5299 1067 5354; x_wconf 90' lang='lat' dir='ltr'>ita</span> <span class='ocrx_word' id='word_1_800' title='bbox 1096 5303 1152 5354; x_wconf 91' lang='lat' dir='ltr'>et</span> <span class='ocrx_word' id='word_1_801' title='bbox 1181 5301 1554 5370; x_wconf 89' lang='lat' dir='ltr'>peccatorum</span> <span class='ocrx_word' id='word_1_802' title='bbox 1599 5293 1826 5350; x_wconf 90' lang='lat' dir='ltr'>occulta</span> 
     </span>
    </p>
   </div>
   <div class='ocr_carea' id='block_1_94' title="bbox 1927 4762 3576 4837">
    <p class='ocr_par' dir='ltr' id='par_1_94' title="bbox 1927 4762 3576 4837">
     <span class='ocr_line' id='line_1_94' title="bbox 1927 4762 3576 4837; baseline -0.006 -11"><span class='ocrx_word' id='word_1_803' title='bbox 1927 4770 2052 4826; x_wconf 88' lang='lat' dir='ltr'>rius</span> <span class='ocrx_word' id='word_1_804' title='bbox 2113 4767 2282 4823; x_wconf 86' lang='lat' dir='ltr'>nobis</span> <span class='ocrx_word' id='word_1_805' title='bbox 2330 4766 2440 4836; x_wconf 87' lang='lat'>(58)</span> <span class='ocrx_word' id='word_1_806' title='bbox 2481 4765 2654 4837; x_wconf 91' lang='lat' dir='ltr'>culpa</span> <span class='ocrx_word' id='word_1_807' title='bbox 2703 4769 2790 4820; x_wconf 90' lang='lat' dir='ltr'>est</span> <span class='ocrx_word' id='word_1_808' title='bbox 2837 4768 3058 4832; x_wconf 91' lang='lat' dir='ltr'>nostra,</span> <span class='ocrx_word' id='word_1_809' title='bbox 3109 4781 3235 4836; x_wconf 75' lang='lat' dir='ltr'>quae</span> <span class='ocrx_word' id='word_1_810' title='bbox 3301 4762 3576 4819; x_wconf 89' lang='lat' dir='ltr'>sollicitat</span> 
     </span>
    </p>
   </div>
   <div class='ocr_carea' id='block_1_95' title="bbox 1929 4851 3579 4926">
    <p class='ocr_par' dir='ltr' id='par_1_95' title="bbox 1929 4851 3579 4926">
     <span class='ocr_line' id='line_1_95' title="bbox 1929 4851 3579 4926; baseline -0.005 -12"><span class='ocrx_word' id='word_1_811' title='bbox 1929 4858 2171 4921; x_wconf 88' lang='lat' dir='ltr'>otiosos,</span> <span class='ocrx_word' id='word_1_812' title='bbox 2217 4855 2424 4926; x_wconf 84' lang='lat' dir='ltr'>afﬂigit</span> <span class='ocrx_word' id='word_1_813' title='bbox 2453 4854 3002 4920; x_wconf 88' lang='lat' dir='ltr'>sanos,_contristat</span> <span class='ocrx_word' id='word_1_814' title='bbox 3049 4853 3230 4922; x_wconf 63' lang='lat' dir='ltr'>laetos,</span> <span class='ocrx_word' id='word_1_815' title='bbox 3292 4851 3579 4922; x_wconf 87' lang='lat' dir='ltr'>inquietat</span> 
     </span>
    </p>
   </div>
   <div class='ocr_carea' id='block_1_96' title="bbox 1931 4937 3579 5018">
    <p class='ocr_par' dir='ltr' id='par_1_96' title="bbox 1931 4937 3579 5018">
     <span class='ocr_line' id='line_1_96' title="bbox 1931 4937 3579 5018; baseline -0.003 -19"><span class='ocrx_word' id='word_1_816' title='bbox 1931 4945 2216 5018; x_wconf 88' lang='lat' dir='ltr'>placidos,</span> <span class='ocrx_word' id='word_1_817' title='bbox 2247 4942 2499 5012; x_wconf 85' lang='lat' dir='ltr'>exagitat</span> <span class='ocrx_word' id='word_1_818' title='bbox 2545 4943 2737 5006; x_wconf 85' lang='lat' dir='ltr'>mites,</span> <span class='ocrx_word' id='word_1_819' title='bbox 2783 4941 2994 4996; x_wconf 79' lang='lat' dir='ltr'>excitat</span> <span class='ocrx_word' id='word_1_820' title='bbox 3039 4939 3415 4995; x_wconf 87' lang='lat' dir='ltr'>dormientes.</span> <span class='ocrx_word' id='word_1_821' title='bbox 3477 4937 3579 4994; x_wconf 82' lang='lat' dir='ltr'>Rei</span> 
     </span>
    </p>
   </div>
   <div class='ocr_carea' id='block_1_97' title="bbox 1931 5025 3578 5095">
    <p class='ocr_par' dir='ltr' id='par_1_97' title="bbox 1931 5025 3578 5095">
     <span class='ocr_line' id='line_1_97' title="bbox 1931 5025 3578 5095; baseline -0.004 -7"><span class='ocrx_word' id='word_1_822' title='bbox 1931 5049 2143 5089; x_wconf 87' lang='lat' dir='ltr'>sumus</span> <span class='ocrx_word' id='word_1_823' title='bbox 2200 5031 2325 5086; x_wconf 90' lang='lat' dir='ltr'>sine</span> <span class='ocrx_word' id='word_1_824' title='bbox 2365 5033 2697 5093; x_wconf 83' lang='lat' dir='ltr'>accusante,</span> <span class='ocrx_word' id='word_1_825' title='bbox 2751 5029 2875 5083; x_wconf 90' lang='lat' dir='ltr'>sine</span> <span class='ocrx_word' id='word_1_826' title='bbox 2940 5031 3160 5083; x_wconf 87' lang='lat' dir='ltr'>tortore</span> <span class='ocrx_word' id='word_1_827' title='bbox 3224 5025 3578 5095; x_wconf 87' lang='lat' dir='ltr'>cruciamur,</span> 
     </span>
    </p>
   </div>
   <div class='ocr_carea' id='block_1_98' title="bbox 1931 5114 3583 5188">
    <p class='ocr_par' dir='ltr' id='par_1_98' title="bbox 1931 5114 3583 5188">
     <span class='ocr_line' id='line_1_98' title="bbox 1931 5114 3583 5188; baseline -0.004 -12"><span class='ocrx_word' id='word_1_828' title='bbox 1931 5123 2060 5177; x_wconf 88' lang='lat' dir='ltr'>sine</span> <span class='ocrx_word' id='word_1_829' title='bbox 2113 5117 2358 5174; x_wconf 86' lang='lat' dir='ltr'>vinculis</span> <span class='ocrx_word' id='word_1_830' title='bbox 2405 5115 2808 5188; x_wconf 87' lang='lat' dir='ltr'>astringimur,</span> <span class='ocrx_word' id='word_1_831' title='bbox 2861 5117 2987 5171; x_wconf 88' lang='lat' dir='ltr'>sine</span> <span class='ocrx_word' id='word_1_832' title='bbox 3025 5115 3318 5172; x_wconf 83' lang='lat' dir='ltr'>venditare</span> <span class='ocrx_word' id='word_1_833' title='bbox 3382 5114 3583 5172; x_wconf 88' lang='lat' dir='ltr'>vendi-</span> 
     </span>
    </p>
   </div>
   <div class='ocr_carea' id='block_1_99' title="bbox 1931 5203 3583 5276">
    <p class='ocr_par' dir='ltr' id='par_1_99' title="bbox 1931 5203 3583 5276">
     <span class='ocr_line' id='line_1_99' title="bbox 1931 5203 3583 5276; baseline -0.004 -10"><span class='ocrx_word' id='word_1_834' title='bbox 1931 5226 2086 5266; x_wconf 90' lang='lat' dir='ltr'>mur.</span> <span class='ocrx_word' id='word_1_835' title='bbox 2138 5207 2299 5263; x_wconf 90' lang='lat' dir='ltr'>Unde</span> <span class='ocrx_word' id='word_1_836' title='bbox 2345 5209 2400 5260; x_wconf 89' lang='lat' dir='ltr'>ct</span> <span class='ocrx_word' id='word_1_837' title='bbox 2448 5204 2754 5276; x_wconf 80' lang='lat' dir='ltr'>Scriptura</span> <span class='ocrx_word' id='word_1_838' title='bbox 2777 5204 2949 5260; x_wconf 89' lang='lat' dir='ltr'>dicit.</span> <span class='ocrx_word' id='word_1_839' title='bbox 2987 5226 3016 5256; x_wconf 72' lang='grc' dir='ltr'><strong>(ί</strong></span> <span class='ocrx_word' id='word_1_840' title='bbox 3065 5204 3324 5261; x_wconf 88' lang='lat' dir='ltr'>Peccatis</span> <span class='ocrx_word' id='word_1_841' title='bbox 3372 5203 3583 5261; x_wconf 86' lang='lat' dir='ltr'>vestris</span> 
     </span>
    </p>
   </div>
   <div class='ocr_carea' id='block_1_100' title="bbox 1933 5292 3582 5365">
    <p class='ocr_par' dir='ltr' id='par_1_100' title="bbox 1933 5292 3582 5365">
     <span class='ocr_line' id='line_1_100' title="bbox 1933 5292 3582 5365; baseline -0.004 -11"><span class='ocrx_word' id='word_1_842' title='bbox 1933 5297 2151 5356; x_wconf 90' lang='lat' dir='ltr'>venditi</span> <span class='ocrx_word' id='word_1_843' title='bbox 2203 5294 2346 5351; x_wconf 84' lang='lat' dir='ltr'>estis</span> <span class='ocrx_word' id='word_1_844' title='bbox 2392 5294 2521 5362; x_wconf 78' lang='lat' dir='ltr'>(Isa.</span> <span class='ocrx_word' id='word_1_845' title='bbox 2557 5311 2607 5362; x_wconf 89' lang='lat' dir='ltr'>L,</span> <span class='ocrx_word' id='word_1_846' title='bbox 2644 5294 2717 5364; x_wconf 90' lang='grc'>1).</span> <span class='ocrx_word' id='word_1_847' title='bbox 2753 5293 2927 5349; x_wconf 72' lang='grc' dir='ltr'>»Ηωο</span> <span class='ocrx_word' id='word_1_848' title='bbox 2959 5292 3136 5365; x_wconf 89' lang='lat' dir='ltr'>igitur</span> <span class='ocrx_word' id='word_1_849' title='bbox 3165 5297 3400 5365; x_wconf 89' lang='lat' dir='ltr'>peccata</span> <span class='ocrx_word' id='word_1_850' title='bbox 3423 5296 3582 5363; x_wconf 86' lang='lat' dir='ltr'>sunt,</span> 
     </span>
    </p>
   </div>
   <div class='ocr_carea' id='block_1_101' title="bbox 229 5438 3588 5537">
    <p class='ocr_par' dir='ltr' id='par_1_101' title="bbox 229 5438 3588 5537">
     <span class='ocr_line' id='line_1_101' title="bbox 229 5438 3588 5537; baseline -0.002 -18"><span class='ocrx_word' id='word_1_851' title='bbox 229 5465 349 5537; x_wconf 88' lang='lat'>(57)</span> <span class='ocrx_word' id='word_1_852' title='bbox 384 5438 521 5537; x_wconf 75' lang='lat' dir='ltr'>Mss.</span> <span class='ocrx_word' id='word_1_853' title='bbox 557 5458 851 5537; x_wconf 83' lang='lat' dir='ltr'>nonnulli,</span> <span class='ocrx_word' id='word_1_854' title='bbox 911 5461 970 5513; x_wconf 87' lang='lat' dir='ltr'>ut</span> <span class='ocrx_word' id='word_1_855' title='bbox 1021 5457 1196 5537; x_wconf 58' lang='lat' dir='ltr'>possis</span> <span class='ocrx_word' id='word_1_856' title='bbox 1256 5459 1609 5537; x_wconf 37' lang='lat' dir='ltr'>contemnere.</span> <span class='ocrx_word' id='word_1_857' title='bbox 1643 5457 1829 5510; x_wconf 88' lang='lat' dir='ltr'>omnia</span> <span class='ocrx_word' id='word_1_858' title='bbox 1939 5457 2183 5537; x_wconf 87' lang='lat' dir='ltr'>aliorum</span> <span class='ocrx_word' id='word_1_859' title='bbox 2217 5471 2360 5509; x_wconf 88' lang='lat' dir='ltr'>mss.</span> <span class='ocrx_word' id='word_1_860' title='bbox 2395 5471 2462 5510; x_wconf 90' lang='lat' dir='ltr'>ac</span> <span class='ocrx_word' id='word_1_861' title='bbox 2491 5458 2602 5510; x_wconf 90' lang='lat' dir='ltr'>vet.</span> <span class='ocrx_word' id='word_1_862' title='bbox 2635 5453 2771 5509; x_wconf 92' lang='lat' dir='ltr'>edit.</span> <span class='ocrx_word' id='word_1_863' title='bbox 2807 5452 2996 5522; x_wconf 91' lang='lat' dir='ltr'>lectio,</span> <span class='ocrx_word' id='word_1_864' title='bbox 3021 5468 3197 5525; x_wconf 88' lang='lat' dir='ltr'>quam</span> <span class='ocrx_word' id='word_1_865' title='bbox 3230 5454 3466 5512; x_wconf 84' lang='lat' dir='ltr'>intextu</span> <span class='ocrx_word' id='word_1_866' title='bbox 3497 5471 3588 5512; x_wconf 86' lang='lat' dir='ltr'>re-</span> 
     </span>
    </p>
   </div>
   <div class='ocr_carea' id='block_1_102' title="bbox 143 5527 1830 5603">
    <p class='ocr_par' dir='ltr' id='par_1_102' title="bbox 143 5527 1830 5603">
     <span class='ocr_line' id='line_1_102' title="bbox 143 5527 1830 5603; baseline -0.009 -9"><span class='ocrx_word' id='word_1_867' title='bbox 143 5527 275 5601; x_wconf 77' lang='grc' dir='ltr'>ῑιιὰ,</span> <span class='ocrx_word' id='word_1_868' title='bbox 300 5527 395 5591; x_wconf 73' lang='lat' dir='ltr'>sed</span> <span class='ocrx_word' id='word_1_869' title='bbox 425 5535 596 5589; x_wconf 82' lang='lat' dir='ltr'>etiam</span> <span class='ocrx_word' id='word_1_870' title='bbox 622 5535 803 5603; x_wconf 74' lang='lat' dir='ltr'>ipsam</span> <span class='ocrx_word' id='word_1_871' title='bbox 849 5527 1072 5603; x_wconf 60' lang='lat' dir='ltr'>carnem</span> <span class='ocrx_word' id='word_1_872' title='bbox 1101 5532 1275 5603; x_wconf 81' lang='lat' dir='ltr'>tuam__</span> <span class='ocrx_word' id='word_1_873' title='bbox 1301 5542 1403 5603; x_wconf 86' lang='lat' dir='ltr'>p_ro</span> <span class='ocrx_word' id='word_1_874' title='bbox 1425 5527 1644 5603; x_wconf 63' lang='lat' dir='ltr'>jusliiia</span> <span class='ocrx_word' id='word_1_875' title='bbox 1697 5543 1830 5603; x_wconf 47' lang='lat' dir='ltr'>conf</span> 
     </span>
    </p>
   </div>
   <div class='ocr_carea' id='block_1_103' title="bbox 144 5597 1828 5737">
    <p class='ocr_par' dir='ltr' id='par_1_103' title="bbox 144 5597 1828 5737">
     <span class='ocr_line' id='line_1_103' title="bbox 144 5597 1828 5675; baseline -0.007 -9"><span class='ocrx_word' id='word_1_876' title='bbox 144 5597 380 5675; x_wconf 76' lang='lat' dir='ltr'>temne;</span> <span class='ocrx_word' id='word_1_877' title='bbox 451 5607 548 5660; x_wconf 86' lang='lat' dir='ltr'>uia</span> <span class='ocrx_word' id='word_1_878' title='bbox 577 5597 757 5668; x_wconf 65' lang='lat' dir='ltr'>nulla,</span> <span class='ocrx_word' id='word_1_879' title='bbox 788 5606 898 5658; x_wconf 87' lang='lat' dir='ltr'>etc.</span> <span class='ocrx_word' id='word_1_880' title='bbox 951 5601 1052 5656; x_wconf 87' lang='lat' dir='ltr'>His</span> <span class='ocrx_word' id='word_1_881' title='bbox 1083 5597 1308 5654; x_wconf 86' lang='lat' dir='ltr'>accedit</span> <span class='ocrx_word' id='word_1_882' title='bbox 1329 5598 1495 5654; x_wconf 83' lang='lat' dir='ltr'>Rom.</span> <span class='ocrx_word' id='word_1_883' title='bbox 1516 5597 1679 5662; x_wconf 89' lang='lat' dir='ltr'>edit.,</span> <span class='ocrx_word' id='word_1_884' title='bbox 1713 5599 1828 5654; x_wconf 89' lang='lat' dir='ltr'>nisi</span> 
     </span>
     <span class='ocr_line' id='line_1_104' title="bbox 146 5623 1828 5737; baseline -0.005 0"><span class='ocrx_word' id='word_1_885' title='bbox 146 5678 323 5737; x_wconf 86' lang='lat' dir='ltr'>auod</span> <span class='ocrx_word' id='word_1_886' title='bbox 354 5623 533 5737; x_wconf 43' lang='lat' dir='ltr'>hstiiet</span> <span class='ocrx_word' id='word_1_887' title='bbox 563 5691 673 5735; x_wconf 82' lang='lat' dir='ltr'>non</span> <span class='ocrx_word' id='word_1_888' title='bbox 705 5682 919 5735; x_wconf 75' lang='lat' dir='ltr'>tantum</span> <span class='ocrx_word' id='word_1_889' title='bbox 963 5673 1152 5732; x_wconf 79' lang='lat' dir='ltr'>omnia</span> <span class='ocrx_word' id='word_1_890' title='bbox 1201 5673 1315 5730; x_wconf 82' lang='lat' dir='ltr'>tua.</span> <span class='ocrx_word' id='word_1_891' title='bbox 1367 5669 1480 5730; x_wconf 88' lang='lat' dir='ltr'>Sed</span> <span class='ocrx_word' id='word_1_892' title='bbox 1537 5673 1697 5737; x_wconf 83' lang='lat' dir='ltr'>recta</span> <span class='ocrx_word' id='word_1_893' title='bbox 1743 5676 1828 5729; x_wconf 87' lang='lat' dir='ltr'>est</span> 
     </span>
    </p>
   </div>
   <div class='ocr_carea' id='block_1_104' title="bbox 475 5669 2095 5747">
    <p class='ocr_par' dir='ltr' id='par_1_104' title="bbox 475 5669 2095 5747">
     <span class='ocr_line' id='line_1_105' title="bbox 475 5669 2095 5747; baseline -0.004 -12"><span class='ocrx_word' id='word_1_894' title='bbox 475 5680 533 5736; x_wconf 90' lang='lat' dir='ltr'>et</span> <span class='ocrx_word' id='word_1_895' title='bbox 563 5691 673 5735; x_wconf 82' lang='lat' dir='ltr'>non</span> <span class='ocrx_word' id='word_1_896' title='bbox 705 5682 919 5735; x_wconf 75' lang='lat' dir='ltr'>tantum</span> <span class='ocrx_word' id='word_1_897' title='bbox 963 5673 1152 5732; x_wconf 79' lang='lat' dir='ltr'>omnia</span> <span class='ocrx_word' id='word_1_898' title='bbox 1201 5673 1315 5730; x_wconf 82' lang='lat' dir='ltr'>tua.</span> <span class='ocrx_word' id='word_1_899' title='bbox 1367 5669 1480 5730; x_wconf 88' lang='lat' dir='ltr'>Sed</span> <span class='ocrx_word' id='word_1_900' title='bbox 1537 5673 1697 5740; x_wconf 82' lang='lat' dir='ltr'>recta</span> <span class='ocrx_word' id='word_1_901' title='bbox 1743 5676 1835 5729; x_wconf 87' lang='lat' dir='ltr'>est</span> <span class='ocrx_word' id='word_1_902' title='bbox 1942 5669 2095 5747; x_wconf 63' lang='lat' dir='ltr'>Et&#39;in</span> 
     </span>
    </p>
   </div>
   <div class='ocr_carea' id='block_1_105' title="bbox 146 5677 393 5764">
    <p class='ocr_par' dir='ltr' id='par_1_105' title="bbox 146 5677 393 5764">
     <span class='ocr_line' id='line_1_106' title="bbox 146 5677 393 5764; baseline -0.012 -25"><span class='ocrx_word' id='word_1_903' title='bbox 146 5678 323 5764; x_wconf 83' lang='lat' dir='ltr'>quod</span> <span class='ocrx_word' id='word_1_904' title='bbox 354 5677 393 5736; x_wconf 90' lang='lat' dir='ltr'>h</span> 
     </span>
    </p>
   </div>
   <div class='ocr_carea' id='block_1_106' title="bbox 1938 5533 2380 5604">
    <p class='ocr_par' dir='ltr' id='par_1_106' title="bbox 1938 5533 2380 5604">
     <span class='ocr_line' id='line_1_107' title="bbox 1938 5533 2380 5604; baseline 0 0"><span class='ocrx_word' id='word_1_905' title='bbox 1938 5533 2380 5604; x_wconf 52' lang='lat' dir='ltr'>prasinianus-</span> 
     </span>
    </p>
   </div>
   <div class='ocr_carea' id='block_1_107' title="bbox 2012 5595 3585 5729">
    <p class='ocr_par' dir='ltr' id='par_1_107' title="bbox 2012 5595 3585 5729">
     <span class='ocr_line' id='line_1_108' title="bbox 2012 5595 3585 5729; baseline -0.002 -73"><span class='ocrx_word' id='word_1_906' title='bbox 2012 5600 2122 5729; x_wconf 56' lang='lat'>(53)</span> <span class='ocrx_word' id='word_1_907' title='bbox 2149 5597 2397 5664; x_wconf 86' lang='lat' dir='ltr'>Quidam</span> <span class='ocrx_word' id='word_1_908' title='bbox 2427 5612 2596 5665; x_wconf 88' lang='lat' dir='ltr'>mss.,</span> <span class='ocrx_word' id='word_1_909' title='bbox 2643 5595 2832 5652; x_wconf 78' lang='lat' dir='ltr'>Gravis</span> <span class='ocrx_word' id='word_1_910' title='bbox 2891 5597 3204 5653; x_wconf 78' lang='lat' dir='ltr'>adversaria</span> <span class='ocrx_word' id='word_1_911' title='bbox 3245 5598 3420 5663; x_wconf 71' lang='lat' dir='ltr'>nobis.</span> <span class='ocrx_word' id='word_1_912' title='bbox 3475 5601 3585 5654; x_wconf 78' lang='lat' dir='ltr'>etc.</span> 
     </span>
     <span class='ocr_line' id='line_1_109' title="bbox 2038 5669 3585 5729; baseline 0 0"><span class='ocrx_word' id='word_1_913' title='bbox 2038 5673 2095 5729; x_wconf 87' lang='lat' dir='ltr'>in</span> <span class='ocrx_word' id='word_1_914' title='bbox 2117 5673 2188 5729; x_wconf 91' lang='lat' dir='ltr'>&#39;ra</span> <span class='ocrx_word' id='word_1_915' title='bbox 2217 5669 2397 5729; x_wconf 88' lang='lat' dir='ltr'>iidem</span> <span class='ocrx_word' id='word_1_916' title='bbox 2427 5685 2572 5729; x_wconf 86' lang='lat' dir='ltr'>mss.</span> <span class='ocrx_word' id='word_1_917' title='bbox 2595 5669 2815 5729; x_wconf 66' lang='lat' dir='ltr'>legunt.</span> <span class='ocrx_word' id='word_1_918' title='bbox 2837 5670 2958 5728; x_wconf 73' lang='lat' dir='ltr'>sine</span> <span class='ocrx_word' id='word_1_919' title='bbox 2987 5669 3262 5729; x_wconf 73' lang='lat' dir='ltr'>venditare</span> <span class='ocrx_word' id='word_1_920' title='bbox 3299 5670 3585 5729; x_wconf 70' lang='lat' dir='ltr'>servimus.</span> 
     </span>
    </p>
   </div>
   <div class='ocr_carea' id='block_1_108' title="bbox 2117 5669 3587 5746">
    <p class='ocr_par' dir='ltr' id='par_1_108' title="bbox 2117 5669 3587 5746">
     <span class='ocr_line' id='line_1_110' title="bbox 2117 5669 3587 5746; baseline 0 -20"><span class='ocrx_word' id='word_1_921' title='bbox 2117 5673 2188 5731; x_wconf 77' lang='lat' dir='ltr'>L&#39;ra</span> <span class='ocrx_word' id='word_1_922' title='bbox 2217 5669 2397 5730; x_wconf 90' lang='lat' dir='ltr'>iidem</span> <span class='ocrx_word' id='word_1_923' title='bbox 2427 5685 2572 5730; x_wconf 86' lang='lat' dir='ltr'>mss.</span> <span class='ocrx_word' id='word_1_924' title='bbox 2595 5669 2815 5746; x_wconf 81' lang='lat' dir='ltr'>legunt,</span> <span class='ocrx_word' id='word_1_925' title='bbox 2837 5670 2958 5728; x_wconf 73' lang='lat' dir='ltr'>sine</span> <span class='ocrx_word' id='word_1_926' title='bbox 2987 5669 3262 5730; x_wconf 73' lang='lat' dir='ltr'>venditare</span> <span class='ocrx_word' id='word_1_927' title='bbox 3299 5670 3587 5734; x_wconf 70' lang='lat' dir='ltr'>servimus.</span> 
     </span>
    </p>
   </div>
  </div>
