3894 6208
360 439 507 502 1071

1813 442 1882 503 S.
1926 437 2307 503 AMBROSII

3628 423 3776 501 107'!

357 588 489 645 quis
518 576 720 630 contra
747 589 853 631 nos
878 589 1111 647 semper
1138 576 1280 630 sunt
1306 590 1320 642 ;
1358 576 1424 629 ut
1480 572 1625 627 dixit
1681 572 2006 644 Propheta:
2041 571 2095 639 Α
2124 574 2191 628 ut
2218 572 2540 645 probentur
2568 572 2790 643 fideles,
2817 571 3162 645 judicentur
3187 569 3354 627 inﬁdi
3384 570 3464 643 (ιι
3488 569 3666 628 Thess.
3716 588 3772 626 ιι.

357 683 385 712 ‹‹
418 659 821 719 Vendiderunt
860 680 987 733 nos,
1021 664 1078 719 et
1105 661 1484 718 dominantur
1535 660 1704 716 nobis
1761 663 1885 731 (Isa.
1918 678 2003 727 ιιι,

356 748 530 819 ΑΙ2).››
588 750 803 808 Servus
863 751 963 824 qui
1043 751 1336 821 venditur,
1396 750 1692 822 superiore
1774 749 2007 805 servitio

355 837 490 912 exit,
523 842 590 895 ut
618 838 689 897 ad
720 839 1027 897 dominum
1087 840 1379 897 alternum
1438 839 1678 911 migret:
1740 855 1846 893 nos
1902 853 2007 893 nec

352 926 725 1001 superiorum
748 931 965 1004 jugum
995 930 1365 1003 deponimus,
1399 934 1456 985 et
1486 928 1557 1007 ad
1588 945 1734 983 nova
1775 930 2010 1000 peccata

355 1018 689 1085 curvamur.

424 1107 515 1163 29.
558 1106 745 1185 (vers.
776 1107 834 1179 5)
866 1107 1026 1163 Unde
1056 1113 1111 1164 et
1136 1107 1429 1180 ingemuit
1485 1110 1725 1162 sanctus
1769 1105 2006 1161 dicens:

357 1195 681 1263 «Quoniam
712 1196 1052 1269 iniquitates
1084 1213 1221 1253 meae
1280 1200 1780 1268 superposuerunt
1837 1198 2013 1266 caput

358 1296 596 1341 meum:
631 1280 784 1341 sicut
810 1300 959 1341 onus
991 1302 1161 1358 grave
1190 1289 1439 1358 gravatae
1472 1289 1609 1341 sunt
1639 1300 1816 1355 super
1846 1300 1958 1349 me;
1980 1300 2005 1331 ιι

357 1371 468 1428 hoc
494 1374 602 1444 est,
639 1370 981 1445 iniquitates
1037 1390 1175 1430 mea:
1235 1372 1773 1446 supertransierunt
1839 1362 2017 1445 cuput

361 1478 580 1530 meum,
612 1466 669 1518 et
695 1463 1134 1536 supereminent
1165 1462 1329 1533 mihi,
1366 1467 1430 1518 ut
1461 1478 1671 1517 sensus
1710 1477 1871 1516 meos
1919 1460 2015 1515 de-

358 1548 650 1623 primant:
685 1550 840 1607 oculi
872 1551 1029 1607 enim
1062 1551 1345 1626 sapientis
1390 1551 1446 1605 in
1501 1550 1688 1622 capite
1745 1550 1893 1619 ejus.
1950 1548 2019 1602 Et

358 1636 487 1695 ideo
519 1636 700 1695 Nabal
727 1638 919 1696 malus
950 1644 1076 1696 erat
1105 1640 1289 1695 durus
1314 1657 1326 1695 :
1354 1640 1493 1711 quia
1514 1655 1725 1695 sensus
1748 1638 1876 1707 ejus
1901 1654 2019 1692 ma-

360 1725 488 1783 litia
517 1732 574 1783 et
602 1726 887 1800 iniquitas
938 1727 1321 1785 obstruebant
1378 1728 1514 1798 (59).
1579 1726 1741 1782 Unde
1771 1732 1827 1781 et
1878 1725 2017 1780 Abi-

360 1830 494 1889 gmm
544 1818 781 1873 verbum
815 1818 962 1873 ferre
992 1835 1107 1873 non
1165 1817 1389 1890 potuit:
1447 1818 1548 1872 sed
1601 1816 1890 1872 obduruit
1920 1832 2017 1871 cor

359 1905 513 2003 eius,
541 1909 598 1962 et
626 1907 795 2003 quasi
829 1906 1103 2003 inﬁrmus
1134 1907 1429 2003 occubuit.
1462 1907 1575 2003 Aut
1601 1906 1730 1960 vide
1786 1922 1858 1960 ne
1904 1905 2014 1960 hoc
2046 1938 2093 2003 Β

359 1987 437 2051 sit
465 1998 662 2067 caput,
695 1995 767 2051 de
806 2011 923 2068 quo
979 1995 1059 2051 ait
1115 1994 1433 2069 Apostolus
1494 1994 1717 2065 (Coloss.
1776 2011 1838 2059 ιι,
1902 1995 2013 2062 19),

358 2082 499 2156 quia
527 2100 643 2140 non
675 2088 832 2141 tenet
859 2083 1026 2152 illud,
1079 2090 1276 2141 mente
1336 2084 1531 2139 carnis
1591 2082 1847 2139 inﬂatus.
1898 2082 2015 2138 Hoc

359 2176 554 2228 autem
584 2177 781 2245 caput,
812 2173 1081 2230 Christus
1111 2179 1219 2241 est,
1253 2173 1391 2247 quia
1423 2172 1619 2227 omnis
1676 2172 1783 2226 viri
1842 2176 2018 2243 caput

361 2259 651 2317 Christus.
684 2260 801 2317 Hoc
823 2267 914 2318 est
941 2266 1114 2336 caput
1144 2262 1299 2333 quod
1329 2278 1432 2333 per
1481 2259 2016 2333 compaginationes

365 2352 422 2405 et
452 2346 851 2423 colligationes
881 2350 1065 2406 totius
1094 2349 1282 2424 plebis
1313 2352 1524 2407 crescit
1581 2350 1639 2405 in
1697 2348 2019 2405 incremen-

363 2442 492 2494 tum
523 2434 647 2505 Dei,
679 2437 817 2512 quia
847 2439 905 2494 in
938 2439 1214 2497 omnibus
1244 2439 1414 2496 nobis
1437 2455 1539 2512 per
1568 2437 1802 2511 singula
1832 2453 2016 2493 mem-

363 2527 471 2584 bra
495 2543 605 2584 sua
632 2526 898 2586 Christus
929 2529 1203 2602 assurgit.
1237 2530 1385 2602 Ergo
1418 2528 1652 2601 quando
1684 2545 1791 2583 nos
1822 2527 2015 2599 ingra-

361 2619 504 2673 vant
532 2620 734 2673 nostra
766 2621 1025 2691 peccata,
1059 2623 1116 2674 et
1146 2617 1366 2675 talento
1397 2618 1652 2690 quodam
1688 2616 2017 2688 iniquitatis

364 2705 641 2779 plumbeo
689 2706 759 2761 ad
817 2711 1049 2762 terrena
1126 2707 1538 2779 deprimimur,
1600 2705 2017 2777 dirumpamus

364 2792 601 2851 vincula
657 2810 880 2864 eorum,
942 2800 999 2850 et
1049 2795 1427 2866 projiciamus
1476 2811 1509 2849 a
1558 2792 1727 2849 nobis
1804 2794 2016 2866 jugum

366 2881 665 2961 ipsorum;
698 2886 763 2937 ut
791 2881 1089 2956 possimus
1121 2882 1321 2939 oculos
1353 2888 1562 2939 nostra:
1594 2881 1809 2939 mentis
1848 2881 2019 2937 attol-

365 2968 506 3037 lere,
538 2973 596 3026 et
624 2969 827 3027 audire
857 2970 1188 3027 dicentem:
1227 2991 1249 3019 ι
1282 2972 1487 3027 Venite
1529 2971 1600 3027 ad
1659 2987 1773 3037 me,
1815 2987 2019 3027 omnes

367 3057 469 3130 qui
497 3057 777 3117 laboratis
806 3063 863 3116 et
893 3060 1113 3116 onerati
1144 3060 1304 3130 estis,
1336 3064 1394 3116 et
1444 3076 1549 3134 ego
1603 3076 1738 3115 vosv
1760 3059 2018 3115 reficiam

368 3144 577 3217 (Matth.
611 3164 690 3216 χι,
721 3148 835 3220 28).
870 3171 898 3200 ››
932 3149 1193 3222 Denique
1223 3150 1529 3223 (Egyptum
1584 3148 1825 3205 avaritia
1881 3163 2017 3204 one-

366 3236 555 3309 rabat,
598 3237 848 3315 pecunia
893 3238 1138 3294 vexabat
1184 3243 1476 3294 mercatus
1524 3236 1821 3310 .‘Ethiopes
1881 3238 2015 3309 (60),

369 3325 524 3383 sicut
551 3325 837 3401 scriptum
869 3329 992 3383 est:
1046 3350 1073 3376 «
1136 3326 1444 3383 Laboravit
1500 3327 1803 3398 Egyptus,
1863 3341 2013 3380 mer-

377 3419 545 3471 catus
574 3413 934 3489 Ethiopum,
958 3418 1014 3469 et
1045 3413 1281 3471 Sabaim
1312 3414 1417 3471 viri
1441 3414 1649 3470 excelsi
1694 3414 1766 3470 ad
1792 3417 1847 3469 te
1870 3418 2024 3470 tran-

368 3503 573 3560 sibunt
600 3502 727 3576 (Isa.
759 3521 892 3574 κω,
926 3504 1039 3577 l-i.)
1073 3526 1101 3554 ››
1144 3502 1455 3560 Laboravit
1511 3503 1812 3575 .Egyptus,
1854 3506 2020 3558 ante-

376 3608 553 3665 quam
584 3596 956 3665 cognosceret
985 3593 1287 3649 veritatem
1321 3612 1333 3649 :
1367 3593 1466 3648 sed
1492 3592 1618 3663 jam
1652 3607 1766 3646 non
1796 3590 2021 3647 laborat

376 3681 689 3749 postquam
718 3680 987 3735 transivit
1033 3680 1104 3735 ad
1161 3679 1479 3737 Christum.
1531 3681 1870 3751 Sequuntur
1922 3697 2019 3736 vo-

374 3766 562 3845 lentes
591 3766 773 3824 Sabmi
804 3768 931 3836 viri,
958 3768 1057 3843 qui
1088 3773 1221 3825 ante
1253 3769 1588 3841 fugiebant;
1632 3768 1770 3839 quia
1826 3773 2023 3824 tenent

372 3872 472 3913 eos
501 3853 735 3913 vincula
760 3856 1081 3926 charitatis,
1114 3872 1240 3929 qua:
1254 3857 1562 3913 adamante
1594 3856 1831 3913 fortiora
1860 3862 2018 3914 sunt.

369 3943 617 4003 Pulchre
644 3948 701 4001 et
732 3944 879 4002 illud
913 3945 1072 4001 Isaia:
1106 3946 1242 4001 huic
1268 3945 1393 4003 loco
1425 3950 1659 4019 aptatur
1687 3963 1700 4001 :
1746 3970 1772 3997 ‹‹
1837 3946 2022 4005 Omne

372 4037 549 4115 caput
577 4034 637 4091 in
669 4033 886 4106 dolore,
921 4036 978 4093 et
1006 4051 1179 4091 omne
1231 4052 1330 4091 cor
1379 4035 1437 4090 in
1472 4035 1782 4091 mcestitia:
1839 4052 1873 4091 a
1922 4053 2019 4108 pe-
2052 4042 2059 4049 '

371 4122 545 4181 dibus
589 4140 778 4201 usque
809 4126 883 4182 ad
908 4128 1084 4197 caput
1113 4142 1229 4181 non
1261 4129 1351 4181 est
1380 4124 1613 4192 vulnus,
1647 4140 1836 4196 neque
1879 4124 2022 4181 cica-

370 4212 484 4270 trix
514 4214 647 4286 (51),
682 4230 869 4288 neque
902 4213 1073 4288 plaga
1100 4231 1234 4270 cum
1291 4213 1510 4270 fervore
1542 4214 1671 4285 (lsa.
1706 4231 1744 4281 ι,
1774 4214 1831 4281 5,
1860 4216 1938 4285 6).
1992 4238 2021 4265 ››

370 4299 573 4379 Fervet
599 4300 1071 4375 eniminiquitas,
1092 4319 1226 4357 eum
1249 4302 1605 4368 dominatur,
1628 4318 1804 4373 super
1846 4307 2022 4375 caput

371 4393 641 4459 nostrum
695 4407 822 4451 sese
868 4390 1173 4458 extollens,
1220 4395 1277 4447 et
1322 4391 1515 4447 locum
1572 4407 1886 4464 occupans,
1949 4407 2021 4447 ne

370 4495 505 4557 eum
549 4477 816 4537 Christus
874 4480 1155 4553 magister
1212 4484 1405 4535 teneat
1463 4479 1833 4552 pmnitentim.
1894 4481 2019 4537 Non

370 4568 720 4623 mediocrem
750 4568 867 4623 vim
897 4569 1116 4625 habent
1144 4568 1267 4625 ista:
1326 4568 1687 4641 iniquitates,
1721 4569 1769 4624 si
1828 4570 2019 4626 consi-

2113 662 2306 733 9,11).

2185 750 2277 806 30.
2312 750 2497 822 (Vere.
2529 751 2608 823 6.)
2641 749 2845 807 Merito
2876 766 3013 824 ergo
3044 751 3153 806 sub
3208 748 3628 821 iniquitatibus
3681 765 3775 821 po-

2117 839 2288 908 situs,
2322 844 2379 895 et
2406 840 2563 911 quod
2593 840 2764 911 pejus
2796 842 2909 908 est)
2960 838 3108 905 suis,
3167 842 3478 911 corruptas
3533 854 3665 894 esse
3710 842 3765 894 et

2116 928 2549 1000 computruisse
2580 928 2724 984 dicit
2752 928 3057 984 cicatrices
3088 944 3227 983 suas
3252 943 3288 982 a
3317 925 3467 982 facie
3499 925 3776 999 insipien.

2117 1015 2208 1071 tiae
2230 1033 2348 1072 sum
2373 1035 2386 1084 ;
2419 1017 2559 1089 quia
2586 1015 2879 1073 levantem
2907 1032 3087 1072 onera
3112 1014 3498 1088 iniquitatum
3544 1015 3774 1070 tardius

2120 1107 2444 1161 remedium
2476 1106 2850 1178 sequebatur.
2879 1105 3098 1161 Tamen
3148 1108 3208 1160 et
3249 1103 3362 1160 Job
3420 1108 3621 1160 sancto
3674 1104 3772 1176 qui

2121 1193 2343 1250 saniem
2377 1195 2617 1251 radebat
2637 1210 2880 1251 suorum
2900 1192 3164 1249 ulcerum
3186 1192 3461 1263 perfusus
3486 1190 3775 1248 ulceribus

2124 1301 2157 1340 a
2188 1283 2433 1357 pedibus
2464 1301 2650 1357 usque
2679 1284 2750 1339 ad
2783 1288 2982 1356 caput,
3016 1282 3242 1339 sanitas
3272 1285 3361 1338 est
3419 1280 3661 1349 refusa;
3715 1284 3771 1335 et

2126 1372 2377 1428 Lazarus
2409 1389 2631 1445 pauper
2678 1372 2779 1445 qui
2828 1372 3063 1443 jacebat
3122 1371 3194 1426 ad
3248 1370 3500 1441 januam
3555 1368 3770 1437 divitis,

2124 1460 2520 1516 lambentibus
2552 1460 2748 1516 ulcera
2802 1461 2932 1531 ejus
2985 1458 3253 1524 canibus,
3311 1458 3383 1513 de
3440 1456 3770 1513 cicatricum

2125 1566 2366 1605 suarum
2401 1550 2579 1605 fetore
2606 1548 2897 1615 sublatus,
2930 1549 3002 1602 ab
3031 1545 3253 1619 angelis
3276 1545 3335 1601 in
3366 1545 3618 1601 Abrahae
3647 1545 3771 1602 sinu

2126 1643 2214 1693 est
2245 1637 2583 1694 collocatus.
2631 1638 2733 1694 Est
2778 1654 2915 1709 ergo
2958 1636 3017 1691 in
3068 1640 3268 1692 sancto
3318 1634 3499 1690 David
3540 1651 3673 1708 spes
3719 1635 3774 1689 in

2129 1727 2452 1782 remedium
2485 1726 2793 1794 sanitatis;
2837 1726 2977 1798 quia
3018 1742 3133 1781 non
3187 1728 3559 1798 unguentum
3611 1724 3775 1780 redo-

2130 1815 2271 1884 lent,
2322 1816 2423 1871 sed
2482 1816 2721 1871 fetorem
2781 1830 3025 1871 suorum
3088 1813 3330 1869 vulnera
3386 1815 3772 1886 peccatorum,

2129 1910 2185 1961 et
2215 1906 2353 1977 quia
2382 1904 2665 1976 affligitur
2691 1902 2785 1959 his
2816 1906 2991 1975 atque
3023 1907 3312 1971 curvatur,
3344 1906 3404 1958 et
3434 1919 3553 1957 non
3594 1901 3775 1958 deleco

2121 1999 2296 2050 tatur.
2332 1994 2538 2067 Specta
2559 2009 2715 2049 nunc
2755 1991 3115 2064 epheborum
3148 1991 3409 2063 aliquem
3469 1990 3769 2055 lascivum.

2122 2088 2179 2139 et
2206 2082 2433 2155 egregie
2465 2081 2866 2146 libidinosum,
2901 2080 3000 2153 qui
3033 2080 3093 2135 in
3120 2079 3340 2153 stupris
3367 2079 3553 2136 vitam
3608 2095 3769 2136 suam

2123 2173 2334 2243 exigat,
2369 2187 2527 2225 more
2557 2169 2715 2226 illius
2747 2169 2943 2226 divitis
2974 2168 3034 2224 in
3066 2170 3242 2242 bysso
3277 2172 3335 2224 et
3363 2172 3525 2225 ostro
3575 2169 3773 2241 jacen-

2124 2266 2262 2328 tem,
2296 2265 2469 2332 atque
2500 2258 2836 2331 epulantem
2866 2257 3123 2330 quotidie
3154 2255 3482 2329 splendide,
3526 2256 3621 2312 cui
3677 2273 3771 2312 na-

2124 2354 2249 2405 tent
2295 2349 2627 2421 pavimenta
2680 2349 2833 2416 vino,
2881 2351 3110 2420 tegatur
3161 2345 3383 2402 humus
3426 2345 3668 2402 ﬂoribus
3720 2350 3771 2401 et

2126 2437 2313 2511 spinis
2390 2444 2662 2509 cooperta
2738 2435 3009 2509 piscium,
3067 2434 3325 2493 incensis
3418 2434 3769 2490 diversorum

2124 2526 2579 2599 thymiamatum
2661 2524 2940 2581 odoribus
3022 2523 3279 2580 triclinia
3355 2522 3768 2597 compleantur,

2126 2615 2625 2690 quemadmodum
2659 2631 2721 2669 se
2752 2615 2990 2671 beatum
3019 2617 3203 2686 putet,
3235 2617 3294 2669 et
3330 2612 3481 2669 bene
3513 2630 3575 2669 se
3628 2611 3770 2669 olere

2119 2706 2346 2778 judicet
2370 2723 2382 2773 ;
2413 2721 2666 2778 cumque
2687 2704 2887 2776 gravia
2916 2707 3091 2774 atque
3120 2702 3402 2758 diuturna
3430 2703 3641 2759 anime
3660 2718 3766 2757 sua

2124 2794 2367 2850 vulnera
2397 2798 2581 2865 gerat,
2614 2798 2672 2847 et
2702 2796 3043 2865 corruptum
3074 2790 3421 2864 sanguinem
3452 2791 3615 2858 ﬂuat,
3643 2788 3767 2846 nul-

2126 2882 2250 2939 lum
2308 2887 2504 2938 tamen
2554 2881 2797 2937 fetorem
2830 2898 2948 2937 sum
2996 2880 3286 2937 cicatricis
3334 2880 3607 2953 accipiat.
3663 2879 3766 2936 0b-

2126 2977 2379 3029 structas
2420 2970 2575 3026 enim
2624 2987 2786 3025 emno
2835 2986 3006 3026 nares
3055 2970 3250 3038 habet,
3283 2984 3389 3026 nec
3436 2973 3631 3042 potest
3681 2965 3767 3024 di-

2126 3076 2293 3119 cere:
2327 3083 2354 3108 ‹‹
2390 3059 2643 3132 Spiritus
2674 3058 2929 3127 divinus,
2963 3058 3062 3132 qui
3094 3062 3184 3114 est
3212 3058 3272 3114 in
3327 3058 3573 3115 naribus
3628 3057 3766 3113 meis

2126 3150 2244 3220 (Job
2271 3166 2448 3215 xxvii,
2479 3148 2556 3219 3).
2594 3170 2620 3197 ››
2652 3148 2784 3203 Ideo
2815 3148 2977 3205 dives
3035 3146 3133 3204 ille
3189 3146 3517 3204 remedium
3573 3145 3765 3203 salutis
3832 3136 3839 3142 ’

2127 3238 2386 3294 invenire
2417 3254 2530 3293 non
2564 3237 2771 3309 potuit,
2813 3253 3034 3310 pauper
3064 3235 3307 3304 invenit,
3333 3235 3597 3309 Denique
3635 3235 3766 3292 alter

2128 3327 2282 3401 apud
2316 3325 2534 3382 inferos
2565 3325 2623 3381 in
2656 3325 2967 3398 supplicio,
2991 3323 3140 3381 alter
3169 3324 3229 3380 in
3261 3325 3482 3397 requie.

2200 3416 2289 3472 3|.
2346 3415 2569 3471 Invenit
2615 3430 2751 3488 ergo
2809 3417 3101 3486 perpetua:
3161 3413 3372 3470 salutis
3455 3414 3763 3470 remedium

2129 3505 2305 3562 etiam
2337 3507 2577 3560 sanctus
2608 3501 2893 3576 propheta
2922 3501 3122 3569 David,
3158 3501 3259 3574 Qui
3308 3502 3490 3559 fetere
3520 3503 3633 3559 sibi
3655 3501 3763 3559 ani-

2130 3611 2237 3649 mae
2270 3610 2386 3649 sum
2414 3589 2656 3647 vulnera
2685 3590 2992 3660 fatebatur,
3042 3595 3101 3647 et
3155 3608 3191 3647 a
3230 3589 3376 3647 facie
3430 3590 3765 3663 insipientis

2130 3701 2248 3740 suae
2280 3681 2712 3755 computruisse
2752 3680 2864 3737 sibi
2912 3680 3211 3737 cicatrices
3259 3680 3531 3753 proprias
3589 3679 3768 3753 loque-

2130 3774 2323 3829 batur.
2353 3770 2464 3827 Sed
2505 3773 2594 3825 est
2636 3774 2693 3826 et
2740 3769 3081 3843 insipientia
3140 3786 3266 3841 quae
3315 3785 3421 3841 per
3470 3768 3764 3824 stultitiam

2130 3859 2560 3934 praedicationis
2591 3859 2965 3915 credentibus
2994 3862 3248 3915 salutem
3279 3857 3506 3913 afferat.
3558 3857 3770 3930 Refugit

2130 3967 2266 4023 ergo
2296 3948 2585 4021 Propheta
2617 3946 2957 4021 Evangelico
2993 3947 3120 4018 jam
3170 3945 3382 4018 spiritu
3435 3946 3767 4018 sapientiam

2129 4039 2303 4096 istius
2354 4036 2583 4105 mundi,
2634 4054 2751 4110 qua
2813 4053 2929 4091 non
2978 4034 3351 4110 cognoscitur
3407 4034 3611 4091 Deus:
3674 4048 3768 4105 qua

2130 4128 2275 4201 tegit
2305 4144 2413 4183 sua
2439 4126 2703 4194 vulnera,
2737 4142 2852 4183 non
2886 4123 3098 4181 revelat
3127 4123 3200 4180 ad
3234 4123 3553 4178 Dominum
3593 4122 3768 4179 Melior

2129 4216 2311 4289 igitur
2342 4214 2696 4287 insipientia,
2726 4231 2854 4287 qua
2882 4210 3083 4269 oculos
3095 4212 3274 4269 habet
3299 4215 3366 4268 ut
3384 4212 3582 4268 videat
3604 4210 3767 4268 ulcere

2130 4323 2257 4376 sua,
2289 4321 2467 4377 quam
2498 4303 2785 4376 sapientia
2814 4320 2942 4377 quas
2976 4318 3092 4359 non
3119 4302 3315 4357 habet.
3349 4301 3421 4356 Et
3474 4301 3607 4357 ideo
3653 4295 3766 4356 insi-

2127 4393 2358 4468 pientim
2391 4411 2508 4449 suae
2539 4392 2749 4449 obtutu
2782 4392 3129 4451 admonitus
3152 4390 3404 4464 spiritali
3441 4394 3647 4446 tantus
3666 4404 3762 4449 rex.

2127 4482 2437 4540 afﬂlictum
2471 4499 2533 4538 se
2577 4481 2832 4538 miseriis
2887 4484 3274 4555 protestetur;
3338 4483 3405 4535 ut
3460 4478 3759 4536 remedium

2126 4571 2313 4645 possit
2341 4570 2692 4644 puenitentim
2726 4571 2999 4644 reperire,
3031 4569 3186 4643 quod
3215 4570 3247 4625 ,Ι
3257 4568 3426 4637 udas,
3461 4570 3567 4640 qui
3584 4581 3759 4642 agrum

370 4656 538 4732 deres
587 4655 887 4713 hominem
945 4656 1113 4713 illum
1172 4657 1521 4729 iniquitatis,
1581 4657 1679 4729 qui
1736 4663 2095 4745 venturusD
2128 4662 2199 4718 de
2255 4660 2582 4735 iniquitatis
2641 4660 2906 4719 mercede
2963 4657 3247 4732 possedit,
3327 4657 3591 4731 reperire
3669 4671 3757 4713 non

367 4750 459 4805 est
489 4745 812 4803 secundum
845 4762 1021 4820 opera
1051 4747 1277 4802 Satanaa
1308 4747 1366 4801 in
1394 4745 1553 4802 omni
1593 4746 1823 4815 virtute,
1855 4753 1911 4803 et
1940 4748 2018 4807 si-

366 4834 520 4911 gnis,
554 4838 613 4891 et
643 4834 925 4908 prodigiis
956 4834 1339 4891 mendacibus
1372 4835 1524 4891 828
1555 4839 1612 4890 et
1643 4836 1835 4891 omnis
1872 4839 2021 4894 edu-

366 4925 556 4982 ctione
586 4922 950 4997 iniquitatis;
974 4940 1149 4997 quem
1173 4924 1492 4979 cavendum
1516 4923 1685 4981 nobis
1705 4926 2020 4997 Apostolus

365 5013 808 5089 demonstravit,
840 5013 979 5089 quia
1017 5012 1416 5088 operationem
1466 5012 1680 5068 erroris
1738 5015 2015 5089 accipiet:

434 5193 546 5280 (5:39)
576 5193 846 5280 Quinque
876 5209 1047 5280 mss.,
1079 5193 1210 5265 quia
1238 5207 1427 5247 sensus
1445 5191 1560 5262 ejus
1578 5192 1795 5248 malitia
1825 5198 1875 5250 et
1904 5197 2016 5253 ίηί-

362 5262 545 5337 quitus
574 5262 950 5321 Obseruabant.

432 5338 548 5409 (70)
579 5337 728 5393 Edit.
752 5337 976 5409 aliquot
998 5334 1180 5402 Paris,
1200 5350 1502 5409 cum_mss.
1523 5334 1846 5409 nonnullis,
1871 5355 2018 5395 mer-

365 5405 979 5481 catus'ﬁthiopuni._At
1009 5415 1278 5481 mercatus
1298 5406 1575 5481 (Ethiopes
1603 5405 1716 5461 dici
1768 5416 2018 5479 possunt

365 5494 470 5550 pro
499 5475 767 5536 mercatus
794 5477 1431 5550 Aithz'opiciHEthiops
1487 5475 1642 5550 enim
1696 5475 1804 5534 voii
1855 5482 2015 5550 adje-

365 5546 516 5603 ctive
547 5554 655 5604 est.
692 5550 919 5605 Rursus
950 5546 1009 5604 in
1043 5549 1206 5605 Isaiae
1235 5546 1448 5616 verbis,
1489 5546 1589 5603 ubi
1641 5564 1844 5608 omnes
1874 5546 2012 5610 edit.

364 5634 433 5675 ac
500 5633 641 5675 mss.
711 5620 974 5677 nonnulli
1059 5636 1195 5691 cuni
1276 5619 1528 5691 Vulgata
1594 5620 1759 5690 edit.,
1844 5626 2020 5682 Labor

336 5690 926 5768 ,gﬂgypli,_me:catu_s,
958 5694 1093 5763 etc.,
1124 5690 1223 5746 alii
1264 5688 1422 5768 mss:
1457 5688 1658 5765 plures
1689 5688 1824 5754 cum
1856 5696 2013 5768 LXX,

362 5759 655 5847 Laboravit
688 5763 976 5837 ﬁgyptm,
1023 5759 1314 5830 mercati“,
1372 5759 1508 5827 etei.
1568 5768 1822 5828 (mium
1875 5759 2019 5851 Αἴγυζ

2130 4754 2535 4907 poligit.(Vers.
2592 4835 2706 4907 7.)«
2768 4834 3041 4902 Miseriis,
3118 4833 3335 4905 inquit,
3413 4833 3673 4891 afﬂictus
3716 4834 3758 4885 et

2127 4929 2400 4982 curvatus
2432 4942 2563 4981 sum
2597 4941 2786 4997 usque
2814 4923 2875 4979 in
2899 4924 3074 4980 finem
3100 4939 3113 4977 :
3146 4925 3269 4977 tota
3288 4922 3383 4977 die
3396 4922 3757 4978 contristatns

2128 5013 2515 5087 ingrediebar.
2549 5036 2575 5063 ››
2607 5013 2803 5086 Usque
2833 5012 2892 5068 in
2920 5027 3095 5091 quem
3127 5011 3305 5066 finem
3363 5027 3431 5066 se
3463 5011 3613 5067 dicit
3653 5020 3755 5064 esse

2125 5217 2259 5260 πτος,
2290 5196 2398 5247 CiC.

2199 5222 2507 5337 Ξῗέίῖιῆὸω.
2540 5264 2679 5320 edit.
2713 5280 2849 5320 cum
2878 5261 3077 5337 Vulg.,
3101 5279 3162 5337 pa
3217 5261 3667 5337 pedibus__usque
3694 5257 3750 5337 et!

2132 5332 2300 5410 caput
2321 5340 2399 5390 est
2428 5336 2646 5410 uulnus,
2676 5338 2932 5410 cicatrisr,
2964 5332 3029 5392 ac
3052 5334 3244 5407 plaga,
3283 5339 3396 5410 etc.
3431 5332 3649 5410 verum
3674 5332 3750 5407 qui

2126 5405 2211 5468 sic
2240 5408 2648 5473 emendarunt,
2676 5424 2792 5463 non
2822 5405 3196 5464 adverterunt
3215 5405 3748 5472 Ambmsiumsequi

2126 5481 2362 5541 solitum
2402 5478 2726 5535 versionem
2784 5480 2946 5545 LXX,
3004 5478 3159 5551 apud
3218 5493 3367 5549 quos
3422 5475 3625 5548 habes,
3672 5481 3747 5527 id

2124 5562 2286 5614 ποδῶν
2359 5562 2447 5618 ἕως
2530 5558 2749 5624 κεφαλῆς
2829 5558 2920 5607 οὐκ
3000 5558 3134 5611 ἔστιν
3211 5555 3264 5605 ἄν

2124 5636 2235 5685 οὔτε
2321 5634 2530 5705 me»,
2600 5618 2728 5705 ὀρτά
2810 5629 3013 5705 nam.
3092 5627 3207 5705 θεῖτε
3236 5624 3466 5705 ..πληγῇ

2126 5723 2301 5780 voucq.
2446 5686 2631 5780 etiam
2661 5686 2821 5755 hunc
2874 5686 3069 5761 locum
3118 5686 3374 5761 Basilius
3407 5686 3667 5767 legebat,
3694 5686 3738 5740 ut

2124 5771 2296 5833 docet
2323 5766 2611 5834 Nobilius.
