  <div class='ocr_page' id='page_1' title='image "/cluster/home/n/w/nwhite01/storage/ocr_20150623/14/uva.x000826552/552.png"; bbox 0 0 3880 6228; ppageno 0'>
   <div class='ocr_carea' id='block_1_1' title="bbox 309 321 463 392">
    <p class='ocr_par' dir='ltr' id='par_1_1' title="bbox 309 321 463 392">
     <span class='ocr_line' id='line_1_1' title="bbox 309 321 463 392; baseline 0 -1"><span class='ocrx_word' id='word_1_1' title='bbox 309 321 463 392; x_wconf 68' lang='grc'><strong>110⁸78</strong></span> 
     </span>
    </p>
   </div>
   <div class='ocr_carea' id='block_1_2' title="bbox 1763 327 2252 395">
    <p class='ocr_par' dir='ltr' id='par_1_2' title="bbox 1763 327 2252 395">
     <span class='ocr_line' id='line_1_2' title="bbox 1763 327 2252 395; baseline 0.006 -3"><span class='ocrx_word' id='word_1_2' title='bbox 1763 328 1832 393; x_wconf 92' lang='lat' dir='ltr'><strong>S.</strong></span> <span class='ocrx_word' id='word_1_3' title='bbox 1874 327 2252 395; x_wconf 77' lang='lat' dir='ltr'><strong>AMBROSII</strong></span> 
     </span>
    </p>
   </div>
   <div class='ocr_carea' id='block_1_3' title="bbox 3575 328 3720 396">
    <p class='ocr_par' dir='ltr' id='par_1_3' title="bbox 3575 328 3720 396">
     <span class='ocr_line' id='line_1_3' title="bbox 3575 328 3720 396; baseline -0.014 0"><span class='ocrx_word' id='word_1_4' title='bbox 3575 328 3720 396; x_wconf 70' lang='grc' dir='ltr'><strong>ιοτθ</strong></span> 
     </span>
    </p>
   </div>
   <div class='ocr_carea' id='block_1_4' title="bbox 306 457 3716 543">
    <p class='ocr_par' dir='ltr' id='par_1_4' title="bbox 306 457 3716 543">
     <span class='ocr_line' id='line_1_4' title="bbox 306 457 3716 543; baseline 0.001 -24"><span class='ocrx_word' id='word_1_5' title='bbox 306 457 593 523; x_wconf 79' lang='lat' dir='ltr'><strong>Dominus</strong></span> <span class='ocrx_word' id='word_1_6' title='bbox 623 463 724 540; x_wconf 88' lang='lat' dir='ltr'><strong>qui</strong></span> <span class='ocrx_word' id='word_1_7' title='bbox 755 471 894 525; x_wconf 89' lang='lat' dir='ltr'><strong>sunt</strong></span> <span class='ocrx_word' id='word_1_8' title='bbox 920 461 1108 541; x_wconf 82' lang='lat' dir='ltr'><strong>ipsius</strong></span> <span class='ocrx_word' id='word_1_9' title='bbox 1139 467 1209 540; x_wconf 86' lang='lat' dir='ltr'><strong>(II</strong></span> <span class='ocrx_word' id='word_1_10' title='bbox 1239 469 1371 524; x_wconf 86' lang='lat' dir='ltr'><strong>Tim.</strong></span> <span class='ocrx_word' id='word_1_11' title='bbox 1407 485 1465 533; x_wconf 87' lang='lat' dir='ltr'><strong>Il,</strong></span> <span class='ocrx_word' id='word_1_12' title='bbox 1501 465 1607 538; x_wconf 88' lang='grc'><strong>19).</strong></span> <span class='ocrx_word' id='word_1_13' title='bbox 1647 489 1672 516; x_wconf 80' lang='grc'><strong>››</strong></span> <span class='ocrx_word' id='word_1_14' title='bbox 1719 465 1943 539; x_wconf 89' lang='lat' dir='ltr'><strong>lniquis</strong></span> <span class='ocrx_word' id='word_1_15' title='bbox 1974 466 2027 532; x_wconf 81' lang='grc' dir='ltr'><strong>Α</strong></span> <span class='ocrx_word' id='word_1_16' title='bbox 2057 482 2234 538; x_wconf 83' lang='lat' dir='ltr'><strong>quam</strong></span> <span class='ocrx_word' id='word_1_17' title='bbox 2269 467 2338 523; x_wconf 90' lang='lat' dir='ltr'><strong>ad</strong></span> <span class='ocrx_word' id='word_1_18' title='bbox 2371 473 2603 543; x_wconf 81' lang='lat' dir='ltr'><strong>tempus</strong></span> <span class='ocrx_word' id='word_1_19' title='bbox 2633 469 2856 543; x_wconf 88' lang='lat' dir='ltr'><strong>accepit</strong></span> <span class='ocrx_word' id='word_1_20' title='bbox 2883 468 3228 526; x_wconf 89' lang='lat' dir='ltr'><strong>incurvabat</strong></span> <span class='ocrx_word' id='word_1_21' title='bbox 3257 484 3323 524; x_wconf 85' lang='lat' dir='ltr'><strong>se</strong></span> <span class='ocrx_word' id='word_1_22' title='bbox 3355 467 3417 523; x_wconf 95' lang='lat' dir='ltr'><strong>in</strong></span> <span class='ocrx_word' id='word_1_23' title='bbox 3459 469 3716 524; x_wconf 87' lang='lat' dir='ltr'><strong>oratione</strong></span> 
     </span>
    </p>
   </div>
   <div class='ocr_carea' id='block_1_5' title="bbox 308 555 1948 630">
    <p class='ocr_par' dir='ltr' id='par_1_5' title="bbox 308 555 1948 630">
     <span class='ocr_line' id='line_1_5' title="bbox 308 555 1948 630; baseline 0.003 -23"><span class='ocrx_word' id='word_1_24' title='bbox 308 557 502 610; x_wconf 81' lang='lat' dir='ltr'><strong>autem</strong></span> <span class='ocrx_word' id='word_1_25' title='bbox 535 555 679 612; x_wconf 91' lang='lat' dir='ltr'><strong>dicit</strong></span> <span class='ocrx_word' id='word_1_26' title='bbox 712 575 724 612; x_wconf 88' lang='lat'><strong>:</strong></span> <span class='ocrx_word' id='word_1_27' title='bbox 760 580 788 608; x_wconf 90' lang='lat'><strong>«</strong></span> <span class='ocrx_word' id='word_1_28' title='bbox 821 558 1111 614; x_wconf 83' lang='lat' dir='ltr'><strong>Discedite</strong></span> <span class='ocrx_word' id='word_1_29' title='bbox 1141 575 1175 614; x_wconf 91' lang='lat' dir='ltr'><strong>a</strong></span> <span class='ocrx_word' id='word_1_30' title='bbox 1207 575 1318 624; x_wconf 92' lang='lat' dir='ltr'><strong>me,</strong></span> <span class='ocrx_word' id='word_1_31' title='bbox 1351 557 1491 630; x_wconf 86' lang='lat' dir='ltr'><strong>quia</strong></span> <span class='ocrx_word' id='word_1_32' title='bbox 1521 575 1634 613; x_wconf 92' lang='lat' dir='ltr'><strong>non</strong></span> <span class='ocrx_word' id='word_1_33' title='bbox 1667 556 1798 613; x_wconf 91' lang='lat' dir='ltr'><strong>novi</strong></span> <span class='ocrx_word' id='word_1_34' title='bbox 1846 573 1948 612; x_wconf 91' lang='lat' dir='ltr'><strong>vos</strong></span> 
     </span>
    </p>
   </div>
   <div class='ocr_carea' id='block_1_6' title="bbox 308 642 1949 719">
    <p class='ocr_par' dir='ltr' id='par_1_6' title="bbox 308 642 1949 719">
     <span class='ocr_line' id='line_1_6' title="bbox 308 642 1949 719; baseline 0.001 -22"><span class='ocrx_word' id='word_1_35' title='bbox 308 642 456 714; x_wconf 75' lang='lat' dir='ltr'><strong>(Duc.</strong></span> <span class='ocrx_word' id='word_1_36' title='bbox 487 661 611 712; x_wconf 86' lang='lat' dir='ltr'><strong>xm,</strong></span> <span class='ocrx_word' id='word_1_37' title='bbox 640 648 731 700; x_wconf 88' lang='lat'><strong>27.</strong></span> <span class='ocrx_word' id='word_1_38' title='bbox 767 670 794 694; x_wconf 87' lang='grc'><strong>››</strong></span> <span class='ocrx_word' id='word_1_39' title='bbox 828 647 896 702; x_wconf 89' lang='lat' dir='ltr'><strong>Et</strong></span> <span class='ocrx_word' id='word_1_40' title='bbox 925 664 1028 719; x_wconf 93' lang='lat' dir='ltr'><strong>per</strong></span> <span class='ocrx_word' id='word_1_41' title='bbox 1055 647 1370 703; x_wconf 89' lang='lat' dir='ltr'><strong>Jeremiam</strong></span> <span class='ocrx_word' id='word_1_42' title='bbox 1427 647 1653 702; x_wconf 88' lang='lat' dir='ltr'><strong>locutus</strong></span> <span class='ocrx_word' id='word_1_43' title='bbox 1711 652 1799 702; x_wconf 90' lang='lat' dir='ltr'><strong>est</strong></span> <span class='ocrx_word' id='word_1_44' title='bbox 1856 645 1949 700; x_wconf 94' lang='lat' dir='ltr'><strong>di-</strong></span> 
     </span>
    </p>
   </div>
   <div class='ocr_carea' id='block_1_7' title="bbox 307 732 1948 807">
    <p class='ocr_par' dir='ltr' id='par_1_7' title="bbox 307 732 1948 807">
     <span class='ocr_line' id='line_1_7' title="bbox 307 732 1948 807; baseline 0.001 -21"><span class='ocrx_word' id='word_1_45' title='bbox 307 744 446 786; x_wconf 86' lang='lat' dir='ltr'><strong>cens</strong></span> <span class='ocrx_word' id='word_1_46' title='bbox 479 747 492 785; x_wconf 92' lang='lat'>:</span> <span class='ocrx_word' id='word_1_47' title='bbox 525 755 552 782; x_wconf 85' lang='lat'><strong>«</strong></span> <span class='ocrx_word' id='word_1_48' title='bbox 582 732 742 789; x_wconf 85' lang='lat' dir='ltr'><strong>Sicut</strong></span> <span class='ocrx_word' id='word_1_49' title='bbox 771 751 958 807; x_wconf 87' lang='lat' dir='ltr'><strong>agnus</strong></span> <span class='ocrx_word' id='word_1_50' title='bbox 990 736 1192 792; x_wconf 87' lang='lat' dir='ltr'><strong>doctus</strong></span> <span class='ocrx_word' id='word_1_51' title='bbox 1225 753 1356 791; x_wconf 90' lang='lat' dir='ltr'><strong>sum</strong></span> <span class='ocrx_word' id='word_1_52' title='bbox 1385 736 1456 790; x_wconf 88' lang='lat' dir='ltr'><strong>ad</strong></span> <span class='ocrx_word' id='word_1_53' title='bbox 1493 734 1948 801; x_wconf 83' lang='lat' dir='ltr'><strong>immolandum,</strong></span> 
     </span>
    </p>
   </div>
   <div class='ocr_carea' id='block_1_8' title="bbox 307 821 1954 894">
    <p class='ocr_par' dir='ltr' id='par_1_8' title="bbox 307 821 1954 894">
     <span class='ocr_line' id='line_1_8' title="bbox 307 821 1954 894; baseline 0.002 -20"><span class='ocrx_word' id='word_1_54' title='bbox 307 825 363 874; x_wconf 88' lang='lat' dir='ltr'><strong>et</strong></span> <span class='ocrx_word' id='word_1_55' title='bbox 410 821 626 876; x_wconf 88' lang='lat' dir='ltr'><strong>nescivi</strong></span> <span class='ocrx_word' id='word_1_56' title='bbox 658 823 871 894; x_wconf 79' lang='lat' dir='ltr'><strong>(Jerem.</strong></span> <span class='ocrx_word' id='word_1_57' title='bbox 906 841 987 892; x_wconf 82' lang='lat' dir='ltr'><strong>x1,</strong></span> <span class='ocrx_word' id='word_1_58' title='bbox 1048 827 1156 894; x_wconf 89' lang='grc'><strong>19).</strong></span> <span class='ocrx_word' id='word_1_59' title='bbox 1216 849 1237 878; x_wconf 77' lang='grc' dir='ltr'><strong><em>ι</em></strong></span> <span class='ocrx_word' id='word_1_60' title='bbox 1297 825 1599 888; x_wconf 86' lang='lat' dir='ltr'><strong>Quomodo</strong></span> <span class='ocrx_word' id='word_1_61' title='bbox 1658 823 1954 879; x_wconf 84' lang='lat' dir='ltr'><strong>nesciebat</strong></span> 
     </span>
    </p>
   </div>
   <div class='ocr_carea' id='block_1_9' title="bbox 309 908 1950 986">
    <p class='ocr_par' dir='ltr' id='par_1_9' title="bbox 309 908 1950 986">
     <span class='ocr_line' id='line_1_9' title="bbox 309 908 1950 986; baseline 0.002 -25"><span class='ocrx_word' id='word_1_62' title='bbox 309 908 462 980; x_wconf 91' lang='lat' dir='ltr'><strong>quod</strong></span> <span class='ocrx_word' id='word_1_63' title='bbox 487 909 748 966; x_wconf 87' lang='lat' dir='ltr'><strong>futurum</strong></span> <span class='ocrx_word' id='word_1_64' title='bbox 770 917 904 968; x_wconf 90' lang='lat' dir='ltr'><strong>ante</strong></span> <span class='ocrx_word' id='word_1_65' title='bbox 925 913 1312 986; x_wconf 72' lang='lat' dir='ltr'><strong>praedixerat?</strong></span> <span class='ocrx_word' id='word_1_66' title='bbox 1341 914 1452 969; x_wconf 88' lang='lat' dir='ltr'><strong>Sed</strong></span> <span class='ocrx_word' id='word_1_67' title='bbox 1484 912 1720 979; x_wconf 85' lang='lat' dir='ltr'><strong>nescivi,</strong></span> <span class='ocrx_word' id='word_1_68' title='bbox 1740 911 1950 984; x_wconf 87' lang='lat' dir='ltr'><strong>inquit,</strong></span> 
     </span>
    </p>
   </div>
   <div class='ocr_carea' id='block_1_10' title="bbox 307 996 1952 1070">
    <p class='ocr_par' dir='ltr' id='par_1_10' title="bbox 307 996 1952 1070">
     <span class='ocr_line' id='line_1_10' title="bbox 307 996 1952 1070; baseline 0.002 -19"><span class='ocrx_word' id='word_1_69' title='bbox 307 996 687 1070; x_wconf 78' lang='lat' dir='ltr'><strong>cogitationes</strong></span> <span class='ocrx_word' id='word_1_70' title='bbox 718 1017 942 1070; x_wconf 89' lang='lat' dir='ltr'><strong>eorum,</strong></span> <span class='ocrx_word' id='word_1_71' title='bbox 1003 1001 1287 1058; x_wconf 82' lang='lat' dir='ltr'>malitiam</span> <span class='ocrx_word' id='word_1_72' title='bbox 1348 1018 1572 1058; x_wconf 90' lang='lat' dir='ltr'><strong>eorum.</strong></span> <span class='ocrx_word' id='word_1_73' title='bbox 1605 1000 1747 1056; x_wconf 83' lang='lat' dir='ltr'><strong>Nolo</strong></span> <span class='ocrx_word' id='word_1_74' title='bbox 1805 1001 1952 1057; x_wconf 89' lang='lat' dir='ltr'><strong>scire</strong></span> 
     </span>
    </p>
   </div>
   <div class='ocr_carea' id='block_1_11' title="bbox 309 1089 1952 1163">
    <p class='ocr_par' dir='ltr' id='par_1_11' title="bbox 309 1089 1952 1163">
     <span class='ocr_line' id='line_1_11' title="bbox 309 1089 1952 1163; baseline 0.002 -22"><span class='ocrx_word' id='word_1_75' title='bbox 309 1102 437 1159; x_wconf 64' lang='lat' dir='ltr'><strong>qua</strong></span> <span class='ocrx_word' id='word_1_76' title='bbox 467 1089 774 1160; x_wconf 80' lang='lat' dir='ltr'><strong>sanguinis</strong></span> <span class='ocrx_word' id='word_1_77' title='bbox 833 1094 988 1146; x_wconf 89' lang='lat' dir='ltr'><strong>sunt.</strong></span> <span class='ocrx_word' id='word_1_78' title='bbox 1040 1091 1298 1163; x_wconf 92' lang='lat' dir='ltr'><strong>Denique</strong></span> <span class='ocrx_word' id='word_1_79' title='bbox 1355 1114 1383 1139; x_wconf 87' lang='grc'><strong>‹‹</strong></span> <span class='ocrx_word' id='word_1_80' title='bbox 1418 1108 1530 1147; x_wconf 92' lang='lat' dir='ltr'><strong>non</strong></span> <span class='ocrx_word' id='word_1_81' title='bbox 1591 1090 1952 1162; x_wconf 89' lang='lat' dir='ltr'><strong>congregabo</strong></span> 
     </span>
    </p>
   </div>
   <div class='ocr_carea' id='block_1_12' title="bbox 309 1176 1946 1254">
    <p class='ocr_par' dir='ltr' id='par_1_12' title="bbox 309 1176 1946 1254">
     <span class='ocr_line' id='line_1_12' title="bbox 309 1176 1946 1254; baseline 0.002 -24"><span class='ocrx_word' id='word_1_82' title='bbox 309 1176 708 1233; x_wconf 90' lang='lat' dir='ltr'><strong>conventicula</strong></span> <span class='ocrx_word' id='word_1_83' title='bbox 736 1194 939 1235; x_wconf 90' lang='lat' dir='ltr'><strong>eorum</strong></span> <span class='ocrx_word' id='word_1_84' title='bbox 965 1180 1036 1236; x_wconf 91' lang='lat' dir='ltr'><strong>de</strong></span> <span class='ocrx_word' id='word_1_85' title='bbox 1067 1179 1454 1254; x_wconf 90' lang='lat' dir='ltr'><strong>sanguinibus</strong></span> <span class='ocrx_word' id='word_1_86' title='bbox 1483 1180 1651 1250; x_wconf 85' lang='lat' dir='ltr'><strong>(Psal.</strong></span> <span class='ocrx_word' id='word_1_87' title='bbox 1687 1196 1776 1244; x_wconf 89' lang='lat' dir='ltr'><strong>xv,</strong></span> <span class='ocrx_word' id='word_1_88' title='bbox 1811 1180 1882 1247; x_wconf 84' lang='grc'>4).</span> <span class='ocrx_word' id='word_1_89' title='bbox 1918 1201 1946 1228; x_wconf 83' lang='grc'><strong>››</strong></span> 
     </span>
    </p>
   </div>
   <div class='ocr_carea' id='block_1_13' title="bbox 310 1265 1950 1339">
    <p class='ocr_par' dir='ltr' id='par_1_13' title="bbox 310 1265 1950 1339">
     <span class='ocr_line' id='line_1_13' title="bbox 310 1265 1950 1339; baseline 0.001 -19"><span class='ocrx_word' id='word_1_90' title='bbox 310 1269 370 1320; x_wconf 83' lang='lat' dir='ltr'><strong>et</strong></span> <span class='ocrx_word' id='word_1_91' title='bbox 399 1280 412 1319; x_wconf 92' lang='lat'>:</span> <span class='ocrx_word' id='word_1_92' title='bbox 446 1288 474 1314; x_wconf 86' lang='lat'><strong><em>«</em></strong></span> <span class='ocrx_word' id='word_1_93' title='bbox 502 1265 674 1321; x_wconf 90' lang='lat' dir='ltr'><strong>Deleo</strong></span> <span class='ocrx_word' id='word_1_94' title='bbox 707 1266 1046 1339; x_wconf 71' lang='lat' dir='ltr'><strong>iniquitates</strong></span> <span class='ocrx_word' id='word_1_95' title='bbox 1076 1285 1298 1336; x_wconf 89' lang='lat' dir='ltr'><strong>eorum,</strong></span> <span class='ocrx_word' id='word_1_96' title='bbox 1328 1274 1384 1324; x_wconf 90' lang='lat' dir='ltr'><strong>et</strong></span> <span class='ocrx_word' id='word_1_97' title='bbox 1415 1285 1640 1324; x_wconf 88' lang='lat' dir='ltr'><strong>memor</strong></span> <span class='ocrx_word' id='word_1_98' title='bbox 1671 1285 1785 1323; x_wconf 91' lang='lat' dir='ltr'><strong>non</strong></span> <span class='ocrx_word' id='word_1_99' title='bbox 1819 1284 1950 1323; x_wconf 92' lang='lat' dir='ltr'><strong>sum</strong></span> 
     </span>
    </p>
   </div>
   <div class='ocr_carea' id='block_1_14' title="bbox 310 1353 1952 1429">
    <p class='ocr_par' dir='ltr' id='par_1_14' title="bbox 310 1353 1952 1429">
     <span class='ocr_line' id='line_1_14' title="bbox 310 1353 1952 1429; baseline 0.001 -20"><span class='ocrx_word' id='word_1_100' title='bbox 310 1353 442 1424; x_wconf 82' lang='lat' dir='ltr'><strong>(Isa.</strong></span> <span class='ocrx_word' id='word_1_101' title='bbox 475 1371 629 1422; x_wconf 82' lang='lat' dir='ltr'><strong>XLIII,</strong></span> <span class='ocrx_word' id='word_1_102' title='bbox 655 1357 767 1427; x_wconf 89' lang='lat'><strong>25).</strong></span> <span class='ocrx_word' id='word_1_103' title='bbox 800 1379 828 1405; x_wconf 85' lang='lat'><strong>»</strong></span> <span class='ocrx_word' id='word_1_104' title='bbox 864 1357 1006 1414; x_wconf 89' lang='lat' dir='ltr'><strong>Nolo</strong></span> <span class='ocrx_word' id='word_1_105' title='bbox 1036 1357 1183 1414; x_wconf 90' lang='lat' dir='ltr'><strong>scire</strong></span> <span class='ocrx_word' id='word_1_106' title='bbox 1213 1375 1340 1429; x_wconf 63' lang='lat' dir='ltr'><strong>quin</strong></span> <span class='ocrx_word' id='word_1_107' title='bbox 1363 1357 1720 1412; x_wconf 81' lang='lat' dir='ltr'><strong>remissurus</strong></span> <span class='ocrx_word' id='word_1_108' title='bbox 1749 1355 1952 1411; x_wconf 79' lang='lat' dir='ltr'><strong>adveni</strong></span> 
     </span>
    </p>
   </div>
   <div class='ocr_carea' id='block_1_15' title="bbox 309 1442 1951 1520">
    <p class='ocr_par' dir='ltr' id='par_1_15' title="bbox 309 1442 1951 1520">
     <span class='ocr_line' id='line_1_15' title="bbox 309 1442 1951 1520; baseline 0.001 -22"><span class='ocrx_word' id='word_1_109' title='bbox 309 1442 434 1499; x_wconf 82' lang='lat' dir='ltr'><strong>Non</strong></span> <span class='ocrx_word' id='word_1_110' title='bbox 465 1444 706 1516; x_wconf 81' lang='lat' dir='ltr'><strong>cognovi</strong></span> <span class='ocrx_word' id='word_1_111' title='bbox 737 1444 896 1519; x_wconf 90' lang='lat' dir='ltr'><strong>ligna</strong></span> <span class='ocrx_word' id='word_1_112' title='bbox 925 1463 1052 1520; x_wconf 73' lang='lat' dir='ltr'><strong>quae</strong></span> <span class='ocrx_word' id='word_1_113' title='bbox 1082 1447 1343 1514; x_wconf 82' lang='lat' dir='ltr'><strong>ardeant,</strong></span> <span class='ocrx_word' id='word_1_114' title='bbox 1379 1463 1482 1502; x_wconf 89' lang='lat' dir='ltr'><strong>nec</strong></span> <span class='ocrx_word' id='word_1_115' title='bbox 1512 1463 1640 1517; x_wconf 67' lang='lat' dir='ltr'><strong>quae</strong></span> <span class='ocrx_word' id='word_1_116' title='bbox 1671 1445 1729 1499; x_wconf 93' lang='lat' dir='ltr'><strong>in</strong></span> <span class='ocrx_word' id='word_1_117' title='bbox 1751 1461 1951 1501; x_wconf 85' lang='lat' dir='ltr'><strong>acervo</strong></span> 
     </span>
    </p>
   </div>
   <div class='ocr_carea' id='block_1_16' title="bbox 307 1526 1954 1608">
    <p class='ocr_par' dir='ltr' id='par_1_16' title="bbox 307 1526 1954 1608">
     <span class='ocr_line' id='line_1_16' title="bbox 307 1526 1954 1608; baseline 0.001 -22"><span class='ocrx_word' id='word_1_118' title='bbox 307 1526 602 1605; x_wconf 79' lang='lat' dir='ltr'><strong>lignOrum</strong></span> <span class='ocrx_word' id='word_1_119' title='bbox 631 1537 772 1590; x_wconf 89' lang='lat' dir='ltr'><strong>sunt</strong></span> <span class='ocrx_word' id='word_1_120' title='bbox 801 1535 1011 1607; x_wconf 86' lang='lat' dir='ltr'><strong>posita,</strong></span> <span class='ocrx_word' id='word_1_121' title='bbox 1043 1534 1131 1590; x_wconf 86' lang='lat' dir='ltr'><strong>vel</strong></span> <span class='ocrx_word' id='word_1_122' title='bbox 1163 1535 1462 1608; x_wconf 86' lang='lat' dir='ltr'><strong>stipulam,</strong></span> <span class='ocrx_word' id='word_1_123' title='bbox 1496 1533 1582 1590; x_wconf 88' lang='lat' dir='ltr'><strong>vel</strong></span> <span class='ocrx_word' id='word_1_124' title='bbox 1633 1535 1854 1602; x_wconf 90' lang='lat' dir='ltr'><strong>fenum,</strong></span> <span class='ocrx_word' id='word_1_125' title='bbox 1890 1537 1954 1588; x_wconf 88' lang='lat' dir='ltr'><strong>ut</strong></span> 
     </span>
    </p>
   </div>
   <div class='ocr_carea' id='block_1_17' title="bbox 309 1621 1954 1680">
    <p class='ocr_par' dir='ltr' id='par_1_17' title="bbox 309 1621 1954 1680">
     <span class='ocr_line' id='line_1_17' title="bbox 309 1621 1954 1680; baseline 0.001 -4"><span class='ocrx_word' id='word_1_126' title='bbox 309 1621 482 1678; x_wconf 81' lang='lat' dir='ltr'><strong>citius</strong></span> <span class='ocrx_word' id='word_1_127' title='bbox 511 1637 578 1679; x_wconf 87' lang='lat' dir='ltr'><strong>ea</strong></span> <span class='ocrx_word' id='word_1_128' title='bbox 603 1623 982 1679; x_wconf 86' lang='lat' dir='ltr'><strong>nutrimentis</strong></span> <span class='ocrx_word' id='word_1_129' title='bbox 1012 1624 1135 1680; x_wconf 90' lang='lat' dir='ltr'><strong>suis</strong></span> <span class='ocrx_word' id='word_1_130' title='bbox 1168 1625 1406 1680; x_wconf 80' lang='lat' dir='ltr'><strong>flamma</strong></span> <span class='ocrx_word' id='word_1_131' title='bbox 1446 1628 1775 1680; x_wconf 85' lang='lat' dir='ltr'><strong>consumat.</strong></span> <span class='ocrx_word' id='word_1_132' title='bbox 1848 1623 1954 1679; x_wconf 91' lang='lat' dir='ltr'><strong>Illa</strong></span> 
     </span>
    </p>
   </div>
   <div class='ocr_carea' id='block_1_18' title="bbox 308 1710 1952 1785">
    <p class='ocr_par' dir='ltr' id='par_1_18' title="bbox 308 1710 1952 1785">
     <span class='ocr_line' id='line_1_18' title="bbox 308 1710 1952 1785; baseline 0.001 -19"><span class='ocrx_word' id='word_1_133' title='bbox 308 1710 438 1768; x_wconf 90' lang='lat' dir='ltr'><strong>velo</strong></span> <span class='ocrx_word' id='word_1_134' title='bbox 467 1713 616 1768; x_wconf 91' lang='lat' dir='ltr'><strong>scire</strong></span> <span class='ocrx_word' id='word_1_135' title='bbox 641 1729 767 1785; x_wconf 70' lang='lat' dir='ltr'><strong>quis</strong></span> <span class='ocrx_word' id='word_1_136' title='bbox 797 1717 1092 1781; x_wconf 89' lang='lat' dir='ltr'><strong>maneant,</strong></span> <span class='ocrx_word' id='word_1_137' title='bbox 1126 1718 1191 1768; x_wconf 93' lang='lat' dir='ltr'><strong>ut</strong></span> <span class='ocrx_word' id='word_1_138' title='bbox 1221 1714 1474 1770; x_wconf 91' lang='lat' dir='ltr'><strong>fructum</strong></span> <span class='ocrx_word' id='word_1_139' title='bbox 1507 1731 1624 1770; x_wconf 72' lang='lat' dir='ltr'><strong>sua:</strong></span> <span class='ocrx_word' id='word_1_140' title='bbox 1666 1712 1952 1770; x_wconf 83' lang='lat' dir='ltr'><strong>mercedis</strong></span> 
     </span>
    </p>
   </div>
   <div class='ocr_carea' id='block_1_19' title="bbox 2065 557 3716 626">
    <p class='ocr_par' dir='ltr' id='par_1_19' title="bbox 2065 557 3716 626">
     <span class='ocr_line' id='line_1_19' title="bbox 2065 557 3716 626; baseline 0.001 -15"><span class='ocrx_word' id='word_1_141' title='bbox 2065 557 2259 624; x_wconf 90' lang='lat' dir='ltr'><strong>David,</strong></span> <span class='ocrx_word' id='word_1_142' title='bbox 2289 559 2567 615; x_wconf 84' lang='lat' dir='ltr'><strong>cervicem</strong></span> <span class='ocrx_word' id='word_1_143' title='bbox 2601 560 2754 616; x_wconf 91' lang='lat' dir='ltr'><strong>sicut</strong></span> <span class='ocrx_word' id='word_1_144' title='bbox 2782 559 3065 617; x_wconf 87' lang='lat' dir='ltr'><strong>circulum</strong></span> <span class='ocrx_word' id='word_1_145' title='bbox 3109 559 3379 626; x_wconf 85' lang='lat' dir='ltr'><strong>ﬂectens,</strong></span> <span class='ocrx_word' id='word_1_146' title='bbox 3413 560 3473 613; x_wconf 90' lang='lat' dir='ltr'><strong>et</strong></span> <span class='ocrx_word' id='word_1_147' title='bbox 3527 557 3716 612; x_wconf 86' lang='lat' dir='ltr'><strong>humi-</strong></span> 
     </span>
    </p>
   </div>
   <div class='ocr_carea' id='block_1_20' title="bbox 2059 645 3713 720">
    <p class='ocr_par' dir='ltr' id='par_1_20' title="bbox 2059 645 3713 720">
     <span class='ocr_line' id='line_1_20' title="bbox 2059 645 3713 720; baseline 0.002 -22"><span class='ocrx_word' id='word_1_148' title='bbox 2059 645 2242 703; x_wconf 88' lang='lat' dir='ltr'><strong>liabat</strong></span> <span class='ocrx_word' id='word_1_149' title='bbox 2268 647 2326 702; x_wconf 90' lang='lat' dir='ltr'><strong>in</strong></span> <span class='ocrx_word' id='word_1_150' title='bbox 2360 649 2630 720; x_wconf 88' lang='lat' dir='ltr'><strong>precibus</strong></span> <span class='ocrx_word' id='word_1_151' title='bbox 2663 669 2674 718; x_wconf 91' lang='lat'>;</span> <span class='ocrx_word' id='word_1_152' title='bbox 2711 650 2894 706; x_wconf 80' lang='lat' dir='ltr'><strong>oratio</strong></span> <span class='ocrx_word' id='word_1_153' title='bbox 2923 649 3081 705; x_wconf 91' lang='lat' dir='ltr'><strong>enim</strong></span> <span class='ocrx_word' id='word_1_154' title='bbox 3114 664 3177 704; x_wconf 91' lang='lat' dir='ltr'><strong>se</strong></span> <span class='ocrx_word' id='word_1_155' title='bbox 3211 646 3595 702; x_wconf 88' lang='lat' dir='ltr'><strong>humiliantis</strong></span> <span class='ocrx_word' id='word_1_156' title='bbox 3621 663 3713 701; x_wconf 83' lang='lat' dir='ltr'><strong>nu-</strong></span> 
     </span>
    </p>
   </div>
   <div class='ocr_carea' id='block_1_21' title="bbox 2059 734 3715 807">
    <p class='ocr_par' dir='ltr' id='par_1_21' title="bbox 2059 734 3715 807">
     <span class='ocr_line' id='line_1_21' title="bbox 2059 734 3715 807; baseline 0.001 -18"><span class='ocrx_word' id='word_1_157' title='bbox 2059 734 2162 790; x_wconf 88' lang='lat' dir='ltr'><strong>bes</strong></span> <span class='ocrx_word' id='word_1_158' title='bbox 2194 741 2475 807; x_wconf 86' lang='lat' dir='ltr'><strong>penetrat,</strong></span> <span class='ocrx_word' id='word_1_159' title='bbox 2507 742 2564 793; x_wconf 93' lang='lat' dir='ltr'><strong>et</strong></span> <span class='ocrx_word' id='word_1_160' title='bbox 2591 738 3013 795; x_wconf 88' lang='lat' dir='ltr'><strong>elementorum</strong></span> <span class='ocrx_word' id='word_1_161' title='bbox 3045 738 3166 793; x_wconf 87' lang='lat' dir='ltr'><strong>alta</strong></span> <span class='ocrx_word' id='word_1_162' title='bbox 3226 736 3627 802; x_wconf 81' lang='lat' dir='ltr'><strong>transcendit,</strong></span> <span class='ocrx_word' id='word_1_163' title='bbox 3659 741 3715 791; x_wconf 85' lang='lat' dir='ltr'><strong>ut</strong></span> 
     </span>
    </p>
   </div>
   <div class='ocr_carea' id='block_1_22' title="bbox 2060 822 2770 899">
    <p class='ocr_par' dir='ltr' id='par_1_22' title="bbox 2060 822 2770 899">
     <span class='ocr_line' id='line_1_22' title="bbox 2060 822 2770 899; baseline 0.006 -22"><span class='ocrx_word' id='word_1_164' title='bbox 2060 822 2288 880; x_wconf 86' lang='lat' dir='ltr'><strong>Christo</strong></span> <span class='ocrx_word' id='word_1_165' title='bbox 2319 826 2770 899; x_wconf 90' lang='lat' dir='ltr'><strong>appropinquet.</strong></span> 
     </span>
    </p>
   </div>
   <div class='ocr_carea' id='block_1_23' title="bbox 2129 913 3720 988">
    <p class='ocr_par' dir='ltr' id='par_1_23' title="bbox 2129 913 3720 988">
     <span class='ocr_line' id='line_1_23' title="bbox 2129 913 3720 988; baseline 0 -21"><span class='ocrx_word' id='word_1_166' title='bbox 2129 913 2218 968; x_wconf 87' lang='lat'><strong>36.</strong></span> <span class='ocrx_word' id='word_1_167' title='bbox 2252 914 2318 968; x_wconf 87' lang='lat' dir='ltr'><strong>Et</strong></span> <span class='ocrx_word' id='word_1_168' title='bbox 2349 915 2612 987; x_wconf 87' lang='lat' dir='ltr'><strong>rugiebat</strong></span> <span class='ocrx_word' id='word_1_169' title='bbox 2641 933 2676 971; x_wconf 90' lang='lat' dir='ltr'><strong>a</strong></span> <span class='ocrx_word' id='word_1_170' title='bbox 2704 915 2925 988; x_wconf 88' lang='lat' dir='ltr'><strong>gemitu</strong></span> <span class='ocrx_word' id='word_1_171' title='bbox 2957 915 3148 972; x_wconf 84' lang='lat' dir='ltr'><strong>cordis</strong></span> <span class='ocrx_word' id='word_1_172' title='bbox 3199 914 3316 971; x_wconf 90' lang='lat' dir='ltr'><strong>sui.</strong></span> <span class='ocrx_word' id='word_1_173' title='bbox 3354 914 3561 987; x_wconf 82' lang='lat' dir='ltr'><strong>Rugit,</strong></span> <span class='ocrx_word' id='word_1_174' title='bbox 3625 914 3720 986; x_wconf 89' lang='lat' dir='ltr'><strong>qui</strong></span> 
     </span>
    </p>
   </div>
   <div class='ocr_carea' id='block_1_24' title="bbox 2059 1002 3714 1077">
    <p class='ocr_par' dir='ltr' id='par_1_24' title="bbox 2059 1002 3714 1077">
     <span class='ocr_line' id='line_1_24' title="bbox 2059 1002 3714 1077; baseline 0.001 -22"><span class='ocrx_word' id='word_1_175' title='bbox 2059 1002 2342 1073; x_wconf 84' lang='lat' dir='ltr'><strong>gemitum</strong></span> <span class='ocrx_word' id='word_1_176' title='bbox 2374 1003 2587 1070; x_wconf 91' lang='lat' dir='ltr'><strong>solum,</strong></span> <span class='ocrx_word' id='word_1_177' title='bbox 2620 1021 2734 1060; x_wconf 91' lang='lat' dir='ltr'><strong>non</strong></span> <span class='ocrx_word' id='word_1_178' title='bbox 2765 1005 2939 1061; x_wconf 90' lang='lat' dir='ltr'><strong>verba</strong></span> <span class='ocrx_word' id='word_1_179' title='bbox 2967 1004 3260 1077; x_wconf 84' lang='lat' dir='ltr'><strong>exprimit.</strong></span> <span class='ocrx_word' id='word_1_180' title='bbox 3297 1004 3436 1058; x_wconf 74' lang='lat' dir='ltr'><strong>Haec</strong></span> <span class='ocrx_word' id='word_1_181' title='bbox 3459 1007 3555 1058; x_wconf 87' lang='lat' dir='ltr'><strong>est</strong></span> <span class='ocrx_word' id='word_1_182' title='bbox 3583 1019 3714 1074; x_wconf 87' lang='lat' dir='ltr'><strong>ergo</strong></span> 
     </span>
    </p>
   </div>
   <div class='ocr_carea' id='block_1_25' title="bbox 2060 1089 3721 1166">
    <p class='ocr_par' dir='ltr' id='par_1_25' title="bbox 2060 1089 3721 1166">
     <span class='ocr_line' id='line_1_25' title="bbox 2060 1089 3721 1166; baseline 0 -21"><span class='ocrx_word' id='word_1_183' title='bbox 2060 1089 2160 1147; x_wconf 88' lang='lat' dir='ltr'><strong>illa</strong></span> <span class='ocrx_word' id='word_1_184' title='bbox 2190 1093 2462 1163; x_wconf 66' lang='lat' dir='ltr'><strong>praeclara</strong></span> <span class='ocrx_word' id='word_1_185' title='bbox 2512 1093 2714 1160; x_wconf 87' lang='lat' dir='ltr'><strong>oratio,</strong></span> <span class='ocrx_word' id='word_1_186' title='bbox 2749 1093 2984 1166; x_wconf 90' lang='lat' dir='ltr'><strong>quando</strong></span> <span class='ocrx_word' id='word_1_187' title='bbox 3015 1114 3046 1143; x_wconf 82' lang='lat'><strong><em>«</em></strong></span> <span class='ocrx_word' id='word_1_188' title='bbox 3078 1091 3418 1164; x_wconf 86' lang='lat' dir='ltr'><strong>interpellat</strong></span> <span class='ocrx_word' id='word_1_189' title='bbox 3463 1108 3570 1164; x_wconf 89' lang='lat' dir='ltr'><strong>pro</strong></span> <span class='ocrx_word' id='word_1_190' title='bbox 3629 1108 3721 1145; x_wconf 90' lang='lat' dir='ltr'><strong>no-</strong></span> 
     </span>
    </p>
   </div>
   <div class='ocr_carea' id='block_1_26' title="bbox 2060 1179 3720 1254">
    <p class='ocr_par' dir='ltr' id='par_1_26' title="bbox 2060 1179 3720 1254">
     <span class='ocr_line' id='line_1_26' title="bbox 2060 1179 3720 1254; baseline 0 -20"><span class='ocrx_word' id='word_1_191' title='bbox 2060 1179 2151 1234; x_wconf 88' lang='lat' dir='ltr'><strong>bis</strong></span> <span class='ocrx_word' id='word_1_192' title='bbox 2177 1180 2430 1253; x_wconf 88' lang='lat' dir='ltr'><strong>Spiritus</strong></span> <span class='ocrx_word' id='word_1_193' title='bbox 2458 1181 2775 1254; x_wconf 84' lang='lat' dir='ltr'><strong>gemitibus</strong></span> <span class='ocrx_word' id='word_1_194' title='bbox 2804 1181 3300 1238; x_wconf 89' lang='lat' dir='ltr'><strong>inenarrabilibus</strong></span> <span class='ocrx_word' id='word_1_195' title='bbox 3356 1182 3538 1252; x_wconf 81' lang='lat' dir='ltr'>(Rom.</span> <span class='ocrx_word' id='word_1_196' title='bbox 3601 1197 3720 1242; x_wconf 83' lang='lat' dir='ltr'><strong>vm,</strong></span> 
     </span>
    </p>
   </div>
   <div class='ocr_carea' id='block_1_27' title="bbox 2059 1268 3723 1341">
    <p class='ocr_par' dir='ltr' id='par_1_27' title="bbox 2059 1268 3723 1341">
     <span class='ocr_line' id='line_1_27' title="bbox 2059 1268 3723 1341; baseline 0 -18"><span class='ocrx_word' id='word_1_197' title='bbox 2059 1270 2174 1341; x_wconf 83' lang='lat'>26),</span> <span class='ocrx_word' id='word_1_198' title='bbox 2206 1273 2270 1324; x_wconf 92' lang='lat' dir='ltr'><strong>ut</strong></span> <span class='ocrx_word' id='word_1_199' title='bbox 2299 1270 2412 1326; x_wconf 90' lang='lat' dir='ltr'><strong>Vas</strong></span> <span class='ocrx_word' id='word_1_200' title='bbox 2450 1269 2750 1326; x_wconf 88' lang='lat' dir='ltr'><strong>electionis</strong></span> <span class='ocrx_word' id='word_1_201' title='bbox 2811 1269 3081 1327; x_wconf 90' lang='lat' dir='ltr'><strong>asseruit.</strong></span> <span class='ocrx_word' id='word_1_202' title='bbox 3143 1269 3250 1324; x_wconf 87' lang='lat' dir='ltr'><strong>Hic</strong></span> <span class='ocrx_word' id='word_1_203' title='bbox 3311 1273 3398 1324; x_wconf 86' lang='lat' dir='ltr'><strong>est</strong></span> <span class='ocrx_word' id='word_1_204' title='bbox 3461 1268 3723 1341; x_wconf 81' lang='lat' dir='ltr'><strong>gemitus</strong></span> 
     </span>
    </p>
   </div>
   <div class='ocr_carea' id='block_1_28' title="bbox 2060 1357 3722 1430">
    <p class='ocr_par' dir='ltr' id='par_1_28' title="bbox 2060 1357 3722 1430">
     <span class='ocr_line' id='line_1_28' title="bbox 2060 1357 3722 1430; baseline -0.001 -18"><span class='ocrx_word' id='word_1_205' title='bbox 2060 1373 2234 1429; x_wconf 91' lang='lat' dir='ltr'><strong>quem</strong></span> <span class='ocrx_word' id='word_1_206' title='bbox 2269 1375 2381 1413; x_wconf 90' lang='lat' dir='ltr'><strong>non</strong></span> <span class='ocrx_word' id='word_1_207' title='bbox 2413 1358 2659 1430; x_wconf 89' lang='lat' dir='ltr'><strong>despicit</strong></span> <span class='ocrx_word' id='word_1_208' title='bbox 2692 1364 2858 1427; x_wconf 90' lang='lat' dir='ltr'><strong>Deus,</strong></span> <span class='ocrx_word' id='word_1_209' title='bbox 2891 1359 2992 1430; x_wconf 90' lang='lat' dir='ltr'><strong>qui</strong></span> <span class='ocrx_word' id='word_1_210' title='bbox 3027 1375 3142 1414; x_wconf 93' lang='lat' dir='ltr'><strong>non</strong></span> <span class='ocrx_word' id='word_1_211' title='bbox 3173 1357 3430 1429; x_wconf 89' lang='lat' dir='ltr'><strong>despicit</strong></span> <span class='ocrx_word' id='word_1_212' title='bbox 3483 1372 3722 1412; x_wconf 81' lang='lat' dir='ltr'><strong>servum</strong></span> 
     </span>
    </p>
   </div>
   <div class='ocr_carea' id='block_1_29' title="bbox 2053 1445 3721 1520">
    <p class='ocr_par' dir='ltr' id='par_1_29' title="bbox 2053 1445 3721 1520">
     <span class='ocr_line' id='line_1_29' title="bbox 2053 1445 3721 1520; baseline -0.001 -20"><span class='ocrx_word' id='word_1_213' title='bbox 2053 1446 2350 1517; x_wconf 85' lang='lat' dir='ltr'><strong>juniorem</strong></span> <span class='ocrx_word' id='word_1_214' title='bbox 2382 1447 2651 1503; x_wconf 87' lang='lat' dir='ltr'><strong>orbatum</strong></span> <span class='ocrx_word' id='word_1_215' title='bbox 2687 1453 2868 1520; x_wconf 89' lang='lat' dir='ltr'><strong>patre,</strong></span> <span class='ocrx_word' id='word_1_216' title='bbox 2904 1464 3008 1504; x_wconf 88' lang='lat' dir='ltr'><strong>nec</strong></span> <span class='ocrx_word' id='word_1_217' title='bbox 3044 1447 3308 1514; x_wconf 92' lang='lat' dir='ltr'><strong>viduam,</strong></span> <span class='ocrx_word' id='word_1_218' title='bbox 3342 1445 3390 1501; x_wconf 90' lang='lat' dir='ltr'><strong>si</strong></span> <span class='ocrx_word' id='word_1_219' title='bbox 3456 1445 3721 1501; x_wconf 76' lang='lat' dir='ltr'><strong>eilundat</strong></span> 
     </span>
    </p>
   </div>
   <div class='ocr_carea' id='block_1_30' title="bbox 2059 1533 2520 1608">
    <p class='ocr_par' dir='ltr' id='par_1_30' title="bbox 2059 1533 2520 1608">
     <span class='ocr_line' id='line_1_30' title="bbox 2059 1533 2520 1608; baseline 0.004 -18"><span class='ocrx_word' id='word_1_220' title='bbox 2059 1533 2352 1607; x_wconf 86' lang='lat' dir='ltr'><strong>loquelam</strong></span> <span class='ocrx_word' id='word_1_221' title='bbox 2384 1537 2520 1608; x_wconf 90' lang='lat'>(68).</span> 
     </span>
    </p>
   </div>
   <div class='ocr_carea' id='block_1_31' title="bbox 2125 1623 3718 1698">
    <p class='ocr_par' dir='ltr' id='par_1_31' title="bbox 2125 1623 3718 1698">
     <span class='ocr_line' id='line_1_31' title="bbox 2125 1623 3718 1698; baseline 0 -19"><span class='ocrx_word' id='word_1_222' title='bbox 2125 1625 2219 1679; x_wconf 87' lang='lat'><strong>37.</strong></span> <span class='ocrx_word' id='word_1_223' title='bbox 2253 1624 2545 1681; x_wconf 89' lang='lat' dir='ltr'><strong>Gemitum</strong></span> <span class='ocrx_word' id='word_1_224' title='bbox 2579 1642 2715 1698; x_wconf 87' lang='lat' dir='ltr'><strong>ergo</strong></span> <span class='ocrx_word' id='word_1_225' title='bbox 2745 1629 2880 1681; x_wconf 86' lang='lat' dir='ltr'><strong>ante</strong></span> <span class='ocrx_word' id='word_1_226' title='bbox 2909 1625 3108 1681; x_wconf 91' lang='lat' dir='ltr'><strong>omnia</strong></span> <span class='ocrx_word' id='word_1_227' title='bbox 3156 1625 3397 1697; x_wconf 90' lang='lat' dir='ltr'><strong>signum</strong></span> <span class='ocrx_word' id='word_1_228' title='bbox 3462 1623 3718 1696; x_wconf 84' lang='lat' dir='ltr'><strong>Spiritus</strong></span> 
     </span>
    </p>
   </div>
   <div class='ocr_carea' id='block_1_32' title="bbox 2061 1711 3727 1786">
    <p class='ocr_par' dir='ltr' id='par_1_32' title="bbox 2061 1711 3727 1786">
     <span class='ocr_line' id='line_1_32' title="bbox 2061 1711 3727 1786; baseline -0.001 -19"><span class='ocrx_word' id='word_1_229' title='bbox 2061 1712 2246 1768; x_wconf 84' lang='lat' dir='ltr'><strong>sancti</strong></span> <span class='ocrx_word' id='word_1_230' title='bbox 2275 1713 2587 1786; x_wconf 87' lang='lat' dir='ltr'><strong>Apostolus</strong></span> <span class='ocrx_word' id='word_1_231' title='bbox 2613 1714 2797 1786; x_wconf 87' lang='lat' dir='ltr'><strong>ponit,</strong></span> <span class='ocrx_word' id='word_1_232' title='bbox 2830 1718 2896 1770; x_wconf 92' lang='lat' dir='ltr'><strong>ut</strong></span> <span class='ocrx_word' id='word_1_233' title='bbox 2926 1713 3200 1786; x_wconf 84' lang='lat' dir='ltr'><strong>legimus.</strong></span> <span class='ocrx_word' id='word_1_234' title='bbox 3240 1711 3508 1785; x_wconf 78' lang='lat' dir='ltr'><strong>Denique</strong></span> <span class='ocrx_word' id='word_1_235' title='bbox 3539 1717 3727 1768; x_wconf 76' lang='lat' dir='ltr'><strong>custo-</strong></span> 
     </span>
    </p>
   </div>
   <div class='ocr_carea' id='block_1_33' title="bbox 313 1800 3724 1898">
    <p class='ocr_par' dir='ltr' id='par_1_33' title="bbox 313 1800 3724 1898">
     <span class='ocr_line' id='line_1_33' title="bbox 313 1800 3724 1898; baseline 0 -42"><span class='ocrx_word' id='word_1_236' title='bbox 313 1800 602 1873; x_wconf 86' lang='lat' dir='ltr'><strong>accipiant</strong></span> <span class='ocrx_word' id='word_1_237' title='bbox 633 1818 645 1857; x_wconf 90' lang='lat'>:</span> <span class='ocrx_word' id='word_1_238' title='bbox 682 1801 783 1857; x_wconf 92' lang='lat' dir='ltr'><strong>illa</strong></span> <span class='ocrx_word' id='word_1_239' title='bbox 810 1802 937 1858; x_wconf 91' lang='lat' dir='ltr'><strong>volo</strong></span> <span class='ocrx_word' id='word_1_240' title='bbox 959 1803 1106 1858; x_wconf 91' lang='lat' dir='ltr'><strong>scire</strong></span> <span class='ocrx_word' id='word_1_241' title='bbox 1135 1819 1261 1875; x_wconf 66' lang='lat' dir='ltr'><strong>quae</strong></span> <span class='ocrx_word' id='word_1_242' title='bbox 1295 1819 1473 1874; x_wconf 89' lang='lat' dir='ltr'><strong>supra</strong></span> <span class='ocrx_word' id='word_1_243' title='bbox 1504 1803 1951 1858; x_wconf 84' lang='lat' dir='ltr'><strong>fundamentum</strong></span> <span class='ocrx_word' id='word_1_244' title='bbox 1981 1833 2030 1898; x_wconf 81' lang='grc' dir='ltr'>Β</span> <span class='ocrx_word' id='word_1_245' title='bbox 2061 1801 2294 1859; x_wconf 91' lang='lat' dir='ltr'><strong>diamus</strong></span> <span class='ocrx_word' id='word_1_246' title='bbox 2326 1803 2533 1858; x_wconf 86' lang='lat' dir='ltr'><strong>animae</strong></span> <span class='ocrx_word' id='word_1_247' title='bbox 2565 1807 2776 1859; x_wconf 70' lang='lat' dir='ltr'><strong>nostris</strong></span> <span class='ocrx_word' id='word_1_248' title='bbox 2799 1803 3018 1874; x_wconf 84' lang='lat' dir='ltr'><strong>januas</strong></span> <span class='ocrx_word' id='word_1_249' title='bbox 3054 1819 3067 1868; x_wconf 90' lang='lat'><strong>;</strong></span> <span class='ocrx_word' id='word_1_250' title='bbox 3128 1818 3201 1857; x_wconf 89' lang='lat' dir='ltr'><strong>ne</strong></span> <span class='ocrx_word' id='word_1_251' title='bbox 3232 1800 3602 1873; x_wconf 84' lang='lat' dir='ltr'><strong>multiloquii</strong></span> <span class='ocrx_word' id='word_1_252' title='bbox 3634 1818 3724 1856; x_wconf 87' lang='lat' dir='ltr'><strong>se-</strong></span> 
     </span>
    </p>
   </div>
   <div class='ocr_carea' id='block_1_34' title="bbox 310 1888 1950 1963">
    <p class='ocr_par' dir='ltr' id='par_1_34' title="bbox 310 1888 1950 1963">
     <span class='ocr_line' id='line_1_34' title="bbox 310 1888 1950 1963; baseline 0.001 -19"><span class='ocrx_word' id='word_1_253' title='bbox 310 1888 594 1945; x_wconf 70' lang='lat' dir='ltr'><strong>aadificata</strong></span> <span class='ocrx_word' id='word_1_254' title='bbox 623 1895 780 1957; x_wconf 85' lang='lat' dir='ltr'><strong>sunt,</strong></span> <span class='ocrx_word' id='word_1_255' title='bbox 816 1896 881 1946; x_wconf 93' lang='lat' dir='ltr'><strong>ut</strong></span> <span class='ocrx_word' id='word_1_256' title='bbox 911 1890 1290 1948; x_wconf 90' lang='lat' dir='ltr'><strong>meliorentur</strong></span> <span class='ocrx_word' id='word_1_257' title='bbox 1323 1917 1335 1959; x_wconf 86' lang='lat'><strong>;</strong></span> <span class='ocrx_word' id='word_1_258' title='bbox 1395 1909 1510 1948; x_wconf 92' lang='lat' dir='ltr'><strong>non</strong></span> <span class='ocrx_word' id='word_1_259' title='bbox 1569 1908 1694 1963; x_wconf 69' lang='lat' dir='ltr'><strong>quis</strong></span> <span class='ocrx_word' id='word_1_260' title='bbox 1746 1891 1805 1946; x_wconf 91' lang='lat' dir='ltr'><strong>in</strong></span> <span class='ocrx_word' id='word_1_261' title='bbox 1837 1889 1950 1957; x_wconf 88' lang='lat' dir='ltr'><strong>via,</strong></span> 
     </span>
    </p>
   </div>
   <div class='ocr_carea' id='block_1_35' title="bbox 311 1978 1953 2052">
    <p class='ocr_par' dir='ltr' id='par_1_35' title="bbox 311 1978 1953 2052">
     <span class='ocr_line' id='line_1_35' title="bbox 311 1978 1953 2052; baseline 0.001 -19"><span class='ocrx_word' id='word_1_262' title='bbox 311 1978 410 2034; x_wconf 90' lang='lat' dir='ltr'><strong>ubi</strong></span> <span class='ocrx_word' id='word_1_263' title='bbox 442 1994 511 2034; x_wconf 90' lang='lat' dir='ltr'><strong>ea</strong></span> <span class='ocrx_word' id='word_1_264' title='bbox 537 1979 818 2052; x_wconf 86' lang='lat' dir='ltr'><strong>diripiant</strong></span> <span class='ocrx_word' id='word_1_265' title='bbox 847 1985 1220 2038; x_wconf 82' lang='lat' dir='ltr'><strong>transeuntes</strong></span> <span class='ocrx_word' id='word_1_266' title='bbox 1255 1999 1267 2037; x_wconf 93' lang='lat'>:</span> <span class='ocrx_word' id='word_1_267' title='bbox 1310 1981 1412 2037; x_wconf 92' lang='lat' dir='ltr'><strong>illa</strong></span> <span class='ocrx_word' id='word_1_268' title='bbox 1440 1981 1566 2036; x_wconf 91' lang='lat' dir='ltr'><strong>volo</strong></span> <span class='ocrx_word' id='word_1_269' title='bbox 1628 1980 1775 2036; x_wconf 90' lang='lat' dir='ltr'><strong>scire</strong></span> <span class='ocrx_word' id='word_1_270' title='bbox 1827 1997 1953 2052; x_wconf 72' lang='lat' dir='ltr'><strong>quae</strong></span> 
     </span>
    </p>
   </div>
   <div class='ocr_carea' id='block_1_36' title="bbox 305 2067 1950 2143">
    <p class='ocr_par' dir='ltr' id='par_1_36' title="bbox 305 2067 1950 2143">
     <span class='ocr_line' id='line_1_36' title="bbox 305 2067 1950 2143; baseline 0.001 -21"><span class='ocrx_word' id='word_1_271' title='bbox 305 2067 441 2123; x_wconf 86' lang='lat' dir='ltr'><strong>vitis</strong></span> <span class='ocrx_word' id='word_1_272' title='bbox 474 2073 632 2134; x_wconf 91' lang='lat' dir='ltr'><strong>sunt,</strong></span> <span class='ocrx_word' id='word_1_273' title='bbox 654 2068 752 2125; x_wconf 91' lang='lat' dir='ltr'><strong>illa</strong></span> <span class='ocrx_word' id='word_1_274' title='bbox 779 2074 938 2125; x_wconf 91' lang='lat' dir='ltr'><strong>certa</strong></span> <span class='ocrx_word' id='word_1_275' title='bbox 969 2069 1125 2143; x_wconf 88' lang='lat' dir='ltr'><strong>ligna</strong></span> <span class='ocrx_word' id='word_1_276' title='bbox 1156 2088 1282 2142; x_wconf 67' lang='lat' dir='ltr'><strong>quae</strong></span> <span class='ocrx_word' id='word_1_277' title='bbox 1315 2070 1505 2124; x_wconf 86' lang='lat' dir='ltr'><strong>ferant</strong></span> <span class='ocrx_word' id='word_1_278' title='bbox 1532 2070 1810 2138; x_wconf 91' lang='lat' dir='ltr'><strong>fructum,</strong></span> <span class='ocrx_word' id='word_1_279' title='bbox 1837 2086 1950 2124; x_wconf 91' lang='lat' dir='ltr'><strong>non</strong></span> 
     </span>
    </p>
   </div>
   <div class='ocr_carea' id='block_1_37' title="bbox 310 2156 1946 2230">
    <p class='ocr_par' dir='ltr' id='par_1_37' title="bbox 310 2156 1946 2230">
     <span class='ocr_line' id='line_1_37' title="bbox 310 2156 1946 2230; baseline 0.001 -19"><span class='ocrx_word' id='word_1_280' title='bbox 310 2171 379 2212; x_wconf 85' lang='lat' dir='ltr'><strong>ea</strong></span> <span class='ocrx_word' id='word_1_281' title='bbox 409 2173 536 2229; x_wconf 69' lang='lat' dir='ltr'><strong>qua:</strong></span> <span class='ocrx_word' id='word_1_282' title='bbox 566 2156 627 2213; x_wconf 87' lang='lat' dir='ltr'><strong>in</strong></span> <span class='ocrx_word' id='word_1_283' title='bbox 659 2157 846 2214; x_wconf 86' lang='lat' dir='ltr'><strong>fasces</strong></span> <span class='ocrx_word' id='word_1_284' title='bbox 877 2158 1116 2214; x_wconf 90' lang='lat' dir='ltr'><strong>collecta</strong></span> <span class='ocrx_word' id='word_1_285' title='bbox 1144 2159 1214 2213; x_wconf 86' lang='lat' dir='ltr'><strong>ad</strong></span> <span class='ocrx_word' id='word_1_286' title='bbox 1248 2159 1581 2214; x_wconf 90' lang='lat' dir='ltr'><strong>incendium</strong></span> <span class='ocrx_word' id='word_1_287' title='bbox 1616 2175 1946 2230; x_wconf 80' lang='lat' dir='ltr'><strong>praeparan-</strong></span> 
     </span>
    </p>
   </div>
   <div class='ocr_carea' id='block_1_38' title="bbox 307 2245 1954 2318">
    <p class='ocr_par' dir='ltr' id='par_1_38' title="bbox 307 2245 1954 2318">
     <span class='ocr_line' id='line_1_38' title="bbox 307 2245 1954 2318; baseline 0.002 -19"><span class='ocrx_word' id='word_1_288' title='bbox 307 2246 408 2299; x_wconf 90' lang='lat' dir='ltr'><strong>tur</strong></span> <span class='ocrx_word' id='word_1_289' title='bbox 438 2261 453 2312; x_wconf 85' lang='lat'><strong>;</strong></span> <span class='ocrx_word' id='word_1_290' title='bbox 487 2245 545 2299; x_wconf 94' lang='lat' dir='ltr'><strong>id</strong></span> <span class='ocrx_word' id='word_1_291' title='bbox 577 2250 684 2311; x_wconf 88' lang='lat' dir='ltr'><strong>est,</strong></span> <span class='ocrx_word' id='word_1_292' title='bbox 719 2263 831 2300; x_wconf 91' lang='lat' dir='ltr'><strong>non</strong></span> <span class='ocrx_word' id='word_1_293' title='bbox 864 2263 998 2301; x_wconf 90' lang='lat' dir='ltr'><strong>sum</strong></span> <span class='ocrx_word' id='word_1_294' title='bbox 1021 2246 1134 2301; x_wconf 90' lang='lat' dir='ltr'><strong>illis</strong></span> <span class='ocrx_word' id='word_1_295' title='bbox 1163 2246 1376 2302; x_wconf 83' lang='lat' dir='ltr'><strong>arbiter</strong></span> <span class='ocrx_word' id='word_1_296' title='bbox 1405 2250 1460 2301; x_wconf 91' lang='lat' dir='ltr'><strong>et</strong></span> <span class='ocrx_word' id='word_1_297' title='bbox 1490 2246 1683 2302; x_wconf 92' lang='lat' dir='ltr'><strong>socius</strong></span> <span class='ocrx_word' id='word_1_298' title='bbox 1714 2264 1838 2318; x_wconf 68' lang='lat' dir='ltr'><strong>qua:</strong></span> <span class='ocrx_word' id='word_1_299' title='bbox 1861 2263 1954 2302; x_wconf 88' lang='lat' dir='ltr'><strong>ca-</strong></span> 
     </span>
    </p>
   </div>
   <div class='ocr_carea' id='block_1_39' title="bbox 311 2331 1955 2407">
    <p class='ocr_par' dir='ltr' id='par_1_39' title="bbox 311 2331 1955 2407">
     <span class='ocr_line' id='line_1_39' title="bbox 311 2331 1955 2407; baseline 0.003 -21"><span class='ocrx_word' id='word_1_300' title='bbox 311 2331 462 2387; x_wconf 87' lang='lat' dir='ltr'><strong>duca</strong></span> <span class='ocrx_word' id='word_1_301' title='bbox 491 2337 648 2388; x_wconf 92' lang='lat' dir='ltr'><strong>sunt.</strong></span> <span class='ocrx_word' id='word_1_302' title='bbox 680 2333 805 2389; x_wconf 90' lang='lat' dir='ltr'><strong>Non</strong></span> <span class='ocrx_word' id='word_1_303' title='bbox 836 2351 972 2407; x_wconf 88' lang='lat' dir='ltr'><strong>ergo</strong></span> <span class='ocrx_word' id='word_1_304' title='bbox 1001 2335 1251 2391; x_wconf 88' lang='lat' dir='ltr'><strong>societas</strong></span> <span class='ocrx_word' id='word_1_305' title='bbox 1280 2335 1530 2406; x_wconf 87' lang='lat' dir='ltr'><strong>alicujus</strong></span> <span class='ocrx_word' id='word_1_306' title='bbox 1564 2336 1666 2404; x_wconf 89' lang='lat' dir='ltr'><strong>rei,</strong></span> <span class='ocrx_word' id='word_1_307' title='bbox 1699 2336 1799 2392; x_wconf 92' lang='lat' dir='ltr'><strong>sed</strong></span> <span class='ocrx_word' id='word_1_308' title='bbox 1859 2353 1955 2391; x_wconf 91' lang='lat' dir='ltr'><strong>so-</strong></span> 
     </span>
    </p>
   </div>
   <div class='ocr_carea' id='block_1_40' title="bbox 313 2419 1272 2496">
    <p class='ocr_par' dir='ltr' id='par_1_40' title="bbox 313 2419 1272 2496">
     <span class='ocr_line' id='line_1_40' title="bbox 313 2419 1272 2496; baseline 0.003 -20"><span class='ocrx_word' id='word_1_309' title='bbox 313 2419 493 2477; x_wconf 90' lang='lat' dir='ltr'><strong>cietas</strong></span> <span class='ocrx_word' id='word_1_310' title='bbox 523 2421 839 2479; x_wconf 91' lang='lat' dir='ltr'><strong>criminose</strong></span> <span class='ocrx_word' id='word_1_311' title='bbox 873 2423 931 2478; x_wconf 91' lang='lat' dir='ltr'><strong>in</strong></span> <span class='ocrx_word' id='word_1_312' title='bbox 963 2424 1134 2496; x_wconf 90' lang='lat' dir='ltr'><strong>culpa</strong></span> <span class='ocrx_word' id='word_1_313' title='bbox 1163 2429 1272 2481; x_wconf 89' lang='lat' dir='ltr'><strong>est.</strong></span> 
     </span>
    </p>
   </div>
   <div class='ocr_carea' id='block_1_41' title="bbox 383 2510 1958 2587">
    <p class='ocr_par' dir='ltr' id='par_1_41' title="bbox 383 2510 1958 2587">
     <span class='ocr_line' id='line_1_41' title="bbox 383 2510 1958 2587; baseline 0.001 -21"><span class='ocrx_word' id='word_1_314' title='bbox 383 2511 472 2566; x_wconf 90' lang='lat'><strong>35.</strong></span> <span class='ocrx_word' id='word_1_315' title='bbox 495 2510 620 2574; x_wconf 90' lang='lat' dir='ltr'><strong>Qua</strong></span> <span class='ocrx_word' id='word_1_316' title='bbox 640 2512 862 2568; x_wconf 90' lang='lat' dir='ltr'><strong>ratione</strong></span> <span class='ocrx_word' id='word_1_317' title='bbox 893 2517 1086 2569; x_wconf 90' lang='lat' dir='ltr'><strong>autem</strong></span> <span class='ocrx_word' id='word_1_318' title='bbox 1118 2530 1234 2570; x_wconf 92' lang='lat' dir='ltr'><strong>non</strong></span> <span class='ocrx_word' id='word_1_319' title='bbox 1265 2514 1532 2587; x_wconf 84' lang='lat' dir='ltr'><strong>cognovit</strong></span> <span class='ocrx_word' id='word_1_320' title='bbox 1562 2515 1618 2569; x_wconf 91' lang='lat' dir='ltr'><strong>in</strong></span> <span class='ocrx_word' id='word_1_321' title='bbox 1643 2515 1958 2570; x_wconf 88' lang='lat' dir='ltr'><strong>infructuo-</strong></span> 
     </span>
    </p>
   </div>
   <div class='ocr_carea' id='block_1_42' title="bbox 313 2598 1956 2674">
    <p class='ocr_par' dir='ltr' id='par_1_42' title="bbox 313 2598 1956 2674">
     <span class='ocr_line' id='line_1_42' title="bbox 313 2598 1956 2674; baseline 0.002 -19"><span class='ocrx_word' id='word_1_322' title='bbox 313 2598 398 2655; x_wconf 88' lang='lat' dir='ltr'><strong>sis</strong></span> <span class='ocrx_word' id='word_1_323' title='bbox 427 2602 484 2654; x_wconf 90' lang='lat' dir='ltr'><strong>et</strong></span> <span class='ocrx_word' id='word_1_324' title='bbox 513 2599 819 2671; x_wconf 83' lang='lat' dir='ltr'><strong>fragilibus</strong></span> <span class='ocrx_word' id='word_1_325' title='bbox 849 2601 1167 2673; x_wconf 85' lang='lat' dir='ltr'><strong>gloriantes</strong></span> <span class='ocrx_word' id='word_1_326' title='bbox 1194 2603 1222 2656; x_wconf 83' lang='lat'><strong>?</strong></span> <span class='ocrx_word' id='word_1_327' title='bbox 1253 2603 1398 2668; x_wconf 85' lang='lat' dir='ltr'><strong>Quia</strong></span> <span class='ocrx_word' id='word_1_328' title='bbox 1451 2603 1620 2659; x_wconf 91' lang='lat' dir='ltr'><strong>malis</strong></span> <span class='ocrx_word' id='word_1_329' title='bbox 1679 2603 1956 2674; x_wconf 87' lang='lat' dir='ltr'><strong>cperibus</strong></span> 
     </span>
    </p>
   </div>
   <div class='ocr_carea' id='block_1_43' title="bbox 312 2686 1956 2759">
    <p class='ocr_par' dir='ltr' id='par_1_43' title="bbox 312 2686 1956 2759">
     <span class='ocr_line' id='line_1_43' title="bbox 312 2686 1956 2759; baseline 0.002 -15"><span class='ocrx_word' id='word_1_330' title='bbox 312 2692 370 2744; x_wconf 87' lang='lat' dir='ltr'><strong>ct</strong></span> <span class='ocrx_word' id='word_1_331' title='bbox 396 2686 727 2759; x_wconf 85' lang='lat' dir='ltr'><strong>iniquitatis</strong></span> <span class='ocrx_word' id='word_1_332' title='bbox 759 2706 877 2744; x_wconf 65' lang='lat' dir='ltr'><strong>sua:</strong></span> <span class='ocrx_word' id='word_1_333' title='bbox 909 2691 1214 2747; x_wconf 88' lang='lat' dir='ltr'><strong>securibus</strong></span> <span class='ocrx_word' id='word_1_334' title='bbox 1243 2696 1510 2747; x_wconf 89' lang='lat' dir='ltr'><strong>evertunt</strong></span> <span class='ocrx_word' id='word_1_335' title='bbox 1538 2692 1744 2746; x_wconf 71' lang='lat' dir='ltr'><strong>animm</strong></span> <span class='ocrx_word' id='word_1_336' title='bbox 1768 2691 1956 2747; x_wconf 83' lang='lat' dir='ltr'><strong>ﬁdelis</strong></span> 
     </span>
    </p>
   </div>
   <div class='ocr_carea' id='block_1_44' title="bbox 312 2775 1954 2853">
    <p class='ocr_par' dir='ltr' id='par_1_44' title="bbox 312 2775 1954 2853">
     <span class='ocr_line' id='line_1_44' title="bbox 312 2775 1954 2853; baseline 0.002 -21"><span class='ocrx_word' id='word_1_337' title='bbox 312 2775 638 2848; x_wconf 89' lang='lat' dir='ltr'><strong>ingressus,</strong></span> <span class='ocrx_word' id='word_1_338' title='bbox 670 2781 727 2833; x_wconf 88' lang='lat' dir='ltr'><strong>et</strong></span> <span class='ocrx_word' id='word_1_339' title='bbox 755 2778 1090 2834; x_wconf 86' lang='lat' dir='ltr'><strong>crudelibus</strong></span> <span class='ocrx_word' id='word_1_340' title='bbox 1121 2779 1288 2835; x_wconf 85' lang='lat' dir='ltr'><strong>factis</strong></span> <span class='ocrx_word' id='word_1_341' title='bbox 1320 2781 1598 2836; x_wconf 91' lang='lat' dir='ltr'><strong>scindunt</strong></span> <span class='ocrx_word' id='word_1_342' title='bbox 1629 2781 1733 2853; x_wconf 72' lang='lat' dir='ltr'><strong>piae</strong></span> <span class='ocrx_word' id='word_1_343' title='bbox 1791 2797 1954 2835; x_wconf 91' lang='lat' dir='ltr'><strong>men-</strong></span> 
     </span>
    </p>
   </div>
   <div class='ocr_carea' id='block_1_45' title="bbox 309 2862 1954 2940">
    <p class='ocr_par' dir='ltr' id='par_1_45' title="bbox 309 2862 1954 2940">
     <span class='ocr_line' id='line_1_45' title="bbox 309 2862 1954 2940; baseline 0.004 -22"><span class='ocrx_word' id='word_1_344' title='bbox 309 2862 388 2920; x_wconf 88' lang='lat' dir='ltr'><strong>tis</strong></span> <span class='ocrx_word' id='word_1_345' title='bbox 408 2862 695 2920; x_wconf 88' lang='lat' dir='ltr'><strong>vestibula</strong></span> <span class='ocrx_word' id='word_1_346' title='bbox 729 2883 741 2920; x_wconf 89' lang='lat'><strong>:</strong></span> <span class='ocrx_word' id='word_1_347' title='bbox 777 2882 847 2921; x_wconf 93' lang='lat' dir='ltr'><strong>ne</strong></span> <span class='ocrx_word' id='word_1_348' title='bbox 870 2883 970 2938; x_wconf 91' lang='lat' dir='ltr'><strong>per</strong></span> <span class='ocrx_word' id='word_1_349' title='bbox 988 2883 1057 2922; x_wconf 90' lang='lat' dir='ltr'><strong>ea</strong></span> <span class='ocrx_word' id='word_1_350' title='bbox 1077 2868 1264 2940; x_wconf 90' lang='lat' dir='ltr'><strong>possit</strong></span> <span class='ocrx_word' id='word_1_351' title='bbox 1283 2868 1554 2924; x_wconf 89' lang='lat' dir='ltr'><strong>Christus</strong></span> <span class='ocrx_word' id='word_1_352' title='bbox 1581 2869 1816 2925; x_wconf 90' lang='lat' dir='ltr'><strong>intrare.</strong></span> <span class='ocrx_word' id='word_1_353' title='bbox 1848 2869 1954 2925; x_wconf 76' lang='lat' dir='ltr'><strong>De-</strong></span> 
     </span>
    </p>
   </div>
   <div class='ocr_carea' id='block_1_46' title="bbox 310 2952 1955 3028">
    <p class='ocr_par' dir='ltr' id='par_1_46' title="bbox 310 2952 1955 3028">
     <span class='ocr_line' id='line_1_46' title="bbox 310 2952 1955 3028; baseline 0.004 -21"><span class='ocrx_word' id='word_1_354' title='bbox 310 2952 413 3008; x_wconf 89' lang='lat' dir='ltr'><strong>bet</strong></span> <span class='ocrx_word' id='word_1_355' title='bbox 445 2956 640 3009; x_wconf 89' lang='lat' dir='ltr'><strong>autem</strong></span> <span class='ocrx_word' id='word_1_356' title='bbox 667 2955 1077 3028; x_wconf 88' lang='lat' dir='ltr'><strong>unusquisque</strong></span> <span class='ocrx_word' id='word_1_357' title='bbox 1107 2961 1304 3028; x_wconf 89' lang='lat' dir='ltr'><strong>portas</strong></span> <span class='ocrx_word' id='word_1_358' title='bbox 1335 2974 1473 3013; x_wconf 89' lang='lat' dir='ltr'><strong>suas</strong></span> <span class='ocrx_word' id='word_1_359' title='bbox 1505 2962 1562 3013; x_wconf 91' lang='lat' dir='ltr'><strong>et</strong></span> <span class='ocrx_word' id='word_1_360' title='bbox 1609 2959 1827 3028; x_wconf 89' lang='lat' dir='ltr'><strong>januas</strong></span> <span class='ocrx_word' id='word_1_361' title='bbox 1855 2975 1955 3014; x_wconf 91' lang='lat' dir='ltr'><strong>cu-</strong></span> 
     </span>
    </p>
   </div>
   <div class='ocr_carea' id='block_1_47' title="bbox 312 3041 1955 3119">
    <p class='ocr_par' dir='ltr' id='par_1_47' title="bbox 312 3041 1955 3119">
     <span class='ocr_line' id='line_1_47' title="bbox 312 3041 1955 3119; baseline 0.003 -22"><span class='ocrx_word' id='word_1_362' title='bbox 312 3041 529 3098; x_wconf 88' lang='lat' dir='ltr'><strong>stodire</strong></span> <span class='ocrx_word' id='word_1_363' title='bbox 561 3060 574 3098; x_wconf 86' lang='lat'><strong>:</strong></span> <span class='ocrx_word' id='word_1_364' title='bbox 608 3047 676 3098; x_wconf 92' lang='lat' dir='ltr'><strong>ut</strong></span> <span class='ocrx_word' id='word_1_365' title='bbox 705 3059 840 3099; x_wconf 92' lang='lat' dir='ltr'><strong>cum</strong></span> <span class='ocrx_word' id='word_1_366' title='bbox 871 3045 1091 3100; x_wconf 89' lang='lat' dir='ltr'><strong>venerit</strong></span> <span class='ocrx_word' id='word_1_367' title='bbox 1119 3045 1383 3110; x_wconf 88' lang='lat' dir='ltr'><strong>Christus</strong></span> <span class='ocrx_word' id='word_1_368' title='bbox 1414 3051 1470 3102; x_wconf 90' lang='lat' dir='ltr'><strong>et</strong></span> <span class='ocrx_word' id='word_1_369' title='bbox 1501 3047 1837 3119; x_wconf 87' lang='lat' dir='ltr'><strong>pulsaverit,</strong></span> <span class='ocrx_word' id='word_1_370' title='bbox 1868 3047 1955 3102; x_wconf 90' lang='lat' dir='ltr'><strong>di-</strong></span> 
     </span>
    </p>
   </div>
   <div class='ocr_carea' id='block_1_48' title="bbox 313 3131 1954 3208">
    <p class='ocr_par' dir='ltr' id='par_1_48' title="bbox 313 3131 1954 3208">
     <span class='ocr_line' id='line_1_48' title="bbox 313 3131 1954 3208; baseline 0.003 -22"><span class='ocrx_word' id='word_1_371' title='bbox 313 3134 448 3187; x_wconf 88' lang='lat' dir='ltr'><strong>cant</strong></span> <span class='ocrx_word' id='word_1_372' title='bbox 476 3131 756 3188; x_wconf 70' lang='lat' dir='ltr'><strong>ministrze</strong></span> <span class='ocrx_word' id='word_1_373' title='bbox 788 3137 1103 3205; x_wconf 87' lang='lat' dir='ltr'><strong>potestates</strong></span> <span class='ocrx_word' id='word_1_374' title='bbox 1134 3151 1262 3207; x_wconf 66' lang='lat' dir='ltr'><strong>quae</strong></span> <span class='ocrx_word' id='word_1_375' title='bbox 1311 3141 1570 3207; x_wconf 65' lang='lat' dir='ltr'><strong>praeeunt</strong></span> <span class='ocrx_word' id='word_1_376' title='bbox 1593 3141 1650 3191; x_wconf 90' lang='lat' dir='ltr'><strong>et</strong></span> <span class='ocrx_word' id='word_1_377' title='bbox 1705 3153 1954 3208; x_wconf 69' lang='lat' dir='ltr'><strong>praecur-</strong></span> 
     </span>
    </p>
   </div>
   <div class='ocr_carea' id='block_1_49' title="bbox 2063 1889 3720 1962">
    <p class='ocr_par' dir='ltr' id='par_1_49' title="bbox 2063 1889 3720 1962">
     <span class='ocr_line' id='line_1_49' title="bbox 2063 1889 3720 1962; baseline -0.001 -17"><span class='ocrx_word' id='word_1_378' title='bbox 2063 1889 2303 1947; x_wconf 89' lang='lat' dir='ltr'><strong>curibus</strong></span> <span class='ocrx_word' id='word_1_379' title='bbox 2331 1891 2634 1947; x_wconf 81' lang='lat' dir='ltr'><strong>scindatur</strong></span> <span class='ocrx_word' id='word_1_380' title='bbox 2675 1896 2886 1947; x_wconf 65' lang='lat' dir='ltr'><strong>nostra:</strong></span> <span class='ocrx_word' id='word_1_381' title='bbox 2936 1889 3327 1946; x_wconf 82' lang='lat' dir='ltr'><strong>confessionis</strong></span> <span class='ocrx_word' id='word_1_382' title='bbox 3386 1889 3720 1962; x_wconf 69' lang='lat' dir='ltr'><strong>ingressus.</strong></span> 
     </span>
    </p>
   </div>
   <div class='ocr_carea' id='block_1_50' title="bbox 2063 1978 3725 2050">
    <p class='ocr_par' dir='ltr' id='par_1_50' title="bbox 2063 1978 3725 2050">
     <span class='ocr_line' id='line_1_50' title="bbox 2063 1978 3725 2050; baseline -0.001 -16"><span class='ocrx_word' id='word_1_383' title='bbox 2063 1978 2219 2035; x_wconf 86' lang='lat' dir='ltr'><strong>Nihil</strong></span> <span class='ocrx_word' id='word_1_384' title='bbox 2250 1979 2510 2036; x_wconf 91' lang='lat' dir='ltr'><strong>insolens</strong></span> <span class='ocrx_word' id='word_1_385' title='bbox 2540 1984 2598 2036; x_wconf 89' lang='lat' dir='ltr'><strong>et</strong></span> <span class='ocrx_word' id='word_1_386' title='bbox 2626 1980 2949 2050; x_wconf 91' lang='lat' dir='ltr'><strong>superbum</strong></span> <span class='ocrx_word' id='word_1_387' title='bbox 2995 1983 3195 2034; x_wconf 88' lang='lat' dir='ltr'><strong>nostro</strong></span> <span class='ocrx_word' id='word_1_388' title='bbox 3225 1995 3295 2033; x_wconf 84' lang='lat' dir='ltr'><strong>ex</strong></span> <span class='ocrx_word' id='word_1_389' title='bbox 3350 1994 3454 2033; x_wconf 88' lang='lat' dir='ltr'><strong>ore</strong></span> <span class='ocrx_word' id='word_1_390' title='bbox 3518 1994 3725 2050; x_wconf 79' lang='lat' dir='ltr'><strong>proce-</strong></span> 
     </span>
    </p>
   </div>
   <div class='ocr_carea' id='block_1_51' title="bbox 2065 2065 3718 2138">
    <p class='ocr_par' dir='ltr' id='par_1_51' title="bbox 2065 2065 3718 2138">
     <span class='ocr_line' id='line_1_51' title="bbox 2065 2065 3718 2138; baseline -0.002 -15"><span class='ocrx_word' id='word_1_391' title='bbox 2065 2069 2164 2123; x_wconf 90' lang='lat' dir='ltr'><strong>dat</strong></span> <span class='ocrx_word' id='word_1_392' title='bbox 2191 2086 2204 2135; x_wconf 92' lang='lat'><strong>;</strong></span> <span class='ocrx_word' id='word_1_393' title='bbox 2237 2085 2308 2124; x_wconf 90' lang='lat' dir='ltr'><strong>ne</strong></span> <span class='ocrx_word' id='word_1_394' title='bbox 2339 2067 2592 2124; x_wconf 89' lang='lat' dir='ltr'><strong>securim</strong></span> <span class='ocrx_word' id='word_1_395' title='bbox 2625 2067 2884 2123; x_wconf 89' lang='lat' dir='ltr'><strong>levemus</strong></span> <span class='ocrx_word' id='word_1_396' title='bbox 2916 2073 3012 2122; x_wconf 86' lang='lat' dir='ltr'><strong>aut</strong></span> <span class='ocrx_word' id='word_1_397' title='bbox 3071 2065 3376 2134; x_wconf 87' lang='lat' dir='ltr'><strong>malleum,</strong></span> <span class='ocrx_word' id='word_1_398' title='bbox 3411 2082 3545 2138; x_wconf 70' lang='lat' dir='ltr'><strong>quin</strong></span> <span class='ocrx_word' id='word_1_399' title='bbox 3607 2083 3718 2121; x_wconf 87' lang='lat' dir='ltr'><strong>non</strong></span> 
     </span>
    </p>
   </div>
   <div class='ocr_carea' id='block_1_52' title="bbox 2065 2154 3722 2226">
    <p class='ocr_par' dir='ltr' id='par_1_52' title="bbox 2065 2154 3722 2226">
     <span class='ocr_line' id='line_1_52' title="bbox 2065 2154 3722 2226; baseline -0.001 -15"><span class='ocrx_word' id='word_1_400' title='bbox 2065 2157 2286 2212; x_wconf 90' lang='lat' dir='ltr'><strong>intrant</strong></span> <span class='ocrx_word' id='word_1_401' title='bbox 2316 2157 2374 2212; x_wconf 93' lang='lat' dir='ltr'><strong>in</strong></span> <span class='ocrx_word' id='word_1_402' title='bbox 2406 2155 2721 2213; x_wconf 87' lang='lat' dir='ltr'><strong>Ecclesiam</strong></span> <span class='ocrx_word' id='word_1_403' title='bbox 2751 2155 3004 2212; x_wconf 90' lang='lat' dir='ltr'><strong>Domini.</strong></span> <span class='ocrx_word' id='word_1_404' title='bbox 3040 2154 3261 2212; x_wconf 87' lang='lat' dir='ltr'><strong>Claude</strong></span> <span class='ocrx_word' id='word_1_405' title='bbox 3285 2156 3572 2226; x_wconf 87' lang='lat' dir='ltr'><strong>januam,</strong></span> <span class='ocrx_word' id='word_1_406' title='bbox 3592 2171 3722 2211; x_wconf 89' lang='lat' dir='ltr'><strong>cum</strong></span> 
     </span>
    </p>
   </div>
   <div class='ocr_carea' id='block_1_53' title="bbox 2065 2243 3729 2318">
    <p class='ocr_par' dir='ltr' id='par_1_53' title="bbox 2065 2243 3729 2318">
     <span class='ocr_line' id='line_1_53' title="bbox 2065 2243 3729 2318; baseline -0.001 -17"><span class='ocrx_word' id='word_1_407' title='bbox 2065 2262 2218 2312; x_wconf 86' lang='lat' dir='ltr'><strong>oras,</strong></span> <span class='ocrx_word' id='word_1_408' title='bbox 2253 2262 2322 2300; x_wconf 89' lang='lat' dir='ltr'><strong>ne</strong></span> <span class='ocrx_word' id='word_1_409' title='bbox 2355 2261 2416 2301; x_wconf 89' lang='lat' dir='ltr'><strong>se</strong></span> <span class='ocrx_word' id='word_1_410' title='bbox 2447 2246 2673 2318; x_wconf 89' lang='lat' dir='ltr'><strong>ingerat</strong></span> <span class='ocrx_word' id='word_1_411' title='bbox 2702 2244 2946 2318; x_wconf 89' lang='lat' dir='ltr'><strong>spiritus</strong></span> <span class='ocrx_word' id='word_1_412' title='bbox 2976 2260 3232 2316; x_wconf 89' lang='lat' dir='ltr'><strong>nequam</strong></span> <span class='ocrx_word' id='word_1_413' title='bbox 3260 2269 3274 2309; x_wconf 85' lang='lat'><strong>;</strong></span> <span class='ocrx_word' id='word_1_414' title='bbox 3310 2247 3374 2298; x_wconf 92' lang='lat' dir='ltr'><strong>ut</strong></span> <span class='ocrx_word' id='word_1_415' title='bbox 3405 2248 3466 2298; x_wconf 91' lang='lat' dir='ltr'><strong>et</strong></span> <span class='ocrx_word' id='word_1_416' title='bbox 3495 2243 3577 2299; x_wconf 92' lang='lat' dir='ltr'><strong>ibi</strong></span> <span class='ocrx_word' id='word_1_417' title='bbox 3602 2260 3729 2316; x_wconf 85' lang='lat' dir='ltr'><strong>pec-</strong></span> 
     </span>
    </p>
   </div>
   <div class='ocr_carea' id='block_1_54' title="bbox 2065 2331 3722 2406">
    <p class='ocr_par' dir='ltr' id='par_1_54' title="bbox 2065 2331 3722 2406">
     <span class='ocr_line' id='line_1_54' title="bbox 2065 2331 3722 2406; baseline -0.001 -16"><span class='ocrx_word' id='word_1_418' title='bbox 2065 2340 2259 2391; x_wconf 91' lang='lat' dir='ltr'><strong>eatum</strong></span> <span class='ocrx_word' id='word_1_419' title='bbox 2292 2338 2646 2406; x_wconf 84' lang='lat' dir='ltr'><strong>extorqueat,</strong></span> <span class='ocrx_word' id='word_1_420' title='bbox 2680 2334 2778 2389; x_wconf 91' lang='lat' dir='ltr'><strong>ubi</strong></span> <span class='ocrx_word' id='word_1_421' title='bbox 2806 2333 3034 2389; x_wconf 90' lang='lat' dir='ltr'><strong>lucrum</strong></span> <span class='ocrx_word' id='word_1_422' title='bbox 3060 2331 3333 2388; x_wconf 89' lang='lat' dir='ltr'><strong>volumus</strong></span> <span class='ocrx_word' id='word_1_423' title='bbox 3364 2332 3606 2404; x_wconf 87' lang='lat' dir='ltr'><strong>pietatis</strong></span> <span class='ocrx_word' id='word_1_424' title='bbox 3628 2350 3722 2388; x_wconf 85' lang='lat' dir='ltr'><strong>ac-</strong></span> 
     </span>
    </p>
   </div>
   <div class='ocr_carea' id='block_1_55' title="bbox 2066 2421 3724 2495">
    <p class='ocr_par' dir='ltr' id='par_1_55' title="bbox 2066 2421 3724 2495">
     <span class='ocr_line' id='line_1_55' title="bbox 2066 2421 3724 2495; baseline -0.002 -16"><span class='ocrx_word' id='word_1_425' title='bbox 2066 2423 2317 2495; x_wconf 90' lang='lat' dir='ltr'><strong>quirere.</strong></span> <span class='ocrx_word' id='word_1_426' title='bbox 2351 2423 2458 2488; x_wconf 87' lang='lat' dir='ltr'><strong>Qui</strong></span> <span class='ocrx_word' id='word_1_427' title='bbox 2490 2423 2576 2478; x_wconf 90' lang='lat' dir='ltr'><strong>sic</strong></span> <span class='ocrx_word' id='word_1_428' title='bbox 2601 2427 2748 2492; x_wconf 88' lang='lat' dir='ltr'><strong>orat,</strong></span> <span class='ocrx_word' id='word_1_429' title='bbox 2783 2439 2896 2478; x_wconf 92' lang='lat' dir='ltr'><strong>non</strong></span> <span class='ocrx_word' id='word_1_430' title='bbox 2927 2426 3015 2477; x_wconf 88' lang='lat' dir='ltr'><strong>est</strong></span> <span class='ocrx_word' id='word_1_431' title='bbox 3071 2439 3105 2476; x_wconf 94' lang='lat' dir='ltr'><strong>a</strong></span> <span class='ocrx_word' id='word_1_432' title='bbox 3161 2421 3415 2478; x_wconf 89' lang='lat' dir='ltr'><strong>Domino</strong></span> <span class='ocrx_word' id='word_1_433' title='bbox 3469 2421 3724 2493; x_wconf 87' lang='lat' dir='ltr'><strong>gemitus</strong></span> 
     </span>
    </p>
   </div>
   <div class='ocr_carea' id='block_1_56' title="bbox 2066 2509 3722 2584">
    <p class='ocr_par' dir='ltr' id='par_1_56' title="bbox 2066 2509 3722 2584">
     <span class='ocr_line' id='line_1_56' title="bbox 2066 2509 3722 2584; baseline -0.002 -16"><span class='ocrx_word' id='word_1_434' title='bbox 2066 2513 2193 2584; x_wconf 86' lang='lat' dir='ltr'><strong>ejus</strong></span> <span class='ocrx_word' id='word_1_435' title='bbox 2222 2512 2616 2568; x_wconf 85' lang='lat' dir='ltr'><strong>absconditus.</strong></span> <span class='ocrx_word' id='word_1_436' title='bbox 2654 2512 2913 2583; x_wconf 87' lang='lat' dir='ltr'><strong>Denique</strong></span> <span class='ocrx_word' id='word_1_437' title='bbox 2943 2510 3026 2567; x_wconf 89' lang='lat' dir='ltr'><strong>sic</strong></span> <span class='ocrx_word' id='word_1_438' title='bbox 3058 2509 3247 2566; x_wconf 88' lang='lat' dir='ltr'><strong>sancti</strong></span> <span class='ocrx_word' id='word_1_439' title='bbox 3279 2509 3438 2566; x_wconf 87' lang='lat' dir='ltr'><strong>Petri</strong></span> <span class='ocrx_word' id='word_1_440' title='bbox 3470 2512 3722 2584; x_wconf 81' lang='lat' dir='ltr'><strong>gemitus</strong></span> 
     </span>
    </p>
   </div>
   <div class='ocr_carea' id='block_1_57' title="bbox 2066 2599 3719 2675">
    <p class='ocr_par' dir='ltr' id='par_1_57' title="bbox 2066 2599 3719 2675">
     <span class='ocr_line' id='line_1_57' title="bbox 2066 2599 3719 2675; baseline -0.002 -17"><span class='ocrx_word' id='word_1_441' title='bbox 2066 2606 2123 2658; x_wconf 87' lang='lat' dir='ltr'><strong>et</strong></span> <span class='ocrx_word' id='word_1_442' title='bbox 2153 2601 2422 2675; x_wconf 87' lang='lat' dir='ltr'><strong>cognitus</strong></span> <span class='ocrx_word' id='word_1_443' title='bbox 2451 2606 2507 2657; x_wconf 90' lang='lat' dir='ltr'><strong>et</strong></span> <span class='ocrx_word' id='word_1_444' title='bbox 2536 2601 2844 2657; x_wconf 84' lang='lat' dir='ltr'><strong>exauditus</strong></span> <span class='ocrx_word' id='word_1_445' title='bbox 2875 2604 2984 2667; x_wconf 88' lang='lat' dir='ltr'><strong>est,</strong></span> <span class='ocrx_word' id='word_1_446' title='bbox 3017 2599 3254 2671; x_wconf 90' lang='lat' dir='ltr'><strong>quando</strong></span> <span class='ocrx_word' id='word_1_447' title='bbox 3282 2599 3447 2654; x_wconf 85' lang='lat' dir='ltr'><strong>ﬂevit</strong></span> <span class='ocrx_word' id='word_1_448' title='bbox 3476 2599 3719 2655; x_wconf 52' lang='lat' dir='ltr'><strong>amaris-</strong></span> 
     </span>
    </p>
   </div>
   <div class='ocr_carea' id='block_1_58' title="bbox 2065 2689 3720 2762">
    <p class='ocr_par' dir='ltr' id='par_1_58' title="bbox 2065 2689 3720 2762">
     <span class='ocr_line' id='line_1_58' title="bbox 2065 2689 3720 2762; baseline -0.002 -15"><span class='ocrx_word' id='word_1_449' title='bbox 2065 2690 2231 2748; x_wconf 90' lang='lat' dir='ltr'><strong>sime.</strong></span> <span class='ocrx_word' id='word_1_450' title='bbox 2263 2691 2472 2762; x_wconf 87' lang='lat' dir='ltr'><strong>Utique</strong></span> <span class='ocrx_word' id='word_1_451' title='bbox 2533 2708 2647 2746; x_wconf 92' lang='lat' dir='ltr'><strong>non</strong></span> <span class='ocrx_word' id='word_1_452' title='bbox 2705 2690 2974 2762; x_wconf 71' lang='lat' dir='ltr'><strong>lac-rymae</strong></span> <span class='ocrx_word' id='word_1_453' title='bbox 3031 2705 3266 2755; x_wconf 65' lang='lat' dir='ltr'><strong>amarae,</strong></span> <span class='ocrx_word' id='word_1_454' title='bbox 3322 2689 3430 2744; x_wconf 89' lang='lat' dir='ltr'><strong>sed</strong></span> <span class='ocrx_word' id='word_1_455' title='bbox 3489 2705 3720 2744; x_wconf 89' lang='lat' dir='ltr'><strong>amarus</strong></span> 
     </span>
    </p>
   </div>
   <div class='ocr_carea' id='block_1_59' title="bbox 2066 2777 3718 2852">
    <p class='ocr_par' dir='ltr' id='par_1_59' title="bbox 2066 2777 3718 2852">
     <span class='ocr_line' id='line_1_59' title="bbox 2066 2777 3718 2852; baseline -0.002 -17"><span class='ocrx_word' id='word_1_456' title='bbox 2066 2780 2167 2852; x_wconf 90' lang='lat' dir='ltr'><strong>qui</strong></span> <span class='ocrx_word' id='word_1_457' title='bbox 2199 2797 2296 2835; x_wconf 89' lang='lat' dir='ltr'><strong>eas</strong></span> <span class='ocrx_word' id='word_1_458' title='bbox 2327 2779 2609 2835; x_wconf 90' lang='lat' dir='ltr'><strong>fundebat</strong></span> <span class='ocrx_word' id='word_1_459' title='bbox 2646 2779 2908 2834; x_wconf 71' lang='lat' dir='ltr'><strong>affectus.</strong></span> <span class='ocrx_word' id='word_1_460' title='bbox 2941 2779 3002 2833; x_wconf 88' lang='lat' dir='ltr'><strong>In</strong></span> <span class='ocrx_word' id='word_1_461' title='bbox 3059 2777 3184 2848; x_wconf 90' lang='lat' dir='ltr'><strong>ipso</strong></span> <span class='ocrx_word' id='word_1_462' title='bbox 3241 2777 3472 2848; x_wconf 81' lang='lat' dir='ltr'><strong>perfide</strong></span> <span class='ocrx_word' id='word_1_463' title='bbox 3529 2777 3718 2832; x_wconf 84' lang='lat' dir='ltr'><strong>Achab</strong></span> 
     </span>
    </p>
   </div>
   <div class='ocr_carea' id='block_1_60' title="bbox 2064 2865 3716 2942">
    <p class='ocr_par' dir='ltr' id='par_1_60' title="bbox 2064 2865 3716 2942">
     <span class='ocr_line' id='line_1_60' title="bbox 2064 2865 3716 2942; baseline -0.004 -17"><span class='ocrx_word' id='word_1_464' title='bbox 2064 2868 2316 2942; x_wconf 91' lang='lat' dir='ltr'><strong>gemitus</strong></span> <span class='ocrx_word' id='word_1_465' title='bbox 2341 2867 2659 2924; x_wconf 89' lang='lat' dir='ltr'><strong>invenisset</strong></span> <span class='ocrx_word' id='word_1_466' title='bbox 2688 2868 2938 2940; x_wconf 82' lang='lat' dir='ltr'><strong>gratiam</strong></span> <span class='ocrx_word' id='word_1_467' title='bbox 2975 2885 2987 2935; x_wconf 90' lang='lat'><strong>;</strong></span> <span class='ocrx_word' id='word_1_468' title='bbox 3043 2865 3154 2921; x_wconf 91' lang='lat' dir='ltr'><strong>nisi</strong></span> <span class='ocrx_word' id='word_1_469' title='bbox 3189 2881 3448 2921; x_wconf 88' lang='lat' dir='ltr'><strong>manens</strong></span> <span class='ocrx_word' id='word_1_470' title='bbox 3506 2866 3716 2921; x_wconf 84' lang='lat' dir='ltr'><strong>invidia</strong></span> 
     </span>
    </p>
   </div>
   <div class='ocr_carea' id='block_1_61' title="bbox 2065 2954 3712 3027">
    <p class='ocr_par' dir='ltr' id='par_1_61' title="bbox 2065 2954 3712 3027">
     <span class='ocr_line' id='line_1_61' title="bbox 2065 2954 3712 3027; baseline -0.003 -13"><span class='ocrx_word' id='word_1_471' title='bbox 2065 2955 2427 3014; x_wconf 90' lang='lat' dir='ltr'><strong>cumulasset</strong></span> <span class='ocrx_word' id='word_1_472' title='bbox 2455 2957 2757 3013; x_wconf 77' lang='lat' dir='ltr'><strong>offensam.</strong></span> <span class='ocrx_word' id='word_1_473' title='bbox 2789 2956 2916 3011; x_wconf 90' lang='lat' dir='ltr'><strong>Non</strong></span> <span class='ocrx_word' id='word_1_474' title='bbox 2949 2955 3106 3011; x_wconf 91' lang='lat' dir='ltr'><strong>enim</strong></span> <span class='ocrx_word' id='word_1_475' title='bbox 3140 2954 3585 3027; x_wconf 85' lang='lat' dir='ltr'><strong>perfunctorius</strong></span> <span class='ocrx_word' id='word_1_476' title='bbox 3613 2971 3712 3027; x_wconf 86' lang='lat' dir='ltr'><strong>ge-</strong></span> 
     </span>
    </p>
   </div>
   <div class='ocr_carea' id='block_1_62' title="bbox 2065 3043 3712 3118">
    <p class='ocr_par' dir='ltr' id='par_1_62' title="bbox 2065 3043 3712 3118">
     <span class='ocr_line' id='line_1_62' title="bbox 2065 3043 3712 3118; baseline -0.002 -16"><span class='ocrx_word' id='word_1_477' title='bbox 2065 3047 2245 3102; x_wconf 90' lang='lat' dir='ltr'><strong>mitus</strong></span> <span class='ocrx_word' id='word_1_478' title='bbox 2277 3045 2624 3118; x_wconf 66' lang='lat' dir='ltr'><strong>praedicatur</strong></span> <span class='ocrx_word' id='word_1_479' title='bbox 2660 3063 2673 3112; x_wconf 91' lang='lat'><strong>;</strong></span> <span class='ocrx_word' id='word_1_480' title='bbox 2707 3045 2808 3099; x_wconf 90' lang='lat' dir='ltr'><strong>sed</strong></span> <span class='ocrx_word' id='word_1_481' title='bbox 2857 3043 2958 3116; x_wconf 89' lang='lat' dir='ltr'><strong>qui</strong></span> <span class='ocrx_word' id='word_1_482' title='bbox 2990 3043 3166 3099; x_wconf 89' lang='lat' dir='ltr'><strong>habet</strong></span> <span class='ocrx_word' id='word_1_483' title='bbox 3222 3043 3666 3099; x_wconf 83' lang='lat' dir='ltr'><strong>conversionem</strong></span> <span class='ocrx_word' id='word_1_484' title='bbox 3699 3062 3712 3109; x_wconf 86' lang='lat'><strong>;</strong></span> 
     </span>
    </p>
   </div>
   <div class='ocr_carea' id='block_1_63' title="bbox 2068 3131 3715 3208">
    <p class='ocr_par' dir='ltr' id='par_1_63' title="bbox 2068 3131 3715 3208">
     <span class='ocr_line' id='line_1_63' title="bbox 2068 3131 3715 3208; baseline -0.002 -18"><span class='ocrx_word' id='word_1_485' title='bbox 2068 3135 2362 3208; x_wconf 86' lang='lat' dir='ltr'><strong>Scriptum</strong></span> <span class='ocrx_word' id='word_1_486' title='bbox 2385 3138 2473 3190; x_wconf 86' lang='lat' dir='ltr'><strong>est</strong></span> <span class='ocrx_word' id='word_1_487' title='bbox 2501 3133 2658 3189; x_wconf 90' lang='lat' dir='ltr'><strong>enim</strong></span> <span class='ocrx_word' id='word_1_488' title='bbox 2691 3151 2704 3188; x_wconf 87' lang='lat'>:</span> <span class='ocrx_word' id='word_1_489' title='bbox 2738 3133 2796 3190; x_wconf 89' lang='lat' dir='ltr'><strong>Si</strong></span> <span class='ocrx_word' id='word_1_490' title='bbox 2829 3148 3150 3188; x_wconf 87' lang='lat' dir='ltr'><strong>conversus</strong></span> <span class='ocrx_word' id='word_1_491' title='bbox 3180 3131 3577 3204; x_wconf 88' lang='lat' dir='ltr'><strong>ingemueris,</strong></span> <span class='ocrx_word' id='word_1_492' title='bbox 3607 3131 3715 3187; x_wconf 57' lang='lat' dir='ltr'><strong>sal.</strong></span> 
     </span>
    </p>
   </div>
   <div class='ocr_carea' id='block_1_64' title="bbox 311 3199 2344 3297">
    <p class='ocr_par' dir='ltr' id='par_1_64' title="bbox 311 3199 2344 3297">
     <span class='ocr_line' id='line_1_64' title="bbox 311 3199 2344 3297; baseline 0.001 -23"><span class='ocrx_word' id='word_1_493' title='bbox 311 3222 452 3276; x_wconf 88' lang='lat' dir='ltr'><strong>runt</strong></span> <span class='ocrx_word' id='word_1_494' title='bbox 481 3236 495 3275; x_wconf 89' lang='lat'><strong>:</strong></span> <span class='ocrx_word' id='word_1_495' title='bbox 529 3243 558 3271; x_wconf 88' lang='lat'><strong><em>«</em></strong></span> <span class='ocrx_word' id='word_1_496' title='bbox 589 3199 807 3277; x_wconf 71' lang='lat' dir='ltr'><strong>Tollite</strong></span> <span class='ocrx_word' id='word_1_497' title='bbox 825 3227 1042 3294; x_wconf 91' lang='lat' dir='ltr'><strong>portas,</strong></span> <span class='ocrx_word' id='word_1_498' title='bbox 1089 3199 1400 3296; x_wconf 74' lang='lat' dir='ltr'><strong>principes,</strong></span> <span class='ocrx_word' id='word_1_499' title='bbox 1459 3228 1680 3281; x_wconf 89' lang='lat' dir='ltr'><strong>vestras</strong></span> <span class='ocrx_word' id='word_1_500' title='bbox 1705 3199 1870 3297; x_wconf 49' lang='lat'>-(65),</span> <span class='ocrx_word' id='word_1_501' title='bbox 1899 3230 1956 3280; x_wconf 88' lang='lat' dir='ltr'><strong>et</strong></span> <span class='ocrx_word' id='word_1_502' title='bbox 1987 3199 2030 3266; x_wconf 66' lang='grc' dir='ltr'>α</span> <span class='ocrx_word' id='word_1_503' title='bbox 2069 3240 2176 3278; x_wconf 90' lang='lat' dir='ltr'><strong>vus</strong></span> <span class='ocrx_word' id='word_1_504' title='bbox 2197 3199 2344 3278; x_wconf 69' lang='lat' dir='ltr'><strong>eris.</strong></span> 
     </span>
    </p>
   </div>
   <div class='ocr_carea' id='block_1_65' title="bbox 311 3305 1950 3386">
    <p class='ocr_par' dir='ltr' id='par_1_65' title="bbox 311 3305 1950 3386">
     <span class='ocr_line' id='line_1_65' title="bbox 311 3305 1950 3386; baseline 0.003 -22"><span class='ocrx_word' id='word_1_505' title='bbox 311 3305 637 3378; x_wconf 88' lang='lat' dir='ltr'><strong>elevamini,</strong></span> <span class='ocrx_word' id='word_1_506' title='bbox 672 3311 818 3366; x_wconf 72' lang='lat'><strong>881</strong></span> <span class='ocrx_word' id='word_1_507' title='bbox 857 3315 1053 3383; x_wconf 72' lang='lat' dir='ltr'><strong>portac~</strong></span> <span class='ocrx_word' id='word_1_508' title='bbox 1090 3311 1391 3368; x_wconf 66' lang='lat' dir='ltr'><strong>aeternales</strong></span> <span class='ocrx_word' id='word_1_509' title='bbox 1449 3314 1616 3383; x_wconf 78' lang='lat' dir='ltr'><strong>(Psat.</strong></span> <span class='ocrx_word' id='word_1_510' title='bbox 1678 3330 1814 3382; x_wconf 81' lang='lat' dir='ltr'><strong>xxii,</strong></span> <span class='ocrx_word' id='word_1_511' title='bbox 1873 3315 1950 3386; x_wconf 91' lang='lat'>7).</span> 
     </span>
    </p>
   </div>
   <div class='ocr_carea' id='block_1_66' title="bbox 310 3396 1954 3471">
    <p class='ocr_par' dir='ltr' id='par_1_66' title="bbox 310 3396 1954 3471">
     <span class='ocr_line' id='line_1_66' title="bbox 310 3396 1954 3471; baseline 0.004 -21"><span class='ocrx_word' id='word_1_512' title='bbox 310 3396 455 3454; x_wconf 88' lang='lat' dir='ltr'><strong>Vere</strong></span> <span class='ocrx_word' id='word_1_513' title='bbox 487 3398 798 3470; x_wconf 89' lang='lat' dir='ltr'><strong>principes,</strong></span> <span class='ocrx_word' id='word_1_514' title='bbox 832 3399 932 3471; x_wconf 89' lang='lat' dir='ltr'><strong>qui</strong></span> <span class='ocrx_word' id='word_1_515' title='bbox 966 3417 1031 3456; x_wconf 91' lang='lat' dir='ltr'><strong>se</strong></span> <span class='ocrx_word' id='word_1_516' title='bbox 1062 3401 1206 3456; x_wconf 90' lang='lat' dir='ltr'><strong>bene</strong></span> <span class='ocrx_word' id='word_1_517' title='bbox 1238 3399 1507 3470; x_wconf 89' lang='lat' dir='ltr'><strong>rexerint,</strong></span> <span class='ocrx_word' id='word_1_518' title='bbox 1545 3405 1609 3456; x_wconf 90' lang='lat' dir='ltr'><strong>ut</strong></span> <span class='ocrx_word' id='word_1_519' title='bbox 1639 3402 1696 3457; x_wconf 91' lang='lat' dir='ltr'><strong>in</strong></span> <span class='ocrx_word' id='word_1_520' title='bbox 1724 3401 1954 3457; x_wconf 85' lang='lat' dir='ltr'><strong>animas</strong></span> 
     </span>
    </p>
   </div>
   <div class='ocr_carea' id='block_1_67' title="bbox 314 3486 1950 3562">
    <p class='ocr_par' dir='ltr' id='par_1_67' title="bbox 314 3486 1950 3562">
     <span class='ocr_line' id='line_1_67' title="bbox 314 3486 1950 3562; baseline 0.004 -23"><span class='ocrx_word' id='word_1_521' title='bbox 314 3501 516 3540; x_wconf 90' lang='lat' dir='ltr'><strong>eorum</strong></span> <span class='ocrx_word' id='word_1_522' title='bbox 547 3486 777 3543; x_wconf 89' lang='lat' dir='ltr'><strong>Christo</strong></span> <span class='ocrx_word' id='word_1_523' title='bbox 806 3487 1110 3560; x_wconf 88' lang='lat' dir='ltr'><strong>ingressus</strong></span> <span class='ocrx_word' id='word_1_524' title='bbox 1141 3490 1236 3545; x_wconf 90' lang='lat' dir='ltr'><strong>sit.</strong></span> <span class='ocrx_word' id='word_1_525' title='bbox 1279 3489 1482 3546; x_wconf 90' lang='lat' dir='ltr'><strong>Simile</strong></span> <span class='ocrx_word' id='word_1_526' title='bbox 1513 3507 1746 3562; x_wconf 90' lang='lat' dir='ltr'><strong>quoque</strong></span> <span class='ocrx_word' id='word_1_527' title='bbox 1805 3489 1950 3545; x_wconf 92' lang='lat' dir='ltr'><strong>illud</strong></span> 
     </span>
    </p>
   </div>
   <div class='ocr_carea' id='block_1_68' title="bbox 313 3572 1952 3650">
    <p class='ocr_par' dir='ltr' id='par_1_68' title="bbox 313 3572 1952 3650">
     <span class='ocr_line' id='line_1_68' title="bbox 313 3572 1952 3650; baseline 0.004 -23"><span class='ocrx_word' id='word_1_528' title='bbox 313 3576 404 3628; x_wconf 88' lang='lat' dir='ltr'><strong>est</strong></span> <span class='ocrx_word' id='word_1_529' title='bbox 432 3572 798 3631; x_wconf 88' lang='lat' dir='ltr'><strong>Salomonis:</strong></span> <span class='ocrx_word' id='word_1_530' title='bbox 835 3598 862 3624; x_wconf 88' lang='grc'><strong>‹‹</strong></span> <span class='ocrx_word' id='word_1_531' title='bbox 896 3577 954 3632; x_wconf 92' lang='lat' dir='ltr'><strong>Si</strong></span> <span class='ocrx_word' id='word_1_532' title='bbox 987 3578 1232 3649; x_wconf 89' lang='lat' dir='ltr'><strong>spiritus</strong></span> <span class='ocrx_word' id='word_1_533' title='bbox 1280 3578 1551 3635; x_wconf 88' lang='lat' dir='ltr'><strong>habentis</strong></span> <span class='ocrx_word' id='word_1_534' title='bbox 1605 3584 1952 3650; x_wconf 89' lang='lat' dir='ltr'><strong>potestatem</strong></span> 
     </span>
    </p>
   </div>
   <div class='ocr_carea' id='block_1_69' title="bbox 313 3661 1956 3732">
    <p class='ocr_par' dir='ltr' id='par_1_69' title="bbox 313 3661 1956 3732">
     <span class='ocr_line' id='line_1_69' title="bbox 313 3661 1956 3732; baseline 0.004 -16"><span class='ocrx_word' id='word_1_535' title='bbox 313 3661 644 3716; x_wconf 86' lang='lat' dir='ltr'><strong>ascenderit</strong></span> <span class='ocrx_word' id='word_1_536' title='bbox 672 3663 978 3718; x_wconf 90' lang='lat' dir='ltr'><strong>adversum</strong></span> <span class='ocrx_word' id='word_1_537' title='bbox 1029 3669 1104 3732; x_wconf 89' lang='lat' dir='ltr'><strong>te,</strong></span> <span class='ocrx_word' id='word_1_538' title='bbox 1135 3667 1328 3722; x_wconf 92' lang='lat' dir='ltr'><strong>locum</strong></span> <span class='ocrx_word' id='word_1_539' title='bbox 1386 3672 1552 3721; x_wconf 91' lang='lat' dir='ltr'><strong>tuum</strong></span> <span class='ocrx_word' id='word_1_540' title='bbox 1615 3685 1726 3723; x_wconf 92' lang='lat' dir='ltr'><strong>non</strong></span> <span class='ocrx_word' id='word_1_541' title='bbox 1787 3667 1956 3722; x_wconf 79' lang='lat' dir='ltr'><strong>relin-</strong></span> 
     </span>
    </p>
   </div>
   <div class='ocr_carea' id='block_1_70' title="bbox 313 3749 1949 3828">
    <p class='ocr_par' dir='ltr' id='par_1_70' title="bbox 313 3749 1949 3828">
     <span class='ocr_line' id='line_1_70' title="bbox 313 3749 1949 3828; baseline 0.005 -25"><span class='ocrx_word' id='word_1_542' title='bbox 313 3764 462 3820; x_wconf 89' lang='lat' dir='ltr'><strong>quas</strong></span> <span class='ocrx_word' id='word_1_543' title='bbox 486 3767 500 3816; x_wconf 87' lang='lat'><strong>;</strong></span> <span class='ocrx_word' id='word_1_544' title='bbox 523 3749 660 3822; x_wconf 86' lang='lat' dir='ltr'><strong>quia</strong></span> <span class='ocrx_word' id='word_1_545' title='bbox 681 3766 820 3806; x_wconf 89' lang='lat' dir='ltr'><strong>cura</strong></span> <span class='ocrx_word' id='word_1_546' title='bbox 842 3752 1134 3825; x_wconf 88' lang='lat' dir='ltr'><strong>mitigabit</strong></span> <span class='ocrx_word' id='word_1_547' title='bbox 1154 3753 1365 3809; x_wconf 87' lang='lat' dir='ltr'><strong>delicta</strong></span> <span class='ocrx_word' id='word_1_548' title='bbox 1389 3772 1601 3828; x_wconf 90' lang='lat' dir='ltr'><strong>magna</strong></span> <span class='ocrx_word' id='word_1_549' title='bbox 1649 3757 1842 3828; x_wconf 80' lang='lat' dir='ltr'><strong>(Eccle.</strong></span> <span class='ocrx_word' id='word_1_550' title='bbox 1895 3774 1949 3823; x_wconf 88' lang='lat' dir='ltr'><strong>x,</strong></span> 
     </span>
    </p>
   </div>
   <div class='ocr_carea' id='block_1_71' title="bbox 313 3837 1951 3915">
    <p class='ocr_par' dir='ltr' id='par_1_71' title="bbox 313 3837 1951 3915">
     <span class='ocr_line' id='line_1_71' title="bbox 313 3837 1951 3915; baseline 0.005 -23"><span class='ocrx_word' id='word_1_551' title='bbox 313 3839 387 3909; x_wconf 78' lang='grc'><strong>4).</strong></span> <span class='ocrx_word' id='word_1_552' title='bbox 409 3859 438 3886; x_wconf 86' lang='grc'><strong>››</strong></span> <span class='ocrx_word' id='word_1_553' title='bbox 462 3837 772 3911; x_wconf 85' lang='lat' dir='ltr'><strong>Diligentia</strong></span> <span class='ocrx_word' id='word_1_554' title='bbox 793 3839 904 3910; x_wconf 82' lang='lat'>(66)</span> <span class='ocrx_word' id='word_1_555' title='bbox 925 3840 1082 3896; x_wconf 90' lang='lat' dir='ltr'><strong>enim</strong></span> <span class='ocrx_word' id='word_1_556' title='bbox 1105 3847 1161 3897; x_wconf 90' lang='lat' dir='ltr'><strong>et</strong></span> <span class='ocrx_word' id='word_1_557' title='bbox 1192 3842 1335 3897; x_wconf 85' lang='lat' dir='ltr'><strong>ﬁdes</strong></span> <span class='ocrx_word' id='word_1_558' title='bbox 1375 3844 1736 3915; x_wconf 89' lang='lat' dir='ltr'><strong>superiorem</strong></span> <span class='ocrx_word' id='word_1_559' title='bbox 1762 3845 1951 3901; x_wconf 92' lang='lat' dir='ltr'><strong>locum</strong></span> 
     </span>
    </p>
   </div>
   <div class='ocr_carea' id='block_1_72' title="bbox 310 3927 1950 4001">
    <p class='ocr_par' dir='ltr' id='par_1_72' title="bbox 310 3927 1950 4001">
     <span class='ocr_line' id='line_1_72' title="bbox 310 3927 1950 4001; baseline 0.005 -20"><span class='ocrx_word' id='word_1_560' title='bbox 310 3931 527 3995; x_wconf 87' lang='lat' dir='ltr'><strong>tenent,</strong></span> <span class='ocrx_word' id='word_1_561' title='bbox 555 3927 883 3984; x_wconf 87' lang='lat' dir='ltr'><strong>inferiorem</strong></span> <span class='ocrx_word' id='word_1_562' title='bbox 910 3930 1174 4001; x_wconf 82' lang='lat' dir='ltr'><strong>perﬁdia.</strong></span> <span class='ocrx_word' id='word_1_563' title='bbox 1200 3931 1332 3987; x_wconf 90' lang='lat' dir='ltr'><strong>Ideo</strong></span> <span class='ocrx_word' id='word_1_564' title='bbox 1355 3933 1629 3989; x_wconf 88' lang='lat' dir='ltr'><strong>ascendat</strong></span> <span class='ocrx_word' id='word_1_565' title='bbox 1650 3935 1722 3989; x_wconf 91' lang='lat' dir='ltr'><strong>ad</strong></span> <span class='ocrx_word' id='word_1_566' title='bbox 1752 3939 1809 3990; x_wconf 89' lang='lat' dir='ltr'><strong>te</strong></span> <span class='ocrx_word' id='word_1_567' title='bbox 1851 3935 1950 3990; x_wconf 90' lang='lat' dir='ltr'><strong>bo-</strong></span> 
     </span>
    </p>
   </div>
   <div class='ocr_carea' id='block_1_73' title="bbox 312 4015 1950 4091">
    <p class='ocr_par' dir='ltr' id='par_1_73' title="bbox 312 4015 1950 4091">
     <span class='ocr_line' id='line_1_73' title="bbox 312 4015 1950 4091; baseline 0.005 -21"><span class='ocrx_word' id='word_1_568' title='bbox 312 4031 388 4072; x_wconf 90' lang='lat' dir='ltr'><strong>na</strong></span> <span class='ocrx_word' id='word_1_569' title='bbox 415 4015 736 4088; x_wconf 87' lang='lat' dir='ltr'><strong>diligentia,</strong></span> <span class='ocrx_word' id='word_1_570' title='bbox 775 4035 904 4091; x_wconf 67' lang='lat' dir='ltr'><strong>quas</strong></span> <span class='ocrx_word' id='word_1_571' title='bbox 938 4019 1182 4076; x_wconf 88' lang='lat' dir='ltr'><strong>insidias</strong></span> <span class='ocrx_word' id='word_1_572' title='bbox 1211 4021 1468 4076; x_wconf 85' lang='lat' dir='ltr'><strong>excludit</strong></span> <span class='ocrx_word' id='word_1_573' title='bbox 1490 4022 1706 4078; x_wconf 88' lang='lat' dir='ltr'><strong>inimici</strong></span> <span class='ocrx_word' id='word_1_574' title='bbox 1743 4027 1799 4078; x_wconf 88' lang='lat' dir='ltr'><strong>et</strong></span> <span class='ocrx_word' id='word_1_575' title='bbox 1848 4041 1950 4078; x_wconf 91' lang='lat' dir='ltr'><strong>au-</strong></span> 
     </span>
    </p>
   </div>
   <div class='ocr_carea' id='block_1_74' title="bbox 308 4103 1952 4180">
    <p class='ocr_par' dir='ltr' id='par_1_74' title="bbox 308 4103 1952 4180">
     <span class='ocr_line' id='line_1_74' title="bbox 308 4103 1952 4180; baseline 0.005 -21"><span class='ocrx_word' id='word_1_576' title='bbox 308 4103 420 4160; x_wconf 86' lang='lat' dir='ltr'><strong>fert</strong></span> <span class='ocrx_word' id='word_1_577' title='bbox 449 4110 772 4177; x_wconf 86' lang='lat' dir='ltr'><strong>peccatum,</strong></span> <span class='ocrx_word' id='word_1_578' title='bbox 809 4125 878 4162; x_wconf 92' lang='lat' dir='ltr'><strong>ne</strong></span> <span class='ocrx_word' id='word_1_579' title='bbox 910 4108 1133 4164; x_wconf 85' lang='lat' dir='ltr'><strong>malitia</strong></span> <span class='ocrx_word' id='word_1_580' title='bbox 1164 4113 1508 4180; x_wconf 88' lang='lat' dir='ltr'><strong>potestatem</strong></span> <span class='ocrx_word' id='word_1_581' title='bbox 1539 4111 1809 4167; x_wconf 87' lang='lat' dir='ltr'><strong>habentis</strong></span> <span class='ocrx_word' id='word_1_582' title='bbox 1857 4130 1952 4167; x_wconf 85' lang='lat' dir='ltr'><strong>no-</strong></span> 
     </span>
    </p>
   </div>
   <div class='ocr_carea' id='block_1_75' title="bbox 309 4195 1951 4272">
    <p class='ocr_par' dir='ltr' id='par_1_75' title="bbox 309 4195 1951 4272">
     <span class='ocr_line' id='line_1_75' title="bbox 309 4195 1951 4272; baseline 0.004 -24"><span class='ocrx_word' id='word_1_583' title='bbox 309 4208 436 4249; x_wconf 90' lang='lat' dir='ltr'><strong>cere</strong></span> <span class='ocrx_word' id='word_1_584' title='bbox 466 4195 673 4266; x_wconf 89' lang='lat' dir='ltr'><strong>possit.</strong></span> <span class='ocrx_word' id='word_1_585' title='bbox 708 4195 866 4251; x_wconf 90' lang='lat' dir='ltr'><strong>Hanc</strong></span> <span class='ocrx_word' id='word_1_586' title='bbox 908 4197 1059 4255; x_wconf 87' lang='lat' dir='ltr'><strong>videt</strong></span> <span class='ocrx_word' id='word_1_587' title='bbox 1105 4197 1480 4255; x_wconf 89' lang='lat' dir='ltr'><strong>Ecclesiastes</strong></span> <span class='ocrx_word' id='word_1_588' title='bbox 1511 4202 1622 4272; x_wconf 91' lang='lat'>(67)</span> <span class='ocrx_word' id='word_1_589' title='bbox 1653 4201 1710 4255; x_wconf 91' lang='lat' dir='ltr'><strong>in</strong></span> <span class='ocrx_word' id='word_1_590' title='bbox 1758 4201 1951 4257; x_wconf 85' lang='lat' dir='ltr'><strong>Cauti-</strong></span> 
     </span>
    </p>
   </div>
   <div class='ocr_carea' id='block_1_76' title="bbox 307 4279 1951 4358">
    <p class='ocr_par' dir='ltr' id='par_1_76' title="bbox 307 4279 1951 4358">
     <span class='ocr_line' id='line_1_76' title="bbox 307 4279 1951 4358; baseline 0.006 -23"><span class='ocrx_word' id='word_1_591' title='bbox 307 4279 392 4337; x_wconf 87' lang='lat' dir='ltr'><strong>cis</strong></span> <span class='ocrx_word' id='word_1_592' title='bbox 422 4281 705 4339; x_wconf 87' lang='lat' dir='ltr'><strong>malitiam</strong></span> <span class='ocrx_word' id='word_1_593' title='bbox 736 4285 846 4340; x_wconf 92' lang='lat' dir='ltr'><strong>sub</strong></span> <span class='ocrx_word' id='word_1_594' title='bbox 879 4285 1017 4353; x_wconf 91' lang='lat' dir='ltr'><strong>sole,</strong></span> <span class='ocrx_word' id='word_1_595' title='bbox 1051 4287 1161 4343; x_wconf 92' lang='lat' dir='ltr'><strong>hoc</strong></span> <span class='ocrx_word' id='word_1_596' title='bbox 1191 4293 1298 4352; x_wconf 90' lang='lat' dir='ltr'><strong>est,</strong></span> <span class='ocrx_word' id='word_1_597' title='bbox 1329 4288 1386 4341; x_wconf 90' lang='lat' dir='ltr'><strong>in</strong></span> <span class='ocrx_word' id='word_1_598' title='bbox 1418 4289 1526 4344; x_wconf 90' lang='lat' dir='ltr'><strong>hoc</strong></span> <span class='ocrx_word' id='word_1_599' title='bbox 1561 4291 1799 4358; x_wconf 89' lang='lat' dir='ltr'><strong>mundo,</strong></span> <span class='ocrx_word' id='word_1_600' title='bbox 1846 4307 1951 4344; x_wconf 89' lang='lat' dir='ltr'><strong>un-</strong></span> 
     </span>
    </p>
   </div>
   <div class='ocr_carea' id='block_1_77' title="bbox 308 4369 1952 4448">
    <p class='ocr_par' dir='ltr' id='par_1_77' title="bbox 308 4369 1952 4448">
     <span class='ocr_line' id='line_1_77' title="bbox 308 4369 1952 4448; baseline 0.005 -23"><span class='ocrx_word' id='word_1_601' title='bbox 308 4369 380 4426; x_wconf 87' lang='lat' dir='ltr'><strong>de</strong></span> <span class='ocrx_word' id='word_1_602' title='bbox 410 4373 467 4426; x_wconf 86' lang='lat' dir='ltr'><strong>et</strong></span> <span class='ocrx_word' id='word_1_603' title='bbox 495 4371 880 4428; x_wconf 89' lang='lat' dir='ltr'><strong>subsolanum</strong></span> <span class='ocrx_word' id='word_1_604' title='bbox 913 4375 1103 4430; x_wconf 92' lang='lat' dir='ltr'><strong>locum</strong></span> <span class='ocrx_word' id='word_1_605' title='bbox 1136 4376 1290 4431; x_wconf 92' lang='lat' dir='ltr'><strong>hunc</strong></span> <span class='ocrx_word' id='word_1_606' title='bbox 1319 4376 1618 4448; x_wconf 89' lang='lat' dir='ltr'><strong>Scriptura</strong></span> <span class='ocrx_word' id='word_1_607' title='bbox 1674 4395 1952 4434; x_wconf 90' lang='lat' dir='ltr'><strong>memora-</strong></span> 
     </span>
    </p>
   </div>
   <div class='ocr_carea' id='block_1_78' title="bbox 307 4457 1952 4540">
    <p class='ocr_par' dir='ltr' id='par_1_78' title="bbox 307 4457 1952 4540">
     <span class='ocr_line' id='line_1_78' title="bbox 307 4457 1952 4540; baseline 0.006 -27"><span class='ocrx_word' id='word_1_608' title='bbox 307 4459 408 4514; x_wconf 89' lang='lat' dir='ltr'><strong>vit.</strong></span> <span class='ocrx_word' id='word_1_609' title='bbox 444 4460 565 4515; x_wconf 92' lang='lat' dir='ltr'><strong>Sub</strong></span> <span class='ocrx_word' id='word_1_610' title='bbox 596 4457 715 4517; x_wconf 85' lang='lat' dir='ltr'><strong>sele</strong></span> <span class='ocrx_word' id='word_1_611' title='bbox 745 4479 880 4536; x_wconf 89' lang='lat' dir='ltr'><strong>ergo</strong></span> <span class='ocrx_word' id='word_1_612' title='bbox 910 4464 1076 4530; x_wconf 89' lang='lat' dir='ltr'><strong>vidit,</strong></span> <span class='ocrx_word' id='word_1_613' title='bbox 1109 4481 1225 4520; x_wconf 89' lang='lat' dir='ltr'><strong>non</strong></span> <span class='ocrx_word' id='word_1_614' title='bbox 1259 4483 1439 4537; x_wconf 88' lang='lat' dir='ltr'><strong>supra</strong></span> <span class='ocrx_word' id='word_1_615' title='bbox 1469 4466 1675 4536; x_wconf 86' lang='lat' dir='ltr'><strong>solem,</strong></span> <span class='ocrx_word' id='word_1_616' title='bbox 1709 4468 1806 4522; x_wconf 91' lang='lat' dir='ltr'><strong>ubi</strong></span> <span class='ocrx_word' id='word_1_617' title='bbox 1841 4485 1952 4540; x_wconf 83' lang='lat' dir='ltr'><strong>pax</strong></span> 
     </span>
    </p>
   </div>
   <div class='ocr_carea' id='block_1_79' title="bbox 2131 3307 3720 3367">
    <p class='ocr_par' dir='ltr' id='par_1_79' title="bbox 2131 3307 3720 3367">
     <span class='ocr_line' id='line_1_79' title="bbox 2131 3307 3720 3367; baseline -0.002 -1"><span class='ocrx_word' id='word_1_618' title='bbox 2131 3313 2220 3366; x_wconf 92' lang='lat'><strong>38.</strong></span> <span class='ocrx_word' id='word_1_619' title='bbox 2253 3311 2694 3367; x_wconf 89' lang='lat' dir='ltr'><strong>Constituamus</strong></span> <span class='ocrx_word' id='word_1_620' title='bbox 2751 3308 2929 3366; x_wconf 90' lang='lat' dir='ltr'><strong>etiam</strong></span> <span class='ocrx_word' id='word_1_621' title='bbox 2985 3313 3118 3364; x_wconf 89' lang='lat' dir='ltr'><strong>ante</strong></span> <span class='ocrx_word' id='word_1_622' title='bbox 3174 3307 3502 3364; x_wconf 88' lang='lat' dir='ltr'><strong>Dominum</strong></span> <span class='ocrx_word' id='word_1_623' title='bbox 3557 3325 3720 3364; x_wconf 84' lang='lat' dir='ltr'><strong>omne</strong></span> 
     </span>
    </p>
   </div>
   <div class='ocr_carea' id='block_1_80' title="bbox 2062 3397 3719 3462">
    <p class='ocr_par' dir='ltr' id='par_1_80' title="bbox 2062 3397 3719 3462">
     <span class='ocr_line' id='line_1_80' title="bbox 2062 3397 3719 3462; baseline -0.002 -7"><span class='ocrx_word' id='word_1_624' title='bbox 2062 3400 2418 3458; x_wconf 87' lang='lat' dir='ltr'><strong>desiderium</strong></span> <span class='ocrx_word' id='word_1_625' title='bbox 2451 3404 2719 3456; x_wconf 90' lang='lat' dir='ltr'><strong>nostrum</strong></span> <span class='ocrx_word' id='word_1_626' title='bbox 2754 3416 2766 3454; x_wconf 93' lang='lat'>:</span> <span class='ocrx_word' id='word_1_627' title='bbox 2793 3397 2942 3462; x_wconf 88' lang='lat' dir='ltr'><strong>Quid</strong></span> <span class='ocrx_word' id='word_1_628' title='bbox 2977 3402 3068 3454; x_wconf 89' lang='lat' dir='ltr'><strong>est</strong></span> <span class='ocrx_word' id='word_1_629' title='bbox 3101 3397 3470 3454; x_wconf 89' lang='lat' dir='ltr'><strong>desiderium</strong></span> <span class='ocrx_word' id='word_1_630' title='bbox 3501 3397 3529 3452; x_wconf 81' lang='lat'><strong>?</strong></span> <span class='ocrx_word' id='word_1_631' title='bbox 3558 3398 3719 3454; x_wconf 67' lang='lat' dir='ltr'><strong>Bone</strong></span> 
     </span>
    </p>
   </div>
   <div class='ocr_carea' id='block_1_81' title="bbox 2063 3485 3718 3561">
    <p class='ocr_par' dir='ltr' id='par_1_81' title="bbox 2063 3485 3718 3561">
     <span class='ocr_line' id='line_1_81' title="bbox 2063 3485 3718 3561; baseline -0.003 -16"><span class='ocrx_word' id='word_1_632' title='bbox 2063 3490 2222 3546; x_wconf 88' lang='lat' dir='ltr'><strong>enim</strong></span> <span class='ocrx_word' id='word_1_633' title='bbox 2252 3490 2330 3545; x_wconf 89' lang='lat' dir='ltr'><strong>rei</strong></span> <span class='ocrx_word' id='word_1_634' title='bbox 2365 3489 2476 3561; x_wconf 87' lang='lat' dir='ltr'><strong>legi</strong></span> <span class='ocrx_word' id='word_1_635' title='bbox 2507 3488 2861 3544; x_wconf 89' lang='lat' dir='ltr'><strong>desiderium</strong></span> <span class='ocrx_word' id='word_1_636' title='bbox 2897 3506 2909 3542; x_wconf 90' lang='lat'><strong>:</strong></span> <span class='ocrx_word' id='word_1_637' title='bbox 2962 3510 2989 3536; x_wconf 84' lang='lat'><strong><em>«</em></strong></span> <span class='ocrx_word' id='word_1_638' title='bbox 3032 3485 3333 3542; x_wconf 91' lang='lat' dir='ltr'><strong>Desiderio</strong></span> <span class='ocrx_word' id='word_1_639' title='bbox 3397 3486 3718 3542; x_wconf 75' lang='lat' dir='ltr'><strong>desideravi</strong></span> 
     </span>
    </p>
   </div>
   <div class='ocr_carea' id='block_1_82' title="bbox 2063 3575 3715 3652">
    <p class='ocr_par' dir='ltr' id='par_1_82' title="bbox 2063 3575 3715 3652">
     <span class='ocr_line' id='line_1_82' title="bbox 2063 3575 3715 3652; baseline -0.007 -17"><span class='ocrx_word' id='word_1_640' title='bbox 2063 3579 2172 3635; x_wconf 89' lang='lat' dir='ltr'><strong>hoc</strong></span> <span class='ocrx_word' id='word_1_641' title='bbox 2199 3578 2418 3652; x_wconf 87' lang='lat' dir='ltr'><strong>pascha</strong></span> <span class='ocrx_word' id='word_1_642' title='bbox 2448 3577 2802 3633; x_wconf 90' lang='lat' dir='ltr'><strong>manducare</strong></span> <span class='ocrx_word' id='word_1_643' title='bbox 2821 3575 3123 3631; x_wconf 90' lang='lat' dir='ltr'><strong>vobiscum</strong></span> <span class='ocrx_word' id='word_1_644' title='bbox 3155 3576 3307 3645; x_wconf 86' lang='lat' dir='ltr'><strong>(Luc.</strong></span> <span class='ocrx_word' id='word_1_645' title='bbox 3343 3592 3490 3642; x_wconf 81' lang='lat' dir='ltr'><strong>xm,</strong></span> <span class='ocrx_word' id='word_1_646' title='bbox 3523 3577 3611 3646; x_wconf 83' lang='grc'><strong>15)</strong></span> <span class='ocrx_word' id='word_1_647' title='bbox 3645 3593 3657 3643; x_wconf 80' lang='grc' dir='ltr'>ς</span> <span class='ocrx_word' id='word_1_648' title='bbox 3691 3598 3715 3625; x_wconf 75' lang='lat' dir='ltr'><strong>n</strong></span> 
     </span>
    </p>
   </div>
   <div class='ocr_carea' id='block_1_83' title="bbox 2063 3665 3714 3736">
    <p class='ocr_par' dir='ltr' id='par_1_83' title="bbox 2063 3665 3714 3736">
     <span class='ocr_line' id='line_1_83' title="bbox 2063 3665 3714 3736; baseline -0.004 -12"><span class='ocrx_word' id='word_1_649' title='bbox 2063 3673 2121 3724; x_wconf 88' lang='lat' dir='ltr'><strong>et</strong></span> <span class='ocrx_word' id='word_1_650' title='bbox 2152 3686 2164 3722; x_wconf 91' lang='lat'>:</span> <span class='ocrx_word' id='word_1_651' title='bbox 2202 3691 2228 3718; x_wconf 92' lang='grc'><strong>‹‹</strong></span> <span class='ocrx_word' id='word_1_652' title='bbox 2259 3668 2473 3724; x_wconf 89' lang='lat' dir='ltr'><strong>Cervus</strong></span> <span class='ocrx_word' id='word_1_653' title='bbox 2497 3665 2792 3722; x_wconf 88' lang='lat' dir='ltr'><strong>desiderat</strong></span> <span class='ocrx_word' id='word_1_654' title='bbox 2843 3665 2914 3720; x_wconf 93' lang='lat' dir='ltr'><strong>ad</strong></span> <span class='ocrx_word' id='word_1_655' title='bbox 2947 3665 3136 3720; x_wconf 87' lang='lat' dir='ltr'><strong>fontes</strong></span> <span class='ocrx_word' id='word_1_656' title='bbox 3191 3679 3488 3736; x_wconf 90' lang='lat' dir='ltr'><strong>aquarum</strong></span> <span class='ocrx_word' id='word_1_657' title='bbox 3548 3665 3714 3735; x_wconf 74' lang='lat' dir='ltr'><strong>(Psal.</strong></span> 
     </span>
    </p>
   </div>
   <div class='ocr_carea' id='block_1_84' title="bbox 2063 3751 3713 3827">
    <p class='ocr_par' dir='ltr' id='par_1_84' title="bbox 2063 3751 3713 3827">
     <span class='ocr_line' id='line_1_84' title="bbox 2063 3751 3713 3827; baseline -0.004 -15"><span class='ocrx_word' id='word_1_658' title='bbox 2063 3774 2173 3824; x_wconf 77' lang='lat' dir='ltr'><strong>xu,</strong></span> <span class='ocrx_word' id='word_1_659' title='bbox 2201 3756 2276 3827; x_wconf 87' lang='lat'><strong>2).</strong></span> <span class='ocrx_word' id='word_1_660' title='bbox 2307 3778 2332 3804; x_wconf 85' lang='lat'>»</span> <span class='ocrx_word' id='word_1_661' title='bbox 2357 3760 2500 3810; x_wconf 87' lang='lat' dir='ltr'><strong>Puto</strong></span> <span class='ocrx_word' id='word_1_662' title='bbox 2523 3758 2716 3810; x_wconf 90' lang='lat' dir='ltr'><strong>autem</strong></span> <span class='ocrx_word' id='word_1_663' title='bbox 2738 3753 2894 3825; x_wconf 92' lang='lat' dir='ltr'><strong>quod</strong></span> <span class='ocrx_word' id='word_1_664' title='bbox 2917 3751 2970 3809; x_wconf 90' lang='lat' dir='ltr'><strong>is</strong></span> <span class='ocrx_word' id='word_1_665' title='bbox 2991 3752 3090 3825; x_wconf 92' lang='lat' dir='ltr'><strong>qui</strong></span> <span class='ocrx_word' id='word_1_666' title='bbox 3116 3751 3528 3824; x_wconf 75' lang='lat' dir='ltr'><strong>poenitentiam</strong></span> <span class='ocrx_word' id='word_1_667' title='bbox 3551 3753 3713 3825; x_wconf 87' lang='lat' dir='ltr'><strong>gerit,</strong></span> 
     </span>
    </p>
   </div>
   <div class='ocr_carea' id='block_1_85' title="bbox 2064 3840 3717 3917">
    <p class='ocr_par' dir='ltr' id='par_1_85' title="bbox 2064 3840 3717 3917">
     <span class='ocr_line' id='line_1_85' title="bbox 2064 3840 3717 3917; baseline -0.002 -17"><span class='ocrx_word' id='word_1_668' title='bbox 2064 3846 2162 3917; x_wconf 90' lang='lat' dir='ltr'><strong>qui</strong></span> <span class='ocrx_word' id='word_1_669' title='bbox 2195 3862 2258 3900; x_wconf 89' lang='lat' dir='ltr'><strong>se</strong></span> <span class='ocrx_word' id='word_1_670' title='bbox 2286 3843 2515 3916; x_wconf 78' lang='lat' dir='ltr'><strong>affligit,</strong></span> <span class='ocrx_word' id='word_1_671' title='bbox 2549 3859 2663 3898; x_wconf 88' lang='lat' dir='ltr'><strong>non</strong></span> <span class='ocrx_word' id='word_1_672' title='bbox 2695 3843 2849 3897; x_wconf 89' lang='lat' dir='ltr'><strong>bona</strong></span> <span class='ocrx_word' id='word_1_673' title='bbox 2881 3858 2990 3897; x_wconf 89' lang='lat' dir='ltr'><strong>sua</strong></span> <span class='ocrx_word' id='word_1_674' title='bbox 3022 3840 3365 3905; x_wconf 86' lang='lat' dir='ltr'><strong>debeat,sed</strong></span> <span class='ocrx_word' id='word_1_675' title='bbox 3397 3841 3717 3898; x_wconf 88' lang='lat' dir='ltr'><strong>commissa</strong></span> 
     </span>
    </p>
   </div>
   <div class='ocr_carea' id='block_1_86' title="bbox 2062 3929 3713 4002">
    <p class='ocr_par' dir='ltr' id='par_1_86' title="bbox 2062 3929 3713 4002">
     <span class='ocr_line' id='line_1_86' title="bbox 2062 3929 3713 4002; baseline -0.004 -12"><span class='ocrx_word' id='word_1_676' title='bbox 2062 3935 2173 3990; x_wconf 90' lang='lat' dir='ltr'><strong>sibi</strong></span> <span class='ocrx_word' id='word_1_677' title='bbox 2205 3948 2548 3989; x_wconf 88' lang='lat' dir='ltr'><strong>enumerare</strong></span> <span class='ocrx_word' id='word_1_678' title='bbox 2597 3935 2850 4002; x_wconf 87' lang='lat' dir='ltr'><strong>peccata.</strong></span> <span class='ocrx_word' id='word_1_679' title='bbox 2883 3929 3150 4001; x_wconf 90' lang='lat' dir='ltr'><strong>Denique</strong></span> <span class='ocrx_word' id='word_1_680' title='bbox 3209 3929 3520 3986; x_wconf 85' lang='lat' dir='ltr'><strong>versiculis</strong></span> <span class='ocrx_word' id='word_1_681' title='bbox 3580 3929 3713 3996; x_wconf 89' lang='lat' dir='ltr'><strong>illis,</strong></span> 
     </span>
    </p>
   </div>
   <div class='ocr_carea' id='block_1_87' title="bbox 2063 4017 3710 4090">
    <p class='ocr_par' dir='ltr' id='par_1_87' title="bbox 2063 4017 3710 4090">
     <span class='ocr_line' id='line_1_87' title="bbox 2063 4017 3710 4090; baseline -0.005 -12"><span class='ocrx_word' id='word_1_682' title='bbox 2063 4028 2128 4078; x_wconf 89' lang='lat' dir='ltr'><strong>ut</strong></span> <span class='ocrx_word' id='word_1_683' title='bbox 2152 4023 2422 4090; x_wconf 89' lang='lat' dir='ltr'><strong>arbitror,</strong></span> <span class='ocrx_word' id='word_1_684' title='bbox 2446 4020 2554 4076; x_wconf 89' lang='lat' dir='ltr'><strong>hoc</strong></span> <span class='ocrx_word' id='word_1_685' title='bbox 2585 4020 2881 4085; x_wconf 87' lang='lat' dir='ltr'><strong>docemur,</strong></span> <span class='ocrx_word' id='word_1_686' title='bbox 2915 4017 3132 4090; x_wconf 91' lang='lat' dir='ltr'><strong>quibus</strong></span> <span class='ocrx_word' id='word_1_687' title='bbox 3175 4017 3258 4072; x_wconf 90' lang='lat' dir='ltr'><strong>ait</strong></span> <span class='ocrx_word' id='word_1_688' title='bbox 3292 4034 3304 4071; x_wconf 90' lang='lat'>:</span> <span class='ocrx_word' id='word_1_689' title='bbox 3343 4040 3370 4066; x_wconf 77' lang='grc' dir='ltr'>α</span> <span class='ocrx_word' id='word_1_690' title='bbox 3407 4017 3582 4083; x_wconf 89' lang='lat' dir='ltr'><strong>Deus,</strong></span> <span class='ocrx_word' id='word_1_691' title='bbox 3645 4020 3710 4070; x_wconf 81' lang='lat' dir='ltr'><strong>vi-</strong></span> 
     </span>
    </p>
   </div>
   <div class='ocr_carea' id='block_1_88' title="bbox 2060 4105 3720 4179">
    <p class='ocr_par' dir='ltr' id='par_1_88' title="bbox 2060 4105 3720 4179">
     <span class='ocr_line' id='line_1_88' title="bbox 2060 4105 3720 4179; baseline -0.004 -11"><span class='ocrx_word' id='word_1_692' title='bbox 2060 4117 2180 4168; x_wconf 87' lang='lat' dir='ltr'><strong>tam</strong></span> <span class='ocrx_word' id='word_1_693' title='bbox 2213 4127 2402 4166; x_wconf 84' lang='lat' dir='ltr'><strong>meam</strong></span> <span class='ocrx_word' id='word_1_694' title='bbox 2437 4108 2716 4164; x_wconf 86' lang='lat' dir='ltr'><strong>nuntiabo</strong></span> <span class='ocrx_word' id='word_1_695' title='bbox 2749 4107 2851 4162; x_wconf 92' lang='lat' dir='ltr'><strong>tibi</strong></span> <span class='ocrx_word' id='word_1_696' title='bbox 2887 4125 2898 4162; x_wconf 88' lang='lat'>:</span> <span class='ocrx_word' id='word_1_697' title='bbox 2936 4107 3185 4179; x_wconf 88' lang='lat' dir='ltr'><strong>posuisti</strong></span> <span class='ocrx_word' id='word_1_698' title='bbox 3218 4105 3513 4178; x_wconf 74' lang='lat' dir='ltr'><strong>lacrymas</strong></span> <span class='ocrx_word' id='word_1_699' title='bbox 3560 4124 3720 4162; x_wconf 84' lang='lat' dir='ltr'><strong>meas</strong></span> 
     </span>
    </p>
   </div>
   <div class='ocr_carea' id='block_1_89' title="bbox 2060 4195 3718 4272">
    <p class='ocr_par' dir='ltr' id='par_1_89' title="bbox 2060 4195 3718 4272">
     <span class='ocr_line' id='line_1_89' title="bbox 2060 4195 3718 4272; baseline -0.004 -16"><span class='ocrx_word' id='word_1_700' title='bbox 2060 4201 2120 4256; x_wconf 92' lang='lat' dir='ltr'><strong>in</strong></span> <span class='ocrx_word' id='word_1_701' title='bbox 2151 4203 2461 4272; x_wconf 88' lang='lat' dir='ltr'><strong>conspectu</strong></span> <span class='ocrx_word' id='word_1_702' title='bbox 2490 4204 2590 4253; x_wconf 94' lang='lat' dir='ltr'><strong>tuo</strong></span> <span class='ocrx_word' id='word_1_703' title='bbox 2622 4196 2800 4268; x_wconf 74' lang='lat' dir='ltr'><strong>(Psal.</strong></span> <span class='ocrx_word' id='word_1_704' title='bbox 2838 4212 2919 4262; x_wconf 83' lang='lat' dir='ltr'><strong>LV,</strong></span> <span class='ocrx_word' id='word_1_705' title='bbox 2951 4197 3028 4263; x_wconf 85' lang='lat'><strong>9).</strong></span> <span class='ocrx_word' id='word_1_706' title='bbox 3062 4195 3186 4250; x_wconf 88' lang='lat' dir='ltr'><strong>Non</strong></span> <span class='ocrx_word' id='word_1_707' title='bbox 3219 4195 3381 4250; x_wconf 90' lang='lat' dir='ltr'><strong>enim</strong></span> <span class='ocrx_word' id='word_1_708' title='bbox 3414 4196 3588 4267; x_wconf 86' lang='lat' dir='ltr'><strong>quasi</strong></span> <span class='ocrx_word' id='word_1_709' title='bbox 3633 4197 3718 4251; x_wconf 92' lang='lat' dir='ltr'><strong>in-</strong></span> 
     </span>
    </p>
   </div>
   <div class='ocr_carea' id='block_1_90' title="bbox 2061 4283 3718 4355">
    <p class='ocr_par' dir='ltr' id='par_1_90' title="bbox 2061 4283 3718 4355">
     <span class='ocr_line' id='line_1_90' title="bbox 2061 4283 3718 4355; baseline -0.005 -10"><span class='ocrx_word' id='word_1_710' title='bbox 2061 4292 2363 4345; x_wconf 88' lang='lat' dir='ltr'><strong>nocentem</strong></span> <span class='ocrx_word' id='word_1_711' title='bbox 2398 4288 2573 4341; x_wconf 85' lang='lat' dir='ltr'><strong>vitam</strong></span> <span class='ocrx_word' id='word_1_712' title='bbox 2601 4284 3324 4355; x_wconf 77' lang='lat' dir='ltr'><strong>annuutiat,ubilacrymse</strong></span> <span class='ocrx_word' id='word_1_713' title='bbox 3370 4283 3718 4344; x_wconf 82' lang='lat' dir='ltr'><strong>funduntur,</strong></span> 
     </span>
    </p>
   </div>
   <div class='ocr_carea' id='block_1_91' title="bbox 2063 4372 3721 4451">
    <p class='ocr_par' dir='ltr' id='par_1_91' title="bbox 2063 4372 3721 4451">
     <span class='ocr_line' id='line_1_91' title="bbox 2063 4372 3721 4451; baseline -0.005 -16"><span class='ocrx_word' id='word_1_714' title='bbox 2063 4396 2189 4451; x_wconf 69' lang='lat' dir='ltr'><strong>quae</strong></span> <span class='ocrx_word' id='word_1_715' title='bbox 2221 4377 2373 4433; x_wconf 73' lang='lat'><strong>882</strong></span> <span class='ocrx_word' id='word_1_716' title='bbox 2404 4375 2592 4432; x_wconf 88' lang='lat' dir='ltr'><strong>solent</strong></span> <span class='ocrx_word' id='word_1_717' title='bbox 2623 4372 2972 4446; x_wconf 89' lang='lat' dir='ltr'><strong>legationem</strong></span> <span class='ocrx_word' id='word_1_718' title='bbox 3023 4372 3325 4444; x_wconf 88' lang='lat' dir='ltr'><strong>suscipere</strong></span> <span class='ocrx_word' id='word_1_719' title='bbox 3383 4389 3488 4445; x_wconf 90' lang='lat' dir='ltr'><strong>pro</strong></span> <span class='ocrx_word' id='word_1_720' title='bbox 3546 4373 3721 4428; x_wconf 88' lang='lat' dir='ltr'><strong>delic-</strong></span> 
     </span>
    </p>
   </div>
   <div class='ocr_carea' id='block_1_92' title="bbox 2065 4459 3717 4534">
    <p class='ocr_par' dir='ltr' id='par_1_92' title="bbox 2065 4459 3717 4534">
     <span class='ocr_line' id='line_1_92' title="bbox 2065 4459 3717 4534; baseline -0.005 -10"><span class='ocrx_word' id='word_1_721' title='bbox 2065 4467 2158 4524; x_wconf 88' lang='lat' dir='ltr'><strong>tis.</strong></span> <span class='ocrx_word' id='word_1_722' title='bbox 2193 4465 2312 4521; x_wconf 90' lang='lat' dir='ltr'><strong>Nisi</strong></span> <span class='ocrx_word' id='word_1_723' title='bbox 2346 4466 2490 4520; x_wconf 83' lang='lat' dir='ltr'><strong>l&#39;orte</strong></span> <span class='ocrx_word' id='word_1_724' title='bbox 2546 4462 2627 4519; x_wconf 90' lang='lat' dir='ltr'><strong>sic</strong></span> <span class='ocrx_word' id='word_1_725' title='bbox 2685 4459 3106 4534; x_wconf 89' lang='lat' dir='ltr'><strong>intelligamus,</strong></span> <span class='ocrx_word' id='word_1_726' title='bbox 3170 4461 3328 4532; x_wconf 92' lang='lat' dir='ltr'><strong>quod</strong></span> <span class='ocrx_word' id='word_1_727' title='bbox 3381 4461 3493 4515; x_wconf 86' lang='lat' dir='ltr'><strong>etsi</strong></span> <span class='ocrx_word' id='word_1_728' title='bbox 3549 4459 3717 4516; x_wconf 81' lang='lat' dir='ltr'><strong>inne-</strong></span> 
     </span>
    </p>
   </div>
   <div class='ocr_carea' id='block_1_93' title="bbox 308 4547 3714 4627">
    <p class='ocr_par' dir='ltr' id='par_1_93' title="bbox 308 4547 3714 4627">
     <span class='ocr_line' id='line_1_93' title="bbox 308 4547 3714 4627; baseline 0.001 -27"><span class='ocrx_word' id='word_1_729' title='bbox 308 4547 651 4618; x_wconf 88' lang='lat' dir='ltr'><strong>angelorum</strong></span> <span class='ocrx_word' id='word_1_730' title='bbox 683 4554 790 4615; x_wconf 89' lang='lat' dir='ltr'><strong>est,</strong></span> <span class='ocrx_word' id='word_1_731' title='bbox 845 4551 936 4608; x_wconf 90' lang='lat' dir='ltr'><strong>vel</strong></span> <span class='ocrx_word' id='word_1_732' title='bbox 990 4553 1271 4608; x_wconf 89' lang='lat' dir='ltr'><strong>sanctitas</strong></span> <span class='ocrx_word' id='word_1_733' title='bbox 1323 4553 1646 4610; x_wconf 84' lang='lat' dir='ltr'><strong>caelestium</strong></span> <span class='ocrx_word' id='word_1_734' title='bbox 1705 4559 1952 4627; x_wconf 90' lang='lat' dir='ltr'><strong>potesta-</strong></span> <span class='ocrx_word' id='word_1_735' title='bbox 1984 4559 2028 4625; x_wconf 75' lang='grc' dir='ltr'>Ι)</span> <span class='ocrx_word' id='word_1_736' title='bbox 2061 4572 2198 4612; x_wconf 91' lang='lat' dir='ltr'><strong>cens</strong></span> <span class='ocrx_word' id='word_1_737' title='bbox 2228 4554 2478 4626; x_wconf 58' lang='lat' dir='ltr'><strong>quisque</strong></span> <span class='ocrx_word' id='word_1_738' title='bbox 2508 4551 2606 4618; x_wconf 91' lang='lat' dir='ltr'><strong>sit,</strong></span> <span class='ocrx_word' id='word_1_739' title='bbox 2634 4566 2876 4606; x_wconf 89' lang='lat' dir='ltr'><strong>securus</strong></span> <span class='ocrx_word' id='word_1_740' title='bbox 2905 4566 3036 4606; x_wconf 89' lang='lat' dir='ltr'><strong>esse</strong></span> <span class='ocrx_word' id='word_1_741' title='bbox 3065 4565 3179 4605; x_wconf 89' lang='lat' dir='ltr'><strong>non</strong></span> <span class='ocrx_word' id='word_1_742' title='bbox 3214 4549 3430 4621; x_wconf 84' lang='lat' dir='ltr'><strong>possit,</strong></span> <span class='ocrx_word' id='word_1_743' title='bbox 3476 4549 3570 4605; x_wconf 90' lang='lat' dir='ltr'><strong>cui</strong></span> <span class='ocrx_word' id='word_1_744' title='bbox 3603 4550 3714 4604; x_wconf 88' lang='lat' dir='ltr'><strong>sint</strong></span> 
     </span>
    </p>
   </div>
   <div class='ocr_carea' id='block_1_94' title="bbox 305 4637 1945 4712">
    <p class='ocr_par' dir='ltr' id='par_1_94' title="bbox 305 4637 1945 4712">
     <span class='ocr_line' id='line_1_94' title="bbox 305 4637 1945 4712; baseline 0.006 -22"><span class='ocrx_word' id='word_1_745' title='bbox 305 4639 459 4690; x_wconf 73' lang='lat' dir='ltr'><strong>tum.</strong></span> <span class='ocrx_word' id='word_1_746' title='bbox 493 4639 608 4691; x_wconf 86' lang='lat' dir='ltr'><strong>Aut</strong></span> <span class='ocrx_word' id='word_1_747' title='bbox 637 4637 784 4692; x_wconf 89' lang='lat' dir='ltr'><strong>forte</strong></span> <span class='ocrx_word' id='word_1_748' title='bbox 814 4641 924 4695; x_wconf 90' lang='lat' dir='ltr'><strong>sub</strong></span> <span class='ocrx_word' id='word_1_749' title='bbox 955 4640 1072 4695; x_wconf 90' lang='lat' dir='ltr'><strong>sole</strong></span> <span class='ocrx_word' id='word_1_750' title='bbox 1102 4640 1432 4712; x_wconf 86' lang='lat' dir='ltr'><strong>iniquitatis</strong></span> <span class='ocrx_word' id='word_1_751' title='bbox 1461 4642 1606 4697; x_wconf 85' lang='lat' dir='ltr'><strong>dixit</strong></span> <span class='ocrx_word' id='word_1_752' title='bbox 1638 4661 1650 4698; x_wconf 88' lang='lat'><strong>:</strong></span> <span class='ocrx_word' id='word_1_753' title='bbox 1712 4643 1945 4701; x_wconf 76' lang='lat' dir='ltr'><strong>malitiae</strong></span> 
     </span>
    </p>
   </div>
   <div class='ocr_carea' id='block_1_95' title="bbox 307 4722 1952 4798">
    <p class='ocr_par' dir='ltr' id='par_1_95' title="bbox 307 4722 1952 4798">
     <span class='ocr_line' id='line_1_95' title="bbox 307 4722 1952 4798; baseline 0.006 -18"><span class='ocrx_word' id='word_1_754' title='bbox 307 4722 464 4780; x_wconf 87' lang='lat' dir='ltr'><strong>enim</strong></span> <span class='ocrx_word' id='word_1_755' title='bbox 495 4723 764 4780; x_wconf 88' lang='lat' dir='ltr'><strong>diabolus</strong></span> <span class='ocrx_word' id='word_1_756' title='bbox 793 4727 1084 4798; x_wconf 70' lang='lat' dir='ltr'><strong>praesidet,</strong></span> <span class='ocrx_word' id='word_1_757' title='bbox 1117 4727 1435 4784; x_wconf 90' lang='lat' dir='ltr'><strong>virtutibus</strong></span> <span class='ocrx_word' id='word_1_758' title='bbox 1493 4731 1781 4787; x_wconf 82' lang='lat' dir='ltr'><strong>Christus.</strong></span> <span class='ocrx_word' id='word_1_759' title='bbox 1847 4733 1952 4790; x_wconf 89' lang='lat' dir='ltr'><strong>Ita-</strong></span> 
     </span>
    </p>
   </div>
   <div class='ocr_carea' id='block_1_96' title="bbox 307 4812 1948 4892">
    <p class='ocr_par' dir='ltr' id='par_1_96' title="bbox 307 4812 1948 4892">
     <span class='ocr_line' id='line_1_96' title="bbox 307 4812 1948 4892; baseline 0.006 -25"><span class='ocrx_word' id='word_1_760' title='bbox 307 4829 422 4886; x_wconf 89' lang='lat' dir='ltr'><strong>que</strong></span> <span class='ocrx_word' id='word_1_761' title='bbox 462 4815 527 4868; x_wconf 90' lang='lat' dir='ltr'><strong>ut</strong></span> <span class='ocrx_word' id='word_1_762' title='bbox 578 4812 832 4870; x_wconf 90' lang='lat' dir='ltr'><strong>vinceret</strong></span> <span class='ocrx_word' id='word_1_763' title='bbox 886 4815 1157 4887; x_wconf 85' lang='lat' dir='ltr'><strong>spiritum</strong></span> <span class='ocrx_word' id='word_1_764' title='bbox 1215 4821 1559 4888; x_wconf 88' lang='lat' dir='ltr'><strong>potestatem</strong></span> <span class='ocrx_word' id='word_1_765' title='bbox 1616 4819 1948 4892; x_wconf 88' lang='lat' dir='ltr'><strong>habentem,</strong></span> 
     </span>
    </p>
   </div>
   <div class='ocr_carea' id='block_1_97' title="bbox 377 4937 1948 5013">
    <p class='ocr_par' dir='ltr' id='par_1_97' title="bbox 377 4937 1948 5013">
     <span class='ocr_line' id='line_1_97' title="bbox 377 4937 1948 5013; baseline 0.005 -20"><span class='ocrx_word' id='word_1_766' title='bbox 377 4938 490 5010; x_wconf 87' lang='lat'><strong>(65)</strong></span> <span class='ocrx_word' id='word_1_767' title='bbox 520 4937 774 4995; x_wconf 89' lang='lat' dir='ltr'><strong>Nonnuli</strong></span> <span class='ocrx_word' id='word_1_768' title='bbox 803 4957 971 5006; x_wconf 88' lang='lat' dir='ltr'><strong>mss.,</strong></span> <span class='ocrx_word' id='word_1_769' title='bbox 1005 4943 1400 5013; x_wconf 61' lang='lat' dir='ltr'><strong>Tolliteportas</strong></span> <span class='ocrx_word' id='word_1_770' title='bbox 1437 4943 1704 5013; x_wconf 78' lang='lat' dir='ltr'><strong>principis</strong></span> <span class='ocrx_word' id='word_1_771' title='bbox 1745 4949 1948 5003; x_wconf 76' lang='lat' dir='ltr'><strong>vestri!</strong></span> 
     </span>
    </p>
   </div>
   <div class='ocr_carea' id='block_1_98' title="bbox 305 5011 1946 5084">
    <p class='ocr_par' dir='ltr' id='par_1_98' title="bbox 305 5011 1946 5084">
     <span class='ocr_line' id='line_1_98' title="bbox 305 5011 1946 5084; baseline 0.002 -17"><span class='ocrx_word' id='word_1_772' title='bbox 305 5027 504 5084; x_wconf 81' lang='lat' dir='ltr'><strong>verum</strong></span> <span class='ocrx_word' id='word_1_773' title='bbox 539 5017 923 5084; x_wconf 69' lang='lat' dir='ltr'><strong>praeterquam</strong></span> <span class='ocrx_word' id='word_1_774' title='bbox 955 5013 1109 5084; x_wconf 89' lang='lat' dir='ltr'><strong>quod</strong></span> <span class='ocrx_word' id='word_1_775' title='bbox 1154 5011 1237 5066; x_wconf 86' lang='lat' dir='ltr'><strong>illi</strong></span> <span class='ocrx_word' id='word_1_776' title='bbox 1269 5011 1466 5066; x_wconf 83' lang='lat' dir='ltr'><strong>minus</strong></span> <span class='ocrx_word' id='word_1_777' title='bbox 1497 5011 1786 5070; x_wconf 72' lang='lat' dir='ltr'><strong>cohaerent</strong></span> <span class='ocrx_word' id='word_1_778' title='bbox 1817 5034 1946 5071; x_wconf 88' lang='lat' dir='ltr'><strong>cum</strong></span> 
     </span>
    </p>
   </div>
   <div class='ocr_carea' id='block_1_99' title="bbox 305 5027 1951 5163">
    <p class='ocr_par' dir='ltr' id='par_1_99' title="bbox 305 5027 1951 5163">
     <span class='ocr_line' id='line_1_99' title="bbox 305 5027 1946 5136; baseline 0.002 -69"><span class='ocrx_word' id='word_1_779' title='bbox 305 5027 504 5067; x_wconf 81' lang='lat' dir='ltr'><strong>verum</strong></span> <span class='ocrx_word' id='word_1_780' title='bbox 539 5027 923 5136; x_wconf 61' lang='lat' dir='ltr'><strong>Braeterquam</strong></span> <span class='ocrx_word' id='word_1_781' title='bbox 955 5027 1109 5084; x_wconf 81' lang='lat' dir='ltr'><strong>quoa</strong></span> <span class='ocrx_word' id='word_1_782' title='bbox 1154 5027 1237 5066; x_wconf 88' lang='lat' dir='ltr'><strong>llll</strong></span> <span class='ocrx_word' id='word_1_783' title='bbox 1269 5029 1466 5066; x_wconf 82' lang='lat' dir='ltr'><strong>minus</strong></span> <span class='ocrx_word' id='word_1_784' title='bbox 1497 5027 1786 5070; x_wconf 58' lang='lat' dir='ltr'><strong>cenarent</strong></span> <span class='ocrx_word' id='word_1_785' title='bbox 1817 5034 1946 5071; x_wconf 89' lang='lat' dir='ltr'><strong>cum</strong></span> 
     </span>
     <span class='ocr_line' id='line_1_100' title="bbox 305 5083 1951 5163; baseline 0.003 -25"><span class='ocrx_word' id='word_1_786' title='bbox 305 5083 434 5163; x_wconf 78' lang='lat' dir='ltr'><strong>istis</strong></span> <span class='ocrx_word' id='word_1_787' title='bbox 465 5083 984 5163; x_wconf 42' lang='lat' dir='ltr'><strong>su&#39;sequentibus,</strong></span> <span class='ocrx_word' id='word_1_788' title='bbox 1021 5101 1140 5163; x_wconf 68' lang='lat' dir='ltr'><strong>vere</strong></span> <span class='ocrx_word' id='word_1_789' title='bbox 1177 5085 1660 5163; x_wconf 66' lang='lat' dir='ltr'><strong>principes,_etc...</strong></span> <span class='ocrx_word' id='word_1_790' title='bbox 1724 5087 1779 5140; x_wconf 91' lang='lat' dir='ltr'><strong>in</strong></span> <span class='ocrx_word' id='word_1_791' title='bbox 1843 5088 1951 5163; x_wconf 66' lang='lat' dir='ltr'><strong>hoc</strong></span> 
     </span>
    </p>
   </div>
   <div class='ocr_carea' id='block_1_100' title="bbox 307 5153 1952 5226">
    <p class='ocr_par' dir='ltr' id='par_1_100' title="bbox 307 5153 1952 5226">
     <span class='ocr_line' id='line_1_101' title="bbox 307 5153 1952 5226; baseline 0.002 -16"><span class='ocrx_word' id='word_1_792' title='bbox 307 5153 897 5226; x_wconf 25' lang='lat' dir='ltr'><strong>etiamabkomnibus</strong></span> <span class='ocrx_word' id='word_1_793' title='bbox 924 5153 1204 5210; x_wconf 83' lang='lat' dir='ltr'><strong>recedunt</strong></span> <span class='ocrx_word' id='word_1_794' title='bbox 1251 5153 1635 5222; x_wconf 77' lang='lat' dir='ltr'><strong>verSionibus,</strong></span> <span class='ocrx_word' id='word_1_795' title='bbox 1671 5174 1818 5226; x_wconf 89' lang='lat' dir='ltr'><strong>quas</strong></span> <span class='ocrx_word' id='word_1_796' title='bbox 1879 5161 1952 5214; x_wconf 83' lang='lat' dir='ltr'><strong>vi-</strong></span> 
     </span>
    </p>
   </div>
   <div class='ocr_carea' id='block_1_101' title="bbox 307 5222 1948 5298">
    <p class='ocr_par' dir='ltr' id='par_1_101' title="bbox 307 5222 1948 5298">
     <span class='ocr_line' id='line_1_102' title="bbox 307 5222 1948 5298; baseline 0.004 -18"><span class='ocrx_word' id='word_1_797' title='bbox 307 5223 462 5298; x_wconf 85' lang='lat' dir='ltr'><strong>desis</strong></span> <span class='ocrx_word' id='word_1_798' title='bbox 489 5222 776 5298; x_wconf 87' lang='lat' dir='ltr'><strong>in_Bibliis</strong></span> <span class='ocrx_word' id='word_1_799' title='bbox 808 5225 1164 5298; x_wconf 85' lang='lat' dir='ltr'><strong>polyglottis,</strong></span> <span class='ocrx_word' id='word_1_800' title='bbox 1222 5231 1398 5298; x_wconf 90' lang='lat' dir='ltr'><strong>atque</strong></span> <span class='ocrx_word' id='word_1_801' title='bbox 1454 5229 1604 5298; x_wconf 91' lang='lat' dir='ltr'><strong>apud</strong></span> <span class='ocrx_word' id='word_1_802' title='bbox 1655 5222 1948 5286; x_wconf 82' lang='lat' dir='ltr'><strong>Nobilium</strong></span> 
     </span>
    </p>
   </div>
   <div class='ocr_carea' id='block_1_102' title="bbox 305 5293 953 5352">
    <p class='ocr_par' dir='ltr' id='par_1_102' title="bbox 305 5293 953 5352">
     <span class='ocr_line' id='line_1_103' title="bbox 305 5293 953 5352; baseline 0.002 -2"><span class='ocrx_word' id='word_1_803' title='bbox 305 5295 362 5350; x_wconf 91' lang='lat' dir='ltr'><strong>in</strong></span> <span class='ocrx_word' id='word_1_804' title='bbox 396 5293 667 5352; x_wconf 90' lang='lat' dir='ltr'><strong>eumdem</strong></span> <span class='ocrx_word' id='word_1_805' title='bbox 699 5293 953 5351; x_wconf 75' lang='lat' dir='ltr'><strong>versum.</strong></span> 
     </span>
    </p>
   </div>
   <div class='ocr_carea' id='block_1_103' title="bbox 378 5364 1951 5438">
    <p class='ocr_par' dir='ltr' id='par_1_103' title="bbox 378 5364 1951 5438">
     <span class='ocr_line' id='line_1_104' title="bbox 378 5364 1951 5438; baseline 0.003 -17"><span class='ocrx_word' id='word_1_806' title='bbox 378 5365 489 5434; x_wconf 89' lang='lat'>(66)</span> <span class='ocrx_word' id='word_1_807' title='bbox 521 5364 663 5438; x_wconf 85' lang='lat' dir='ltr'><strong>Mss.</strong></span> <span class='ocrx_word' id='word_1_808' title='bbox 694 5366 937 5438; x_wconf 89' lang='lat' dir='ltr'><strong>aliquot,</strong></span> <span class='ocrx_word' id='word_1_809' title='bbox 969 5369 1101 5437; x_wconf 83' lang='lat' dir='ltr'><strong>quia</strong></span> <span class='ocrx_word' id='word_1_810' title='bbox 1128 5384 1261 5422; x_wconf 81' lang='lat' dir='ltr'><strong>cura</strong></span> <span class='ocrx_word' id='word_1_811' title='bbox 1289 5370 1508 5436; x_wconf 78' lang='lat' dir='ltr'><strong>mitigat</strong></span> <span class='ocrx_word' id='word_1_812' title='bbox 1528 5367 1802 5425; x_wconf 74' lang='lat' dir='ltr'><strong>delictum.</strong></span> <span class='ocrx_word' id='word_1_813' title='bbox 1837 5373 1951 5426; x_wconf 77' lang='lat' dir='ltr'><strong>Ma-</strong></span> 
     </span>
    </p>
   </div>
   <div class='ocr_carea' id='block_1_104' title="bbox 303 5435 1945 5513">
    <p class='ocr_par' dir='ltr' id='par_1_104' title="bbox 303 5435 1945 5513">
     <span class='ocr_line' id='line_1_105' title="bbox 303 5435 1945 5513; baseline 0.006 -25"><span class='ocrx_word' id='word_1_814' title='bbox 303 5452 415 5504; x_wconf 87' lang='lat' dir='ltr'><strong>gna</strong></span> <span class='ocrx_word' id='word_1_815' title='bbox 447 5435 591 5513; x_wconf 66' lang='lat' dir='ltr'><strong>enim</strong></span> <span class='ocrx_word' id='word_1_816' title='bbox 631 5435 941 5513; x_wconf 63' lang='lat' dir='ltr'><strong>diligentia.</strong></span> <span class='ocrx_word' id='word_1_817' title='bbox 977 5435 1084 5493; x_wconf 83' lang='lat' dir='ltr'><strong>etc.</strong></span> <span class='ocrx_word' id='word_1_818' title='bbox 1151 5437 1358 5494; x_wconf 84' lang='lat' dir='ltr'><strong>Melius</strong></span> <span class='ocrx_word' id='word_1_819' title='bbox 1403 5435 1518 5513; x_wconf 67' lang='lat' dir='ltr'><strong>alii</strong></span> <span class='ocrx_word' id='word_1_820' title='bbox 1574 5447 1748 5513; x_wconf 89' lang='lat' dir='ltr'><strong>atque</strong></span> <span class='ocrx_word' id='word_1_821' title='bbox 1808 5444 1945 5498; x_wconf 85' lang='lat' dir='ltr'><strong>edit.</strong></span> 
     </span>
    </p>
   </div>
   <div class='ocr_carea' id='block_1_105' title="bbox 306 5505 1949 5621">
    <p class='ocr_par' dir='ltr' id='par_1_105' title="bbox 306 5505 1949 5621">
     <span class='ocr_line' id='line_1_106' title="bbox 306 5505 1949 5621; baseline 0.003 -63"><span class='ocrx_word' id='word_1_822' title='bbox 306 5505 660 5621; x_wconf 47' lang='lat' dir='ltr'><strong>euLanegere</strong></span> <span class='ocrx_word' id='word_1_823' title='bbox 705 5509 781 5562; x_wconf 89' lang='lat' dir='ltr'><strong>sit</strong></span> <span class='ocrx_word' id='word_1_824' title='bbox 811 5509 868 5562; x_wconf 88' lang='lat' dir='ltr'><strong>in</strong></span> <span class='ocrx_word' id='word_1_825' title='bbox 928 5525 1093 5564; x_wconf 84' lang='lat' dir='ltr'><strong>sacro</strong></span> <span class='ocrx_word' id='word_1_826' title='bbox 1159 5515 1339 5575; x_wconf 83' lang='lat' dir='ltr'><strong>textu,</strong></span> <span class='ocrx_word' id='word_1_827' title='bbox 1399 5509 1471 5556; x_wconf 82' lang='grc' dir='ltr'><strong>ὅτι</strong></span> <span class='ocrx_word' id='word_1_828' title='bbox 1498 5510 1618 5571; x_wconf 77' lang='grc' dir='ltr'>ἴαμα</span> <span class='ocrx_word' id='word_1_829' title='bbox 1648 5505 1949 5562; x_wconf 50' lang='lat' dir='ltr'><strong>satureum</strong></span> 
     </span>
     <span class='ocr_line' id='line_1_107' title="bbox 307 5590 514 5621; baseline -0.01 0"><span class='ocrx_word' id='word_1_830' title='bbox 307 5590 371 5621; x_wconf 76' lang='grc' dir='ltr'><strong>μγ</strong></span> <span class='ocrx_word' id='word_1_831' title='bbox 473 5591 514 5621; x_wconf 79' lang='grc' dir='ltr'><strong>ς.</strong></span> 
     </span>
    </p>
   </div>
   <div class='ocr_carea' id='block_1_106' title="bbox 307 5590 514 5634">
    <p class='ocr_par' dir='ltr' id='par_1_106' title="bbox 307 5590 514 5634">
     <span class='ocr_line' id='line_1_108' title="bbox 307 5590 514 5634; baseline -0.01 -13"><span class='ocrx_word' id='word_1_832' title='bbox 307 5590 403 5634; x_wconf 83' lang='grc' dir='ltr'><strong>μγα</strong></span> <span class='ocrx_word' id='word_1_833' title='bbox 410 5590 494 5628; x_wconf 67' lang='lat' dir='ltr'><strong>ML;</strong></span> <span class='ocrx_word' id='word_1_834' title='bbox 503 5608 514 5618; x_wconf 95' lang='lat'>.</span> 
     </span>
    </p>
   </div>
   <div class='ocr_carea' id='block_1_107' title="bbox 379 5643 1946 5728">
    <p class='ocr_par' dir='ltr' id='par_1_107' title="bbox 379 5643 1946 5728">
     <span class='ocr_line' id='line_1_109' title="bbox 379 5643 1946 5728; baseline 0.01 -32"><span class='ocrx_word' id='word_1_835' title='bbox 379 5643 487 5713; x_wconf 85' lang='lat'>(67)</span> <span class='ocrx_word' id='word_1_836' title='bbox 517 5643 621 5700; x_wconf 85' lang='lat' dir='ltr'><strong>Hic</strong></span> <span class='ocrx_word' id='word_1_837' title='bbox 651 5645 854 5701; x_wconf 88' lang='lat' dir='ltr'><strong>eodem</strong></span> <span class='ocrx_word' id='word_1_838' title='bbox 887 5649 1058 5703; x_wconf 90' lang='lat' dir='ltr'><strong>modo</strong></span> <span class='ocrx_word' id='word_1_839' title='bbox 1091 5649 1228 5705; x_wconf 85' lang='lat' dir='ltr'><strong>liber</strong></span> <span class='ocrx_word' id='word_1_840' title='bbox 1255 5650 1643 5709; x_wconf 81' lang='lat' dir='ltr'><strong>Ecclesiasticis</strong></span> <span class='ocrx_word' id='word_1_841' title='bbox 1692 5671 1794 5728; x_wconf 89' lang='lat' dir='ltr'><strong>per</strong></span> <span class='ocrx_word' id='word_1_842' title='bbox 1849 5673 1946 5714; x_wconf 91' lang='lat' dir='ltr'><strong>ve-</strong></span> 
     </span>
    </p>
   </div>
   <div class='ocr_carea' id='block_1_108' title="bbox 2061 4637 3713 4714">
    <p class='ocr_par' dir='ltr' id='par_1_108' title="bbox 2061 4637 3713 4714">
     <span class='ocr_line' id='line_1_110' title="bbox 2061 4637 3713 4714; baseline -0.007 -13"><span class='ocrx_word' id='word_1_843' title='bbox 2061 4646 2340 4701; x_wconf 76' lang='lat' dir='ltr'><strong>adversus</strong></span> <span class='ocrx_word' id='word_1_844' title='bbox 2370 4639 2750 4714; x_wconf 88' lang='lat' dir='ltr'><strong>gravissimos</strong></span> <span class='ocrx_word' id='word_1_845' title='bbox 2781 4637 2982 4695; x_wconf 88' lang='lat' dir='ltr'><strong>hostes</strong></span> <span class='ocrx_word' id='word_1_846' title='bbox 3029 4637 3382 4709; x_wconf 90' lang='lat' dir='ltr'><strong>quotidiana</strong></span> <span class='ocrx_word' id='word_1_847' title='bbox 3436 4637 3713 4694; x_wconf 82' lang='lat' dir='ltr'><strong>certami-</strong></span> 
     </span>
    </p>
   </div>
   <div class='ocr_carea' id='block_1_109' title="bbox 2063 4725 3711 4800">
    <p class='ocr_par' dir='ltr' id='par_1_109' title="bbox 2063 4725 3711 4800">
     <span class='ocr_line' id='line_1_111' title="bbox 2063 4725 3711 4800; baseline -0.005 -12"><span class='ocrx_word' id='word_1_848' title='bbox 2063 4751 2137 4788; x_wconf 91' lang='lat' dir='ltr'><strong>na</strong></span> <span class='ocrx_word' id='word_1_849' title='bbox 2169 4750 2183 4800; x_wconf 87' lang='lat'><strong>;</strong></span> <span class='ocrx_word' id='word_1_850' title='bbox 2217 4736 2274 4787; x_wconf 89' lang='lat' dir='ltr'><strong>et</strong></span> <span class='ocrx_word' id='word_1_851' title='bbox 2300 4729 2430 4786; x_wconf 90' lang='lat' dir='ltr'><strong>ideo</strong></span> <span class='ocrx_word' id='word_1_852' title='bbox 2456 4729 2578 4784; x_wconf 71' lang='lat' dir='ltr'><strong>haec</strong></span> <span class='ocrx_word' id='word_1_853' title='bbox 2623 4726 2757 4783; x_wconf 87' lang='lat' dir='ltr'><strong>licet</strong></span> <span class='ocrx_word' id='word_1_854' title='bbox 2787 4725 2916 4782; x_wconf 67' lang='lat' dir='ltr'><strong>laeta</strong></span> <span class='ocrx_word' id='word_1_855' title='bbox 2947 4725 3022 4782; x_wconf 91' lang='lat' dir='ltr'><strong>sit</strong></span> <span class='ocrx_word' id='word_1_856' title='bbox 3075 4725 3458 4792; x_wconf 86' lang='lat' dir='ltr'><strong>conscientia,</strong></span> <span class='ocrx_word' id='word_1_857' title='bbox 3515 4731 3711 4782; x_wconf 84' lang='lat' dir='ltr'><strong>tamen</strong></span> 
     </span>
    </p>
   </div>
   <div class='ocr_carea' id='block_1_110' title="bbox 2061 4813 3714 4896">
    <p class='ocr_par' dir='ltr' id='par_1_110' title="bbox 2061 4813 3714 4896">
     <span class='ocr_line' id='line_1_112' title="bbox 2061 4813 3714 4896; baseline -0.004 -19"><span class='ocrx_word' id='word_1_858' title='bbox 2061 4838 2260 4896; x_wconf 88' lang='lat' dir='ltr'><strong>pugna</strong></span> <span class='ocrx_word' id='word_1_859' title='bbox 2289 4815 2704 4890; x_wconf 82' lang='lat' dir='ltr'><strong>laerymabilis.</strong></span> <span class='ocrx_word' id='word_1_860' title='bbox 2735 4817 2912 4871; x_wconf 85' lang='lat' dir='ltr'><strong>Juxta</strong></span> <span class='ocrx_word' id='word_1_861' title='bbox 2940 4815 3049 4871; x_wconf 89' lang='lat' dir='ltr'><strong>hos</strong></span> <span class='ocrx_word' id='word_1_862' title='bbox 3073 4830 3210 4887; x_wconf 89' lang='lat' dir='ltr'><strong>ergo</strong></span> <span class='ocrx_word' id='word_1_863' title='bbox 3232 4813 3550 4871; x_wconf 89' lang='lat' dir='ltr'><strong>versiculos</strong></span> <span class='ocrx_word' id='word_1_864' title='bbox 3583 4831 3714 4870; x_wconf 78' lang='lat' dir='ltr'><strong>con~</strong></span> 
     </span>
    </p>
   </div>
   <div class='ocr_carea' id='block_1_111' title="bbox 2062 4938 3713 5012">
    <p class='ocr_par' dir='ltr' id='par_1_111' title="bbox 2062 4938 3713 5012">
     <span class='ocr_line' id='line_1_113' title="bbox 2062 4938 3713 5012; baseline -0.005 -10"><span class='ocrx_word' id='word_1_865' title='bbox 2062 4963 2186 5002; x_wconf 87' lang='lat' dir='ltr'><strong>cem</strong></span> <span class='ocrx_word' id='word_1_866' title='bbox 2221 4949 2275 5000; x_wconf 85' lang='lat' dir='ltr'><strong>in</strong></span> <span class='ocrx_word' id='word_1_867' title='bbox 2310 4944 2547 4999; x_wconf 79' lang='lat' dir='ltr'><strong>Canticis</strong></span> <span class='ocrx_word' id='word_1_868' title='bbox 2579 4939 2922 5012; x_wconf 90' lang='lat' dir='ltr'><strong>designatur</strong></span> <span class='ocrx_word' id='word_1_869' title='bbox 2944 4956 3089 5012; x_wconf 89' lang='lat' dir='ltr'><strong>quo</strong></span> <span class='ocrx_word' id='word_1_870' title='bbox 3123 4938 3428 5012; x_wconf 78' lang='lat' dir='ltr'><strong>Scriptura</strong></span> <span class='ocrx_word' id='word_1_871' title='bbox 3481 4939 3713 4994; x_wconf 84' lang='lat' dir='ltr'><strong>univer-</strong></span> 
     </span>
    </p>
   </div>
   <div class='ocr_carea' id='block_1_112' title="bbox 2062 5009 3711 5088">
    <p class='ocr_par' dir='ltr' id='par_1_112' title="bbox 2062 5009 3711 5088">
     <span class='ocr_line' id='line_1_114' title="bbox 2062 5009 3711 5088; baseline -0.005 -15"><span class='ocrx_word' id='word_1_872' title='bbox 2062 5019 2173 5074; x_wconf 91' lang='lat' dir='ltr'><strong>sim</strong></span> <span class='ocrx_word' id='word_1_873' title='bbox 2207 5033 2309 5088; x_wconf 90' lang='lat' dir='ltr'><strong>per</strong></span> <span class='ocrx_word' id='word_1_874' title='bbox 2338 5031 2532 5088; x_wconf 87' lang='lat' dir='ltr'><strong>vocem</strong></span> <span class='ocrx_word' id='word_1_875' title='bbox 2567 5015 2627 5067; x_wconf 87' lang='lat' dir='ltr'><strong>in</strong></span> <span class='ocrx_word' id='word_1_876' title='bbox 2659 5009 2880 5088; x_wconf 52' lang='lat' dir='ltr'><strong>hy&#39;rizuis</strong></span> <span class='ocrx_word' id='word_1_877' title='bbox 2905 5009 3405 5088; x_wconf 77' lang='lat' dir='ltr'><strong>signiﬁcatur_lib.</strong></span> <span class='ocrx_word' id='word_1_878' title='bbox 3440 5015 3521 5066; x_wconf 79' lang='lat' dir='ltr'><strong>De</strong></span> <span class='ocrx_word' id='word_1_879' title='bbox 3565 5012 3711 5081; x_wconf 79' lang='lat' dir='ltr'><strong>Fuga</strong></span> 
     </span>
    </p>
   </div>
   <div class='ocr_carea' id='block_1_113' title="bbox 2060 5081 3538 5161">
    <p class='ocr_par' dir='ltr' id='par_1_113' title="bbox 2060 5081 3538 5161">
     <span class='ocr_line' id='line_1_115' title="bbox 2060 5081 3538 5161; baseline -0.008 -15"><span class='ocrx_word' id='word_1_880' title='bbox 2060 5081 2272 5151; x_wconf 63' lang='lat' dir='ltr'><strong>saeculi,</strong></span> <span class='ocrx_word' id='word_1_881' title='bbox 2308 5087 2521 5161; x_wconf 65' lang='lat' dir='ltr'><strong>cap.__4.</strong></span> <span class='ocrx_word' id='word_1_882' title='bbox 2554 5081 2717 5138; x_wconf 72' lang='lat' dir='ltr'><strong>num.</strong></span> <span class='ocrx_word' id='word_1_883' title='bbox 2749 5081 3050 5161; x_wconf 36' lang='lat' dir='ltr'><strong>20,“quém</strong></span> <span class='ocrx_word' id='word_1_884' title='bbox 3083 5081 3342 5137; x_wconf 90' lang='lat' dir='ltr'><strong>consule.</strong></span> <span class='ocrx_word' id='word_1_885' title='bbox 3501 5151 3538 5161; x_wconf 46' lang='grc' dir='ltr'><strong>υ</strong></span> 
     </span>
    </p>
   </div>
   <div class='ocr_carea' id='block_1_114' title="bbox 2131 5151 3707 5230">
    <p class='ocr_par' dir='ltr' id='par_1_114' title="bbox 2131 5151 3707 5230">
     <span class='ocr_line' id='line_1_116' title="bbox 2131 5151 3707 5230; baseline -0.006 -16"><span class='ocrx_word' id='word_1_886' title='bbox 2131 5161 2240 5230; x_wconf 88' lang='grc'>(68)</span> <span class='ocrx_word' id='word_1_887' title='bbox 2273 5164 2356 5212; x_wconf 91' lang='lat' dir='ltr'><strong>lta</strong></span> <span class='ocrx_word' id='word_1_888' title='bbox 2381 5151 2518 5212; x_wconf 82' lang='lat' dir='ltr'><strong>edit.</strong></span> <span class='ocrx_word' id='word_1_889' title='bbox 2553 5161 2662 5230; x_wconf 81' lang='lat' dir='ltr'><strong>vet.</strong></span> <span class='ocrx_word' id='word_1_890' title='bbox 2726 5169 2790 5230; x_wconf 61' lang='lat' dir='ltr'><strong>ge</strong></span> <span class='ocrx_word' id='word_1_891' title='bbox 2841 5151 2997 5230; x_wconf 57' lang='lat' dir='ltr'><strong>item</strong></span> <span class='ocrx_word' id='word_1_892' title='bbox 3037 5169 3203 5230; x_wconf 83' lang='lat' dir='ltr'><strong>cum_._</strong></span> <span class='ocrx_word' id='word_1_893' title='bbox 3256 5169 3400 5230; x_wconf 81' lang='lat' dir='ltr'><strong>mss.</strong></span> <span class='ocrx_word' id='word_1_894' title='bbox 3433 5151 3707 5230; x_wconf 84' lang='lat' dir='ltr'><strong>__aliquot,</strong></span> 
     </span>
    </p>
   </div>
   <div class='ocr_carea' id='block_1_115' title="bbox 2062 5223 3704 5295">
    <p class='ocr_par' dir='ltr' id='par_1_115' title="bbox 2062 5223 3704 5295">
     <span class='ocr_line' id='line_1_117' title="bbox 2062 5223 3704 5295; baseline -0.007 -9"><span class='ocrx_word' id='word_1_895' title='bbox 2062 5223 2372 5287; x_wconf 45' lang='lat' dir='ltr'><strong>Editfvero</strong></span> <span class='ocrx_word' id='word_1_896' title='bbox 2403 5225 2695 5282; x_wconf 74' lang='lat' dir='ltr'><strong>nonnullae</strong></span> <span class='ocrx_word' id='word_1_897' title='bbox 2727 5224 2910 5295; x_wconf 90' lang='lat' dir='ltr'><strong>Paris,</strong></span> <span class='ocrx_word' id='word_1_898' title='bbox 2941 5241 3076 5280; x_wconf 91' lang='lat' dir='ltr'><strong>cum</strong></span> <span class='ocrx_word' id='word_1_899' title='bbox 3108 5223 3238 5280; x_wconf 89' lang='lat' dir='ltr'><strong>aliis</strong></span> <span class='ocrx_word' id='word_1_900' title='bbox 3269 5223 3504 5294; x_wconf 86' lang='lat' dir='ltr'><strong>scriptis</strong></span> <span class='ocrx_word' id='word_1_901' title='bbox 3553 5223 3704 5295; x_wconf 71' lang='grc' dir='ltr'><strong>θρὰ..</strong></span> 
     </span>
    </p>
   </div>
   <div class='ocr_carea' id='block_1_116' title="bbox 2059 5293 3704 5374">
    <p class='ocr_par' dir='ltr' id='par_1_116' title="bbox 2059 5293 3704 5374">
     <span class='ocr_line' id='line_1_118' title="bbox 2059 5293 3704 5374; baseline -0.007 -15"><span class='ocrx_word' id='word_1_902' title='bbox 2059 5306 2106 5359; x_wconf 88' lang='lat' dir='ltr'><strong>si</strong></span> <span class='ocrx_word' id='word_1_903' title='bbox 2135 5299 2677 5374; x_wconf 11' lang='lat' dir='ltr'><strong>e/fumiat‘loquelam</strong></span> <span class='ocrx_word' id='word_1_904' title='bbox 2699 5293 2906 5374; x_wconf 43' lang='lat' dir='ltr'><strong>gemiti}</strong></span> <span class='ocrx_word' id='word_1_905' title='bbox 2935 5295 3199 5366; x_wconf 89' lang='lat' dir='ltr'><strong>(quidam</strong></span> <span class='ocrx_word' id='word_1_906' title='bbox 3249 5293 3403 5374; x_wconf 51' lang='lat' dir='ltr'><strong>mss,</strong></span> <span class='ocrx_word' id='word_1_907' title='bbox 3423 5296 3478 5349; x_wconf 85' lang='lat' dir='ltr'><strong>si</strong></span> <span class='ocrx_word' id='word_1_908' title='bbox 3520 5293 3704 5374; x_wconf 37' lang='lat' dir='ltr'><strong>.eﬂ&#39;un-</strong></span> 
     </span>
    </p>
   </div>
   <div class='ocr_carea' id='block_1_117' title="bbox 2059 5366 3704 5445">
    <p class='ocr_par' dir='ltr' id='par_1_117' title="bbox 2059 5366 3704 5445">
     <span class='ocr_line' id='line_1_119' title="bbox 2059 5366 3704 5445; baseline -0.009 -15"><span class='ocrx_word' id='word_1_909' title='bbox 2059 5366 2192 5430; x_wconf 64' lang='lat' dir='ltr'><strong>dant</strong></span> <span class='ocrx_word' id='word_1_910' title='bbox 2221 5366 2491 5445; x_wconf 65' lang='lat' dir='ltr'><strong>loquelam</strong></span> <span class='ocrx_word' id='word_1_911' title='bbox 2534 5366 2806 5439; x_wconf 79' lang='lat' dir='ltr'><strong>gemitus).</strong></span> <span class='ocrx_word' id='word_1_912' title='bbox 2861 5369 3018 5445; x_wconf 65' lang='lat' dir='ltr'><strong>Ergq</strong></span> <span class='ocrx_word' id='word_1_913' title='bbox 3060 5375 3189 5422; x_wconf 75' lang='lat' dir='ltr'><strong>ante</strong></span> <span class='ocrx_word' id='word_1_914' title='bbox 3244 5367 3432 5445; x_wconf 71' lang='lat' dir='ltr'><strong>omnia</strong></span> <span class='ocrx_word' id='word_1_915' title='bbox 3477 5366 3704 5445; x_wconf 73' lang='lat' dir='ltr'><strong>signum</strong></span> 
     </span>
    </p>
   </div>
   <div class='ocr_carea' id='block_1_118' title="bbox 2057 5437 3700 5518">
    <p class='ocr_par' dir='ltr' id='par_1_118' title="bbox 2057 5437 3700 5518">
     <span class='ocr_line' id='line_1_120' title="bbox 2057 5437 3700 5518; baseline -0.008 -18"><span class='ocrx_word' id='word_1_916' title='bbox 2057 5446 2197 5518; x_wconf 84' lang='lat' dir='ltr'><strong>quod</strong></span> <span class='ocrx_word' id='word_1_917' title='bbox 2226 5437 2488 5518; x_wconf 70' lang='lat' dir='ltr'><strong>inimicus</strong></span> <span class='ocrx_word' id='word_1_918' title='bbox 2534 5437 2714 5518; x_wconf 57' lang='lat' dir='ltr'><strong>ponit,</strong></span> <span class='ocrx_word' id='word_1_919' title='bbox 2738 5454 2847 5518; x_wconf 59' lang='grc' dir='ltr'><strong>ηρτξ</strong></span> <span class='ocrx_word' id='word_1_920' title='bbox 2882 5437 3172 5518; x_wconf 61' lang='lat' dir='ltr'><strong>capiamus</strong></span> <span class='ocrx_word' id='word_1_921' title='bbox 3205 5454 3220 5503; x_wconf 86' lang='lat'><strong>;</strong></span> <span class='ocrx_word' id='word_1_922' title='bbox 3267 5437 3441 5518; x_wconf 43' lang='lat' dir='ltr'><strong>‘quale</strong></span> <span class='ocrx_word' id='word_1_923' title='bbox 3486 5437 3700 5518; x_wconf 62' lang='lat' dir='ltr'><strong>signum</strong></span> 
     </span>
    </p>
   </div>
   <div class='ocr_carea' id='block_1_119' title="bbox 2056 5507 3695 5584">
    <p class='ocr_par' dir='ltr' id='par_1_119' title="bbox 2056 5507 3695 5584">
     <span class='ocr_line' id='line_1_121' title="bbox 2056 5507 3695 5584; baseline -0.008 -12"><span class='ocrx_word' id='word_1_924' title='bbox 2056 5507 2422 5572; x_wconf 62' lang='lat' dir='ltr'><strong>Zntichristus</strong></span> <span class='ocrx_word' id='word_1_925' title='bbox 2451 5507 2627 5584; x_wconf 64' lang='lat' dir='ltr'><strong>pauet.</strong></span> <span class='ocrx_word' id='word_1_926' title='bbox 2681 5509 2789 5564; x_wconf 91' lang='lat' dir='ltr'><strong>Sed</strong></span> <span class='ocrx_word' id='word_1_927' title='bbox 2824 5507 2936 5564; x_wconf 88' lang='lat' dir='ltr'><strong>ista</strong></span> <span class='ocrx_word' id='word_1_928' title='bbox 2956 5507 3080 5564; x_wconf 74' lang='lat' dir='ltr'><strong>non</strong></span> <span class='ocrx_word' id='word_1_929' title='bbox 3113 5512 3235 5564; x_wconf 89' lang='lat' dir='ltr'><strong>tam</strong></span> <span class='ocrx_word' id='word_1_930' title='bbox 3267 5508 3417 5563; x_wconf 88' lang='lat' dir='ltr'><strong>bene</strong></span> <span class='ocrx_word' id='word_1_931' title='bbox 3445 5523 3513 5562; x_wconf 83' lang='lat' dir='ltr'><strong>ex</strong></span> <span class='ocrx_word' id='word_1_932' title='bbox 3539 5511 3695 5561; x_wconf 69' lang='lat' dir='ltr'><strong>antc-</strong></span> 
     </span>
    </p>
   </div>
   <div class='ocr_carea' id='block_1_120' title="bbox 2058 5584 2883 5653">
    <p class='ocr_par' dir='ltr' id='par_1_120' title="bbox 2058 5584 2883 5653">
     <span class='ocr_line' id='line_1_122' title="bbox 2058 5584 2883 5653; baseline -0.015 -8"><span class='ocrx_word' id='word_1_933' title='bbox 2058 5586 2403 5645; x_wconf 88' lang='lat' dir='ltr'><strong>cedentibus</strong></span> <span class='ocrx_word' id='word_1_934' title='bbox 2432 5584 2883 5653; x_wconf 88' lang='lat' dir='ltr'><strong>consequentur.</strong></span> 
     </span>
    </p>
   </div>
  </div>
