3894 6208
271 262 432 330 1077

1337 264 1790 331 ΕΝΑΗΗΑΤῙΟ
1833 265 1912 332 ΙΝ
1956 263 2340 332 PSALMUM
2381 263 2677 331 XXXVII.

3463 305 3474 316 .
3531 255 3692 328 1078

269 395 701 473 cupiscentiam
728 410 1046 470 possumus
1076 394 1334 470 accipere
1381 397 1591 472 magis,
1622 416 1798 472 quam
1829 399 1927 456 de-
1958 400 2014 466 Α
2044 405 2383 470 mereretur,
2417 399 2631 473 saepius
2661 397 2906 472 putabat
2960 411 3089 455 esse
3114 393 3494 470 quaerendum
3555 409 3568 452 :
3629 393 3687 452 et

266 487 588 555 siderium;
622 495 874 558 ἐπιθυμίαν
917 485 1072 543 enim
1122 487 1356 544 Graecus
1405 488 1600 560 posuit
1649 505 1662 544 :
1715 505 1928 546 concu-

265 577 558 651 piscentia
628 580 823 632 autem
881 580 938 630 et
995 575 1346 630 desiderium
1404 585 1628 648 ἐπιθυμία
1692 577 1926 633 dicitur.

265 667 382 725 Sed
415 664 891 738 concupiscentia
921 670 978 720 et
1010 665 1079 721 de
1109 665 1260 721 bono
1307 670 1363 720 et
1404 667 1474 721 de
1505 667 1658 722 malo
1690 666 1925 722 dicitur.

268 779 296 806 α
335 755 703 828 Concupivit,
736 760 794 810 et
842 754 1051 810 defecit
1098 755 1294 809 anima
1343 772 1472 811 mea
1515 755 1574 810 in
1624 756 1773 811 atria
1819 756 1926 811 Do-

268 844 418 899 mini
455 843 625 915 (Psal.
660 860 894 912 Lxxxm,
926 843 1004 914 3),
1041 863 1063 892 ι
1100 859 1203 915 pro
1235 843 1420 911 bono;
1454 844 1511 898 in
1545 845 1693 917 Lege
1733 847 1926 900 autem

269 931 446 988 aliter
476 950 488 987 :
525 955 552 981 «
584 931 729 987 Nam
762 931 1295 1003 concupiscentiam
1329 933 1679 999 nesciebam,
1705 931 1818 988 nisi
1840 932 1931 987 lex

267 1020 493 1076 diceret
526 1037 538 1074 :
573 1019 698 1075 Non
730 1019 1108 1091 concupisces
1141 1021 1313 1092 (Rom.
1347 1038 1447 1086 vn,
1477 1022 1556 1092 7),
1594 1021 1793 1092 utique
1826 1039 1928 1092 pro

268 1109 453 1166 malo.
503 1108 768 1180 Denique
825 1108 1091 1179 subjecta
1148 1125 1255 1164 nos
1306 1109 1570 1176 doceant,
1604 1109 1744 1180 quia
1772 1125 1930 1164 occa-

266 1199 437 1254 sione
467 1201 722 1270 accepta,
757 1199 1060 1270 peccatum
1111 1213 1214 1269 per
1262 1198 1608 1252 mandatum
1656 1202 1931 1269 operatur

263 1301 508 1342 omnem
538 1283 1070 1358 concupiscentiam
1123 1285 1181 1338 in
1232 1285 1488 1340 hominis
1528 1287 1755 1341 affectu.
1790 1285 1928 1340 Pos-

263 1391 484 1430 sumus
514 1377 707 1429 tamen
741 1373 826 1429 sic
855 1372 1134 1444 accipere,
1168 1373 1303 1428 Ante
1335 1377 1383 1427 te
1413 1390 1570 1429 omne
1597 1373 1928 1428 desiderium

257 1478 430 1535 pono,
454 1461 564 1517 hoc
618 1464 728 1526 est,
760 1459 867 1515 tibi
898 1460 1231 1527 manifesto,
1265 1478 1390 1532 quae
1431 1461 1744 1534 impetrare
1775 1461 1925 1518 desi-

259 1552 438 1618 dero;
470 1554 537 1604 ut
566 1549 637 1604 ad
671 1548 879 1604 seriem
919 1548 1290 1620 petitionum,
1318 1565 1432 1605 non
1466 1550 1538 1604 ad
1583 1549 1926 1621 jactantiam

260 1637 639 1694 referendum
670 1636 938 1691 videatur
966 1653 1094 1692 esse
1121 1637 1428 1692 virtutum.
1460 1638 1746 1694 Jactantia
1769 1639 1925 1695 enim

259 1726 532 1783 insolens
551 1724 726 1781 etiam
749 1724 809 1780 in
832 1724 1414 1798 integro,deprecatio
1437 1731 1629 1783 autem
1653 1726 1711 1782 in
1727 1744 1925 1800 pecca-
1956 1767 2004 1832 B

261 1820 395 1874 tore
427 1813 763 1871 laudabilis.

341 1948 432 2004 39.
464 1947 702 2003 Addidit
730 1947 907 2004 etiam
937 1946 1248 2020 Propheta,
1281 1949 1422 2020 quia
1449 1965 1584 2006 cum
1615 1967 1716 2006 cor
1745 1966 1920 2006 suum

263 2038 688 2094 conturbatum
743 2035 838 2105 sit,
871 2037 1194 2092 deseruerit
1240 2054 1302 2094 se
1345 2038 1621 2095 fortitudo
1651 2056 1777 2095 sua.
1810 2038 1926 2094 Ma-

261 2143 456 2201 gnum
488 2125 812 2199 periculum
846 2124 896 2181 si
944 2142 1043 2180 cor
1089 2126 1429 2199 exagitetur,
1469 2144 1582 2200 quo
1631 2127 1924 2184 credimus

263 2216 344 2271 ad
381 2215 701 2287 justitiam.
753 2214 862 2270 Sed
909 2219 1108 2270 tamen
1152 2220 1218 2270 ut
1263 2215 1323 2270 in
1375 2216 1604 2289 magnis
1651 2217 1926 2290 periculis

261 2303 688 2376 aegritudinum
739 2303 787 2358 si
839 2301 1006 2358 dolor
1041 2304 1312 2373 sentitur,
1343 2310 1400 2361 et
1430 2322 1638 2362 sensus
1669 2307 1799 2378 ejus
1829 2323 1924 2362 ex-

263 2391 569 2466 primitur,
596 2391 922 2447 remedium
944 2391 1153 2447 salutis
1185 2395 1513 2450 ostenditur
1535 2395 1751 2466 (dolere
1769 2395 1926 2450 enim

264 2480 636 2538 tolerabilius
668 2485 774 2546 est,
809 2497 985 2553 quam
1035 2497 1151 2537 non
1199 2481 1423 2550 dolere;
1457 2483 1615 2539 aliud
1647 2484 1804 2540 enim
1844 2484 1926 2539 vi-

266 2569 624 2626 viﬁcationis
683 2568 874 2624 adhuc
939 2570 1232 2625 manentis
1288 2571 1538 2643 insigne,
1599 2573 1647 2627 si
1707 2571 1924 2640 doleas,

275 2657 442 2714 aliud
475 2673 762 2730 supremas
793 2659 1000 2713 mortis
1032 2658 1336 2726 indicium,
1389 2661 1437 2716 si
1484 2660 1680 2717 nullus
1721 2678 1930 2718 sensus

275 2745 505 2802 doloris
534 2747 652 2817 sit),
705 2745 787 2802 ita
831 2751 889 2801 et
935 2763 1032 2801 cor
1079 2747 1288 2803 salutis
1333 2749 1502 2822 signa
1543 2751 1930 2818 demonstrat,

278 2835 521 2907 quando
554 2850 764 2890 causas
795 2851 916 2889 suae
946 2836 1400 2906 perturbationis
1433 2839 1714 2912 agnoscit.
1763 2840 1929 2895 Deni-

2039 489 2225 546 sicubi
2279 490 2618 554 ﬂuctuabat,
2652 489 2896 561 putabat
2943 505 3005 544 se
3051 504 3180 544 esse
3238 487 3556 543 desertum.
3594 485 3688 543 Sic

2038 577 2298 651 Apostoli
2330 578 2481 635 888
2505 579 2758 634 excitant
2779 578 3166 632 dormientem
3188 593 3202 643 ;
3227 592 3300 631 ne
3329 574 3690 632 obdormiret

2039 666 2171 733 sibi,
2208 684 2321 723 non
2355 667 2494 739 quia
2524 683 2660 722 eum
2686 666 3054 722 obdormisse
3085 665 3420 721 credebant.
3454 663 3548 720 Sic
3581 663 3690 720 Eli-

2039 773 2188 811 saeue
2222 758 2309 827 (ut
2341 757 2710 827 superiorum
2745 759 2982 811 utamur
3013 753 3339 826 exemplis).
3365 776 3392 802 ‹‹
3431 751 3538 808 Ubi
3576 756 3686 818 est,

2039 844 2250 916 inquit,
2302 845 2455 900 Deus
2503 844 2639 900 Eliae
2669 847 2760 914 (IV
2806 846 2932 913 Reg.
2983 860 3046 909 ιι,
3095 842 3225 913 14)?
3276 863 3304 891 »
3358 841 3483 897 Non
3531 841 3685 913 quod

2039 937 2269 1004 putaret
2299 933 2622 996 absentem,
2655 933 2754 988 sed
2815 932 2952 1004 quia
3007 930 3379 1004 praesentiam
3438 929 3566 1000 ejus
3625 929 3685 984 in

2040 1021 2339 1076 beneficiis
2369 1021 2722 1092 requirebat.
2756 1021 2848 1076 Sic
2896 1020 3180 1076 Jeremias
3231 1035 3367 1074 eum
3397 1017 3682 1090 sequeba-

2039 1113 2136 1164 tur
2165 1113 2228 1164 ut
2259 1109 2572 1175 medicum,
2624 1109 2823 1164 dicens
2854 1127 2866 1162 :
2902 1132 2929 1159 «
2963 1109 3119 1164 Sana
3166 1123 3281 1172 me,
3331 1106 3596 1173 Domine,
3627 1109 3685 1161 et

2038 1199 2312 1265 sanabor,
2344 1197 2570 1253 salvum
2605 1214 2697 1253 me
2730 1198 2815 1252 fac
2845 1202 2904 1254 et
2933 1196 3222 1252 salvabor.
3253 1196 3379 1251 Non
3423 1193 3683 1251 laboravi

2039 1293 2171 1358 post
2191 1291 2245 1342 te
2278 1288 2501 1358 (Jerem.
2534 1304 2676 1354 xvn,
2710 1285 2796 1353 14,
2834 1287 2941 1356 16).
2977 1308 3005 1335 ‹‹
3051 1285 3146 1341 Sic
3188 1283 3445 1340 Ecclesia
3487 1283 3681 1354 requi-

2037 1377 2200 1432 rebat
2226 1391 2359 1430 eum
2393 1375 2450 1429 in
2475 1374 2729 1430 Canticis
2767 1374 3234 1444 Canticorum,et
3264 1373 3507 1446 rogabat
3531 1370 3684 1427 ﬁlias

2036 1463 2383 1530 Jerusalem,
2439 1467 2501 1518 ut
2553 1463 2903 1518 suscitarent
2944 1461 3314 1517 dilectionem
3364 1460 3543 1532 (Cant.
3595 1477 3682 1527 III,

2035 1554 2110 1623 5).
2146 1553 2446 1618 Quaerebat
2502 1555 2568 1606 ut
2623 1550 2928 1619 inveniret,
2979 1565 3154 1622 quem
3213 1565 3321 1604 sua
3377 1547 3682 1604 dilectione

2036 1641 2344 1709 retinebat,
2406 1658 2510 1696 nec
2555 1656 2817 1712 unquam
2867 1639 3154 1695 sentiebat
3210 1637 3534 1693 absentem.
3587 1637 3682 1693 Sic

2037 1747 2172 1804 ergo
2202 1735 2258 1786 et
2287 1730 2462 1786 David
2513 1746 2628 1784 non
2679 1729 3034 1800 querebatur
3085 1745 3118 1782 a
3163 1725 3392 1782 Christo
3443 1741 3505 1782 se
3552 1741 3681 1782 esse

2035 1821 2367 1886 desertum;
2402 1819 2501 1875 sed
2528 1817 2835 1890 judicabat
2863 1815 2964 1872 illo
2994 1819 3366 1889 praesente,se
3396 1831 3514 1870 non
3545 1831 3681 1888 pos-

2032 1925 2092 1966 se
2121 1909 2368 1965 turbari.

2103 1999 2189 2053 41.
2224 1997 2483 2068 Denique
2510 2001 2574 2052 ut
2599 1995 2750 2052 scias
2778 1996 2849 2051 de
2867 1995 3097 2051 Christo
3129 1993 3319 2066 magis
3350 1992 3679 2066 intelligen-

2032 2089 2194 2156 dum,
2230 2086 2456 2142 addidit
2487 2104 2499 2142 :
2541 2109 2560 2134 ι
2597 2087 2664 2141 Et
2685 2085 2886 2140 lumen
2917 2083 3218 2139 oculorum
3250 2098 3516 2139 meorum
3563 2099 3680 2138 non

2033 2182 2123 2235 est
2155 2193 2402 2233 mecum.
2432 2200 2458 2226 ››
2492 2175 2653 2241 Quod
2684 2178 2774 2231 est
2801 2190 3004 2230 verum
3036 2172 3234 2228 lumen
3267 2169 3680 2238 omnium,nisi

2034 2267 2302 2323 Christus
2331 2265 2502 2321 Jesus
2534 2266 2604 2320 de
2635 2280 2749 2336 quo
2778 2263 3032 2320 Joannes
3063 2262 3204 2317 dicit
3233 2278 3282 2316 ;‹‹
3316 2262 3450 2318 Erat
3477 2277 3680 2316 verum

2035 2357 2255 2422 lumen,
2290 2355 2443 2427 quod
2477 2353 2775 2409 illuminat
2822 2369 3056 2408 omnem
3107 2350 3406 2407 hominem
3446 2349 3680 2406 venien-

2035 2449 2152 2501 tem
2186 2444 2242 2499 in
2276 2444 2430 2498 hunc
2464 2443 2749 2497 mundum
2786 2444 2964 2515 (Joan.
3000 2460 3042 2510 ι,
3070 2442 3126 2514 9)
3163 2457 3174 2495 :
3209 2462 3237 2492 η
3271 2440 3412 2513 quia
3439 2440 3564 2512 ipse
3594 2441 3683 2494 est

2037 2534 2136 2606 qui
2165 2532 2464 2587 illuminat
2483 2536 2539 2587 et
2564 2531 2822 2603 corporis
2843 2530 3130 2598 oculos,et
3151 2529 3364 2586 mentis
3387 2526 3684 2585 obtutum?

2037 2623 2328 2695 Rogemus
2359 2637 2495 2692 ergo
2543 2625 2606 2674 ut
2655 2637 2886 2692 semper
2932 2619 3103 2675 nobis
3142 2634 3317 2674 suum
3364 2616 3564 2672 lumen
3593 2616 3682 2672 in-

2041 2712 2266 2778 fundat,
2313 2714 2369 2765 et
2418 2726 2650 2782 semper
2702 2709 3010 2764 nobiscum
3071 2708 3168 2773 sit,
3201 2707 3356 2762 sicut
3393 2709 3518 2762 erat
3547 2721 3682 2761 cum

2040 2801 2250 2867 David;
2295 2803 2351 2855 et
2398 2798 2526 2854 ideo
2573 2798 2827 2854 audebat
2874 2796 3066 2852 dicere
3100 2813 3112 2850 :
3152 2818 3173 2845 σ
3210 2795 3494 2860 Quoniam
3527 2794 3684 2866 apud

2040 2894 2096 2945 te
2126 2893 2216 2945 est
2247 2889 2375 2943 fons
2407 2889 2560 2950 vitae,
2580 2892 2636 2942 et
2663 2887 2721 2941 in
2755 2885 2978 2940 lumine
3006 2889 3106 2941 tuo
3135 2883 3464 2940 videbimus
3487 2882 3686 2940 lumen

276 2939 400 2996 que
429 2923 725 2978 turbatum
754 2926 842 2978 est
869 2939 967 2978 cor
997 2923 1173 2979 David
1205 2925 1485 2982 adversus
1515 2927 1695 2983 Nabal
1744 2928 1931 2984 homi-

273 3027 418 3068 nem
450 3009 838 3084 pestilentem,
871 3015 928 3066 et
956 3013 1203 3084 gratiam
1231 3014 1460 3086 reperit,
1499 3015 1639 3070 dum
1685 3017 1936 3072 occurrit

272 3099 534 3201 Abigaea,
569 3099 1538 3201 quaanmitigaret‘commotiouem
1579 3105 1930 3177 iudignatio-
1963 3134 2006 3201 ρ

273 3187 394 3255 nis,
422 3191 479 3242 et
509 3187 1028 3244 sanctificationem
1061 3189 1486 3248 benedictionis
1523 3193 1826 3266 acciperet.
1859 3195 1933 3248 At

274 3293 416 3332 vero
446 3275 629 3332 Nabal
660 3277 804 3332 duro
851 3281 908 3332 et
955 3278 1166 3351 frigido
1217 3280 1387 3336 corde
1442 3283 1685 3338 verbum
1735 3282 1934 3337 uxoris

275 3366 432 3422 ferre
480 3381 594 3420 non
643 3365 852 3437 potuit,
885 3370 942 3421 et
994 3367 1432 3439 obstupefactus
1477 3370 1752 3443 obriguit,
1789 3375 1846 3426 et
1875 3371 1934 3425 in

277 3457 536 3510 mortem
567 3453 792 3528 incidit.

2043 2979 2212 3050 (Psal.
2239 2977 2563 3047 xxxv,l0).»
2590 2975 2692 3032 llle
2723 2979 2876 3031 certe
2907 2975 3074 3046 quasi
3104 2973 3387 3046 propheta
3407 2988 3687 3046 magnum

2041 3067 2265 3122 viderat
2293 3067 2489 3122 lumen
2510 3083 2520 3120 :
2539 3065 2708 3120 nobis
2738 3064 2976 3120 lucerna
3003 3065 3130 3136 ejus
3163 3063 3375 3128 luceat,
3400 3078 3471 3118 ne
3502 3060 3688 3136 possi-

2045 3172 2179 3211 mus
2226 3170 2440 3209 errare.
2477 3155 2544 3209 Et
2593 3153 2829 3208 lucerna
2874 3153 3130 3208 Verbum
3168 3156 3276 3220 est,
3309 3151 3460 3208 sicut
3487 3166 3688 3206 verum

2039 3243 2239 3298 lumen
2261 3246 2350 3297 est
2381 3241 2816 3313 Verbum,quod
2840 3245 3028 3296 totum
3056 3239 3353 3294 illuminat
3373 3238 3684 3293 mundum:

2042 3332 2323 3402 Denique,
2384 3355 2410 3380 «
2445 3331 2684 3386 lucerna
2713 3329 2963 3402 pedibus
3010 3328 3172 3384 meis.
3203 3326 3461 3382 Verbum
3491 3329 3683 3393 tuum,

2043 3420 2290 3476 Domine
2319 3421 2492 3490 (Psal.
2542 3436 2738 3486 cxvm,
2789 3418 2932 3488 105).
2984 3438 3012 3465 ››
3067 3418 3136 3471 Et
3189 3414 3491 3470 lucernam
3521 3412 3686 3469 illam

2047 3510 2224 3565 etiam
2256 3507 2542 3581 Propheta
2581 3507 2897 3580 querebat,
2932 3521 3048 3561 non
3095 3504 3381 3560 laternam
3413 3503 3548 3576 (70).
3580 3503 3695 3557 Lu-

360 3588 448 3642 48ο
483 3588 618 3653 Qua?
676 3590 871 3643 autem
930 3589 1277 3661 Prophetam
1319 3592 1580 3649 deseruit
1634 3593 1941 3650 fortitudo?
2051 3614 2287 3654 cernam
2319 3601 2512 3654 autem
2544 3595 2706 3652 illam
2752 3596 3010 3651 Joannes
3058 3593 3300 3661 invenit,
3355 3596 3412 3649 et
3460 3593 3700 3648 demon-

281 3676 495 3733 Utrum
526 3675 720 3732 carnis
753 3693 826 3731 an
860 3677 1119 3734 mentis?
1149 3679 1206 3734 Si
1239 3681 1456 3748 carnis,
1487 3698 1602 3738 non
1625 3682 1826 3754 utique
1851 3683 1944 3738 de—
2054 3687 2260 3744 stravit
2289 3705 2301 3742 :
2336 3703 2468 3742 cum
2503 3685 2728 3741 laterna
2758 3687 3097 3758 persecutor
3126 3682 3365 3740 advenit
3385 3686 3440 3739 et
3472 3682 3708 3738 demon-

282 3764 578 3836 speranda
600 3763 842 3822 sanitas.
867 3766 1013 3821 Nam
1046 3789 1074 3816 ‹‹
1110 3767 1294 3824 virtus
1325 3769 1382 3824 in
1416 3769 1755 3826 inﬁrmitate
1781 3771 1947 3843 perﬁ-
2055 3777 2288 3845 stravit;
2313 3775 2539 3832 laterna
2570 3775 2725 3830 enim
2760 3773 3031 3830 clausum
3064 3772 3262 3842 habet,
3295 3787 3411 3828 non
3455 3769 3709 3827 liberum

287 3853 450 3908 citur
491 3853 563 3924 (II
605 3852 724 3909 Cor.
777 3871 881 3922 x11,
932 3855 1011 3925 9).
1047 3878 1076 3904 »
1129 3860 1204 3911 De
1254 3874 1370 3929 quo
1413 3875 1528 3913 non
1580 3859 1916 3915 mediocrite

2103 3883 2275 3921 nmen.
2309 3865 2548 3920 Judzeus
2579 3864 2745 3936 quasi
2778 3863 3016 3920 lucerna
3041 3863 3152 3919 sub
3183 3861 3399 3926 modio,
3431 3859 3519 3916 vel
3557 3859 3711 3914 faces

287 3940 614 4012 disputavit
643 3940 863 3998 arbiter
891 3945 947 3998 et
978 3943 1498 4018 praaliator(69)qui
1525 3947 1692 4003 lucta:
1738 3949 1951 4004 montis
2061 3955 2171 4010 sub
2223 3953 2510 4010 velamine
2563 3957 2753 4026 potest
2798 3953 3013 4017 videre,
3065 3951 3164 4005 sed
3215 3966 3328 4004 non
3359 3947 3564 4003 videt:
3599 3964 3707 4004 nos

288 4034 351 4085 et
383 4028 642 4101 corporis
673 4029 1256 4103 sciens,temperabat
1288 4035 1595 4107 utriusque
1624 4042 1950 4105 certamen;
2063 4047 2258 4098 autem
2309 4041 2561 4098 revelata
2593 4041 2735 4097 facie
2765 4039 3010 4112 gloriam
3055 4036 3287 4094 Domini
3335 4033 3712 4108 speculamur

289 4123 362 4173 ut
391 4117 769 4190 restringeret
822 4135 1079 4187 carnem,
1124 4121 1171 4176 si
1226 4128 1486 4179 cerneret
1535 4124 1850 4194 fortiorem,
1884 4143 1956 4180 ne
2064 4134 2372 4197 aeternam;
2403 4134 2466 4183 ut
2496 4130 2568 4183 ad
2596 4130 2724 4201 ejus
2755 4127 3070 4200 imaginem
3103 4143 3137 4180 a
3168 4124 3353 4198 gloria
3373 4125 3432 4179 in
3464 4123 3710 4196 gloriam

291 4207 355 4262 in
389 4206 577 4280 legem
609 4208 828 4280 peccati
860 4209 1147 4280 captivam
1180 4211 1421 4268 duceret
1461 4218 1737 4270 mentem.
1775 4215 1956 4270 Revo-
2064 4234 2168 4290 per
2197 4217 2477 4290 Spiritum
2511 4221 2778 4272 sanctum
2811 4212 3392 4272 reformemur.Venit
3422 4228 3557 4285 ergo
3587 4228 3712 4284 per-

291 4295 467 4351 cabat
500 4311 512 4351 :
547 4294 631 4351 sic
663 4295 734 4350 ad
767 4313 1043 4352 coronam
1078 4299 1292 4354 meruit
1323 4303 1646 4372 pervenire.
1673 4303 1818 4376 Ergo
1850 4303 1959 4360 hoc
2073 4310 2406 4362 secutorum
2437 4307 2608 4361 turba
2655 4321 2787 4360 cum
2839 4303 3112 4370 laternis;
3147 4307 3204 4358 et
3251 4302 3378 4358 ideo
3422 4300 3712 4357 inclusam

294 4383 442 4439 dicit
473 4383 757 4455 Propheta
792 4403 804 4440 :
837 4385 892 4439 Si
929 4386 1125 4442 carnis
1156 4387 1436 4445 fortitudo
1481 4391 1757 4459 deseruit,
1791 4409 1958 4449 men-
2071 4395 2130 4450 in
2160 4395 2245 4451 eis
2275 4395 2465 4449 lucem
2498 4395 2689 4450 videre
2714 4410 2914 4450 eorum
2947 4392 3096 4448 oculi
3133 4390 3716 4464 nequiverunt.Venit

295 4473 374 4528 tis
399 4472 1196 4570 fortitudopraavaluitﬂuod
1231 4477 1293 4570 si
1315 4479 1715 4570 fortitudinem
1749 4483 1963 4539 mentis
1997 4505 2039 4570 υ
2070 4501 2203 4540 cum
2239 4483 2486 4549 facibus,
2520 4501 2645 4554 qua:
2698 4482 2830 4555 plus
2879 4481 3097 4536 habent
3146 4481 3203 4536 in
3237 4480 3396 4535 fumo
3425 4477 3712 4551 caliginis,

296 4560 626 4632 accipimus
659 4562 1011 4628 deseruisse,
1047 4581 1160 4620 non
1216 4565 1435 4623 mirum
1477 4569 1524 4624 si
1583 4570 1643 4626 in
1689 4571 1963 4642 gravissi-
2000 4560 2034 4570 ”
2075 4590 2251 4646 quam
2285 4572 2613 4644 splendoris
2643 4572 2699 4627 in
2733 4570 2976 4626 lumine.
3006 4569 3262 4642 Denique
3295 4568 3518 4626 facibus
3558 4583 3716 4622 mor-

299 4649 418 4705 mis
466 4649 892 4708 tentationibus
945 4653 1118 4708 corde
1167 4656 1400 4712 turbato
1460 4665 1627 4730 putat
1673 4677 1734 4716 se
1793 4661 1966 4718 homo
2078 4670 2315 4718 tuorum
2349 4662 2628 4716 cadavera
2675 4661 2876 4716 ardere
2925 4663 3372 4715 consueverunt.
3422 4657 3540 4712 Sibi
3585 4671 3720 4726 ergo

301 4737 518 4794 mentis
550 4755 670 4795 sua:
703 4739 1044 4797 fortitudine
1069 4743 1421 4816 deseri.lpse
1445 4750 1498 4802 te
1521 4748 1723 4803 doceat
1741 4750 1966 4815 dicens;
2075 4751 2259 4807 Judazi
2308 4751 2433 4822 jam
2476 4750 2738 4804 ferebant
2762 4748 3052 4816 incendia,
3085 4748 3184 4820 qui
3226 4746 3724 4820 persequebantur

306 4849 335 4879 (ι
370 4828 672 4884 Fortitudo
700 4845 831 4885 mea
861 4835 918 4886 et
948 4829 1079 4888 laus
1110 4849 1242 4888 mea
1283 4835 1565 4892 Dominus
1597 4839 1766 4907 (Psal.
1799 4855 1970 4902 cxvu,
2080 4839 2288 4896 salutis
2319 4844 2637 4895 auctorem.
2673 4843 2892 4894 Venere
2927 4854 3060 4893 cum
3092 4835 3291 4905 armis,
3325 4833 3724 4906 significantes

305 4917 420 4986 1-4).
459 4936 485 4965 ››
520 4915 837 4973 Dominum
882 4935 1019 4991 ergo
1066 4922 1401 4992 quaarebat;
1436 4929 1493 4978 et
1525 4925 1652 4981 ideo
1683 4943 1751 4982 ne
1784 4927 1972 4982 deseri
2081 4930 2260 4984 armis
2285 4945 2345 4984 se
2369 4929 2658 5001 perituros
2683 4944 2809 4983 esse
2831 4925 3111 4982 Romanis
3134 4939 3317 4995 usque
3339 4923 3409 4978 ad
3435 4920 3722 4977 excidium

385 5074 698 5161 (ὃξᾷλΕίίἱξι
737 5095 983 5161 omnes”
1007 5097 1141 5161 cum
1203 5082 1415 5161 tribus_
1447 5086 1879 5161 ms_s._,_Arbilc'r
1927 5095 1976 5141 εἰ
2155 5089 2264 5161 (70)
2300 5089 2381 5142 Ita
2413 5087 2551 5161 edit.
2587 5103 2651 5140 ac
2684 5085 2882 5161 plures
2932 5100 3100 5161 mss.,
3135 5080 3245 5161 nisi
3291 5081 3446 5152 quod
3484 5081 3549 5161 _hi
3575 5086 3729 5161 post

308 5147 621 5234 ργςιξὶᾳιον..
645 5147 857 5234 Melius
887 5150 987 5206 alii
1020 5153 1282 5234 quinque
1313 5155 1464 5234 cod.,
1505 5147 1724 5234 Aroiter
1751 5165 1800 5212 et
1825 5172 1974 5234 prfz-
2084 5147 2259 5213 verba
2288 5174 2396 5212 mm
2426 5147 2724 5234 internata,
2752 5156 2976 5234 addunt
3010 5147 3725 5234 sed_lucerizam._ln_Vict.

309 5219 553 5302 Ιίαἰονέη
575 5219 1144 5302 Significaturenim
1185 5219 1430 5302 'Paulus
1452 5219 1522 5302 et
1567 5229 1800 5302 Arbiter,
1825 5219 1838 5230 ’
1859 5229 1978 5302 sive
2088 5235 2284 5302 autem
2317 5235 2372 5283 et
2403 5229 2560 5283 Colb.
2597 5228 2680 5283 sic
2712 5227 2949 5302 legitur,
2972 5242 3082 5282 non
3111 5225 3415 5302 lucernam.
3447 5226 3512 5280 Ει
3549 5225 3726 5282 lucer-

310 5289 704 5380 ugoﬂothetes
733 5291 846 5347 dici
882 5293 1165 5380 spiritalis
1196 5297 1551 5380 certaminis,
1580 5300 1731 5380 quod
1777 5289 1978 5380 multis
2088 5319 2219 5380 nam
2254 5299 2476 5380 (averna
2505 5289 2894 5380 Joannes,vetc.
2929 5289 3274 5380 lterum-ubi
3308 5296 3445 5352 edit.
3478 5313 3544 5380 ac
3584 5313 3727 5380 mes.

308 5358 711 5445 epistolarum
745 5358 986 5445 suaru'm
1014 5366 1158 5422 locis
1188 5368 1318 5440 ejus
1348 5368 1506 5445 leges
1533 5358 1675 5445 aliis
1719 5370 1980 5445 prmscri-
2091 5371 2333 5443 aliquot,
2368 5373 2571 5445 Lumen
2599 5358 2913 5427 Iudaeorum
2947 5370 3104 5445 quasi
3138 5368 3502 5445 Alucﬁernqﬂqub
3532 5369 3731 5445 modio,

313 5436 988 5522 psoritgtiprte‘miumque
1020 5436 1435 5522 proposuerit;
1473 5445 1530 5522 et
1570 5436 1736 5522 idem
1759 5444 1985 5522 ρῃωέία-
2093 5436 2300 5522 yelfux
2322 5436 2428 5498 διώ
2462 5436 3167 5522 velamine,'potestivideri,
3199 5439 3432 5496 etc.Alii
3463 5439 3589 5497 cod.
3616 5456 3737 5498 ma-

315 5503 835 5586 tor,_s‘_ive_a_tbl_e.ta
883 5503 1090 5586 éstL'ut
1119 5503 1191 5566 de
1220 5527 1282 5568 se
1323 5503 1445 5584 ipse
1475 5503 1831 5585 testatur.'(l
1859 5514 1980 5569 Cor.
2087 5503 2209 5586 jori'
2236 5531 2500 5581 numero,
2531 5519 2593 5570 ut
2623 5503 2744 5570 nos
2759 5503 2817 5568 in
2848 5517 3030 5568 textu.

316 5591 402 5644 ιι,
436 5575 526 5644 26,
560 5580 618 5633 et
641 5578 694 5633 II
721 5579 854 5635 Tim.
891 5575 1076 5654 Iv,'7.)
