3856 6206
325 276 477 354 l’0'79

1778 291 1843 354 s.
1889 262 2260 354 attenuet]

3586 264 3749 355 ιὼο

314 412 496 481 totius
527 412 777 481 civitatis
800 426 858 481 et
886 422 1111 498 templi,
1144 422 1241 497 qui
1293 437 1493 497 pacem
1525 420 1758 480 Domini
1790 437 1958 477 recu-
1988 422 2044 490 Α
2073 422 2174 480 sed
2222 421 2404 480 lenire
2443 408 2753 481 videatur?
2779 412 2882 480 Vis
2928 422 3093 499 urget
3138 414 3358 479 doloris
3393 436 3407 478 :
3440 421 3750 495 premitur

320 516 545 570 serunt.

392 603 479 657 ‘42.
517 601 796 674 (Vers.t2,
828 603 911 667 t3,
948 603 1031 667 14,
1068 604 1179 673 15.)
1212 626 1239 651 ‹‹
1273 602 1455 658 Amici
1509 602 1622 657 mei
1671 607 1727 657 et
1774 600 1963 673 proxi-

317 692 397 746 mi
430 692 542 748 mei
576 692 879 748 adversum
914 707 1005 746 me
1036 692 1669 763 appropinquaverunt,
1703 694 1759 746 et
1788 690 1964 745 stete-

316 784 474 835 runt.
524 781 595 837 Et
648 780 894 853 proximi
943 781 1057 836 mei
1106 780 1338 851 alonge
1387 784 1697 835 steterunt.
1736 779 1801 834 Et
1846 777 1960 833 vim

315 866 604 925 faciebant
654 869 753 941 qui
803 871 1143 941 quaerebant
1188 870 1446 924 animam
1481 885 1690 924 meam.
1736 868 1803 922 Et
1860 868 1963 939 qui

313 957 688 1031 inquirebant
713 956 870 1014 mala
899 957 1065 1025 mihi,
1095 959 1273 1015 locuti
1318 963 1456 1013 sunt
1492 957 1808 1012 vanitatem
1851 972 1864 1011 :
1908 963 1965 1012 et

314 1040 514 1101 dolum
538 1050 660 1101 tota
691 1046 784 1101 die
810 1046 1265 1101 meditabantur.
1290 1046 1409 1118 Ego
1436 1048 1631 1101 autem
1653 1043 1811 1099 velut
1842 1058 1965 1099 sur-

314 1135 427 1190 dus
458 1150 574 1191 non
606 1132 938 1205 audiebam,
971 1138 1028 1190 et
1056 1124 1208 1189 sicut
1238 1139 1458 1200 mutus,
1492 1132 1591 1206 qui
1625 1148 1738 1188 non
1778 1131 1964 1204 aperit

316 1226 381 1280 bs
414 1236 611 1281 suum.
647 1220 715 1277 Et
739 1212 930 1278 factus
962 1239 1092 1278 sum
1125 1222 1273 1278 sicut
1306 1220 1480 1277 homo
1527 1238 1638 1277 non
1692 1220 1961 1285 audiens,

315 1314 371 1369 et
409 1329 525 1367 non
556 1309 781 1367 habens
810 1311 868 1366 in
916 1327 1013 1365 ore
1060 1325 1166 1367 suo
1210 1310 1657 1381 increpationes.
1692 1330 1720 1359 u
1752 1308 1963 1365 Videre

315 1400 415 1475 qui
465 1400 585 1457 sint
629 1400 728 1472 qui
770 1404 972 1473 argute
1014 1399 1127 1456 ista
1173 1398 1511 1454 discutiant.
1547 1398 1687 1453 Mihi
1720 1398 1874 1455 884
1902 1398 1962 1454 in

311 1490 503 1565 primo
560 1488 845 1561 praecipue
890 1488 1021 1565 isto
1085 1486 1371 1544 versiculo
1438 1487 1669 1543 Domini
1734 1486 1966 1543 videtur

311 1563 564 1636 tenenda
612 1563 933 1646 sententia;
985 1577 1124 1650 quia
1171 1577 1229 1632 in
1278 1575 1699 1633 tentationibus
1736 1573 1961 1631 inimici

312 1669 461 1723 fiunt
488 1666 746 1724 hominis
776 1668 951 1723 etiam
984 1667 1286 1723 domestici
1320 1667 1465 1737 ejus.
1511 1662 1629 1721 Hoc
1660 1680 1796 1737 ergo
1829 1682 1961 1720 san-

312 1761 440 1813 ctus
468 1752 650 1814 David
677 1770 820 1830 pure
851 1760 1023 1829 atque
1067 1757 1289 1812 sincere
1320 1760 1375 1811 et
1419 1753 1686 1811 dolenter
1722 1754 1957 1809 fatetur.

311 1848 499 1903 Verus
529 1844 687 1903 enim
718 1845 885 1901 dolor
913 1849 1083 1911 est,et
1104 1843 1396 1900 interioris
1428 1843 1620 1899 cordis
1650 1841 1960 1907 confessio,

313 1935 549 2009 quando
581 1939 1001 1991 enumerantur
1029 1933 1227 1990 omnia
1258 1934 1474 2007 quibus
1498 1938 1720 2009 secreta
1751 1930 1964 1987 mentis

310 2008 534 2081 viscera
563 2023 933 2079 amarissimo
964 2027 1445 2096 compunguutur
1492 2008 1722 2085 affectu,
1754 2027 1814 2076 et
1854 2020 1961 2075 do-

311 2112 552 2172 mestico
612 2106 741 2169 felle
800 2108 1234 2169 exacerbantur.
1280 2109 1547 2183 Deplorat
1597 2108 1778 2183 igitur
1825 2108 1961 2164 Pro-

309 2200 487 2275 pheta
530 2201 604 2258 ab
652 2199 908 2257 inimicis
939 2214 1001 2257 se
1032 2205 1089 2256 et
1114 2198 1396 2273 proximis
1443 2198 1877 2271 impugnatum,
1930 2215 1964 2254 ο.

310 2286 525 2363 quibus
572 2289 775 2359 utique
822 2304 939 2342 non
984 2287 1319 2361 impugnari
1356 2286 1577 2354 debuit,
1611 2284 1710 2342 sed
1743 2286 1956 2356 juvari.

310 2376 472 2442 Quod
505 2368 708 2448 utique
739 2392 871 2431 cum
904 2375 1088 2432 sancti
1117 2376 1227 2432 Job
1258 2374 1624 2447 querimonia
1643 2375 1959 2439 concurrit,

311 2464 450 2543 quia
479 2469 535 2521 et
563 2464 687 2538 ipse
718 2466 998 2537 arguebat
1026 2468 1144 2520 tres
1190 2462 1321 2520 illos
1368 2480 1532 2535 reges
1564 2463 1960 2520 consolatores

309 2546 627 2620 malorum,
651 2552 750 2626 qui
780 2555 1005 2624 majora
1034 2553 1083 2609 ei
1115 2551 1442 2608 inferebant
1472 2551 1956 2618 certamina,cum

310 2643 380 2698 ad
416 2640 836 2699 consolandum
870 2658 1002 2697 cum
1036 2640 1304 2697 amicitias
1335 2640 1521 2712 gratia
1551 2638 1961 2695 convenissent

310 2722 447 2807 (Job.
479 2749 594 2801 xw,
626 2730 746 2803 2-5)
782 2749 794 2788 :
826 2732 981 2803 quod
1024 2731 1227 2803 utique
1276 2730 1598 2786 cavendum
1639 2733 1729 2784 est
1765 2727 1956 2784 nobis.

304 2818 637 2879 Consolatio
669 2821 823 2877 enim
859 2818 1019 2875 mitis
1053 2832 1180 2874 esse
1210 2818 1400 2886 debet,
1429 2834 1545 2873 non
1574 2833 1804 2889 aspera,
1829 2832 1956 2889 quae

307 2911 498 2984 magis
550 2908 807 2965 dolorem
866 2906 1066 2976 leniat,
1130 2904 1408 2962 fervorem
1464 2905 1720 2978 mitiget,
1777 2922 1956 2977 quam

308 2996 758 3055 commotionem
789 2996 1014 3052 excitet.
1044 2992 1208 3051 Certe
1239 2995 1425 3068 ipsius
1472 2994 1731 3068 corporis
1773 2994 1956 3050 medi-

310 3087 441 3143 cina
473 3102 578 3143 nos
607 3084 827 3151 doceat,
861 3102 987 3158 quae
1016 3082 1373 3140 ferventibus
1421 3082 1760 3140 vulneribus
1808 3083 1957 3139 mol-

2075 528 2173 568 cor
2201 506 2462 568 mulieris
2494 511 2875 587 amicumque
2906 512 3221 569 immaturo
3252 511 3416 568 obitu
3450 511 3744 569 maritum

2075 602 2295 665 amisit,
2325 606 2428 657 aut
2459 601 2609 658 filios
2645 619 2657 658 :
2691 603 2832 675 quid
2867 612 3142 676 properas
3174 612 3307 657 cum
3357 605 3416 656 te
3468 598 3575 685 illa
3622 614 3743 658 non

2046 679 2293 757 'audiat,
2329 689 2441 745 nisi
2475 692 2829 747 defervescat
2878 689 3086 747 dolor?
3112 694 3274 762 Saepe
3324 689 3460 745 lites
3491 679 3565 746 de
3597 705 3747 746 con-

2074 778 2460 835 solationibus
2497 779 2756 836 vidimus
2794 781 3091 836 excitatas.
3122 778 3347 835 Venisti
3401 782 3468 833 ut
3511 777 3741 845 doleas,

2075 884 2189 922 non
2222 873 2285 922 ut
2311 867 2521 941 litiges.
2556 866 2709 924 Ordo
2743 868 3033 925 sermonis
3065 867 3190 941 ipse
3222 866 3581 942 quaerendus
3613 874 3740 937 est;

2074 966 2145 1012 ne
2178 961 2479 1029 peccatum
2510 956 2664 1030 apud
2696 954 2881 1014 Deum
2914 956 3205 1022 incurras,
3238 954 3385 1011 dum
3431 955 3744 1013 desideras

2072 1044 2369 1101 hominem
2402 1044 2722 1114 consolari;
2757 1058 2829 1102 ne
2858 1044 3073 1101 dicenti
3106 1044 3212 1101 tibi
3266 1061 3281 1100 :
3322 1044 3475 1100 Audi
3520 1045 3645 1101 hac
3686 1051 3745 1102 et

2085 1132 2199 1189 alia
2229 1133 2415 1190 multa
2464 1151 2590 1207 quae
2644 1133 2789 1189 nihil
2834 1133 3089 1207 prosint;
3123 1130 3479 1206 respondeat
3510 1151 3523 1189 :
3558 1156 3589 1183 ‹‹
3623 1139 3743 1189 Αυ-

2084 1221 2224 1290 dite,
2267 1221 2663 1279 consolatores
2704 1222 2891 1278 malor
2919 1234 3020 1277 um
3051 1220 3163 1293 ('71)
3196 1219 3354 1293 (Ibid.
3387 1223 3479 1290 2);
3512 1245 3541 1271 »ι
3574 1238 3641 1278 ne
3674 1223 3733 1278 in

2071 1308 2231 1366 luctu
2272 1310 2511 1368 alterius
2557 1316 2851 1368 certamen
2896 1308 3142 1383 garrulae
3187 1298 3607 1382 disputationis
3640 1311 3731 1366 in-

2073 1398 2281 1455 ducas:
2317 1414 2390 1455 ne
2432 1415 2547 1455 non
2598 1398 2860 1469 accedas,
2911 1414 3044 1454 cum
3096 1402 3396 1471 oporteat;
3452 1412 3524 1456 ne
3574 1414 3734 1456 acce-

2074 1486 2255 1555 dat,et
2284 1487 2485 1543 durior
2514 1484 2588 1544 sit
2614 1491 2753 1544 tuus
2784 1494 2997 1544 sermo.
3028 1480 3291 1559 Denique
3331 1485 3476 1560 quid
3506 1486 3741 1543 dicatur

2074 1575 2145 1631 de
2192 1574 2431 1640 talibus,
2484 1576 2688 1632 doceat
2736 1579 2792 1633 te
2839 1578 3083 1632 sanctus
3113 1575 3222 1631 Job
3258 1592 3269 1630 :
3304 1598 3333 1623 «
3364 1572 3561 1631 Simul
3592 1575 3735 1631 mihi

2074 1669 2357 1722 venerunt
2404 1665 2760 1721 tentationes
2802 1664 3184 1738 gravissima,
3218 1664 3735 1720 circumdederunt

2076 1768 2169 1809 me
2199 1750 2548 1810 insidiantes
2580 1754 2691 1826 (72)
2718 1772 2731 1810 :
2759 1753 2966 1810 fratres
2997 1752 3111 1809 mei
3138 1750 3539 1809 discessemnt
3565 1770 3598 1808 a
3618 1768 3728 1820 me,

2073 1846 2467 1915 cognoverunt
2494 1847 2802 1898 extraneos
2833 1842 3024 1915 magis
3054 1850 3231 1915 quam
3260 1857 3374 1896 me.
3402 1841 3595 1898 Amici
3622 1843 3731 1898 mei

2074 1930 2569 1989 immisericordes
2617 1931 2755 1988 facti
2807 1935 2949 1987 stant
2978 1930 3093 2003 (Job
3138 1937 3259 1998 ξω,
3314 1930 3477 1986 12-14
3504 1933 3667 2002 3211.).
3704 1954 3724 1982 ι

2075 2020 2174 2077 Hic
2219 2036 2355 2093 ergo
2394 2020 2546 2079 88ιῦ
2580 2019 2876 2077 naturalis
2918 2025 3014 2076 est
3058 2033 3270 2076 sensus
3318 2018 3499 2076 etiam
3546 2020 3728 2075 sancti

2070 2110 2366 2183 prophetas
2396 2109 2577 2167 David
2601 2127 2615 2177 ;
2643 2113 2708 2165 ut
2734 2111 3017 2182 queratur
3045 2117 3109 2164 se
3145 2107 3218 2165 ab
3242 2106 3512 2165 inimicis
3542 2108 3727 2181 impu-

2074 2202 2344 2272 gnatum,
2376 2210 2410 2254 a
2442 2198 2725 2271 proximis
2755 2197 3126 2255 destitutum.

2144 2289 2232 2344 43.
2265 2288 2375 2344 Sed
2424 2304 2496 2344 ne
2544 2285 2829 2360 mysticus
2876 2286 3115 2358 quidem
3157 2284 3477 2342 abhorreat
3506 2285 3738 2359 pietatis

2071 2377 2335 2445 affectus,
2363 2380 2429 2432 ut
2459 2392 2563 2449 pro
2607 2374 2833 2449 angelis
2864 2375 3095 2443 dixerit,
3124 2374 3223 2447 qui
3256 2375 3631 2447 praetendunt
3658 2375 3731 2429 ti-

2071 2465 2368 2522 mentibus
2397 2463 2748 2533 Dominum;
2782 2468 2848 2520 ut
2875 2463 3130 2535 eripiant
3156 2478 3258 2521 eos
3287 2462 3359 2518 de
3388 2462 3727 2519 tentationi-

2068 2554 2203 2620 bus,
2232 2568 2378 2626 quas
2411 2554 2558 2610 ferre
2587 2566 2701 2610 non
2728 2556 2990 2626 possent.
3024 2552 3327 2618 Quomodo
3371 2563 3510 2624 ergo
3556 2550 3727 2624 longe

2068 2646 2247 2709 stant,
2279 2643 2381 2715 qui
2414 2643 2485 2699 ad
2517 2643 2928 2715 adjumen'tum
2958 2644 3099 2698 sunt
3126 2639 3431 2696 attributi?
3462 2640 3576 2696 Sed
3607 2654 3725 2697 non

2067 2730 2153 2788 illi
2185 2748 2249 2788 se
2277 2732 2676 2805 separant,sed
2709 2730 2811 2803 qui
2841 2735 3083 2803 urgetur
3113 2729 3538 2787 tentationibus
3557 2733 3721 2802 putat

2065 2836 2166 2876 eos
2195 2818 2365 2893 longe
2397 2820 2778 2891 abesse,quos
2808 2818 3050 2891 propius
3084 2818 3201 2874 sibi
3257 2818 3466 2874 adesse
3495 2818 3718 2876 deside-

2065 2912 2183 2977 rat;
2234 2913 2292 2964 et
2340 2908 2657 2965 arbitratur
2702 2906 3100 2974 dissimulare,
3148 2923 3285 2963 cum
3345 2905 3431 2962 illi
3475 2907 3716 2978 juvandi

2064 3001 2299 3069 tempus
2330 3001 2476 3053 nutu
2507 2997 2599 3054 sui
2631 2996 2998 3069 imperatoris
3024 2998 3351 3068 expectent,
3385 2994 3493 3067 qui
3540 2995 3713 3052 athle-

2063 3089 2185 3143 tam
2224 3100 2399 3142 suum
2430 3102 2546 3158 quo
2575 3084 2888 3159 gloriosius
2910 3084 3187 3152 vinceret,
3221 3083 3446 3140 diutius
3494 3087 3707 3140 certare

308 3176 455 3233 liora
518 3157 945 3232 medicamenta
1009 3173 1307 3230 consuevit
1374 3172 1667 3239 adhibere,
1737 3172 1953 3245 quibus
1983 3157 2028 3228 C
2056 3175 2358 3248 praecepit.
2402 3157 2470 3230 Et
2495 3157 2726 3230 videtur
2770 3173 2879 3229 hoc
2930 3172 3120 3245 magis
3164 3172 3556 3245 sequentibus
3582 3188 3711 3229 oon-

310 3262 566 3323 dolorem
598 3262 822 3323 allevet.
854 3264 1107 3337 ideoque
1136 3262 1409 3318 foventur
1457 3262 1643 3334 primo
1691 3262 1952 3329 vulnera,

306 3342 438 3429 post
469 3359 775 3423 secantur;
812 3369 881 3410 ne
913 3353 1169 3409 offendat
1197 3351 1326 3424 ipsa
1355 3351 1621 3416 durities,
1652 3356 1708 3405 et
1749 3349 1956 3407 incisio

302 3438 525 3501 ‘vulnus
556 3448 873 3516 exasperet.
908 3442 1135 3508 Quanto
1184 3439 1363 3513 igitur
1404 3440 1591 3513 magis
1623 3454 1821 3496 cavere
1850 3456 1957 3495 nos

313 3534 610 3601 Convenit;
644 3539 711 3588 ut
743 3544 877 3588 cum
909 3532 1240 3587 venerimus
1266 3531 1336 3585 ad
1372 3527 1816 3593 consolandum,
1840 3545 1956 3584 non

315 3620 501 3687 facile,
532 3634 646 3677 non
678 3619 1068 3693 perfunctorie
1110 3618 1458 3691 loquamur?
1486 3621 1718 3690 Septem
1750 3616 1957 3673 diebus

311 3709 494 3765 tacuit
520 3706 650 3775 Job,
682 3711 993 3763 tacuerunt
1021 3702 1215 3771 amici,
1247 3724 1351 3762 nec
1386 3705 1562 3761 locuti
1594 3708 1811 3771 essent,
1845 3705 1957 3761 nisi

312 3796 422 3856 Job
453 3794 649 3854 dolore
678 3798 1038 3870 prorupisset
1086 3797 1144 3852 in
1193 3812 1426 3859 vocem;
1459 3794 1839 3867 quaerendum
1870 3799 1962 3851 est

313 3886 468 3944 enim
501 3885 655 3942 unde
685 3884 952 3957 incipias,
985 3874 1056 3939 ne
1106 3883 1163 3940 in
1212 3884 1340 3955 ipso
1389 3897 1657 3957 sermone
1706 3881 1960 3937 otl‘endat

313 3962 633 4033 consolatio
679 3979 799 4031 tua.
848 3974 1038 4030 Etiam
1078 3972 1450 4029 taciturnitas
1492 3971 1622 4043 ipsa
1669 3970 1960 4027 medicina

312 4069 424 4134 est,
455 4068 510 4122 et
538 4056 701 4121 velo’x
746 4064 806 4119 in
856 4062 1226 4120 sermonibus
1273 4061 1463 4134 magis
1492 4060 1774 4116 vulnerat.
1809 4058 1958 4128 Quid

304 4148 547 4211 miraris
579 4155 628 4213 si
658 4152 908 4210 alterum
946 4151 1235 4217 vulnerat,
1287 4166 1421 4206 cum
1471 4150 1804 4222 frequenter
1833 4149 1959 4221 ipse

315 4261 377 4299 se
415 4238 706 4312 vulneret;
757 4241 894 4315 quia
939 4259 1008 4297 ex
1052 4239 1422 4312 mullilcquio
1480 4242 1782 4312 peccatum
1842 4254 1956 4293 non

315 4332 558 4405 effugit?
586 4326 813 4389 Etenim
834 4330 893 4388 'si
926 4330 1189 4386 medicus
1221 4327 1491 4384 medendi
1512 4331 1743 4399 tempus
1763 4340 1960 4398 exspe-

315 4425 452 4487 ctat,
487 4425 553 4477 ut
582 4418 824 4494 digestis
852 4418 1318 4491 zegritudinibus,
1353 4416 1652 4471 medicine
1692 4414 1959 4471 subsidia

316 4510 681 4579 deferantur;
718 4524 788 4565 ne
820 4508 1026 4565 acerba
1054 4508 1247 4564 adhuc
1279 4511 1334 4563 et
1363 4506 1699 4571 immatura,
1722 4509 1787 4560 ut
1806 4508 1958 4561 adse-
1986 4523 2035 4592 Β

316 4603 472 4666 runt,
515 4598 795 4671 aegritudo
842 4595 1160 4653 curationis
1206 4594 1480 4651 remediis
1536 4594 1871 4659 reluctetur,
1904 4598 1962 4649 et

312 4687 662 4743 beneficium
690 4674 905 4742 sentire
928 4698 1041 4741 non
1073 4684 1283 4757 possit;
1316 4688 1535 4755 quanto
1556 4681 1745 4755 magis
1765 4682 1958 4754 explo-

314 4774 442 4832 rare
484 4788 589 4833 nos
633 4773 920 4837 convenit,
954 4778 1017 4828 ut
1046 4777 1371 4845 opportune
1422 4788 1455 4826 a
1501 4770 1670 4826 nobis
1719 4770 1958 4825 medici-

312 4863 462 4921 nalis
493 4874 685 4921 sermo
714 4856 1011 4936 procedat,
1056 4859 1155 4933 qui
1204 4874 1318 4915 non
1369 4858 1682 4914 accendere
1714 4856 1959 4916 luctum.

383 5044 495 5117 (7i)
526 5041 928 5117 Locumghunc
977 5040 1142 5117 Rom.
1186 5039 1329 5117 edit.
1381 5037 1465 5117 ita
1506 5036 1956 5117 decurtaverst:

310 5108 488 5173 Et‘ne'
517 5112 736 5171 dicatur
758 5112 867 5169 tibi
896 5130 913 5167 :
942 5112 1134 5167 audivi
1176 5108 1313 5165 talia
1354 5110 1550 5167 multa,
1600 5108 1958 5162 consolatores

306 5180 604 5245 malorum.
636 5187 755 5242 Nos
787 5200 918 5240 cum
951 5200 1020 5240 ex
1046 5180 1775 5253 vet.edit.restituimusha
1826 5179 1957 5253 qui:

310 5260 424 5315 bus
454 5259 629 5314 etiam
679 5273 793 5313 non
839 5255 1116 5310 differunt
1164 5252 1291 5307 cod.
1342 5252 1491 5305 Vict.
1521 5256 1579 5306 et
1607 5249 1791 5313 Coib.,
1843 5249 1957 5304 nisi

355 5330 467 5385 uod
516 5329 732 5385 habent
780 5344 794 5382 :
846 5328 922 5383 Ne
966 5325 1168 5381 dicenti
1206 5325 1327 5380 tibi.
1374 5365 1385 5377 .
1434 5364 1447 5377 .
1494 5364 1506 5377 .
1539 5330 1589 5376 et
1617 5319 1952 5391 respondeat.

376 5417 454 5454 ss.
486 5414 619 5470 vero
648 5399 778 5455 Vat.
810 5404 866 5452 et
899 5398 1156 5470 quinque
1205 5393 1433 5470 Gallic.,
1468 5392 1787 5470 NeAd‘icatur
1833 5391 1956 5455 tibi,

314 5470 448 5523 audi
462 5469 611 5539 7,1580.
657 5513 669 5524 .
717 5513 728 5525 .
776 5512 787 5524 .
829 5474 881 5523 et
909 5464 1190 5539 respoizjct
1224 5468 1345 5539 tibi,
1377 5471 1485 5520 etc.
1543 5464 1624 5518 Ad
1677 5464 1781 5518 hos
1814 5479 1955 5539 quo:

316 5555 430 5610 que
459 5538 640 5611 Paris.
673 5541 936 5611 quaedam
987 5535 1123 5594 edit.
1163 5537 1477 5611 accedunt,
1512 5540 1750 5607 excepto
1798 5535 1954 5605 quod

317 5606 708 5681 praemittunt:
735 5612 828 5677 Et,
860 5615 990 5666 ante
1030 5625 1096 5665 ne
1114 5608 1384 5681 “dicatur;
1435 5623 1501 5663 ac
1551 5610 1682 5679 post
1735 5621 1955 5677 respon-

2062 3265 2290 3331 venire;
2324 3264 2461 3336 quia
2488 3262 2717 3337 angelis
2748 3261 3122 3335 protectionis
3154 3260 3432 3318 excubias
3460 3261 3713 3317 relaxan-

2063 3354 2244 3419 tibus,
2277 3352 2713 3408 insidiabantur
2751 3350 2998 3418 inimici,
3030 3354 3361 3423 querentes
3406 3350 3470 3405 in
3518 3349 3708 3407 anima

2064 3443 2194 3513 ejus
2243 3440 2499 3496 invenire
2553 3441 2707 3513 quod
2760 3444 2980 3496 noceat.
3028 3440 3194 3494 Tunc
3249 3439 3409 3495 enim
3458 3442 3711 3511 potestas

2066 3530 2183 3587 illis
2230 3529 2514 3603 gravioris
2566 3528 2905 3584 tentationis
2950 3527 3331 3601 permittitur,
3365 3543 3503 3583 cum
3553 3526 3713 3599 culpa

2016 3650 2031 3659 κ
2067 3619 2271 3674 animm
2306 3616 2537 3691 gravior
2565 3617 2874 3689 reperitur.
2917 3615 3079 3671 Un‘de
3104 3615 3288 3670 habes
3320 3612 3469 3669 illud
3494 3614 3550 3669 in
3572 3613 3711 3670 libro

2064 3704 2398 3780 Regnorum
2430 3704 2585 3779 regis
2614 3696 2809 3760 Achab
2859 3692 2929 3759 ad
2970 3698 3154 3759 Eliam
3189 3701 3448 3769 dictum;
3491 3702 3712 3776 quando

2067 3810 2202 3851 eum
2251 3788 2539 3867 Propheta
2584 3792 2963 3849 vehementer
2998 3789 3343 3862 increpavit,
3379 3796 3436 3847 et
3479 3795 3715 3847 mortem

2066 3883 2119 3940 ei
2161 3883 2571 3939 denuntiavit:
2608 3905 2635 3932 ‹‹
2682 3876 2983 3948 invenisti,
3035 3880 3247 3952 inquit,
3299 3890 3392 3934 me
3442 3880 3547 3951 (Il!
3589 3881 3707 3947 Reg.

2068 3984 2183 4039 va,
2213 3972 2325 4040 20).
2363 3992 2390 4021 ››
2426 3964 2492 4026 Et
2520 3968 2823 4043 respondit
2853 3964 3009 4024 Elias
3043 3985 3092 4023 :u
3118 3968 3347 4035 inveni;
3381 3968 3521 4041 quia
3545 3954 3719 4023 fecisti

2069 4059 2393 4133 malignum
2451 4059 2510 4115 in
2576 4063 2889 4131 conspectu
2938 4052 3165 4113 Domini
3225 4052 3425 4127 (Ibid.)
3472 4068 3501 4107 it
3551 4048 3714 4135 Vides

2068 4165 2203 4223 ergo
2234 4150 2370 4222 quia
2398 4147 2635 4220 regibus
2664 4164 2780 4202 non
2810 4151 3026 4202 temere
3067 4144 3149 4201 vel
3184 4161 3218 4200 a
3248 4144 3553 4218 prophetis
3596 4143 3710 4209 Dei,

2065 4232 2152 4293 vel
2206 4252 2241 4293 a
2283 4230 2685 4293 sacerdotibus
2733 4228 2998 4289 facienda
3042 4230 3265 4303 injuria
3315 4230 3423 4298 sit;
3459 4232 3511 4286 si
3566 4229 3713 4287 nulla

2068 4327 2189 4382 sint
2229 4324 2492 4398 graviora
2534 4327 2796 4396 peccata,
2848 4320 2908 4376 in
2959 4320 3173 4393 quibus
3222 4319 3480 4375 debeant
3508 4320 3711 4392 argui:

2067 4415 2166 4470 ubi
2188 4418 2387 4470 autem
2428 4416 2666 4487 peccata
2712 4411 2979 4483 graviora
3004 4410 3169 4476 sunt,
3198 4407 3278 4464 ibi
3331 4420 3450 4465 non
3500 4408 3714 4465 videtur

2067 4520 2100 4560 a
2131 4502 2427 4559 sacerdote
2454 4500 2846 4574 parcendum;
2886 4496 2954 4554 ut
2995 4496 3176 4569 justis
3224 4495 3715 4568 increpationibus

2072 4591 2461 4665 corrigantur.

2142 4682 2229 4735 44.
2262 4679 2478 4735 Tamen
2512 4677 2694 4735 David
2720 4676 2784 4732 in
2818 4674 2925 4732 ho‘c
2956 4672 3080 4731 luco
3112 4674 3253 4730 dicit
3280 4673 3437 4746 quod
3470 4671 3617 4729 nihil
3641 4674 3712 4728 in-

2067 4766 2297 4822 venisse
2341 4764 2681 4831 videantur;
2714 4766 2771 4820 et
2800 4761 2931 4820 ideo
2958 4754 3181 4817 inimici
3230 4760 3360 4833 ejus
3408 4760 3711 4817 vanitatem

2064 4854 2247 4911 loeuti
2276 4852 2731 4926 sunt,quouiam
2755 4845 2903 4907 nihil
2934 4849 3090 4924 quod
3116 4850 3225 4923 pro
3254 4849 3501 4906 veritate
3528 4849 3712 4923 lbq‘ue-

2066 5035 2208 5097 deat,
2241 5035 2580 5104 expungunt
2611 5032 2729 5104 tibi.
2763 5033 2949 5104 Quam
2983 5029 3290 5104 lectionem
3319 5026 3422 5104 qui
3456 5045 3593 5104 non,
3614 5028 3710 5104 im:

2110 5098 2360 5168 rohabit,
2385 5098 2582 5157 su'mat
2601 5103 2819 5157 dicatur
2848 5102 2950 5157 tibi
2980 5116 3082 5172 pro
3112 5098 3460 5155 dicatur'abs
3486 5098 3709 5165 τε.ουοά

2110 5123 2360 5168 νοιιειῡιι,
2385 5123 2582 5157 sumat
2601 5123 2819 5157 meatur
2848 5123 2947 5157 ιῑσι
2980 5123 3082 5172 pro
3112 5123 3119 5153 Ι

2066 5123 2269 5232 Faunis
2298 5176 2540 5231 auribus
2573 5186 2686 5229 non
2720 5177 2810 5229 est
2832 5172 3119 5228 insolens.

2139 5244 2248 5318 (72)
2284 5242 2623 5318 Rom.’edit.
2674 5244 3190 5318 sola,_gten'tatignes
3244 5238 3709 5318 ejus,__y1§s_meis

2064 5310 2537 5374 circumdederunt
2564 5331 2651 5371 me
2679 5315 3030 5370 insidiantes.
3066 5314 3127 5379 In
3160 5310 3275 5385 quo
3308 5310 3701 5385 LXX.lnterp.

2066 5392 2266 5445 secuta
2345 5394 2435 5444 est
2509 5386 2663 5459 apud
2736 5401 2885 5459 quos
2958 5374 3292 5457 Ὂμοθψμᾶδῦν
3351 5374 3402 5438 et
3468 5384 3616 5459 ᾒλθρν
3650 5374 3707 5434 ’τὲ

2064 5467 2353 5533 πειρατήρια
2408 5457 2561 5515 αὐτοό
2624 5464 2698 5513 ἐπ’
2755 5457 2878 5527 ἐμοὶ,
2917 5463 3035 5522 ταῖς.
3092 5460 3215 5517 680i;
3272 5476 3368 5523 μου
3441 5457 3703 5510 {uitulum

2071 5537 2338 5603 ιγέιάθιτοι.
