3856 6206
137 321 300 406 rest

1193 336 1648 402 ENARRA'l‘lO
1685 337 1770 402 IN
1813 337 2194 404 PSALMUM
2239 340 2536 404 XXXVII.

2455 116 2484 140 κ

3404 345 3426 403 1
3440 337 3560 406 082

141 479 370 542 rentur,
401 471 752 531 invenerint.
797 473 911 529 Aut
948 475 1120 542 certe,
1177 471 1314 546 quia
1371 473 1479 530 etsi
1540 473 1790 546 peccavi,
1822 477 1875 544 Α
1903 487 2100 531 vocem
2145 473 2450 531 emiserit?
2506 472 2930 545 Accusabatur,
2962 475 3018 546 et
3059 475 3324 534 tacebat:
3383 473 3562 533 duce-

139 570 344 622 tamen
376 568 611 638 peccata
645 579 772 619 mea
830 562 1146 636 paenitendi
1206 563 1401 618 dolore
1456 563 1796 635 purgabam.

139 656 206 711 In
241 671 359 726 quo
390 653 474 708 illi
525 669 658 708 cum
693 651 824 706 dolo
856 667 1086 708 mecum
1116 650 1538 723 loquebantur:
1595 657 1661 707 ut
1707 669 1800 707 me

138 742 557 816 objurgatione
584 743 1024 810 confunderent,
1057 744 1115 796 et
1144 758 1177 796 a
1207 741 1582 796 conversione
1637 758 1798 795 revo-

137 835 366 888 carent.
397 832 469 886 Et
498 830 628 886 vide
658 847 730 885 ne
788 829 897 886 hoc
956 829 1144 902 magis
1202 831 1470 898 senserit,
1521 830 1800 903 qumsisse

136 921 277 977 illos
309 919 466 975 mala
493 921 662 990 ejus:
709 919 809 974 sed
865 935 997 974 eum
1032 917 1244 974 vellent
1300 935 1590 988 accusare,
1655 936 1798 991 prae-

136 1016 387 1076 ventos;
422 1008 698 1081 quoniam
726 1007 967 1062 vulnera
995 1025 1102 1062 sua
1122 1009 1248 1079 ipse
1278 1007 1648 1080 patefecerat,
1707 1008 1799 1064 sui

139 1093 451 1178 acczsdqﬁqr
479 1097 726 1153 esistens
757 1097 993 1164 ;etideo
1024 1097 1139 1151 vim
1171 1097 1564 1153 accusationis
1597 1114 1796 1152 eorum

135 1165 271 1248 ea?
307 1165 427 1280 ’ἐξ
444 1185 670 1262 «‘llatam
706 1203 717 1238 :
749 1185 976 1241 locutos
1008 1190 1200 1242 autem
1230 1186 1410 1241 fuisse
1444 1204 1615 1255 vana,
1668 1204 1794 1258 quae

83 1263 122 1308 ι’
482 1274 671 1347 ulpam
708 1292 911 1330 nocere
933 1276 1059 1347 jam
1095 1291 1207 1330 non
1255 1279 1511 1348 possent.

213 1392 308 1448 εορ
365 1401 418 1452 29
444 1399 566 1455 .lusi
599 1399 778 1471 igitur
809 1417 841 1454 a
871 1399 1298 1454 criminationis
1327 1398 1564 1467 invidia,
1596 1397 1794 1453 dolum

133 1482 541 1557 adElPJQ‘ant;
578 1493 641 1544 ut
669 1489 1058 1560 insurgerent,
1091 1488 1302 1559 inquit,
1327 1493 1383 1543 et
1398 1487 1794 1543 mihiinsulta-

135 1565 301 1649 rent,
330 1595 446 1650 quo
476 1594 578 1633 me
601 1577 978 1633 stimularent
1007 1578 1076 1632 ad
1139 1577 1398 1648 aliquam
1456 1576 1796 1632 commotio-

137 1683 282 1723 nem
320 1685 334 1722 :
368 1683 617 1739 quorum
648 1682 755 1738 ego
789 1665 987 1721 dolum
1013 1666 1238 1731 videns,
1293 1689 1320 1716 «
1379 1665 1536 1720 velut
1583 1665 1798 1720 surdus

134 1772 261 1812 non
293 1755 626 1812 audiebam.
685 1778 714 1806 (ι
763 1755 1078 1811 Considera
1135 1754 1251 1809 vim
1299 1755 1612 1810 sermonis.
1671 1754 1795 1808 Non

133 1845 313 1912 dixit,
345 1843 484 1916 quia
503 1843 855 1900 simulabam
879 1861 995 1899 non
1020 1860 1110 1899 me
1130 1843 1334 1900 audire
1355 1861 1480 1915 quis
1501 1843 1794 1899 dicerent:
1829 1849 1877 1913 Β

133 1934 244 1990 sed
278 1956 307 1982 «
349 1948 464 1988 non
507 1931 838 1999 audiebam,
875 1954 903 1981 ››
939 1931 1125 1998 dixit;
1174 1937 1230 1987 et
1277 1933 1432 2003 quod
1482 1931 1804 1988 intentione

133 2022 358 2078 mentis
389 2037 586 2077 vocem
619 2020 912 2092 loquentis
942 2020 1311 2077 excluderet:
1381 2037 1486 2076 nec
1554 2020 1806 2092 aperiret

135 2127 206 2167 os
233 2126 437 2179 suum,
471 2110 626 2165 sicut
655 2114 876 2164 mutus.
913 2110 1123 2164 Beatus
1165 2109 1266 2180 qui
1323 2113 1518 2180 potest
1577 2113 1800 2164 tantam

133 2199 362 2255 habere
387 2198 687 2260 virtutem,
723 2203 786 2252 ut
813 2197 1121 2253 lacessitus
1153 2215 1268 2253 non
1297 2197 1604 2265 irascatur,
1645 2214 1802 2252 com-

135 2293 342 2344 motus
369 2302 434 2343 se
465 2285 610 2342 nolit
642 2285 1106 2342 ulcisci.'lnimici
1138 2286 1247 2342 hoc
1275 2289 1478 2359 agunt,
1503 2290 1566 2340 ut
1599 2303 1801 2357 provo-

135 2381 273 2432 cent
301 2375 377 2431 ad
417 2375 812 2430 iracundiam:
844 2373 1221 2442 maledicunt,
1250 2379 1314 2430 ut
1335 2373 1759 2430 maledicamus
1786 2392 1797 2428 :

134 2463 553 2531 criminantur,
590 2467 651 2518 ut
681 2464 902 2519 crimen
936 2468 1417 2536 retorqucamus:
1471 2463 1798 2519 convician-

134 2558 260 2619 tur,
287 2555 353 2607 ut
381 2553 632 2607 excitent
664 2569 769 2607 nos
801 2553 872 2607 ad
900 2551 1360 2608 vicissitudinem
1408 2551 1795 2608 contumeliae

137 2642 311 2698 Unde
337 2640 611 2714 prmelare
647 2641 845 2697 Petrus
877 2641 947 2696 de
979 2641 1222 2696 Domino
1248 2640 1389 2696 Jesu
1437 2640 1496 2696 in
1555 2639 1801 2712 epistola

135 2747 253 2788 sua
283 2729 523 2802 posuit:
561 2752 588 2778 »
625 2729 771 2793 Quia
801 2745 934 2785 cum
967 2729 1430 2797 malediceretur,
1466 2745 1580 2784 non
1617 2727 1796 2784 male-

132 2819 409 2877 dicebat:
463 2835 598 2874 cum
668 2822 983 2890 pateretur,
1044 2835 1159 2874 non
1226 2818 1698 2874 comminabatur
1753 2820 1801 2885 (I

133 2912 294 2966 Patr.
332 2924 397 2973 ιι,
427 2908 541 2978 23).
578 2928 606 2956 n
639 2907 724 2962 Ad
756 2908 884 2978 ejus
922 2923 1056 2978 ergo
1116 2906 1565 2962 similitudinem
1624 2912 1800 2978 atque

139 2995 469 3070 imaginem
507 2996 710 3066 justus
742 3013 860 3050 suae
890 2995 1015 3050 vitae
1065 2996 1307 3067 cupiens
1354 2995 1626 3050 instituta
1681 2995 1799 3050 for-

140 3101 330 3151 mare,
359 3089 669 3140 accusatus
728 3087 898 3151 tacet,
947 3083 1120 3140 laesus
1160 3085 1407 3140 remittit
1462 3082 1801 3139 dissimulat

139 3173 481 3241 lacessitus,
509 3179 570 3228 et
599 3190 714 3229 non
747 3173 934 3244 aperit
964 3190 1029 3230 os
1061 3189 1270 3240 suum;
1304 3171 1557 3228 utillum
1606 3172 1797 3228 imite-

141 3269 264 3328 tur,
319 3262 419 3334 qui
477 3264 628 3318 sicut
687 3278 875 3334 agnus
930 3262 1002 3316 ad
1071 3261 1368 3316 victimam
1424 3262 1656 3328 ductus,
1717 3261 1799 3316 sic

141 3369 266 3408 non
299 3341 451 3408 886
483 3352 711 3422 aperuit
739 3367 804 3406 os
834 3367 1009 3406 suum
1039 3368 1052 3418 ;
1087 3355 1145 3406 et
1195 3367 1328 3406 cum
1360 3351 1547 3422 possit
1589 3349 1800 3405 habere

144 3441 308 3514 quod
343 3440 575 3506 referat,
608 3439 798 3512 magis
828 3439 953 3495 vult
981 3439 1152 3495 silere
1180 3456 1359 3512 quam
1408 3440 1619 3494 dicere.
1671 3439 1800 3510 Ipse

135 3532 304 3587 enim
331 3529 618 3586 Dominus
646 3529 821 3584 Jesus
846 3546 974 3585 vere
991 3546 1123 3584 cum
1149 3528 1796 3596 accusaretur,tacebat;

136 3623 200 3674 et
227 3635 365 3674 cum
395 3622 816 3691 percuteretur,
863 3634 975 3674 non
1037 3617 1479 3689 repercutiebat.
1541 3616 1799 3684 Denique

135 3722 461 3780 percussus
491 3706 828 3778 respondit:
863 3730 889 3756 «
924 3707 981 3761 Si
1011 3705 1162 3762 male
1193 3706 1422 3762 locutus
1455 3722 1610 3771 sum,
1643 3705 1799 3760 testi-

137 3794 413 3851 monium
445 3794 684 3867 perhibe
714 3795 785 3850 de
810 3794 1001 3851 malo:
1038 3795 1087 3850 si
1119 3795 1284 3862 bene,
1316 3794 1457 3866 quid
1489 3809 1582 3848 me
1626 3795 1798 3849 caedis

134 3885 321 3952 (Joan.
362 3901 523 3953 xvm,
554 3885 693 3954 23)?
726 3906 753 3933 ››
783 3884 928 3940 Vide
959 3882 1638 3957 quemadmodumquasi
1668 3899 1798 3938 vere

132 3972 437 4039 inﬁrmus,
469 3973 526 4028 et
546 3973 716 4043 quasi
747 3973 797 4027 is
836 3973 936 4044 qui
968 3989 1032 4028 se
1085 3972 1377 4028 vindicare
1429 3987 1544 4027 non
1575 3976 1794 4044 posset,

138 4060 357 4135 puerili
386 4063 644 4133 quodam
675 4060 1024 4133 loquebatur
1043 4061 1288 4118 affectu:
1322 4061 1404 4116 ita
1442 4077 1578 4134 ergo
1622 4068 1678 4116 et
1731 4065 1794 4114 tu

139 4151 196 4208 si
218 4150 438 4207 habeas
469 4166 584 4222 quo
613 4150 931 4223 redarguas
961 4153 1326 4223 arguentem,
1385 4149 1595 4205 melius
1645 4153 1794 4204 tace-

138 4240 285 4306 bis;
336 4255 408 4294 ne
445 4239 832 4311 redarguendi
879 4238 1285 4295 vicissitudine
1340 4237 1794 4294 commotionem

137 4334 309 4384 tuam
339 4326 787 4400 prodas.Melius
816 4332 907 4384 est
923 4328 1082 4383 enim
1095 4327 1471 4384 dissimulare
1490 4326 1791 4400 injuriam,

137 4433 325 4490 quam
357 4433 490 4472 cum
522 4417 846 4490 redarguis,
865 4417 1179 4473 vindicare.
1206 4419 1400 4474 Bonus
1446 4422 1668 4485 mutus,
1692 4417 1794 4490 qui

136 4505 303 4579 loqui
337 4503 488 4562 male
509 4505 712 4575 nescit,
747 4507 917 4577 cujus
947 4522 1015 4562 ex
1040 4521 1136 4561 ore
1185 4505 1407 4561 crimen
1466 4505 1620 4562 exire
1676 4522 1791 4561 non

1910 564 2082 619 batur
2107 566 2174 619 ad
2209 570 2479 632 mortem,
2514 564 2744 621 silentio
2777 581 2839 621 se
2870 564 3122 639 tegebat,
3185 583 3256 621 ne
3315 566 3565 622 nudaret

1909 654 2212 726 pudorem.
2246 659 2408 710 Intra
2438 671 2498 710 se
2526 659 2723 709 tamen
2754 653 3104 726 loquebatur
3133 660 3267 724 Deo,
3297 656 3397 727 qui
3432 672 3560 710 eam

1911 743 2097 813 magis
2131 742 2349 798 audivit
2381 747 2706 798 tacentem:
2742 761 2869 815 quae
2931 743 2978 799 si
3039 743 3318 800 voluisset
3381 743 3563 816 loqui,

1911 831 2152 886 forsitan
2186 849 2301 887 non
2333 836 2484 887 esset
2525 833 2744 887 audita.

1981 940 2067 992 46.
2102 939 2170 991 Et
2200 943 2262 992 tu
2305 955 2441 1010 ergo
2501 939 2599 1009 qui
2657 939 3010 1010 proposuisti
3069 940 3404 994 satisfacere
3462 956 3566 1010 pro

1910 1026 2138 1081 delictis
2166 1027 2411 1080 Domino
2447 1026 2561 1080 Deo
2595 1032 2716 1092 tuo,
2751 1025 2833 1079 illi
2895 1027 3002 1081 soli
3061 1027 3333 1082 interiore
3391 1028 3565 1082 corde

1909 1119 1965 1169 te
1998 1132 2202 1186 purga,
2238 1113 2411 1169 illum
2445 1119 2739 1179 contuere,
2794 1116 2892 1186 qui
2954 1121 3141 1186 potest
3193 1121 3429 1186 peccata
3483 1115 3564 1170 di-

1909 1203 2086 1257 luere.
2124 1205 2370 1273 Adjuvat
2405 1208 2480 1267 tc,
2519 1205 2617 1275 qui
2653 1204 2939 1274 putaverit
2972 1205 3358 1276 arguendum.
3393 1205 3563 1260 Deni—

1909 1309 2022 1364 que
2049 1309 2181 1346 cum
2216 1291 2657 1346 malediceretur
2690 1293 2884 1359 David,
2919 1298 2971 1346 et
3005 1294 3133 1363 ejus
3173 1294 3290 1348 dux
3346 1293 3568 1348 Abessa

1907 1380 2184 1451 injuriam
2220 1379 2371 1451 regis
2402 1379 2574 1435 vellet
2606 1380 2828 1447 ulcisci,
2865 1381 3008 1435 dixit
3039 1383 3107 1434 ad
3145 1397 3277 1436 eum
3340 1381 3520 1436 David
3553 1399 3565 1447 ;

1909 1490 1935 1516 ((
1970 1466 2206 1521 Dimitte
2235 1467 2423 1532 illum,
2459 1472 2520 1522 ut
2553 1467 2899 1535 maledicat;
2953 1469 3231 1540 quoniam
3283 1469 3427 1523 dixit
3482 1469 3565 1522 illi

1906 1555 2211 1622 Dominus,
2245 1560 2310 1611 ut
2338 1556 2528 1611 videat
2552 1556 2948 1612 humilitatem
2977 1574 3188 1626 meam,
3210 1563 3266 1612 et
3280 1557 3567 1612 retribuat

1906 1645 2052 1700 mihi
2085 1643 2391 1710 Dominus,
2446 1647 2599 1700 bona
2657 1663 2760 1717 pro
2823 1645 3132 1701 maledicto
3190 1645 3299 1701 hoc
3331 1648 3402 1716 (II
3433 1647 3560 1716 Reg.

1905 1751 2020 1798 xvr,
2058 1734 2161 1803 10).
2194 1757 2213 1783 ιι
2249 1733 2425 1789 Vides
2460 1734 2638 1806 igitur
2667 1736 2820 1808 quod
2856 1752 2889 1790 a
2945 1734 3407 1790 conviciantihus
3464 1735 3565 1789 ad-

1899 1822 2146 1894 juveris,
2184 1826 2247 1877 ut
2277 1823 2562 1878 Dominus
2596 1825 2794 1878 audiat
2849 1829 2903 1878 te
2935 1829 2991 1878 et
3042 1829 3345 1896 peccatum
3395 1826 3564 1878 tuum

1916 1911 2219 1968 remittat?
2241 1910 2386 1966 Nam
2419 1929 2552 1966 cum
2601 1911 2725 1984 ipse
2749 1913 3152 1967 accusatortui
3181 1927 3309 1968 esse
3334 1910 3568 1977 debeas,

1915 2004 1971 2056 et
2003 2016 2339 2056 coacervare
2371 1999 2612 2072 flagitia,
2635 2006 2809 2073 teque
2854 2002 3049 2072 ipsum
3111 2001 3286 2056 offero
3343 1998 3567 2072 suppli-

1914 2089 2035 2157 cio;
2071 2090 2364 2161 quomodo
2425 2105 2636 2162 negare
2689 2090 2916 2161 objecta
2976 2089 3327 2146 desideras?
3385 2087 3569 2144 Poeni-

1914 2178 2096 2232 tehtia
2127 2178 2464 2249 patientiam
2501 2180 2724 2250 quierit,
2759 2179 3041 2250 patientia
3072 2179 3299 2250 mitigat
3357 2176 3569 2233 delicta

1911 2281 2145 2338 magna.
2177 2266 2479 2329 Quomodo
2537 2268 2806 2323 irasceris
2875 2261 3026 2333 aliis,
3089 2272 3199 2322 tua:
3258 2267 3384 2339 ipse
3435 2281 3568 2321 reus

1910 2355 2278 2410 conscientiae
2301 2354 2328 2408 ‘?
2361 2355 2662 2418 Quomodo
2696 2356 3105 2421 commoveris,
3163 2373 3302 2412 cum
3349 2355 3568 2410 debeas

1910 2459 2038 2499 esse
2070 2441 2471 2499 miserabilis?
2502 2445 2608 2509 Qui
2657 2445 2942 2516 arguitur,
2978 2449 3034 2500 et
3059 2445 3235 2517 (quod
3298 2448 3388 2500 est
3445 2459 3566 2498 am-

1910 2533 2084 2604 plius)
2119 2549 2154 2587 a
2185 2533 2519 2604 semetipso,
2545 2549 2748 2589 curare
2779 2535 2949 2589 debet
2979 2551 3085 2589 sua
3121 2533 3386 2603 vulnera,
3446 2548 3561 2586 non

1909 2621 2162 2676 alterum
2217 2620 2542 2676 vulnerare.
2602 2627 2784 2677 Nemo
2845 2623 3023 2678 alium
3083 2621 3444 2678 vulnerando
3497 2635 3561 2674 se

1910 2715 2096 2766 sanat.
2134 2710 2373 2777 Medice,
2410 2727 2549 2765 cura
2598 2711 2872 2782 teipsum.
2935 2711 2992 2766 Si
3027 2711 3311 2777 medicus,
3344 2712 3566 2781 quanto

1909 2799 2097 2870 magis
2121 2814 2254 2853 reus
2285 2797 2448 2869 prius
2483 2814 2685 2853 curare
2717 2815 2778 2854 se
2809 2798 2982 2855 debet
3008 2800 3018 2853 !
3077 2798 3384 2854 Confiteris
3440 2810 3569 2870 pec-

1907 2892 2107 2942 catum
2147 2892 2338 2954 tuum,
2386 2892 2443 2942 et
2502 2888 2796 2943 medicum
2837 2892 2892 2942 te
2947 2888 3237 2960 profiteris
3268 2887 3561 2946 alienum:

1906 2975 2016 3030 etsi
2064 2975 2323 3032 veritatis
2376 2980 2464 3031 est
2514 2977 2666 3047 quod
2724 2981 3043 3048 retorques,
3097 2978 3378 3049 temporis
3451 2996 3567 3035 non

1905 3069 2033 3131 est;
2064 3065 2351 3136 peccatori
2381 3065 2539 3121 enim
2572 3067 2717 3122 dixit
2751 3071 2932 3122 Deus:
2971 3089 2998 3116 ‹‹
3048 3069 3238 3134 Quare
3287 3072 3348 3122 tu
3407 3084 3569 3124 enar~

1909 3169 2005 3209 ras
2045 3154 2310 3225 justitias
2390 3170 2550 3211 meas
2599 3157 2769 3222 (Psal.
2808 3173 2956 3224 xux,
2992 3156 3077 3226 17)
3105 3157 3132 3210 ‘I
3174 3180 3200 3205 »
3264 3156 3570 3228 Usurpasti

1910 3243 2016 3297 tibi
2045 3247 2106 3296 ut
2139 3243 2210 3298 de
2238 3242 2363 3314 lege
2393 3259 2629 3314 arguas,
2662 3244 2761 3315 qui
2793 3243 3194 3316 contralegem
3216 3245 3338 3316 ipse
3356 3245 3564 3302 fecisti.

1909 3331 2056 3396 Quid
2087 3330 2476 3403 lacrymarum
2524 3336 2758 3404 tempus
2807 3332 3072 3388 amittis?
3119 3333 3267 3397 Quid
3326 3350 3561 3389 concer-

1907 3420 2085 3476 tando
2114 3437 2298 3476 vanos
2355 3435 2656 3476 sermones
2716 3426 2818 3475 aut
2875 3421 3047 3476 audis
3117 3423 3217 3476 aut
3262 3419 3562 3491 loqueris;

1909 3526 2042 3564 cum
2076 3509 2180 3564 tibi
2205 3508 2488 3581 scriptum
2524 3509 2637 3564 sit:
2674 3509 2797 3564 Non
2830 3509 3083 3579 accipias
3145 3509 3412 3566 auditum
3465 3528 3564 3566 va-

1911 3615 2052 3653 num
2087 3598 2278 3669 (Exod.
2328 3615 2488 3664 xxm,
2552 3599 2652 3669 1):
2713 3614 2847 3653 cum
2908 3597 3114 3669 legeris
3161 3599 3218 3654 in
3254 3599 3559 3673 Evangelio

1910 3687 2017 3742 Pro
2078 3687 2239 3744 omni
2298 3703 2565 3744 sermone
2617 3687 2803 3743 otioso
2857 3688 3153 3758 judicium
3223 3705 3352 3746 esse
3428 3691 3567 3746 sub-

1907 3777 2167 3832 eundum
2227 3777 2433 3849 (Matth.
2493 3795 2595 3844 xu,
2655 3776 2794 3847 37)?
2861 3777 2980 3832 Etsi
3051 3777 3201 3834 alius
3285 3778 3566 3851 loquitur,

1907 3867 2068 3921 tace:
2123 3867 2233 3922 etsi
2301 3866 2451 3922 alius
2515 3865 2896 3932 eonviciatur,
2976 3884 3176 3923 aurem
3230 3871 3394 3923 tuam
3461 3869 3564 3923 ob-

1906 3957 2087 4009 strue.

1978 4061 2124 4116 887
2179 4061 2266 4116 47.
2323 4061 2508 4130 (Vere.
2564 4063 2649 4131 16,
2725 4062 2833 4131 17.)
2889 4061 3066 4116 David
3124 4061 3366 4118 tacendo
3429 4063 3569 4119 vicit

1905 4149 2266 4205 adversarios
2295 4165 2468 4205 suos:
2503 4153 2559 4204 et
2603 4149 2741 4220 quia
2786 4149 2938 4204 sicut
2985 4153 3187 4206 mutus
3236 4150 3425 4206 factus
3456 4157 3565 4219 est,

1902 4253 2102 4293 vocem
2133 4237 2388 4308 recepit;
2433 4237 2572 4309 quia
2627 4253 2943 4292 conversus
2995 4239 3067 4293 ad
3121 4238 3438 4295 Dominum
3486 4239 3569 4296 lo-

1903 4326 2191 4398 quebatur
2222 4326 2457 4382 dicens:
2492 4325 2836 4390 «Quoniam
2879 4327 2936 4380 in
2984 4331 3060 4395 te,
3117 4329 3374 4395 Domine,
3432 4346 3565 4401 spe-

1903 4415 2023 4472 ravi
2053 4431 2064 4470 :
2102 4418 2163 4470 tu
2195 4416 2469 4471 exaudies
2493 4431 2606 4481 me,
2637 4415 2905 4482 Domine,
2950 4415 3102 4471 Deus
3161 4434 3348 4472 meus.
3415 4418 3561 4484 Quia

1903 4503 2042 4571 dixi,
2077 4521 2147 4560 ne
2178 4503 2494 4576 aliquando
2525 4504 2821 4560 exsultent
2869 4505 2928 4559 in
2981 4521 3074 4560 me
3106 4505 3326 4560 inimici
3363 4505 3498 4562 mei.
3539 4530 3565 4556 ››

135 4595 324 4652 novit.
359 4594 462 4650 Hic
490 4600 580 4650 est
610 4600 811 4651 mutus
842 4612 971 4652 vere
1001 4595 1228 4664 beatus,
1270 4595 1371 4667 qui
1433 4612 1567 4650 cum
1625 4598 1794 4662 tacet,
1830 4581 1875 4646 Ι)
1906 4594 2048 4650 Vide
2077 4593 2337 4666 singula:
2371 4593 2597 4649 tacebat
2627 4593 2827 4662 David,
2875 4592 3268 4666 loquebantur
3317 4594 3562 4663 inimici,

133 4685 302 4740 intra
330 4697 393 4738 se
423 4681 700 4754 loquitur.
736 4683 1020 4747 Dominus
1049 4678 1323 4739 dat'mihi
1355 4682 1618 4756 linguam
1660 4701 1793 4739 eru-

133 4771 408 4836 ditionis,
441 4777 505 4826 ut
529 4771 717 4828 sciam
748 4773 1038 4844 quomodo
1060 4775 1321 4845 oporteat
1343 4788 1435 4828 me
1461 4771 1650 4827 dicere
1671 4789 1791 4828 ser-

137 4875 399 4917 monem.
456 4859 619 4916 Talia
648 4861 996 4932 loquebatur
1025 4861 1178 4917 intra
1205 4878 1268 4917 se
1293 4859 1629 4928 Zacharias,
1659 4877 1792 4916 cum

137 4948 542 5006 obmutuisset
569 4967 581 5004 :
616 4953 674 5004 et
701 4966 831 5006 vere
861 4950 1002 5022 quia
1030 4948 1189 5022 loqui
1221 4950 1271 5005 ei
1306 4966 1419 5005 non
1474 4949 1792 5022 profuerat,

137 5053 215 5094 ne
247 5037 604 5109 loqueretur,
638 5038 967 5094 obmutuit:
1000 5042 1058 5094 et
1087 5043 1152 5094 ut
1171 5038 1528 5110 loqueretur,
1547 5037 1794 5094 exaudi-

139 5132 239 5182 tus
273 5142 307 5182 a
338 5124 568 5182 Christo
599 5132 704 5182 est.
731 5127 990 5200 Denique
1021 5127 1259 5200 scripsit
1315 5129 1469 5199 quod
1528 5127 1794 5184 Christus

136 5214 472 5281 exaudiret;
506 5219 562 5270 et
602 5233 797 5270 vocem
849 5216 1080 5288 recepit,
1141 5233 1316 5289 quam
1381 5216 1648 5272 Christus
1707 5215 1793 5270 in-

133 5303 325 5359 dulsit
349 5320 361 5369 ;
390 5307 448 5376 et
475 5303 723 5374 gratiam
756 5305 1226 5376 adjunxit,quam
1249 5309 1384 5360 ante
1407 5322 1520 5360 non
1547 5303 1754 5360 habuit
1779 5322 1792 5371 ;

140 5396 206 5446 ut
240 5391 614 5463 prophetaret
636 5409 790 5460 eum,
826 5394 994 5464 cujus
1025 5393 1321 5448 mandatis
1364 5398 1496 5448 ante
1526 5411 1640 5450 non
1673 5409 1796 5448 cre-

136 5480 312 5536 didit.
347 5479 495 5544 Quid
527 5480 597 5536 de
629 5481 874 5536 Domino
913 5482 1177 5536 omnium
1226 5483 1507 5537 virtutum
1569 5482 1795 5554 loquor,

137 5585 278 5625 cum
313 5567 526 5624 mulier
549 5569 819 5626 Susanna
850 5587 952 5626 nec
968 5587 1141 5626 sexus
1172 5571 1512 5627 infirmitate
1541 5573 1798 5640 turbata,

139 5675 279 5716 cum
328 5673 391 5715 se
425 5658 497 5713 ad
532 5657 857 5730 periculum
911 5659 1114 5716 mortis
1163 5660 1431 5732 cognovit
1484 5660 1796 5731 addictam,

1904 4683 2296 4754 provocabant
2327 4686 2390 4736 ut
2420 4682 2641 4754 aliquid
2687 4687 2743 4737 et
2796 4681 2920 4755 ipse
2979 4682 3338 4756 loqueretur.
3398 4685 3564 4741 Dice-

1905 4771 2081 4826 bant:
2111 4771 2434 4827 Audiamus
2465 4788 2662 4827 vocem
2695 4776 2878 4828 tuam.
2917 4773 3072 4828 Intra
3116 4790 3178 4830 se
3209 4773 3306 4830 ille
3349 4775 3563 4829 tacitus

1904 4859 2286 4931 loquebatur:
2315 4860 2461 4926 Quid
2495 4879 2642 4934 opus
2663 4866 2772 4930 est,
2822 4867 2887 4918 ut
2919 4863 3031 4917 ista
3055 4863 3316 4932 audiant,
3349 4863 3564 4933 quibus

1903 4949 2179 5021 prodesse
2213 4967 2328 5005 non
2366 4951 2658 5022 possunt?
2689 4975 2714 4999 α
2753 4951 2813 5005 1η
2853 4957 2926 5017 te,
2964 4951 3226 5018 Domine,
3260 4950 3484 5023 speravi
3511 4968 3562 5016 ;››

1902 5037 2004 5093 tibi
2059 5037 2166 5093 soli
2221 5038 2467 5110 loquor;
2511 5044 2573 5094 tu
2626 5039 2786 5103 audi,
2833 5039 2932 5109 qui
2994 5039 3268 5094 exaudire
3300 5045 3486 5110 potes.
3518 5041 3564 5094 A

1902 5130 1958 5182 te
1985 5143 2218 5198 semper
2243 5128 2500 5198 poposci,
2534 5151 2558 5175 ‹‹
2595 5144 2664 5182 ne
2696 5126 3011 5197 aliquando
3034 5127 3332 5182 exsultent
3361 5127 3416 5182 in
3470 5144 3563 5183 me

1904 5215 2126 5270 inimici
2154 5215 2262 5269 mei
2293 5235 2304 5280 ;
2345 5240 2368 5262 ››
2403 5215 2542 5288 quia
2581 5216 2686 5270 etsi
2715 5214 2965 5288 peccavi,
3003 5221 3062 5269 tu
3115 5221 3418 5287 peccatum
3479 5217 3564 5271 di-

1903 5304 2116 5360 mittis:
2158 5304 2266 5359 etsi
2296 5321 2400 5376 ego
2433 5304 2636 5372 cecidi,
2686 5309 2747 5360 tu
2807 5303 3143 5371 resuscitas,
3199 5321 3270 5358 ne
3312 5303 3564 5361 habeant

1904 5393 2057 5448 unde
2087 5392 2378 5449 exsultare
2403 5393 2636 5465 possint
2665 5392 2764 5464 qui
2808 5392 3062 5464 peccatis
3098 5391 3372 5448 laetantur
3427 5393 3562 5450 alie-

1907 5482 2018 5536 nis.
2054 5481 2188 5536 Plus
2217 5481 2372 5536 enim
2406 5481 2846 5552 acquisivimus,
2883 5481 2980 5552 qui
3010 5480 3140 5552 plus
3171 5484 3560 5554 peccavimus;

1907 5571 2046 5642 quia
2076 5569 2360 5626 beatiores
2394 5570 2526 5624 facit
2551 5577 2650 5625 tua
2682 5570 2890 5642 gratia,
2924 5587 3102 5642 quam
3138 5577 3337 5629 nostra
3395 5573 3561 5628 inno-

1911 5659 2120 5716 centia.
2157 5659 2456 5716 Habemus
2489 5658 2642 5718 hunc
2679 5676 2917 5717 sensum
2951 5664 3007 5717 et
3041 5660 3098 5717 in
3129 5660 3277 5718 libro
3317 5661 3561 5719 Michaea:
