3880 6228
421 254 578 321 1083

1886 255 1952 320 S.
1996 256 2371 325 AMBROSII

3710 265 3841 329 1084

417 388 736 466 prophetae.
766 413 793 443 «
821 389 946 448 Noli
970 386 1224 466 gaudere
1255 406 1432 464 super
1463 406 1575 459 me,
1617 386 1856 448 inimica
1903 405 2071 461 mea;
2109 399 2161 466 Α
2187 392 2454 468 cipiatur,
2506 392 2754 470 castigat
2791 390 2946 454 enim
3001 391 3290 455 Dominus
3352 411 3619 455 omnem
3683 396 3839 456 filium

418 482 558 554 quia
596 480 796 550 cecidi,
830 482 930 538 sed
965 498 1264 554 resurgam
1300 479 1480 552 (Mz'rh.
1511 499 1609 550 vu,
1643 482 1720 550 8).
1756 503 1783 531 »
1814 480 1939 537 Non
1982 483 2070 537 est

417 572 611 644 gravis
641 569 999 626 inﬁrmitatis
1032 570 1222 637 ruina,
1255 571 1304 625 si
1337 587 1451 626 non
1504 571 1582 626 sit
1629 570 1803 626 etiam
1861 569 2068 626 volun-

412 661 552 716 tatis
584 660 844 715 studium
877 660 950 714 ab
980 675 1047 714 ea
1077 675 1191 714 non
1224 659 1587 732 resurgendi.
1618 658 1776 714 Habe
1803 658 2069 714 volunta-

413 753 529 804 tem
597 749 896 821 surgendi,
967 765 1224 820 praesens
1291 752 1381 804 est
1433 746 1532 821 qui
1606 747 1778 803 faciat
1840 752 1905 802 ut
1977 762 2070 802 re-

416 855 648 910 surgas.

483 955 568 1008 48.
628 953 785 1009 Dixit
825 969 961 1026 ergo
1007 953 1184 1007 David
1240 953 1300 1007 in
1351 952 1521 1007 corde
1571 968 1698 1016 suo,
1750 955 1952 1022 petens
2009 954 2072 1004 ut

410 1042 790 1098 exaudiretur
819 1059 852 1096 a
895 1042 1155 1105 Domino,
1207 1044 1264 1096 et
1317 1044 1381 1095 ut
1429 1057 1545 1096 non
1603 1039 1962 1094 exsultarent
2009 1039 2069 1093 in

408 1147 543 1186 eum
575 1131 704 1201 ejus
735 1130 994 1185 inimici:
1031 1135 1231 1201 petens
1263 1128 1439 1184 etiam
1485 1133 1549 1183 ut
1605 1128 1662 1182 in
1725 1128 2064 1183 conversio-

411 1218 501 1273 nis
531 1235 648 1273 suze
680 1218 980 1290 preposito
1013 1220 1416 1289 permaneret:
1455 1233 1545 1282 ne,
1593 1217 1735 1270 dum
1787 1205 2070 1288 propositi

411 1307 502 1363 sui
533 1323 774 1378 gressus
803 1306 973 1378 quasi
1000 1306 1239 1378 quidam
1273 1305 1450 1376 pedes
1481 1322 1602 1360 suae
1649 1304 1861 1360 animae
1908 1320 2072 1360 com-

411 1399 739 1459 moventur,
774 1394 833 1448 in
863 1411 998 1450 eum
1031 1393 1346 1450 adversarii
1397 1393 1654 1465 superba
1683 1397 1741 1448 et
1784 1392 2071 1466 magnilo-

409 1482 660 1555 quentiae
689 1481 861 1554 plena
892 1482 1310 1553 loquerentur;
1347 1487 1411 1537 ut
1442 1481 1664 1537 faciunt
1715 1482 1814 1553 qui
1875 1481 2067 1537 insul-

408 1575 532 1626 tare
561 1571 912 1627 desiderant.
949 1571 1208 1626 Tametsi
1239 1576 1541 1627 moveatur
1591 1575 1654 1625 ut
1711 1570 1907 1637 homo,
1969 1587 2072 1643 pa-

409 1665 602 1716 ratum
637 1659 707 1714 ad
743 1657 975 1732 ﬂagella
1013 1676 1074 1714 se
1105 1659 1266 1727 dicit,
1302 1664 1366 1714 ut
1395 1659 1484 1715 vel
1529 1657 1821 1732 supplicio
1879 1659 2070 1715 solvat

2180 501 2356 557 quem
2403 485 2628 558 recipit.

2248 575 2336 629 51.
2371 574 2554 646 (Vers.
2592 573 2705 647 19.)
2737 574 2796 632 Si
2828 574 3126 632 servulum
3157 579 3331 632 tuum
3373 575 3596 632 videas
3630 585 3846 649 peccata

2179 663 2417 735 propria
2453 663 2829 720 confitentem
2881 663 3032 720 ultro
3070 665 3274 721 offerre
3328 681 3392 721 se
3428 682 3654 738 paena,
3703 667 3844 720 inﬂe-

2179 751 2374 818 cteris,
2408 751 2704 824 ignoscis:
2763 757 2819 810 et
2869 753 2941 809 de
2981 753 3212 809 Domini
3264 753 3671 810 miseratione
3711 755 3845 809 difﬁ-

2181 840 2272 896 dis
2292 841 2320 894 ‘?
2348 841 2534 897 Judex
2565 842 2690 914 ipse
2719 842 2812 898 cui
2844 859 2960 898 non
2993 841 3127 897 licet
3157 843 3217 898 in
3241 842 3528 914 plurimis
3567 844 3767 899 causis
3821 863 3845 898 ε

2179 928 2372 1001 gladio
2445 933 2792 1002 temperare,
2868 930 3007 1004 quia
3082 931 3314 1004 legibus
3387 932 3604 1000 servit,
3667 938 3846 1005 potest

2180 1022 2374 1076 tamen
2408 1018 2638 1074 lucrum
2669 1020 2884 1076 donare
2912 1036 3241 1092 poenarum,
3285 1025 3345 1075 et
3381 1024 3452 1077 tu
3505 1021 3713 1080 adhuc
3744 1026 3841 1077 tre-

2179 1105 2366 1180 pidas,
2401 1107 2539 1180 quid
2571 1125 2605 1163 a
2631 1107 2828 1180 legum
2859 1109 3106 1164 Domino
3137 1113 3195 1164 et
3251 1109 3491 1190 miserig
3518 1155 3533 1190 ε
3628 1092 3841 1194 ’χόρδ-

2181 1199 2336 1251 ctore
2370 1197 2675 1270 deposcas,
2707 1197 2801 1253 cui
2833 1197 2925 1252 lex
2977 1197 3247 1253 voluntas
3303 1203 3422 1265 est,
3469 1242 3483 1280 ε
3518 1248 3548 1273 ,,
3586 1243 3660 1280 ne
3799 1201 3845 1280 ,ῗθ

2172 1285 2408 1356 jus?Si
2440 1269 2636 1341 tamen
2669 1290 2731 1342 tu
2776 1289 2940 1359 petas
2995 1287 3102 1342 tibi
3158 1290 3261 1342 tua
3317 1269 3848 1383 ρθοοῘ-εὲέψξᾎξίῗέ,

2181 1390 2284 1429 nec
2315 1374 2650 1431 consideres
2701 1375 2951 1432 honores
2982 1379 3134 1442 tuos,
3167 1379 3270 1431 aut
3325 1374 3663 1432 erubescas
3716 1378 3848 1432 ami-

2180 1479 2278 1518 cos
2300 1466 2469 1531 tuos;
2504 1479 2576 1520 ne
2607 1463 2952 1536 dignitatem
2983 1469 3146 1520 tuam
3203 1464 3522 1520 deﬂexisse
3581 1465 3849 1522 videaris.

2181 1551 2421 1608 Amicus
2445 1553 2566 1622 Dei,
2625 1553 2909 1626 propheta
2965 1554 3086 1622 Dei,
3149 1571 3246 1609 rex
3300 1554 3373 1608 ab
3426 1553 3568 1627 ipso
3630 1553 3850 1611 electus

2179 1644 2314 1708 Deo,
2348 1646 2403 1697 et
2432 1647 2646 1698 unctus
2676 1642 2736 1698 in
2768 1658 3036 1715 regnum,
3071 1641 3321 1716 ﬂagellis
3358 1659 3425 1698 se
3481 1648 3850 1716 spontaneus

406 1765 682 1805 errorem.
716 1729 849 1804 Etsi
895 1753 1129 1804 cessent
1186 1748 1418 1821 ﬂagella
1448 1729 1699 1814 Domi—nvi,
1749 1765 1810 1804 se
1867 1751 2058 1804 tamen

2248 1729 2473 1798 :‘erebat,
2506 1746 2612 1786 nec
2669 1731 3011 1787 erubescat:
3073 1735 3131 1786 et
3185 1734 3250 1786 tu
3309 1731 3680 1788 erubescis?
3741 1732 3848 1788 Non

406 1837 604 1894 dolore
635 1837 867 1910 proprio
900 1841 1186 1893 memorat
1218 1818 1520 1910 ﬂagellari,
1554 1841 1618 1893 ut
1647 1854 1762 1892 non
1801 1836 2061 1893 inveniat
2097 1818 2142 1831 U
2171 1818 2428 1910 P191th
2457 1819 2579 1910 ist?
2599 1819 2951 1910 verecqndia
2979 1819 3086 1910 tibi
3117 1818 3536 1910 ολΡίίΡλιδδίΫυῗν
3587 1837 3736 1878 cum
3789 1824 3848 1877 δέ

407 1925 581 1997 culpa
609 1925 764 1996 quod
788 1926 1044 1993 damnet,
1093 1941 1273 1996 quam
1306 1926 1458 1981 bona
1506 1925 1793 1981 confessio
1847 1942 2060 1998 praeve-

405 2014 576 2070 nerit.
609 2013 726 2070 Hoc
755 2017 844 2070 est
873 2030 1008 2086 ergo
1035 2015 1189 2086 quod
1221 2013 1339 2070 ait:
1405 2036 1432 2063 ‹‹
1484 2014 1553 2070 Et
1599 2014 1741 2069 dum
1799 2029 2056 2069 commo-

403 2108 614 2159 ventur
641 2103 819 2175 pedes
850 2102 985 2168 mei,
1019 2103 1079 2158 in
1113 2119 1206 2158 me
1239 2118 1454 2174 magna
1484 2101 1663 2157 locuti
1707 2106 1866 2169 sunt,
1903 2125 1930 2152 ››
1990 2118 2058 2160 eo

405 2193 560 2265 quod
590 2195 711 2247 tam
743 2190 999 2263 prompti
1031 2195 1170 2246 sunt
1211 2190 1283 2246 ad
1334 2188 1736 2246 insultationis
1782 2189 2056 2259 ludibria,

404 2283 469 2335 ut
512 2281 571 2335 in
623 2279 1010 2335 commotione
1058 2279 1271 2350 pedum
1323 2295 1585 2334 meorum
1646 2281 1906 2350 paratam
1953 2279 2056 2336 ha-

401 2367 638 2424 buerint
668 2365 1252 2438 magniloquentiam,
1305 2365 1392 2423 vel
1441 2373 1590 2424 certe
1637 2369 1767 2423 sic:
1820 2390 1848 2418 «
1904 2367 2055 2424 Dum

401 2460 841 2513 commoventur
898 2455 1073 2528 pedes
1132 2455 1266 2524 mei,
1327 2478 1355 2506 ››
1405 2461 1679 2529 putantes
1751 2457 1906 2530 quod
1959 2473 2053 2514 ca-

398 2545 618 2613 derem,
679 2545 932 2618 superba
980 2545 1105 2617 jam
1165 2549 1223 2600 et
1307 2544 1687 2620 magniloqua
1765 2549 1904 2602 sunt
1968 2545 2052 2601 lo-

400 2644 540 2700 cuti.

470 2760 554 2814 49.
589 2759 696 2814 Sed
727 2761 924 2814 tamen
956 2758 1097 2829 quia
1141 2758 1270 2830 ipse
1312 2758 1371 2814 in
1421 2758 1846 2832 posterioribus
1905 2775 2052 2832 pene

398 2852 586 2902 motos
633 2847 810 2917 pedes
855 2862 994 2901 suos
1042 2845 1186 2900 dixit
1225 2847 1396 2917 (Psal.
1444 2865 1616 2913 Lxxu,
1655 2848 1733 2917 2),
1787 2865 1858 2903 ne
1907 2847 2046 2921 quid

398 2935 622 2990 oriatur
668 2933 804 2990 hinc
858 2933 1139 3006 scrupuli,
1189 2934 1495 2990 considera
1542 2935 1636 2990 hic
1689 2935 1881 2991 doceri
1942 2953 2048 2992 nos

397 3022 669 3078 aﬂ’ectum
710 3021 1082 3094 poenitentiae,
1124 3021 1204 3077 ibi
1253 3022 1588 3094 opinionem
1646 3024 1776 3095 ejus
1832 3023 2047 3080 erroris

395 3110 645 3199 excludi,
679 3111 834 3183 quod
868 3111 1082 3166 divitias
1115 3115 1171 3166 et
1199 3126 1510 3168 successus
1563 3113 1895 3184 prosperior
1942 3113 2043 3168 ﬂa-
2078 3132 2122 3199 ρ

394 3198 740 3273 gitiosorum
772 3216 879 3255 nos
911 3216 1138 3255 movere
1187 3216 1300 3256 non
1351 3200 1616 3256 debeant.
1677 3201 2048 3257 Consuetudo

395 3293 591 3345 autem
623 3287 935 3345 locutionis
965 3289 1023 3343 in
1074 3289 1394 3362 Seripturis
1442 3290 1656 3346 divinis
1711 3289 2051 3362 hujusmodi

395 3377 703 3450 reperitur.
737 3377 832 3433 Sic
863 3378 1020 3433 enim
1076 3381 1134 3433 et
1189 3376 1364 3432 alibi:
1403 3401 1429 3427 ‹‹
1489 3378 1639 3434 Dum
1689 3382 2053 3435 converteret

394 3465 679 3521 Dominus
709 3465 1105 3537 captivitatem
1139 3464 1300 3536 Sion,
1333 3465 1468 3521 facti
1497 3481 1704 3521 sumus
1735 3465 1889 3521 sicut
1917 3481 2052 3521 con-

393 3553 564 3608 solati
595 3555 766 3623 (Psal.
801 3571 965 3622 cxxv,
1007 3554 1072 3624 ί).
1114 3577 1141 3604 ››
1170 3555 1519 3626 Quanquam
1552 3558 1794 3610 sanctus
1845 3571 1961 3611 non
1989 3553 2048 3609 in

392 3641 724 3698 ostensione
753 3643 1089 3711 verborum,
1121 3644 1223 3699 sed
1257 3642 1316 3698 in
1375 3643 1590 3699 virtute
1643 3643 1886 3715 spiritus
1917 3659 2049 3716 pro-

392 3729 517 3785 bari
548 3746 610 3785 se
650 3729 805 3786 velit.
850 3733 1068 3786 Sensus
1120 3747 1256 3804 ergo
1316 3731 1483 3787 nobis
1543 3733 1899 3804 spectandus
1960 3735 2052 3788 est

393 3833 644 3890 semper,
679 3833 852 3890 quem
885 3817 1059 3873 etiam
1091 3819 1286 3890 ipsum
1319 3819 1593 3892 frequens
1623 3819 1928 3876 translatio
1983 3837 2051 3876 ex

391 3916 626 3974 Hebraeo
657 3915 716 3972 in
749 3916 1033 3980 Graecum,
1065 3932 1134 3972 ex
1189 3915 1386 3972 Grazco
1444 3916 1504 3972 in
1566 3917 1837 3974 Latinum
1901 3922 2049 3975 atte-

392 4020 573 4060 nuare
604 4005 925 4061 consuevit.

459 4131 551 4186 60.
585 4129 774 4202 (Vere.
811 4129 922 4201 l8.)
955 4129 1041 4185 Ad
1074 4130 1274 4186 omnia
1318 4129 1515 4202 itaque
1556 4130 1858 4203 superiora
1916 4131 2050 4203 pul-

391 4218 598 4274 chrum
631 4219 980 4286 remedium,
1015 4219 1168 4292 quod
1199 4218 1257 4274 in
1291 4218 1520 4292 ﬂagella
1549 4223 1788 4291 paratus
1827 4224 1935 4290 est,
1993 4225 2051 4276 et

303 4327 305 4329 ί
391 4307 560 4362 offert
591 4323 652 4362 se
682 4308 951 4374 Domino,
989 4313 1050 4363 ut
1079 4325 1207 4380 qua:
1240 4307 1569 4380 placuerint
1624 4313 1760 4377 Deo,
1821 4307 2050 4388 ﬂagella

391 4395 697 4452 sustineat.
746 4396 1005 4469 Elegisse
1061 4397 1301 4469 quidem
1362 4395 1488 4469 lego
1537 4402 1809 4452 sanetum
1868 4397 2047 4454 David

2160 1904 2452 1976 judicium
2485 1907 2584 1964 Dei
2612 1906 2879 1976 veneris;
2913 1908 3011 1963 sed
3042 1907 3288 1981 pudoris
3317 1912 3376 1964 te
3408 1907 3599 1964 istius
3662 1912 3846 1983 pani-

2166 1997 2329 2065 tebit,
2361 2013 2496 2053 eum
2527 1996 2586 2052 in
2618 1999 2932 2070 conspectu
2964 2012 3078 2052 non
3111 1995 3306 2054 solum
3338 1997 3697 2062 hominum.
3757 2001 3848 2055 sed

2168 2087 2344 2143 etiam
2405 2084 2762 2159 Angelorum
2812 2090 2871 2142 et
2913 2085 3179 2141 omnium
3239 2085 3626 2143 Potostatum
3678 2090 3849 2145 cele-

2169 2177 2350 2233 stium
2404 2175 2784 2244 constitutus,
2835 2175 3076 2248 coeperis
3120 2179 3360 2248 peccata
3423 2177 3684 2249 propria
3746 2196 3850 2234 non

2167 2280 2396 2337 negare.
2429 2264 2732 2330 Quomodo
2763 2263 3088 2332 exeusabis,
3117 2280 3252 2320 cum
3295 2267 3465 2320 tanta
3516 2269 3850 2323 commise-

2165 2353 2284 2410 ris?
2317 2354 2646 2409 Praetendes
2676 2351 3642 2426 conditionisinﬂrmitatem,quia
3673 2374 3845 2413 nemo

2166 2441 2292 2500 sine
2321 2446 2556 2515 peccato
2577 2443 2605 2496 ?
2633 2441 3103 2515 Respondebitur
3139 2441 3247 2497 tibi
3282 2460 3295 2497 :
3365 2442 3652 2499 Debuisti
3715 2463 3844 2519 ergo

2165 2548 2335 2606 agere
2366 2530 2792 2604 pcenitentiam,
2825 2531 3100 2586 dederam
3134 2531 3484 2600 remedium,
3519 2549 3643 2588 cur
3687 2537 3842 2590 rem-

2160 2620 2347 2677 testi?
2378 2621 2662 2676 Subtexes
2692 2619 2997 2692 pudorem,
3031 2619 3187 2691 quod
3223 2619 3477 2676 honores
3505 2623 3657 2678 tuos
3710 2639 3836 2678 eru-

2159 2709 2406 2766 bueris?
2436 2708 2630 2766 Dicet:
2666 2708 2726 2764 Si
2756 2712 2822 2764 tu
2851 2707 3138 2764 erubuisti
3197 2724 3292 2764 me
3349 2725 3556 2765 coram
3619 2711 3833 2768 amicis

2155 2797 2294 2867 tuis,
2316 2803 2373 2855 et
2400 2813 2506 2870 ego
2536 2802 2594 2853 te
2623 2797 2966 2853 erubescam
3014 2812 3212 2852 coram
3270 2797 3441 2853 Patre
3500 2814 3668 2866 meo,
3733 2801 3829 2873 qui

2156 2891 2246 2943 est
2273 2887 2331 2943 in
2364 2886 2543 2944 costis.
2577 2885 2742 2942 Disce
2767 2901 2969 2942 verum
3003 2900 3132 2942 esse
3162 2886 3316 2957 quod
3347 2885 3648 2959 scriptum
3722 2895 3826 2956 est,

2157 2975 2295 3049 quia
2329 3000 2348 3027 ι
2385 2979 2474 3032 est
2515 2973 2865 3032 verecundia
2906 2974 3206 3030 adducens
3245 2979 3556 3047 peccatum
3623 2978 3825 3048 (Eccli.

2157 3080 2234 3135 ιν,
2271 3065 2381 3132 25).
2415 3086 2442 3115 »
2478 3063 2658 3120 David
2699 3064 2758 3118 in
2808 3067 3122 3135 conspectu
3168 3079 3275 3119 suo
3324 3063 3597 3120 dolorem
3651 3081 3826 3121 suum

2162 3153 2433 3227 ponebat,
2465 3170 2538 3209 ne
2568 3168 2830 3224 unquam
2860 3151 3340 3220 oblivisceretur;
3375 3152 3563 3208 David
3599 3154 3830 3226 iniqui-

2160 3246 2342 3299 tatem
2373 3259 2542 3299 suam
2573 3241 2698 3314 ipse
2727 3240 3145 3314 pronuntiabat
3172 3258 3186 3308 ;
3220 3239 3402 3296 David
3458 3242 3529 3297 de
3589 3251 3830 3316 peccato

2161 3349 2288 3400 suo,
2317 3348 2432 3387 non
2463 3331 2534 3387 de
2563 3331 2773 3403 opibus
2821 3329 3150 3403 cogitabat;
3198 3329 3380 3384 David
3442 3347 3566 3386 non
3627 3334 3832 3388 erube-

2160 3421 2361 3477 scebat
2390 3437 2497 3476 sua
2527 3435 2826 3476 recensere
2856 3421 3114 3491 peccata,
3148 3434 3221 3475 ne
3252 3419 3323 3474 de
3346 3417 3418 3474 iis
3447 3420 3830 3478 erubesceret

2157 3509 2219 3565 in
2251 3524 2380 3566 meo
2414 3507 2640 3580 judicio
2696 3507 3087 3564 constitutus:
3147 3511 3205 3564 et
3250 3510 3316 3562 tu
3373 3508 3831 3566 erubescebas?

2159 3599 2286 3654 Non
2317 3601 2472 3654 esset
2499 3595 2672 3652 hodie
2703 3596 2759 3650 in
2792 3595 2993 3667 requie
3024 3593 3293 3651 servulus
3353 3612 3522 3652 meus
3582 3597 3726 3665 Job,
3789 3599 3834 3654 si

2159 3685 2494 3743 erubuisset
2529 3689 2648 3742 tres
2679 3683 2811 3741 illos
2843 3699 3009 3756 reges
3037 3683 3258 3740 amicos
3290 3701 3430 3741 suos
3459 3702 3472 3753 ;
3534 3702 3653 3743 nec
3712 3688 3834 3760 ipse

2160 3775 2364 3843 David,
2399 3773 2447 3830 si
2477 3773 2810 3830 erubuisset
2834 3771 3046 3828 delicta
3075 3773 3313 3846 propria
3341 3773 3642 3830 conﬁteri.
3686 3777 3834 3849 Ergo

2159 3863 2302 3936 quia
2329 3880 2445 3919 non
2487 3861 2724 3918 erubuit
2767 3860 2915 3916 mihi
2963 3877 3073 3917 sua
3131 3860 3358 3933 aperire
3391 3867 3642 3935 peccata
3676 3884 3691 3932 ;
3727 3881 3833 3920 nec

2160 3969 2265 4025 ego
2294 3952 2634 4011 erubescam
2682 3949 2732 4006 ei
2766 3964 2899 4006 mea
2957 3954 3182 4005 secreta
3240 3966 3520 4006 reserare.
3585 3953 3666 4008 Et
3697 3955 3834 4026 quia

2160 4045 2406 4112 uterque
2435 4055 2639 4096 eorum
2669 4054 2785 4095 non
2816 4037 3051 4094 erubuit
3082 4037 3372 4095 factorum
3404 4055 3665 4096 suorum
3707 4059 3832 4115 pre

2157 4129 2309 4185 tium
2339 4129 2399 4184 in
2432 4144 2562 4184 mea
2593 4143 2804 4200 ponere
2832 4129 3146 4199 potestate,
3176 4143 3305 4183 meo
3338 4144 3403 4184 se
3443 4129 3684 4200 judicio
3741 4147 3834 4187 vo-

2158 4217 2490 4289 luntatique
2519 4215 2906 4282 committere,
2937 4231 3043 4271 nec
3068 4231 3174 4288 ego
3206 4216 3278 4272 de
3306 4216 3529 4273 talibus
3581 4219 3834 4275 servulis

2158 4307 2523 4374 erubescam,
2551 4308 2616 4360 ut
2644 4303 2933 4378 appellem
2965 4304 3209 4371 amicos,
3241 4306 3344 4378 qui
3365 4321 3558 4362 meam
3593 4309 3832 4364 studue-

2159 4395 2276 4451 rint
2304 4395 2490 4450 facere
2519 4391 2903 4450 voluntatem.
2934 4392 3185 4466 Ideoque
3217 4394 3503 4466 quoniam
3558 4394 3654 4451 illi
3702 4401 3829 4452 ante

389 4483 602 4555 ﬂagelli
632 4500 842 4556 genus,
889 4486 1045 4557 quod
1100 4485 1509 4557 aequanimiter
1537 4485 1891 4542 sustineret:
1945 4487 2047 4543 sed
2075 4503 2123 4568 Β
2157 4483 2216 4540 in
2245 4500 2510 4550 moerere,
2541 4497 2696 4538 nunc
2727 4481 2785 4536 in
2819 4481 3253 4538 consolatione:
3297 4486 3365 4538 tu
3396 4484 3536 4556 quia
3568 4484 3633 4541 in
3689 4484 3826 4541 deli-

389 4569 586 4644 elegit,
618 4572 759 4644 quia
787 4574 859 4628 de
889 4574 1080 4628 tribus
1111 4573 1546 4630 conditionibus
1562 4573 1841 4646 eligendae
1871 4575 2058 4649 unius

391 4659 712 4716 necessitas
771 4662 1164 4717 mandabatur
1219 4662 1268 4733 (Ι
1322 4663 1511 4717 Paral.
1599 4679 1714 4731 XXI,
1768 4663 1876 4735 13).
1941 4663 2049 4719 Ubi

388 4751 584 4804 autem
617 4765 734 4804 non
771 4750 1105 4818 mandatur,
1153 4750 1223 4804 ad
1275 4750 1472 4805 omnia
1505 4754 1744 4823 paratus
1803 4755 1892 4807 est
1950 4751 2048 4808 Dei

388 4837 680 4904 servulus,
763 4855 866 4894 seu
936 4838 1296 4911 corporalem
1356 4840 1762 4912 aegritudinem
1820 4841 2050 4911 subeat,

389 4943 492 4982 seu
524 4927 723 5000 fugam
755 4927 958 4983 afacie
1010 4927 1257 4998 inimici,
1307 4928 1429 4984 sive
1483 4929 1709 4985 obitum
1768 4927 2048 5000 ﬁliorum,

387 5032 535 5088 quos
584 5033 700 5071 non
761 5017 928 5071 timet
976 5016 1350 5088 prmmittere,
1385 5017 1539 5073 888
1601 5017 1740 5089 quia
1798 5016 2052 5088 recipere

387 5109 576 5176 potest
607 5105 1058 5177 imperterritus.
1095 5106 1241 5161 Nam
1301 5111 1358 5162 et
1415 5106 1608 5162 sciens
1641 5106 1796 5177 quod
1858 5105 1907 5163 si
1957 5106 2051 5163 hic

385 5192 563 5253 fuerit
593 5192 834 5265 punitus
863 5193 1153 5266 supplicio
1184 5194 1515 5266 temporali,
1549 5193 1740 5250 levare
1773 5195 1832 5250 in
1891 5195 2050 5251 futu-

385 5294 516 5333 rum
550 5287 838 5351 perpetua
872 5282 1057 5354 possit
1088 5299 1319 5355 poenam
1350 5300 1662 5339 mrumnas:
1697 5288 1863 5356 rogat
1915 5299 2052 5357 ergo

386 5372 449 5420 ut
479 5371 795 5440 recipiatur
825 5370 1025 5442 petitio
1058 5389 1185 5438 sua,
1221 5378 1277 5428 et
1306 5371 1624 5444 castigetur
1651 5370 1798 5443 ipse,
1843 5375 1909 5428 ut
1964 5388 2055 5429 re-

2157 4573 2285 4640 ciis,
2314 4589 2470 4629 nunc
2500 4571 2560 4627 in
2592 4570 2920 4644 suppliciis.
2953 4569 3141 4626 Chaos
3174 4570 3330 4627 inter
3377 4588 3482 4628 vos
3540 4589 3828 4648 magnum

2159 4667 2285 4732 est;
2320 4665 2387 4718 ut
2417 4677 2607 4734 neque
2637 4659 2874 4716 illorum
2905 4660 2976 4716 ad
3006 4663 3063 4716 te
3092 4660 3303 4732 gratia,
3331 4675 3442 4718 nec
3466 4668 3572 4718 tua
3592 4663 3669 4719 ad
3703 4661 3829 4717 illos

2159 4750 2346 4824 possit
2374 4766 2542 4823 poena
2579 4747 2850 4805 transire.
2883 4746 3066 4804 Audis
3097 4763 3234 4822 ergo
3266 4745 3410 4821 quid
3443 4751 3607 4807 dicat
3623 4750 3832 4808 David?

2158 4839 2328 4908 Audi,
2361 4839 2504 4894 dum
2533 4836 2641 4893 tibi
2672 4835 2960 4910 corrigere
2989 4840 3046 4892 et
3072 4838 3394 4895 emendare
3425 4840 3828 4911 permittitur:

2161 4928 2210 4984 si
2242 4927 2337 4984 hic
2367 4924 2789 4994 emendaveris,
2819 4923 2939 4981 illic
2967 4925 3319 4997 requiesces.
3354 4927 3484 4984 Non
3529 4931 3592 4983 te
3635 4928 3833 4985 dulcia

2162 5015 2368 5072 mundi
2428 5019 2484 5071 et
2540 5013 2737 5072 seculi
2794 5013 2974 5085 hujus
3032 5030 3267 5070 ammna
3323 5013 3619 5073 delectent
3680 5017 3829 5088 (73);

2161 5121 2334 5180 grave
2364 5103 2521 5161 enim
2551 5102 2627 5159 fel
2686 5119 2914 5159 movere
2968 5109 3352 5160 consuerunt.
3413 5105 3542 5162 Non
3597 5105 3699 5162 ille
3729 5105 3825 5176 ju-

2160 5194 2351 5250 cunda
2381 5192 2678 5266 quarebat
2704 5191 2931 5263 positus
2962 5193 3022 5247 in
3061 5207 3264 5264 regno,
3319 5194 3424 5265 qui
3474 5193 3678 5266 potius
3731 5192 3828 5248 eli-

2161 5283 2337 5355 gebat
2383 5285 2631 5338 mortem
2684 5283 3044 5349 sanctorum,
3095 5297 3276 5352 quam
3333 5282 3516 5340 vitam
3576 5280 3824 5354 ﬂagitio-

2164 5387 2388 5428 serum.

457 5539 566 5611 (73)
599 5542 846 5606 Quidam
877 5562 1045 5612 mss.,
1077 5549 1270 5605 secuti
1302 5549 1486 5620 hujus,
1517 5548 1609 5605 sed
1655 5565 1848 5606 amara
1877 5548 2156 5609 delectent.
