3880 6228
125 335 304 402 1085

1187 333 1642 400 ENARRATIO
1687 332 1766 396 IN
1809 332 2190 400 PSALMUM
2233 333 2524 404 XXXVII.

3407 340 3566 407 1086

217 473 406 543 (Vera.
436 472 528 542 20,
559 471 676 546 2i.)
734 493 763 524 ‹‹
821 470 1070 541 Inimici,
1127 471 1342 544 inquit,
1403 470 1517 526 mei
1575 469 1796 537 vivunt,
1828 468 1882 535 Α
1913 471 2100 529 mines
2149 489 2241 529 me
2285 472 2744 547 dereliquerunt,
2795 472 2969 532 amici
3016 474 3130 531 mei
3179 473 3568 549 impugnave-

134 568 204 620 et
236 563 566 620 conﬁrmati
598 567 738 620 sunt
769 579 946 636 super
975 579 1066 619 me
1102 580 1117 633 ;
1148 565 1206 618 et
1236 560 1608 634 multiplicati
1641 564 1799 625 sunt,

134 654 262 728 qui
287 653 534 709 oderunt
566 668 656 708 me
700 653 919 725 inique.
977 651 1086 718 Qui
1144 652 1435 707 retribuat
1492 649 1648 706 mala
1698 667 1802 722 pro

133 727 345 808 bonis,
399 741 781 797 detrahebant
845 741 1025 809 mihi;
1089 739 1366 813 quoniam
1452 741 1804 796 subsecutus

139 848 289 888 sum
321 831 639 904 justitiam.
694 851 720 878 »
771 831 881 886 Sed
932 834 1151 902 quanto
1197 829 1482 884 illustrior
1537 826 1653 892 ille,
1704 827 1803 899 qui

137 919 414 993 quotidie
445 919 821 988 moriebatur,
854 921 919 974 ut
947 916 1195 991 populos
1226 917 1379 972 839
1420 933 1559 972 suos
1614 915 1804 970 viviﬁ-

137 1013 350 1064 caret:
383 1012 439 1064 et
463 1024 675 1080 corpus
705 1024 881 1063 suum
940 1007 1148 1062 mortis
1203 1005 1546 1061 vulneribus
1602 1005 1803 1060 offere-

139 1098 292 1168 bat;
326 1097 478 1153 sicut
523 1097 648 1169 ipse
679 1096 785 1151 ait:
850 1119 878 1146 «
913 1096 976 1151 In
1009 1095 1295 1151 mortibus
1354 1095 1690 1166 frequenter
1735 1095 1810 1165 (II

141 1181 418 1257 οῗέλιι,
462 1185 588 1254 23)!
629 1186 786 1241 Mors
832 1184 988 1240 enim
1028 1183 1276 1240 honesta
1319 1183 1642 1255 redemptio
1679 1183 1805 1237 vitae

495 1272 800 1337 decoloris,
862 1277 963 1329 aut
1013 1273 1260 1329 innoxiae
1321 1273 1800 1328 firmamentum:

134 1365 344 1420 exitus
373 1366 566 1419 autem
597 1363 803 1418 mortis
838 1363 894 1416 in
929 1379 1106 1418 manu
1136 1362 1286 1417 vitm.
1341 1363 1410 1417 Et
1465 1361 1591 1416 ideo
1627 1355 1830 1416 male;

132 1453 254 1509 bat
284 1451 597 1524 Apostolus
626 1451 886 1524 quotidie
919 1450 1066 1506 mori
1092 1469 1103 1506 :
1133 1455 1197 1506 ut
1219 1451 1366 1518 vitae,
1392 1468 1511 1506 suae
1529 1449 1804 1506 meritum

137 1543 582 1614 comprobaret,
615 1541 908 1612 Scriptum
941 1544 1029 1596 est
1075 1539 1277 1595 enim:
1338 1562 1366 1588 «
1427 1540 1552 1595 Non
1601 1537 1806 1594 laudes

135 1630 454 1686 hominem
484 1630 544 1684 in
574 1629 692 1685 vita
720 1647 828 1686 sua
872 1630 1058 1697 (Eccli.
1090 1646 1171 1696 x1,
1220 1629 1332 1699 30).
1396 1648 1422 1679 ι
1479 1628 1584 1694 Qui
1648 1627 1804 1682 enim

134 1719 373 1785 vivunt,
433 1718 790 1774 morientur:
860 1718 961 1789 qui
1039 1716 1392 1783 moriuntur,
1472 1721 1801 1789 resurgent.

141 1807 396 1879 Propior
451 1823 588 1880 ergo
620 1806 831 1864 salutis
863 1811 973 1873 est,
1006 1806 1102 1899 qui
1139 1806 1388 1899 moritur
1419 1809 1482 1860 ut
1538 1809 1806 1877 resurgat
1836 1833 1885 1899 Β

145 1913 337 1970 quam
370 1895 466 1951 ille
520 1895 621 1967 qui
679 1896 817 1950 vivit
841 1900 906 1950 ut
938 1894 1240 1950 moriatur.
1275 1893 1414 1960 Quis
1464 1899 1553 1950 est
1609 1899 1807 1950 autem

143 1986 257 2057 qui
294 1984 552 2057 quotidie
581 1983 844 2050 moritur,
879 1984 992 2040 nisi
1014 1984 1112 2056 qui
1136 1988 1382 2040 mortem
1405 1983 1636 2039 Domini
1662 1983 1806 2039 Jesu

142 2074 214 2129 in
249 2090 359 2129 sua
381 2090 552 2128 carne
581 2073 936 2139 circumfert,
968 2077 1033 2127 ut
1058 2073 1257 2128 omnia
1308 2072 1358 2128 ei
1393 2075 1630 2144 peccata
1683 2087 1806 2126 mo-

142 2161 429 2218 riantur?
484 2162 824 2219 Confirmati
884 2165 1080 2216 autem
1112 2165 1168 2217 et
1227 2160 1602 2233 multiplicati
1665 2166 1805 2216 sunt

143 2250 383 2307 inimici
415 2251 592 2306 David
631 2251 690 2305 in
721 2251 830 2306 hoc
884 2249 1136 2305 saeculo:
1195 2249 1296 2305 sed
1347 2267 1462 2306 non
1527 2250 1805 2306 idoneum

144 2342 618 2407 firmamentum,
651 2340 766 2396 nisi
795 2340 923 2410 ejus
955 2339 1054 2411 qui
1077 2339 1527 2395 conﬁrmaturin
1557 2338 1807 2394 Christo.

145 2429 419 2500 Denique
448 2427 532 2483 illi
563 2429 984 2484 conﬁrmantur
1013 2428 1071 2482 in
1105 2425 1339 2493 smculo,
1402 2427 1501 2499 qui
1560 2428 1812 2482 oderunt

135 2518 384 2590 justum
415 2516 647 2590 inique:
683 2534 796 2572 non
827 2533 963 2589 ergo
987 2518 1217 2588 justum
1253 2516 1474 2585 odium,
1507 2516 1606 2571 sed
1657 2515 1808 2586 inju-

149 2609 342 2673 stum,
375 2622 508 2661 cum
539 2605 802 2662 odissent
832 2604 1051 2676 inique.

225 2722 320 2776 53.
362 2721 473 2777 Sed
519 2721 648 2776 vide
677 2720 1039 2776 distantiam.
1075 2720 1138 2776 In
1197 2719 1620 2792 posterioribus
1681 2721 1808 2776 ait:

151 2833 182 2861 «
219 2810 332 2874 Qui
359 2811 607 2866 oderunt
637 2826 729 2864 me
757 2810 939 2882 gratis
970 2810 1144 2880 (Psal.
1179 2826 1369 2874 vam,
1424 2810 1478 2880 5)
1507 2827 1519 2876 ;
1581 2807 1675 2863 hic
1716 2809 1814 2864 ha-

145 2900 288 2956 bet:
334 2920 362 2950 ‹‹
393 2898 498 2966 Qui
532 2899 781 2954 oderunt
812 2915 904 2954 me
961 2899 1186 2970 inique.
1246 2921 1272 2948 ››
1307 2898 1418 2953 Sed
1476 2898 1558 2952 ibi
1590 2915 1659 2953 ex
1689 2915 1815 2970 per-

152 3005 308 3045 sona
332 2986 564 3056 Christi,
592 2987 687 3042 hic
716 3004 784 3042 ex
813 3003 1059 3059 persona
1089 3004 1233 3055 sua;
1278 2986 1379 3041 ubi
1439 3003 1507 3042 ex
1564 3003 1814 3059 persona

153 3076 377 3134 Christi
409 3075 688 3149 loquitur,
719 3076 902 3148 gratis
925 3076 1058 3131 odio
1097 3075 1379 3130 habetur:
1419 3075 1517 3130 ubi
1558 3091 1627 3130 ex
1682 3093 1810 3143 sua,

153 3165 382 3238 inique.
417 3165 599 3222 Homo
631 3165 787 3220 enim
823 3168 1011 3236 potest
1045 3164 1144 3219 uni
1177 3164 1350 3220 alicui
1407 3163 1632 3220 vulneri
1694 3181 1808 3220 non

153 3262 377 3328 patere,
411 3259 475 3310 ut
493 3258 636 3326 puta
665 3253 988 3324 injustitize,
1019 3252 1504 3326 intemperantiae,
1556 3253 1810 3325 impudi-

153 3341 344 3411 citize;
403 3341 537 3398 aliis
593 3347 787 3398 autem
845 3341 1185 3398 vulneribus
1243 3345 1421 3414 patet.
1465 3346 1530 3397 In
1587 3341 1814 3397 Christo

153 3435 362 3488 autem
391 3430 554 3486 nulla
585 3448 764 3486 causa
793 3448 920 3488 esse
952 3431 1168 3504 potuit,
1198 3448 1315 3502 qua
1360 3431 1576 3503 peccati
1638 3429 1816 3486 alicu-

146 3522 261 3594 jus
291 3520 546 3591 potuerit
570 3519 785 3575 vulnus
816 3521 1096 3592 accipere,
1131 3519 1415 3574 immunis
1446 3537 1480 3574 a
1510 3519 1702 3591 culpa,
1760 3524 1818 3574 et

153 3610 390 3680 integer
419 3625 452 3663 a
481 3608 714 3678 delicto,
747 3613 923 3680 atque
943 3607 1358 3664 immaculatus
1388 3625 1422 3663 a
1450 3607 1606 3663 vitio.
1669 3609 1818 3664 Sunt

153 3702 360 3754 autem
390 3697 489 3770 qui
521 3701 731 3771 putant
759 3703 1073 3770 utrumque
1103 3697 1396 3771 psalmum
1446 3714 1513 3752 ex
1569 3715 1818 3769 persona

155 3786 382 3843 Christi
416 3803 543 3842 esse
582 3787 917 3853 decursum,
979 3787 1077 3858 qui
1139 3803 1242 3858 pro
1289 3785 1507 3842 nostris
1565 3786 1817 3858 peccatis

155 3873 564 3933 satisfaciebat
592 3875 769 3930 Patri.
803 3875 907 3930 Hic
937 3891 1074 3948 ergo
1099 3874 1328 3930 dicebat
1383 3892 1446 3931 se
1492 3875 1816 3947 appetitum

153 3967 370 4022 contra
393 3963 707 4034 justitiam,
740 3963 859 4017 illic
890 3968 1092 4019 contra
1119 3963 1389 4036 gratiam.

233 4090 327 4144 54.
360 4089 428 4144 Et
457 4090 602 4145 bene
627 4090 809 4157 addit,
843 4093 908 4145 ut
932 4090 1203 4161 probaret
1259 4105 1321 4144 se
1376 4088 1594 4160 injuste
1641 4106 1815 4162 appe-

155 4180 366 4235 titum.
399 4201 427 4228 ‹‹
486 4178 772 4242 Quoniam
831 4179 1184 4233 subsecutus
1245 4193 1378 4232 sum
1430 4177 1812 4248 justitiam.»

157 4269 394 4331 Quanta
421 4267 508 4322 vis
535 4266 695 4322 verbi
728 4266 786 4320 in
831 4266 1006 4322 unius
1061 4265 1297 4339 syllabae
1347 4265 1691 4337 adjectione,
1753 4272 1819 4321 ut

157 4356 547 4413 subsecutum
580 4371 641 4411 se
680 4355 898 4411 diceret
943 4355 1262 4426 justitiam,
1320 4371 1434 4410 non
1495 4359 1764 4410 secutum
1789 4357 1817 4410 ‘2

155 4445 409 4517 PrOpior
483 4449 573 4500 est
644 4444 802 4500 enim
862 4445 960 4515 qui
1021 4443 1424 4515 subsequitur,
1485 4459 1662 4515 quam
1719 4443 1816 4498 ille

1913 566 2051 618 runt
2079 561 2358 619 dilectum
2391 563 2501 619 sibi
2534 565 2863 636 proximum
2891 582 2901 620 :
2930 581 3043 621 non
3068 565 3567 639 appropinquave-

1915 659 2072 707 runt.
2105 653 2428 725 Fugicbant
2458 670 2549 709 me
2572 654 2742 727 quasi
2775 657 3096 720 mortuum,
3131 659 3189 710 et
3245 654 3567 712 abominati

1914 747 2073 808 sunt,
2106 743 2247 815 quia
2282 747 2520 815 peccata
2551 760 2682 799 mea
2710 743 2816 799 tibi
2850 743 3074 816 aperire
3115 743 3460 812 desideravi,
3513 749 3571 801 et

1915 831 2198 896 confiteri,
2232 833 2369 904 quia
2403 832 2647 905 flagellis
2679 833 2798 887 tuis
2859 848 2950 888 me
3007 832 3194 888 obtuli
3255 832 3570 890 vulneran-

1913 921 2078 989 dum,
2112 919 2252 992 quia
2280 919 2426 992 elegi
2459 921 2760 977 cicatrices
2791 921 3098 976 vulnerum
3132 938 3310 993 super
3365 921 3570 994 epulas

1913 1026 2139 1081 regum,
2174 1014 2229 1063 et
2267 1010 2612 1079 jactantiam
2671 1015 3079 1081 potestatum:
3141 1015 3204 1065 tu
3263 1010 3423 1066 solus
3477 1027 3570 1066 me

1915 1115 2030 1153 non
2065 1098 2458 1171 derelinquas,
2495 1103 2552 1154 tu
2595 1099 2814 1154 hazreas
2873 1098 3104 1154 servulo
3156 1103 3277 1164 tuo,
3339 1099 3439 1171 qui
3498 1100 3569 1155 de

1913 1192 2068 1243 terra
2097 1187 2348 1243 suscitas
2377 1187 2632 1259 inopem,
2667 1192 2723 1243 et
2756 1188 2825 1242 de
2881 1190 3136 1242 stercore
3191 1188 3368 1260 erigis
3423 1205 3568 1260 pau-

1915 1293 2132 1348 perem.
2181 1276 2303 1331 Tuo
2363 1277 2644 1331 comitatu
2700 1277 2906 1344 fretus,
2969 1276 3418 1348 frequentiorem
3479 1293 3572 1332 me

1915 1365 2309 1420 ambientibus
2367 1364 2599 1437 populis
2668 1365 2995 1420 mstimabo.
3057 1366 3558 1435 Computruerunt

1915 1455 2155 1527 quidem
2188 1454 2489 1509 cicatrices
2522 1471 2679 1520 meae,
2717 1454 2816 1509 sed
2851 1453 3043 1508 adhuc
3075 1459 3312 1508 tuorum
3368 1454 3572 1510 verbe-

1915 1559 2046 1597 rum
2078 1542 2346 1598 desidero
2377 1541 2698 1604 cicatrices.
2759 1558 2886 1613 quae
2947 1541 3171 1596 sanatis
3228 1540 3574 1598 vulneribus

1915 1631 2308 1699 abducuntur,
2374 1634 2438 1685 ut
2505 1635 2705 1702 postea
2751 1629 2980 1686 nullum
3043 1629 3213 1685 ulcus
3275 1635 3571 1702 appareat.

1914 1719 2083 1775 Bome
2126 1718 2576 1792 triumphalium
2623 1718 2928 1774 vulnerum
2981 1718 3304 1784 cicatrices,
3355 1719 3574 1791 quibus

1914 1805 2159 1861 victores
2201 1806 2380 1877 hujus
2438 1808 2652 1860 terreni
2709 1805 2894 1878 praelii
2950 1805 3295 1878 gloriantur.
3348 1808 3574 1873 Quanto

1915 1893 2241 1952 illustriora
2272 1896 2427 1952 840
2455 1894 2713 1959 vulnera,
2746 1912 2876 1966 quae
2908 1912 3011 1966 pro
3045 1895 3160 1949 (ide
3208 1899 3265 1950 et
3321 1895 3576 1951 nominis

1915 1984 2001 2042 tui
2032 1984 2218 2057 gloria
2246 1984 2522 2039 videntur
2549 1983 2817 2055 excepta!
2851 1983 2970 2038 Ista
3001 1989 3088 2038 est
3145 1982 3385 2038 cicatrix
3445 2000 3572 2055 quae

1917 2073 2127 2130 coelum
2159 2074 2366 2145 aperit,
2426 2088 2671 2145 regnum
2729 2072 3005 2144 acquirit,
3065 2071 3572 2128 immortalitatem

1919 2162 2156 2218 invenit.
2192 2163 2321 2217 Haec
2351 2178 2508 2234 ergo,
2543 2161 2769 2229 fratres,
2804 2165 2892 2216 est
2922 2159 3160 2216 cicatrix
3193 2161 3382 2227 beata,
3433 2177 3575 2233 quo-

1921 2253 2079 2307 niam
2112 2250 2262 2306 beati
2288 2249 2386 2321 qui
2448 2250 2710 2304 laverunt
2768 2248 2948 2304 stolas
3002 2265 3139 2303 suas
3172 2248 3230 2303 in
3288 2249 3577 2322 sanguine

1920 2358 2046 2396 suo.
2081 2339 2174 2395 Sic
2205 2339 2379 2410 coepit
2410 2337 2559 2394 stola
2601 2354 2730 2392 esse
2774 2337 2992 2409 glorise,
3043 2355 3177 2392 caro
3207 2337 3417 2394 mortis
3451 2354 3463 2392 :
3517 2337 3574 2392 in

1920 2447 2038 2502 qua
2068 2433 2124 2484 et
2155 2427 2372 2484 Paulus
2406 2431 2538 2483 ante
2570 2425 3013 2499 periclitabatur
3039 2425 3254 2482 electus
3285 2426 3419 2495 Dei;
3466 2427 3577 2482 nisi

1921 2518 2163 2591 petisset
2195 2534 2257 2572 se
2283 2515 2521 2572 liberari
2557 2517 2628 2571 de
2685 2532 2926 2588 corpore
2983 2514 3193 2571 mortis
3253 2515 3454 2587 hujus,
3517 2519 3581 2571 ut

1919 2606 2171 2680 legimus
2203 2607 2378 2679 (Rom.
2400 2621 2504 2675 vn,
2534 2605 2648 2675 24).

1990 2697 2079 2751 56.
2113 2697 2181 2751 Et
2211 2695 2341 2751 ideo
2372 2695 2473 2766 qui
2533 2710 2741 2750 sumus
2790 2692 2847 2748 in
2907 2692 3016 2748 hoc
3045 2709 3284 2766 corpore
3341 2694 3570 2763 mortis,

1922 2800 2159 2839 oremus
2189 2800 2260 2838 ne
2290 2784 2480 2840 bonus
2536 2782 2633 2838 ille
2690 2780 2938 2837 dilectus
2988 2781 3088 2836 Dei
3140 2781 3400 2837 medicus
3452 2799 3561 2837 nos

1922 2872 2306 2944 derelinquat,
2341 2887 2513 2944 quem
2547 2871 2882 2944 patriarcha
2940 2871 3113 2924 David
3145 2887 3218 2925 ne
3275 2888 3310 2924 a
3339 2888 3402 2926 se
3457 2870 3578 2926 dis-

1923 2964 2168 3030 cederet,
2203 2961 2568 3033 precabatur.
2634 2961 2750 3032 Ipsi
2789 2976 2898 3015 nos
2955 2959 3416 3026 committamus,
3476 2976 3581 3031 pa-

1924 3050 2031 3106 rati
2062 3051 2131 3106 ad
2181 3050 2507 3104 curandum
2541 3050 2656 3120 (75)
2715 3065 2830 3120 quo
2886 3047 3024 3102 velit
3081 3047 3274 3102 curari
3333 3047 3584 3103 medica-

1925 3143 2140 3195 mento.
2174 3139 2354 3193 Nemo
2387 3138 2528 3193 dicit
2560 3138 2785 3192 medico
2837 3136 3098 3207 corporis
3155 3136 3244 3190 sui
3306 3137 3583 3208 quemad—

1929 3228 2167 3284 modum
2204 3227 2280 3282 sit
2309 3227 2628 3281 curandus.
2664 3225 2827 3282 Novit
2859 3225 3122 3279 medicus
3155 3241 3280 3295 quae
3329 3224 3579 3297 singulis

1923 3315 2264 3372 vulneribus
2296 3314 2726 3371 medicamenta
2769 3313 3136 3376 conveniant,
3197 3312 3368 3382 cujus
3423 3311 3578 3367 ulce-

1925 3407 2006 3462 ris
2037 3405 2280 3478 putredo
2313 3404 2462 3459 ferro
2495 3403 2568 3459 sit
2596 3401 2978 3475 amputanda,
3009 3417 3080 3455 ne
3110 3399 3170 3454 in
3217 3399 3396 3454 totius
3453 3416 3580 3455 cor-

1926 3493 2084 3568 poris
2115 3498 2308 3565 serpat
2338 3492 2601 3548 exitium.
2637 3491 2694 3546 Si
2728 3489 2938 3545 dixerit
2969 3488 3231 3544 medicus
3280 3487 3579 3542 medicinae

1925 3601 2111 3656 genus
2141 3599 2256 3655 quo
2287 3581 2478 3637 curari
2527 3597 2677 3653 aeger
2733 3578 2959 3643 debeat,
3019 3582 3073 3632 et
3133 3575 3230 3633 ille
3290 3576 3580 3642 fastidiat,

1925 3672 2173 3728 discedit
2201 3670 2463 3726 medicus
2491 3673 2547 3724 et
2580 3684 2799 3740 aegrum
2835 3665 3206 3738 derelinquit.
3243 3665 3388 3721 Vide
3445 3683 3578 3722 eum

1927 3762 2025 3834 qui
2058 3759 2249 3817 curari
2280 3759 2438 3825 velit,
2472 3757 2631 3814 omni
2664 3774 2874 3830 genere
2919 3757 3146 3812 medico
3205 3753 3581 3826 acquiescen-

1927 3855 2064 3917 tem,
2099 3849 2335 3905 attende
2361 3847 2645 3904 ordinem.
2680 3845 2878 3919 Aperit
2931 3845 3121 3917 primo
3178 3843 3418 3899 vulnera
3476 3861 3584 3899 sua

1927 3939 2172 4004 medico,
2201 3929 2259 3994 et
2307 3937 2479 3993 dicit:
2538 3936 2690 3991 Cura
2733 3952 2845 4002 me,
2882 3933 2980 3990 sed
3047 3949 3185 4004 rogo
3246 3949 3318 3987 ne
3376 3932 3432 3986 in
3496 3933 3584 3988 ira

1925 4033 2048 4092 tua,
2081 4028 2221 4098 quia
2249 4043 2364 4081 non
2397 4025 2694 4081 sustinent
2736 4024 2944 4078 duram
3004 4021 3356 4076 medicinam
3416 4022 3580 4075 inﬁr-

1926 4116 2159 4171 mitates
2218 4131 2374 4169 meae.
2438 4111 2726 4168 Medicina
2789 4110 3027 4174 Christi,
3087 4109 3372 4180 correptio
3460 4115 3571 4175 est,

1925 4204 2162 4276 corripit
2191 4203 2346 4258 enim
2375 4202 2661 4257 Dominus
2694 4215 2867 4271 quem
2900 4197 3024 4253 vult
3057 4203 3410 4253 convertere.
3444 4197 3580 4252 Ideo

1925 4297 1980 4350 et
2001 4291 2216 4348 Paulus
2247 4292 2319 4346 ad
2366 4290 2661 4346 medicum
2716 4288 2894 4342 dicit:
2955 4310 2983 4336 «
3045 4289 3257 4358 Argue.
3317 4286 3580 4353 obsecra,

1925 4382 2160 4453 increpa
2189 4382 2262 4448 (II
2290 4380 2422 4434 Tim.
2457 4395 2529 4440 ιν,
2597 4378 2671 4448 2).
2707 4399 2734 4425 »
2797 4376 2922 4430 Non
3009 4390 3146 4447 ergo
3205 4378 3439 4429 recusat
3480 4392 3580 4429 cu-

1924 4468 2060 4536 rari,
2123 4469 2222 4540 qui
2278 4467 2424 4540 petit
2481 4465 2667 4538 argui,
2720 4465 2819 4520 sed
2881 4462 3056 4518 levari
3129 4461 3255 4517 vult
3322 4479 3576 4534 pcenam,

154 4535 266 4631 fini
297 4533 588 4631 θῗξῖυίωνν,
614 4537 671 4589 et
701 4549 921 4604 “pp”
966 4547 1144 4630 qua?
1176 4531 1385 4603 impar,
1417 4535 1476 4631 9t
1521 4532 1816 4631 Ῡξλξδξδθδθίο
1850 4561 1899 4631 D
1931 4575 2003 4614 ne
2037 4559 2092 4613 in
2122 4531 2423 4612 iracundia
2455 4531 2753 4627 argvuatur,
2787 4558 2845 4608 et
2875 4552 3096 4624 impetu
3156 4551 3252 4606 irae
3311 4531 3581 4624 corripia-

155 4620 412 4680 bmredis
437 4621 647 4694 magis,
660 4637 840 4693 quam
871 4620 1127 4676 accessio
1140 4624 1516 4694 nuncupatur
1533 4621 1662 4693 (74).

231 4738 321 4792 55.
350 4738 535 4808 (Vers.
569 4736 681 4808 22.)
722 4737 790 4792 Et
839 4740 1036 4792 tamen
1097 4736 1364 4807 quamvis
1423 4736 1816 4809 subsequatur

151 4825 476 4897 justitiam,
509 4842 623 4882 non
656 4842 773 4881 sua
802 4823 1037 4881 virtutis
1083 4828 1243 4895 putat
1273 4841 1421 4892 esse,
1455 4826 1555 4881 sed
1613 4825 1813 4898 gratiae

156 4913 444 4980 caelestis,
468 4914 517 4970 si
549 4930 664 4970 non
697 4914 999 4970 deseratur
1052 4931 1087 4968 a
1143 4913 1391 4979 Christo,
1450 4930 1636 4986 eoque
1690 4919 1818 4970 orat

159 5001 496 5074 impensius
523 5002 762 5058 dicens:
812 5024 833 5051 α
868 5001 950 5056 Ne
998 5000 1372 5074 derelinquas
1405 5018 1518 5068 me,
1569 5002 1815 5058 Domine

160 5094 317 5146 Deus
347 5107 538 5155 meus,
571 5108 644 5148 ne
673 5090 1071 5148 discesserisa
1118 5107 1232 5154 me,
1294 5113 1320 5140 ››
1379 5091 1489 5146 hoc
1542 5095 1651 5157 est,
1710 5091 1814 5147 ho-

233 5215 348 5287 (74)
380 5215 547 5271 Rom.
572 5215 710 5270 edit.
746 5215 890 5281 sola,
943 5219 993 5270 et
1023 5231 1228 5286 suppar
1265 5231 1428 5285 quam
1452 5232 1578 5286 par,
1611 5225 1660 5271 et
1689 5232 1815 5272 suc-

158 5288 334 5342 cessio
419 5287 654 5342 hmredis
736 5289 913 5355 magis
977 5301 1142 5357 quqm
1164 5356 1171 5357 ί
1193 5287 1361 5357 cessio
1437 5291 1809 5357 nuncupatur.

159 5358 272 5414 Sed
307 5357 658 5414 manifestus
718 5348 878 5413 error
926 5348 1033 5412 est.
1068 5348 1209 5420 Quis
1265 5356 1420 5410 enim
1479 5373 1594 5411 non
1624 5348 1817 5414 videat

201 5429 502 5501 uempiam
533 5429 606 5484 ab
639 5428 752 5484 alio
793 5429 992 5483 minus
1049 5431 1341 5501 remotum
1393 5425 1814 5501 significari,rsi

201 5445 500 5501 uempiam
533 5445 606 5484 an
639 5445 752 5484 ano
793 5445 992 5483 minus
1049 5445 1338 5482 remonum
1393 5445 1732 5499 signincari,
1765 5447 1814 5484 ει

158 5445 519 5583 dicaturnilli
541 5516 760 5583 suppar
789 5516 937 5583 esse,
969 5515 1147 5583 quam
1177 5497 1226 5553 si
1255 5497 1443 5553 eidem
1495 5499 1686 5571 impar
1734 5500 1817 5580 di-

157 5572 432 5629 ceretur?
491 5570 673 5642 Atqui
716 5570 1097 5642 apertissime
1134 5570 1290 5624 hunc
1337 5570 1588 5642 sensum
1636 5570 1814 5626 series

155 5643 421 5716 postulat
480 5640 794 5710 orationis;
854 5658 967 5713 quo
1025 5640 1204 5697 etiam
1266 5647 1432 5710 pacto
1473 5641 1544 5697 de
1575 5642 1814 5698 vocibus

1926 4651 2082 4792 tlIE7.
2143 4737 2212 4791 Et
2263 4734 2395 4789 vide
2449 4748 2813 4806 processum.
2877 4730 3070 4787 Primo
3146 4729 3291 4802 petit
3375 4729 3580 4802 argui;

1924 4830 2144 4900 postea,
2175 4824 2330 4896 quod
2362 4823 2556 4893 majus
2585 4826 2695 4889 est,
2729 4821 2963 4893 corripi.
2997 4819 3214 4875 Deinde
3244 4836 3356 4875 non
3390 4817 3581 4873 solum

1925 4915 2234 4972 confitetur
2279 4916 2514 4984 peccata
2579 4927 2707 4975 sua,
2764 4911 2864 4966 sed
2919 4909 3094 4964 etiam
3152 4910 3464 4963 enumerat
3523 4910 3582 4960 et

1925 5007 2194 5059 accusat:
2232 5018 2347 5055 non
2379 4999 2503 5054 vult
2531 4999 2688 5055 enim
2720 4997 2897 5054 latere
2929 5013 3036 5052 sua
3065 4994 3299 5050 delicta.
3335 4994 3482 5048 Nam
3516 4997 3584 5048 ut

1924 5093 2114 5148 febres
2146 5105 2278 5145 cum
2313 5089 2371 5143 in
2403 5087 2519 5142 alto
2547 5095 2703 5152 sunt,
2736 5103 2852 5142 non
2885 5087 3106 5156 queunt
3139 5079 3418 5153 mitigari,
3445 5097 3579 5136 cum

1923 5215 2188 5271 successio
2219 5215 2275 5268 et
2305 5213 2537 5267 accessio
2567 5207 3127 5284 philosophandum.
3281 5274 3291 5284 O

1997 5288 2111 5355 (75)
2162 5285 2312 5339 Edit.
2372 5277 2587 5355 omnes
2631 5299 2698 5355 ac
2749 5277 2918 5355 pauci
2960 5293 3116 5355 _mss.
3177 5277 3458 5355 omittunt

1922 5345 2249 5420 curanti-um,
2281 5354 2450 5425 quod
2469 5345 2764 5424 reperitur
2787 5352 2843 5405 in
2877 5349 3134 5425 quinque
3175 5345 3378 5425 Gallic.
3415 5346 3579 5425 Haud

1926 5428 2077 5484 male
2113 5445 2125 5495 ;
2161 5417 2314 5481 idem
2362 5417 2654 5479 enim'est
2697 5417 2993 5496 parati—ad
3027 5417 3355 5496 curandum,
3407 5434 3472 5472 ac
3531 5421 3579 5496 si

1923 5489 2167 5572 legeres,
2188 5496 2386 5572 parati
2419 5500 2482 5550 ut
2513 5489 2806 5572 curemuq.
2866 5489 3575 5572 Rationem_hujusmodi

1925 5560 2236 5626 locutionis
2271 5566 2426 5622 disce
2459 5568 2609 5638 apud
2645 5567 2734 5621 Fr.
2770 5563 3093 5632 Sanctium,
3155 5562 3416 5620 Minerva:
3474 5560 3574 5616 lib.

1927 5659 2015 5712 ιιι,
2047 5655 2173 5711 cap,
2208 5639 2260 5693 8.
