3880 6228
378 328 529 396 1087

1841 331 1907 394 S.
1953 327 2329 396 AMBROSII

3645 331 3795 400 mea

371 467 527 524 foras
589 469 928 540 erumpunt,
981 471 1152 541 spem
1205 463 1455 524 afferunt
1525 463 1870 524 desinendi:
1931 463 2014 522 ita
2043 467 2301 537 Adices,
2336 465 2437 525 sed
2480 483 2597 526 non
2652 472 2858 525 Omnes
2901 461 3135 525 habent
3189 463 3387 526 Latini
3438 466 3591 540 (77).
3643 467 3787 527 Nam

373 560 741 630 peccatorum
775 558 1014 614 morbus
1066 557 1206 612 dum
1261 555 1499 628 tegitur,
1556 555 1914 624 inardescit;
1965 555 2020 612 si

373 646 839 703 confessionibus
871 645 1158 717 proditur,
1192 650 1481 717 evaporat.
1518 647 1585 701 Et
1640 646 1769 701 ideo
1819 645 2021 716 justus

371 738 674 792 accusator
703 741 787 790 est
811 736 900 790 sui
935 736 990 790 in
1025 733 1311 807 principio
1337 734 1648 801 sermonis,
1672 733 2018 806 priusquam

369 826 642 898 contagio
673 825 884 880 ulceris
917 829 1115 896 serpat
1167 823 1560 889 intrinsecus;
1616 827 1818 894 gravat
1861 821 2020 876 enim

369 913 785 969 conscientiam
821 913 1107 968 memoria
1135 912 1508 978 delictorum,
1557 911 1668 967 nisi
1729 910 2022 966 medicina.

367 1007 662 1074 poscatur.
691 1003 760 1056 Et
787 1001 837 1056 ‘si
885 1001 1079 1056 dificrt
1137 1001 1425 1064 medicus,
1485 1016 1637 1072 inger
1694 1001 1898 1055 offerre
1957 1015 2019 1054 se

366 1091 559 1158 debet,
591 1094 657 1146 ut
685 1091 860 1146 citius
893 1096 1124 1145 secetur
1155 1108 1168 1155 ;
1203 1089 1357 1143 sicut
1387 1089 1664 1144 oﬂ‘erebat
1720 1102 1781 1142 se
1840 1087 2018 1143 David

365 1181 424 1236 in
455 1178 689 1252 ﬂagella
718 1178 949 1233 Domini
981 1178 1092 1248 ('76)
1125 1177 1325 1231 dicens
1363 1195 1374 1231 :
1409 1176 1604 1232 Redde
1636 1175 1783 1230 mihi
1825 1173 2016 1246 dupli-

365 1269 457 1323 cia
485 1269 744 1340 peccat'a,
776 1267 1095 1321 dummodo
1129 1266 1221 1321 hic
1277 1264 1558 1329 vindices,
1613 1263 1726 1319 noli
1786 1280 1880 1318 me
1919 1264 2017 1319 de-

365 1367 576 1420 serere.
611 1355 726 1410 noli
758 1359 1014 1410 avertere
1048 1354 1253 1410 faciem
1284 1359 1451 1408 tuam
1481 1370 1516 1408 a
1545 1370 1670 1418 me;
1702 1352 1821 1408 noli
1853 1351 2016 1407 dedi-

363 1445 529 1518 gnari
561 1449 737 1517 atque
768 1444 1100 1499 horrescere
1123 1444 1361 1499 fetorem
1386 1441 1691 1498 vulnerum
1725 1453 2011 1497 meorum.

365 1536 434 1590 Et
461 1535 571 1589 Job
593 1532 860 1589 servulus
891 1536 1032 1587 tuus
1063 1548 1382 1603 percussus
1412 1535 1535 1586 erat
1578 1530 1771 1586 ulcere
1827 1542 1860 1585 a
1922 1546 2014 1601 pe-

362 1623 536 1679 dibus
565 1639 753 1695 usque
783 1623 853 1676 ad
883 1625 1083 1693 caput,
1115 1625 1173 1675 et
1204 1619 1527 1676 remedium
1569 1635 1691 1676 suae
1739 1618 2016 1674 sanitatis

359 1711 600 1777 invenit,
668 1710 804 1767 licet
852 1709 996 1765 illud
1071 1709 1284 1764 vulnus
1327 1707 1559 1764 virtutis
1609 1707 1808 1776 fuerit,
1857 1706 2014 1764 istud

2129 565 2262 616 ante
2285 557 2731 633 responsorium
2763 557 3092 632 proximum
3121 556 3452 616 versiculus
3491 563 3607 615 est.
3643 582 3670 609 ει
3733 559 3794 614 Et

2130 651 2500 722 projec'erunt
2539 665 2656 720 me,
2697 648 2858 704 sicut
2900 652 3199 704 mortuum
3247 641 3717 713 abominatum;
3767 675 3792 698 Β

2128 740 2236 795 hoc
2265 744 2378 805 est,
2405 737 2494 794 illi
2527 738 2627 811 qui
2658 737 2980 794 reddebant
3018 737 3164 793 mihi
3221 736 3381 793 mala
3429 751 3539 810 pro
3601 738 3791 793 bonis.

2129 828 2239 885 Sed
2271 833 2332 884 tu
2365 851 2394 879 ‹‹
2427 844 2500 884 ne
2537 827 2913 900 derelinquas
2944 842 3057 895 me,
3092 826 3359 894 Domine,
3395 836 3469 883 ne
3502 828 3796 884 discesse-

2131 917 2210 973 ris
2242 933 2275 972 a
2307 934 2426 985 me;
2462 937 2490 966 »
2541 916 2651 972 hoc
2701 917 2864 972 ’eniI’n
2922 915 3211 988 sequitur,
3268 916 3329 970 id
3385 920 3518 972 est:
3580 917 3667 972 Tu
3731 933 3797 972 ne

2129 1005 2522 1077 derelinquas,
2558 1006 2658 1078 qui
2698 1008 2998 1061 mortuum
3053 1005 3333 1061 fetentem
3394 1021 3607 1061 curare
3665 1022 3795 1061 eon-

2128 1097 2330 1152 suesti.
2366 1095 2628 1168 Denique
2659 1095 2944 1151 habemus
2969 1094 3081 1150 hoc
3111 1095 3170 1150 in
3217 1093 3541 1166 Evangelia
3568 1113 3582 1149 :
3645 1095 3794 1150 Nam

2127 1201 2260 1240 cum
2291 1184 2545 1241 venisset
2573 1184 2646 1239 ad
2675 1186 3126 1240 monumentum
3158 1183 3386 1248 Lazari,
3415 1186 3472 1238 et
3517 1183 3642 1238 dixi
3669 1184 3828 1251 “‘5;

2128 1297 2154 1322 α
2189 1273 2398 1330 Tollite
2429 1273 2702 1345 lapidem,
2733 1273 2817 1328 ait
2845 1272 3075 1329 Martha
3102 1291 3114 1340 ;
3146 1273 3279 1328 Jam
3334 1271 3506 1337 fetet,
3567 1259 3806 1343 βαξῇ

2123 1364 2356 1419 duanus
2369 1367 2457 1418 est
2486 1363 2644 1418 enim
2668 1379 2683 1429 ;
2709 1384 2738 1411 »
2769 1361 3075 1434 respondit
3104 1361 3153 1416 ei
3183 1377 3197 1416 :
3231 1385 3258 1409 ‹‹
3282 1360 3493 1416 Nonne
3515 1359 3649 1415 dixi
3669 1362 3794 1422 tibi,

2125 1452 2265 1525 quia
2289 1453 2342 1508 si
2375 1452 2711 1518 credideris,
2750 1450 2976 1506 videbis
3023 1449 3271 1523 gloriam
3331 1449 3437 1506 Dei
3469 1449 3660 1519 (Joas.
3717 1465 3792 1512 xi,

2123 1541 2194 1596 39
2224 1545 2282 1596 et
2311 1539 2402 1613 40)
2427 1545 2449 1596 Ρ
2476 1562 2504 1589 ››
2537 1541 2604 1596 Et
2633 1538 2908 1596 ciamavit
2939 1538 3244 1599 Lazarum.
3303 1541 3363 1594 et
3421 1553 3619 1594 sanus
3683 1537 3795 1593 exi-

2123 1627 2223 1682 vit.
2278 1628 2600 1684 Credamus
2649 1643 2789 1700 ergo
2835 1631 2899 1682 et
2951 1635 3084 1696 nos,
3143 1631 3212 1682 ut
3281 1627 3355 1682 de
3437 1625 3795 1682 vulneribus

2124 1716 2342 1773 nostris
2389 1716 2767 1790 acquiramus
2797 1715 3149 1773 medicinam
3180 1714 3422 1784 salutis,
3443 1718 3510 1772 et
3529 1714 3798 1771 futuram

361 1801 600 1858 erroris.
635 1801 913 1856 Fetebant
937 1798 1201 1869 vulnera,
1230 1815 1356 1870 qua:
1391 1798 1602 1854 medici
1633 1813 1837 1852 curare
1893 1805 2011 1852 non
2043 1833 2092 1907 Β
2125 1805 2396 1880 gloriam,

360 1893 628 1963 possent.
662 1890 915 1945 Locutus
945 1905 1030 1954 es,
1069 1888 1335 1953 Domine,
1368 1886 1649 1959 mysteria
1680 1901 2013 1942 sacramen-

359 1984 554 2035 torum
625 1983 887 2044 tuorum,
950 1976 1344 2032 manifestasti
1398 1984 1620 2032 venena
1702 1974 2012 2047 serpentis,

359 2073 416 2124 et
441 2066 624 2124 solius
654 2065 942 2123 sermonis
961 2066 1049 2121 tui
1081 2065 1509 2121 medicamento
1533 2063 1681 2119 servi
1706 2061 1791 2118 tui
1813 2066 2017 2117 curata

359 2161 498 2213 sunt
527 2155 789 2220 vulnera,
821 2154 960 2227 quia
980 2158 1043 2209 tu
1077 2171 1212 2209 eum
1245 2170 1362 2209 non
1395 2151 1725 2216 deseruisti,
1753 2155 1810 2206 et
1835 2174 1862 2200 «
1895 2167 2013 2206 non

358 2245 733 2317 derelinquas
765 2260 878 2309 me,
938 2243 1204 2309 Domine,
1239 2259 1310 2297 ne
1342 2240 1684 2297 discesseris
1743 2256 1778 2295 a
1835 2255 1948 2294 me.
1981 2261 2009 2290 »

358 2335 638 2390 Homines
693 2349 787 2387 me
843 2329 1318 2402 dereliquerunt:
1389 2329 1530 2401 quia
1591 2329 1837 2384 sordent
1893 2327 2012 2384 illis

356 2422 602 2478 vulnera
630 2437 779 2486 mea,
815 2437 942 2493 quin
1001 2419 1199 2491 pietati
1258 2423 1369 2474 tum
1429 2417 1626 2491 putavi
1687 2433 1815 2474 esse
1865 2433 2015 2474 rese-

361 2511 564 2567 renda.
600 2509 686 2564 llli
721 2509 964 2564 dicunt:
995 2507 1090 2564 Exi
1121 2525 1154 2563 a
1184 2507 1375 2575 nobis,
1427 2507 1566 2578 quia
1622 2511 1894 2580 peccator
1948 2522 2011 2562 es

357 2604 459 2668 tu;
494 2599 745 2665 discede,
781 2614 852 2653 ne
884 2615 991 2654 nos
1031 2595 1276 2670 polluas.
1328 2598 1410 2652 Tu
1465 2601 1684 2664 autem,
1743 2595 2009 2661 Domine,

357 2704 548 2756 curas,
578 2693 635 2744 et
692 2704 807 2743 non
863 2686 1182 2759 pollueris;
1241 2686 1504 2757 adjuvas,
1563 2689 1620 2740 et
1671 2697 1791 2740 non
1868 2699 2002 2740 con-

354 2777 702 2842 taminaris;
737 2775 876 2847 quia
916 2797 943 2825 «
1003 2775 1156 2830 Deus
1214 2773 1422 2830 salutis
1473 2790 1614 2829 mea
1673 2789 1756 2838 es,
1792 2795 1819 2822 »
1855 2773 2002 2829 841

357 2865 621 2934 Domine,
654 2870 712 2919 et
743 2881 957 2918 manus
992 2867 1096 2918 tua
1152 2879 1266 2918 non
1323 2862 1586 2935 perdere,
1644 2861 1745 2918 sed
1801 2873 2010 2917 sanare

353 2953 671 3010 consuevit.

424 3041 515 3097 58.
548 3039 982 3112 Complevimus
1014 3039 1310 3112 psalmum
1351 3039 1526 3096 etiam
1586 3055 1720 3094 cum
1761 3041 1889 3110 ejus
1918 3038 2006 3095 in-

352 3129 765 3203 terpretatione
811 3129 1082 3186 versiculi
1139 3145 1311 3201 quem
1353 3127 1535 3184 Graeci
1593 3126 1859 3184 nonnulli
1909 3145 2006 3184 co-

421 3302 533 3371 (76)
567 3300 652 3356 Ita
683 3316 888 3356 omnes
916 3316 1058 3355 mss.
1093 3303 1266 3370 atque
1297 3299 1459 3366 edit.,
1513 3303 1752 3370 excepta
1809 3299 2000 3366 Rom.,

351 3389 485 3445 qua:
502 3372 594 3445 sic
625 3372 818 3440 habet,
853 3371 1071 3426 dicens:
1107 3371 1214 3439 Ego
1247 3373 1305 3426 in
1329 3371 1556 3445 ﬂagella
1584 3372 1814 3441 paratus
1852 3387 1993 3445 sunt.

349 3440 619 3568 etﬁlibit:
654 3447 774 3498 Fiat
817 3459 1014 3498 manus
1069 3451 1164 3498 tua
1217 3445 1276 3497 in
1324 3440 1451 3507 ine;
1507 3440 1612 3497 hoc
1671 3445 1782 3506 est,
1841 3440 2002 3497 redde

350 3533 426 3568 mi
470 3532 510 3568 κ.
541 3531 570 3568 e
601 3531 650 3568 c.

350 3517 510 3580 mihi,
541 3518 650 3570 etc.

421 3587 723 3658 (77),Rom.
786 3585 938 3658 edit._
985 3585 1128 3650 sola,
1187 3601 1341 3658 quem
1392 3583 1564 3658 Graeci
1612 3584 1868 3639 nonnulli
1913 3600 2001 3639 co-

349 3655 789 3722 dices’habenl;
847 3656 938 3711 sed
995 3655 1207 3712 omnes
1237 3658 1439 3712 Latini.
1499 3655 1746 3710 Versum
1806 3660 2001 3710 autem

349 3726 519 3782 illum
551 3743 853 3798 nunquam
885 3726 1020 3782 alibi
1054 3727 1332 3799 reperias,
1355 3726 1468 3783 nisi
1491 3727 1550 3782 in
1573 3725 1835 3782 versione
1855 3731 2000 3782 Aro-

2193 1896 2282 1951 59.
2317 1897 2378 1951 in
2407 1893 2773 1952 orationibus
2800 1895 2985 1968 igitur
3011 1892 3635 1961 etobsecrationibus,
3659 1910 3797 1949 cum

2124 1984 2320 2040 dolore
2361 1989 2419 2040 et
2475 1984 2748 2059 l'aorymis
2791 1983 3079 2057 exigenda
3128 1981 3488 2056 pauitantia
3548 1986 3664 2050 est,
3737 1987 3799 2037 ut

2123 2073 2287 2129 illam
2314 2072 2572 2146 gloriam
2651 2073 2754 2130 Dei
2807 2073 3002 2129 videre
3056 2088 3417 2128 mereamur.
3477 2071 3694 2144 Neque
3745 2076 3798 2127 te

2124 2164 2350 2218 moveat
2378 2163 2533 2235 quad
2565 2161 2778 2232 luctus,
2839 2160 3022 2230 dolor,
3082 2160 3544 2218 commaceratio
3589 2177 3798 2235 corpo-

2122 2251 2226 2322 ris,
2257 2252 2615 2325 gravissime
2639 2251 2943 2326 passiones
2975 2255 3137 2320 sunt,
3170 2250 3282 2307 etsi
3311 2249 3692 2324 gravissimae
3723 2253 3799 2306 vi-

2123 2341 2355 2412 dentur,
2388 2340 2583 2398 tamen
2637 2339 2894 2416 indignis
2951 2345 3093 2398 sunt
3145 2340 3497 2411 hujusmodi
3555 2340 3794 2413 passio-

2121 2445 2225 2486 nes
2257 2429 2329 2486 ad
2362 2429 2846 2504 superventuram
2903 2429 3176 2503 gloriam,
3237 2429 3396 2484 sicut
3455 2429 3627 2486 testis
3687 2429 3792 2485 tibi

2120 2522 2211 2575 est
2239 2518 2539 2591 apostolus
2569 2517 2786 2576 P'aulus
2816 2521 2994 2592 (Rom.
3042 2535 3164 2586 vni,
3226 2519 3339 2590 18).
3397 2517 3532 2575 Non
3594 2519 3792 2591 pigeat

2119 2624 2256 2681 ergo
2290 2625 2396 2665 nos
2426 2607 2519 2664 hic
2551 2607 2766 2665 leviora
2795 2609 3040 2676 deferre,
3073 2613 3140 2663 ut
3185 2606 3266 2663 ibi
3297 2606 3481 2680 plena
3508 2609 3713 2664 laudis
3737 2613 3790 2664 et

2118 2696 2317 2770 gloriae
2350 2697 2646 2771 possimus
2677 2696 2943 2767 adipisci,
2975 2715 3080 2771 pro
3138 2695 3583 2770 temporalibus
3638 2696 3787 2754 labo-

2119 2784 2285 2840 ribus
2315 2788 2598 2858 perpetua
2625 2785 2871 2858 prmmia
2899 2788 3264 2858 reportantes
3293 2800 3400 2856 per
3465 2785 3782 2842 Dominum

2116 2874 2357 2932 Jesum:
2411 2874 2502 2931 cui
2532 2878 2623 2931 est
2653 2873 2804 2942 laus,
2836 2875 3042 2942 honor,
3073 2873 3281 2948 gloria,
3324 2876 3702 2948 perpetuitas
3754 2891 3785 2929 a

2115 2963 2368 3034 saeculis,
2400 2967 2458 3021 et
2487 2981 2662 3032 nunc,
2691 2967 2748 3021 et
2789 2961 3041 3037 semper,
3070 2968 3128 3020 et
3181 2963 3243 3019 in
3303 2965 3520 3022 omnia
3569 2965 3774 3022 secula

2116 3053 2483 3111 saeculorum.
2513 3057 2722 3110 Amen.

2031 3209 2072 3277 Ε
2111 3223 2279 3306 Ιξξρειεη
2314 3222 2413 3278 ubi
2467 3221 2679 3306 legitur
2730 3221 2791 3306 in
2837 3220 2961 3302 haec
3003 3221 3229 3306 'verba:
3280 3223 3665 3306 ‘Respuerunt
3699 3241 3776 3306 me

2111 3296 2385 3368 dilectum,
2441 3293 2601 3368 quasi
2652 3298 2931 3368 mortuum
2955 3293 3469 3368 abominandum}:
3513 3306 3566 3353 et
3619 3298 3776 3352 clavi:

2106 3363 2464 3438 eonﬁmerunt'
2497 3381 2694 3438 corpus
2722 3363 2924 3438 meum.
2955 3363 3122 3438 Quod
3151 3368 3358 3420 autem
3394 3366 3504 3438 ait
3535 3369 3774 3423 Ambro-

2109 3435 2234 3496 sius
2265 3437 2422 3494 hunc
2450 3435 2648 3565 ipsum
2676 3435 3032 3493 versicuium
3063 3437 3168 3492 abs
3198 3452 3264 3492 se
3321 3437 3517 3495 etiam
3567 3439 3778 3512 exposi-

2109 3515 2237 3565 tum
2265 3519 2415 3565 esse.
2449 3509 2464 3563 i
2496 3508 2616 3565 lum
2647 3525 2761 3565 non
2790 3509 3137 3565 dubitamus
3167 3509 3475 3565 resnioera
3507 3512 3583 3565 ad
3614 3528 3776 3565 eune-

2109 3515 2237 3567 tum
2265 3519 2415 3576 esse,
2449 3508 2616 3566 illum
2647 3525 2761 3566 non
2790 3509 3137 3566 dubitamus
3167 3509 3475 3580 respicere
3507 3512 3583 3568 ad
3614 3508 3776 3580 supe-

2111 3581 2265 3656 riora
2284 3582 2437 3656 ista:
2478 3583 2850 3656 Hom_ines__me
2879 3581 3360 3652 derelinquerunt,
3395 3585 3538 3655 quia
3571 3581 3776 3642 sordent

2112 3651 2229 3709 illis
2259 3653 2493 3709 vulnera
2520 3651 2663 3722 mea,
2693 3651 2800 3709 etc.

905 4079 1028 4164 IN
1115 4073 1723 4166 PSALMUM
1803 4055 2338 4166 XXXVIII
2423 4073 3221 4163 ENABRATIO.

1151 4309 1396 4370 Titulus
1432 4330 1445 4370 :
1495 4307 1568 4369 1η
1806 4327 1921 4389 pro
1949 4305 2210 4369 Idilhii'm
2239 4304 2703 4388 'Canticum'ipsi
2727 4301 2950 4367 David.

305 4625 314 4630 ν
419 4655 468 4707 1.
531 4654 716 4723 (Vers.
778 4657 853 4722 1.)
916 4657 976 4710 In
1039 4657 1337 4728 superiore
1409 4653 1636 4728 psalmo
1724 4650 2346 4725 expressaDcanendi
2379 4649 2564 4724 perito
2597 4647 3431 4724 psallendumdedit;ideosic
3453 4654 3771 4729 inscriptus

347 4739 534 4798 forma
566 4742 916 4814 pcs‘nitentits
948 4751 1038 4800 est
1067 4762 1080 4799 :
1114 4745 1172 4799 in
1220 4745 1328 4799 hoc
1387 4742 1654 4814 sequenti
1710 4740 2004 4813 patientiae

345 4830 537 4887 forma
567 4831 856 4904 signatur.
919 4836 1102 4898 Quem
1154 4831 1450 4904 psalmum
1500 4831 1677 4886 David
1741 4829 1999 4900 scripsit,

347 4923 406 4976 et
437 4920 694 4976 ldithum
725 4920 845 4976 viro
878 4920 1206 4992 disciplinis
1242 4919 1506 4976 Leviticis
1566 4923 1623 4975 et
1679 4917 2002 4974 sacerdota-

344 5007 500 5064 libus
542 5010 771 5065 erudito
826 5009 1156 5066 canendum
1214 5010 1393 5078 dedit,
1453 5009 1554 5082 qui
1613 5012 1745 5064 ante
1802 5020 1998 5062 arcam

345 5096 576 5154 Domini
618 5098 982 5170 psalmorum
1020 5099 1229 5155 seriem
1265 5099 1556 5173 pangendi
1577 5095 1999 5154 solertissimus

343 5185 714 5257 praecinebat.
749 5188 900 5258 Ergo
930 5188 1069 5259 quia
1101 5206 1215 5243 non
1249 5189 1505 5244 Idithum
1550 5185 1785 5257 scripsit
1843 5183 1998 5240 hunc

342 5273 660 5344 psalmum,
695 5276 797 5331 sed
843 5277 1130 5350 propheta
1185 5277 1385 5345 David,
1446 5281 1504 5331 et
1559 5272 1816 5329 Idithum
1874 5271 1996 5328 viro

413 5433 526 5497 (78)
558 5433 782 5489 Corona
811 5435 913 5492 illa
943 5439 1314 5494 donabantur
1341 5435 1381 5490 ii
1433 5435 1532 5497 qui
1594 5435 1653 5488 in
1712 5431 1869 5488 ludis
1922 5433 1993 5487 ab

343 5499 587 5581 Hercule
617 5504 671 5557 in
708 5506 984 5581 honorem
1017 5511 1176 5564 Jovis
1208 5523 1385 5581 prope
1410 5499 1991 5581 _Qlympiam_urbem

345 5573 643 5652 instituis,
670 5593 739 5652 ac
773 5579 1024 5649 singulis
1056 5573 1777 5652 quinquenniis'celebrarl
1803 5573 1992 5632 solitis

343 5645 641 5700 vicissent.
670 5647 806 5702 Erat
835 5645 1029 5704 autem
1052 5645 1151 5706 illa
1171 5645 1239 5708 ei
1256 5650 1475 5720 rampis
1493 5645 1857 5708 olivaa.Porr0
1891 5657 1992 5706 tm-

2112 4745 2201 4796 est
2230 4739 2458 4796 titulus.
2493 4739 2754 4812 Denique
2778 4740 2959 4797 etiam
2991 4740 3052 4796 in
3103 4741 3502 4800 saebularibus
3536 4745 3771 4817 scriptis

2111 4829 2211 4886 alii
2240 4829 2409 4886 erant
2439 4829 2539 4902 qui
2596 4828 2958 4901 scribebant,
3018 4827 3116 4886 alii
3173 4831 3364 4904 quiin
3419 4848 3627 4900 scena,
3685 4833 3772 4890 vel

2109 4920 2352 4990 cantica,
2414 4918 2500 4974 vel
2589 4915 2928 4989 comoedias,
2989 4917 3079 4975 vel
3162 4921 3512 4993 tragcedias,
3553 4921 3772 4978 'canere

2109 5013 2552 5066 consueverant.
2584 5009 2657 5065 Et
2686 5007 2772 5063 illi
2804 5004 3041 5080 quidem
3073 5023 3352 5065 coronam
3400 5008 3768 5083 Olympicum

2108 5098 2487 5171 postulabant
2543 5097 2694 5169 (78):
2753 5097 2908 5153 unde
2973 5100 3031 5154 et
3058 5104 3292 5155 ἐπινίκιον
3320 5098 3613 5170 hymnum
3677 5115 3768 5156 eo-

2108 5205 2237 5244 rum
2269 5187 2486 5258 scripta
2517 5185 2575 5240 in
2621 5185 2736 5241 fine
2792 5189 3106 5258 testantur,
3165 5187 3351 5244 David
3410 5192 3609 5245 autem
3669 5188 3769 5261 qui

2107 5293 2222 5332 non
2275 5275 2396 5330 haec
2435 5278 2590 5332 serta
2649 5269 2997 5332 coronarum
3047 5275 3446 5333 mercantium
3491 5278 3768 5349 require-

2104 5445 2253 5511 γίῃια,
2284 5431 2720 5511 οει-ωἱῐιξλρυῃι
2749 5433 2967 5511 quibus
2997 5436 3251 5511 victoria
3273 5437 3614 5511 cujuspiam
3670 5453 3763 5492 ce-

2101 5501 2381 5574 lebratur,
2416 5501 2614 5578 qualia
2659 5501 2784 5563 fere
2807 5505 3118 5577 Pindarus,
3144 5501 3477 5581 lyricorum
3491 5509 3759 5583 princeps

2102 5579 2272 5638 nobis
2303 5577 2562 5652 reliquit.
