3880 6228
119 374 272 438 1089

1130 375 1587 439 ENARRATIO
1631 376 1709 437 IN
1755 377 2135 440 PSALMUM
2181 377 2508 441 XXXVIII.

3367 391 3523 453 1096

119 508 237 576 bat,
269 507 372 563 sed
426 505 586 562 illam
616 504 1122 580 incorruptibilem
1155 511 1212 565 et
1239 507 1761 566 incontaminatam
1792 527 1845 594 Α
1876 511 2063 581 magis
2114 511 2321 568 stabile
2364 513 2536 570 debet
2585 529 2735 582 esse,
2761 517 2916 588 quod
2949 517 3094 574 mihi
3141 519 3268 593 ipse
3301 525 3520 579 consti-

120 594 647 654 remunerationem
678 594 1004 670 caelestium
1062 597 1459 654 hereditatem
1511 599 1604 672 pio
1664 599 1764 655 de-

121 684 413 742 siderabat
470 685 700 752 affectu,
757 686 1047 759 hymnum
1112 703 1226 742 non
1293 688 1544 743 victoriae
1617 697 1765 746 ἐπινί-

121 792 246 843 κιον;
276 773 378 830 sed
412 773 462 830 ei
497 773 754 848 scripsit,
787 773 1217 848 qui‘victoriam
1257 778 1315 830 in
1368 793 1428 832 se
1477 776 1764 853 credenti-

121 866 226 920 bus
274 862 667 936 impertiebat,
712 861 812 936 qui
866 862 1004 920 finis
1047 867 1136 920 est
1181 864 1446 920 omnium
1497 882 1622 938 quae
1672 866 1768 938 pia

121 958 308 1009 mente
338 952 734 1025 deposcimus.
767 951 895 1026 Sive
925 952 1082 1008 enim
1133 953 1482 1026 sapientiam
1515 971 1764 1026 queres,

121 1044 234 1099 sive
287 1041 490 1116 virtuti
549 1041 806 1109 studeas,
841 1040 960 1098 sive
997 1041 1246 1112 veritati,
1281 1043 1401 1099 sive
1443 1043 1545 1098 viae
1590 1048 1766 1120 atque

112 1129 372 1204 justitie,
427 1131 547 1204 sive
593 1129 1002 1187 rcsurrectioni
1051 1131 1183 1203 (79),
1217 1131 1277 1186 in
1329 1131 1606 1188 omnibus
1653 1132 1767 1188 sibi

109 1218 455 1300 uiptendus
486 1222 574 1290 est
601 1218 893 1287 Christus,
939 1218 1040 1291 qui
1085 1213 1174 1276 est
1209 1205 1396 1276 virtus
1439 1219 1540 1275 Dei
1591 1223 1767 1294 atque

105 1291 424 1380 celigentis,
480 1307 712 1376 veritas,
769 1307 884 1376 via,
936 1307 1190 1380 justitia,
1251 1308 1620 1383 resurrectio.
1672 1291 1764 1364 'Ad

120 1413 288 1471 quem
339 1395 524 1469 igitur
569 1397 912 1462 contendas,
944 1397 1058 1452 nisi
1107 1395 1191 1470 ad.
1219 1397 1589 1476 perfectioem
1649 1415 1768 1453 om-

121 1487 299 1554 nium,
333 1502 751 1559 summamque
780 1486 1104 1541 virtutum?
1146 1487 1214 1542 Et
1261 1485 1388 1543 ideo
1438 1485 1544 1542 tibi
1575 1485 1718 1542 dicit
1751 1504 1763 1541 :

123 1600 147 1624 «
179 1575 340 1643 Veni,
374 1591 620 1651 sequere
651 1592 744 1631 me
776 1574 986 1646 (Matth.
1020 1591 1134 1644 xxx,
1168 1575 1286 1648 2t);
1324 1599 1350 1625 ››
1382 1575 1494 1652 hoc
1545 1580 1652 1643 est,
1704 1579 1769 1631 ut

123 1665 189 1720 ad
222 1664 793 1720 consummationem
824 1663 1105 1720 virtutum
1136 1665 1435 1738 pervenire
1467 1665 1764 1722 merearis.

123 1753 261 1825 Ergo
327 1753 431 1826 qui
487 1753 754 1825 sequitur
804 1751 1124 1821 Christum,
1179 1753 1376 1826 ipsum
1436 1771 1540 1827 pro
1580 1754 1765 1825 possi-

122 1841 334 1898 bilitate
373 1859 486 1898 sua
532 1842 703 1898 debet
748 1842 1000 1914 imitari;
1052 1846 1118 1898 ut
1163 1847 1451 1916 praecepta
1500 1844 1627 1914 ejus
1677 1859 1764 1898 se-

123 1947 248 1986 cum
277 1931 403 2007 ipse
436 1931 774 2000 meditetur,
807 1935 865 1986 et
893 1931 1223 1988 divinorum
1272 1931 1538 2005 exempla
1586 1932 1764 1988 facto-

125 2037 267 2076 rum.

187 2111 238 2184 2.
269 2107 336 2164 Et
384 2109 520 2165 ideo
559 2109 740 2178 David
773 2125 971 2166 secum
1005 2109 1128 2184 ipse
1160 2109 1572 2185 meditabatur,
1607 2107 1762 2184 quod

122 2198 406 2254 Christum
441 2199 501 2253 in
545 2215 606 2254 se
651 2197 912 2267 locutum
970 2215 1100 2255 esse
1157 2199 1467 2267 retinebat,
1518 2202 1582 2254 ut
1629 2214 1763 2252 cum

126 2285 295 2360 aliqui
343 2285 395 2343 ei
441 2292 639 2343 essent
686 2286 941 2356 molesti,
972 2291 1029 2344 et
1057 2303 1190 2343 cum
1222 2288 1293 2344 ad
1334 2286 1766 2343 contentionem

124 2375 399 2433 lacessere
461 2379 832 2446 conarentur,
893 2376 1239 2451 patientiam
1297 2377 1584 2450 indueret,
1645 2392 1764 2432 cer-

125 2465 280 2522 tandi
311 2466 516 2523 studia
543 2465 880 2535 declinaret,
913 2483 982 2523 ex
1013 2465 1228 2538 quibus
1266 2464 1459 2538 inanis
1490 2463 1768 2536 strepitus

127 2559 179 2611 et
195 2555 390 2628 jurgia
423 2555 760 2628 frequenter
806 2555 1094 2612 oriuntur.
1146 2556 1396 2627 Ideoque
1449 2554 1602 2611 842
1633 2570 1766 2609 cum

130 2649 319 2701 sancto
349 2643 538 2701 David
571 2643 832 2716 plerique
879 2646 1009 2715 ejus
1055 2644 1370 2700 virtutibus
1420 2643 1766 2713 invidentes,

130 2733 222 2804 qui
251 2749 384 2790 eum
418 2733 492 2799 de
521 2733 818 2805 proposito
850 2732 1344 2800 mansuetudinis,
1378 2736 1435 2788 et
1465 2730 1769 2788 humilita-

129 2822 200 2878 tis
241 2822 454 2879 alfectu
513 2823 813 2878 crederent
869 2821 1285 2890 diducendum,
1321 2821 1654 2892 frequenter
1687 2819 1771 2874 in-

130 2917 423 2984 gruerant;
475 2910 612 2983 ipsa:
661 2928 892 2983 quoque
939 2910 1228 2983 praecipue
1273 2909 1546 2979 nequitias
1597 2908 1769 2982 spiri-

130 2999 262 3057 tales
291 3001 351 3064 in
381 2999 740 3076 caelestibus,
773 2999 1051 3056 adversus
1081 3016 1229 3072 quas
1257 3016 1430 3073 grave
1476 2998 1768 3054 luctamen

132 3093 213 3145 est
242 3089 440 3161 iustis,
472 3089 546 3145 ad
578 3089 1066 3145 commovendum
1113 3105 1248 3145 eum
1299 3087 1606 3144 ministros
1651 3104 1769 3144 suae

133 3177 521 3251 improbitatis
552 3176 920 3250 impellerent
951 3194 964 3233 :
997 3193 1070 3233 ne
1119 3176 1271 3232 inter
1307 3175 1768 3248 obstrepentium

1873 599 1988 654 tui!
2019 600 2077 656 Si
2126 601 2258 675 quis
2311 600 2567 658 alienum
2604 602 2808 670 'f'allat,
2869 605 3210 665 indecorum
3261 615 3350 667 est
3406 629 3418 668 :
3471 612 3522 668 si

1875 689 2008 760 quis
2038 688 2390 760 proximum,
2425 707 2628 762 grave;
2679 701 2897 764 quanto
2946 695 3125 768 igitur
3169 701 3424 774 gravius,
3471 702 3522 758 si

1875 777 2008 849 quis
2042 794 2102 833 se
2134 778 2328 850 ipsum
2360 796 2425 835 eo
2457 781 2610 852 quod
2647 781 2757 836 sibi
2791 785 3145 856 promiserit,
3183 793 3347 859 putet
3393 806 3522 846 esse

1876 866 2298 934 fraudandum;
2336 867 2547 940 utipse
2593 870 2702 925 sibi
2754 871 3006 927 inﬁdelis
3053 891 3160 930 suo
3200 875 3426 946 judicio
3466 883 3524 935 et

1875 954 2250 1030 despicabilis
2282 957 2618 1012 aestimetur.
2669 959 2768 1014 Cui
2822 960 3000 1032 igitur
3049 951 3296 1019 idoneus
3335 947 3520 1022 videri

1876 1047 2086 1114 potest,
2122 1043 2222 1115 qui
2255 1044 2367 1099 sibi
2393 1045 2523 1102 vilis
2554 1048 2682 1102 est?
2711 1049 3039 1106 Teneamus
3090 1052 3267 1126 igitur
3313 1054 3521 1110 anima:

1875 1131 2265 1187 constantiam
2294 1137 2503 1189 nostrae
2538 1153 2550 1190 :
2586 1151 2657 1190 ne
2705 1136 2858 1192 848
2909 1137 2964 1192 in
3019 1141 3397 1199 offensionem
3437 1142 3521 1200 la-

1875 1219 1971 1274 bia
2026 1219 2303 1292 loquendi
2354 1222 2564 1278 festina
2604 1232 3006 1297 prorumpunt.
3051 1229 3118 1283 Et
3145 1229 3255 1286 Job
3287 1231 3523 1306 plagam

1877 1325 2042 1382 suam
2077 1308 2307 1365 silentio
2337 1311 2492 1376 vicit,
2526 1317 2581 1367 et
2612 1313 2984 1370 tolerantiam
3017 1333 3186 1374 suam
3220 1319 3524 1386 taciturni-

1875 1400 1991 1451 tate
2031 1399 2345 1468 superavit.
2385 1400 2508 1454 Non
2556 1401 2700 1456 bene
2745 1404 3002 1458 creditur
3051 1407 3212 1462 carni
3245 1425 3258 1464 :
3291 1409 3523 1479 vicisse-

1876 1501 2028 1553 mus,
2064 1487 2110 1541 si
2146 1487 2261 1542 Eva
2290 1489 2588 1544 tacuisset.
2625 1491 2774 1563 Ergo
2805 1492 3061 1564 primum
3115 1494 3259 1552 illud
3293 1515 3523 1570 proces-

1875 1574 1952 1630 sit
1982 1592 2050 1630 ex
2081 1592 2216 1632 voce
2259 1582 2582 1649 peccatum,
2631 1588 2686 1634 et
2719 1597 2957 1653 serpens
2991 1583 3085 1638 ille
3124 1584 3526 1658 nequissimus

1875 1669 2048 1736 atque
2103 1670 2375 1722 versutus
2446 1683 2548 1739 per
2613 1685 2812 1724 vocem
2880 1688 2984 1726 nos
3053 1676 3186 1729 ante
3258 1676 3521 1732 tentavit.

1873 1755 2064 1827 Atque
2094 1755 2318 1810 utinam
2373 1761 2474 1811 aut
2520 1758 2705 1812 Adam
2758 1760 2974 1815 surdus
3019 1761 3246 1831 fuisset,
3280 1759 3382 1820 aut
3409 1764 3528 1822 Eva

1876 1842 2271 1900 obmutuisset
2303 1862 2316 1899 :
2353 1845 2469 1911 ille,
2505 1863 2576 1901 ne
2608 1864 2804 1902 vocem
2858 1866 2974 1904 suae
3025 1851 3222 1908 uxoris
3274 1853 3523 1924 audiret,

1876 1931 2009 1998 ista,
2042 1949 2113 1988 ne
2144 1933 2484 2006 loqueretur
2516 1936 2747 2006 marito,
2781 1941 2836 1992 et
2867 1937 3103 1995 lubrica:
3144 1941 3300 1998 vocis
3352 1941 3525 1998 mini-

1875 2020 2052 2076 sterio
2085 2023 2376 2094 serpentis
2435 2023 2491 2078 in
2553 2024 2741 2080 virum
2800 2042 3021 2083 venena
3066 2031 3524 2088 transfunderet.

1876 2108 2015 2163 Cain
2041 2125 2273 2183 quoque
2295 2109 2403 2166 etsi
2435 2112 2745 2184 parricidio
2769 2117 3039 2172 naturam
3063 2116 3294 2174 violavit
3322 2120 3526 2176 huma-

1877 2215 2037 2264 nam,
2071 2202 2127 2252 et
2155 2197 2509 2255 oblitteravit
2553 2201 2771 2274 impius
2811 2205 2948 2274 jura
3005 2207 3265 2278 pietatis;
3327 2214 3525 2266 tamen

1879 2303 1980 2358 per
2034 2303 2232 2342 vocem
2291 2287 2661 2362 sacrilegium
2729 2292 2932 2347 sceleri
2996 2310 3103 2350 suo
3162 2295 3408 2364 addidit,
3463 2302 3532 2354 ut.

1878 2379 2116 2447 negaret
2171 2375 2287 2431 Deo
2360 2375 2549 2433 necati
2601 2378 2796 2434 fratris
2867 2381 3189 2439 interitum.
3247 2385 3397 2450 Quid
3455 2386 3527 2444 de

1877 2463 2127 2536 singulis
2171 2465 2401 2521 dicam?
2453 2466 2710 2540 Populus
2755 2468 2880 2542 ipse
2927 2469 3147 2528 electus
3195 2491 3229 2529 a
3257 2473 3524 2545 Domino,

1877 2553 1970 2608 cui
2006 2553 2217 2609 tacitus
2251 2555 2476 2627 Moyses
2507 2556 2736 2627 aperuit
2767 2574 2945 2626 mare,
2979 2559 3244 2632 ingratus
3279 2561 3525 2620 cmlesti-

1879 2642 1988 2697 bus
2021 2642 2314 2698 beneficiis
2364 2645 2869 2713 obmurmurabat,
2902 2664 3018 2719 quo
3076 2650 3334 2708 divinam
3394 2670 3527 2709 con-

1879 2730 2052 2786 traxit
2077 2731 2382 2788 offensam.
2430 2733 2646 2790 Deinde
2693 2734 2888 2806 ipsum
2939 2737 3145 2796 ducem
3195 2739 3334 2795 invii
3366 2741 3527 2798 illius

1881 2822 2055 2891 atque
2087 2820 2353 2876 inusitati
2385 2821 2610 2878 itineris
2651 2823 2886 2896 Moysen
2932 2827 3171 2898 respuit,
3205 2833 3262 2884 et
3288 2847 3321 2886 a
3355 2819 3527 2888 fratre

1878 2910 2007 2979 ejus
2053 2910 2243 2965 Aaron
2293 2909 2432 2966 deos
2480 2911 2592 2966 sibi
2645 2911 2769 2968 fieri
2819 2931 2966 2985 quos
2996 2915 3231 2985 coleret,
3266 2919 3526 2991 postula-

1879 2997 1977 3052 vit.

1951 3085 2002 3140 4.
2042 3085 2200 3142 Unde
2233 3086 2407 3143 etiam
2438 3086 2564 3161 ipse
2593 3089 2972 3147 considerans
3015 3097 3178 3149 tanta
3225 3096 3380 3153 vocis
3430 3115 3526 3170 pe-

1882 3174 2090 3246 ricula,
2141 3199 2168 3225 «
2220 3175 2365 3243 Dixi,
2398 3176 2593 3249 inquit
2644 3196 2656 3234 :
2707 3181 3041 3238 Custodiam
3094 3184 3214 3240 vias
3282 3203 3460 3242 meas.
3501 3212 3526 3236 υ

135 3267 323 3332 crebra
386 3267 734 3334 certamina,
805 3271 860 3322 et
926 3264 1417 3340 disceptationum
1482 3265 1774 3321 tumultus
1805 3265 1846 3332 C
1884 3264 2020 3327 Quae
2052 3263 2170 3318 sint
2199 3263 2380 3336 igitur
2408 3265 2533 3321 ista;
2564 3267 2666 3321 vim
2698 3267 2976 3339 hominis,
3011 3287 3137 3341 quae
3178 3290 3531 3346 magnopere

135 3372 313 3412 sermo
370 3353 593 3427 aliquis
653 3354 765 3411 sibi
823 3353 1162 3430 offensionis
1221 3353 1529 3424 excideret,
1588 3358 1776 3409 tacere

138 3449 362 3502 sanctus
409 3443 699 3518 Propheta
755 3442 1078 3518 proposuit.
1133 3442 1178 3498 Ο
1234 3441 1491 3498 validum
1541 3446 1774 3498 scutum

141 3533 563 3608 circumspecta:
595 3532 940 3604 munitionis
971 3530 1302 3607 silentium!
1339 3531 1383 3587 Ο
1420 3531 1774 3587 fidissimum

140 3623 472 3680 stabilitatis
503 3621 974 3688 fundamentum,
1010 3621 1072 3696 in.
1100 3637 1216 3692 quo
1261 3619 1309 3677 si
1359 3620 1492 3691 quis
1523 3621 1777 3692 potuerit

140 3717 302 3779 stare,
351 3709 648 3768 lubricum
707 3709 863 3765 verbi
916 3709 1121 3766 timere
1170 3725 1284 3764 non
1334 3705 1553 3781 possit!
1608 3708 1775 3766 Multi

139 3799 283 3860 enim
333 3801 513 3858 etiam
561 3799 756 3856 stabili
807 3799 979 3854 corde
1010 3797 1246 3868 firmati,
1293 3797 1513 3866 incauti
1555 3803 1773 3868 tamen,

139 3889 420 3946 sermonis
480 3887 818 3944 ﬂuctuantis
856 3903 1049 3942 errore
1105 3902 1255 3962 smpe
1285 3885 1636 3943 ceciderunt.
1678 3887 1776 3942 Vi-

138 3977 272 4034 dens
300 3979 486 4052 igitur
511 3975 855 4048 hujusmodi
901 3974 1130 4031 insidiis
1162 3977 1220 4032 et
1248 3992 1393 4030 vano
1437 3980 1776 4032 concertan-

139 4066 276 4122 tium
334 4065 588 4138 strepitu
638 4083 700 4121 se
749 4063 1038 4137 Propheta
1075 4064 1314 4132 tentari,
1362 4062 1516 4119 intra
1546 4080 1607 4119 se
1653 4063 1776 4136 ipse

139 4156 339 4213 tacitus
372 4155 728 4221 conferebat,
783 4152 970 4227 legem
1003 4151 1116 4208 sibi
1146 4151 1562 4208 taciturnitatis
1592 4153 1776 4225 impo-

141 4261 307 4314 nens;
339 4249 400 4303 et
430 4261 565 4301 cum
601 4247 839 4309 taceret,
871 4240 1298 4298 insultantibus
1343 4240 1476 4310 sibi,
1509 4245 1565 4297 et
1596 4246 1660 4297 ut
1690 4241 1774 4297 lo-

141 4339 406 4406 queretur
475 4332 696 4407 aliquid
773 4331 1252 4404 provocantibus;
1322 4329 1519 4402 qualia
1589 4328 1778 4386 solent

140 4421 509 4482 insolentium
542 4439 668 4480 esse
698 4421 1018 4486 certamina
1069 4407 1242 4492 atque
1287 4436 1586 4476 sermones
1620 4436 1632 4475 :
1667 4419 1777 4475 Re-

141 4512 349 4586 sponde
401 4511 593 4579 nobis,
645 4510 693 4566 si
743 4511 813 4566 de
861 4507 1186 4582 equalitate
1235 4508 1542 4581 praesumis
1575 4525 1588 4563 :
1617 4508 1777 4564 vides

143 4603 194 4654 et
245 4606 306 4658 tu
365 4620 494 4660 esse
552 4608 609 4658 te
672 4602 914 4669 victum,
989 4606 1047 4657 et
1115 4599 1260 4655 nihil
1330 4599 1546 4656 habere
1621 4600 1775 4671 quod

143 4690 383 4764 referas;
445 4708 580 4748 cum
639 4707 700 4748 se
750 4706 928 4763 prope
987 4689 1060 4751 ad
1109 4705 1310 4762 vocem
1361 4687 1636 4744 conviciis
1693 4687 1777 4758 vi-

142 4777 293 4836 deret
321 4778 568 4855 impelli,
603 4796 664 4836 se
710 4778 836 4851 ipse
886 4777 1208 4844 revocabat,
1243 4781 1307 4832 ut
1347 4776 1681 4848 loqueretur
1718 4776 1778 4831 in

143 4869 324 4926 corde.
436 4869 440 4872 ’

206 4957 256 5012 3.
290 4957 475 5031 (Vers.
506 4959 585 5030 2.)
628 4981 655 5009 «
706 4957 856 5024 Dixi,
915 4956 1254 5016 Custodiam
1311 4953 1435 5010 vias
1489 4971 1682 5022 meas;
1714 4959 1780 5009 ut

142 5059 250 5100 non
280 5045 621 5120 delinquam
651 5045 710 5101 in
743 5044 944 5117 lingua
975 5061 1120 5100 mea.
1151 5043 1323 5100 Posui
1372 5043 1457 5099 ori
1507 5060 1634 5100 meo
1678 5059 1777 5098 cu-

124 5121 428 5202 stodiam,
451 5135 593 5190 dum
625 5133 893 5195 consistit
935 5136 1203 5206 peccator
1250 5133 1560 5196 adversum
1588 5146 1713 5198 me;
1750 5153 1776 5180 ››

141 5218 244 5277 hoc
269 5229 374 5291 est,
408 5222 707 5297 proposui,
760 5221 1118 5290 confirmavi,
1153 5221 1431 5294 imperavi
1481 5219 1649 5288 mihi,
1701 5219 1782 5275 lo-

142 5313 308 5367 cutus
338 5328 469 5368 sum
501 5312 660 5368 cordi
691 5329 819 5368 meo
854 5328 867 5367 :
900 5333 927 5361 «
960 5311 1298 5372 Custodiam
1346 5309 1470 5366 vias
1520 5325 1703 5364 meas.
1751 5331 1779 5359 ››

144 5395 199 5450 Si
230 5397 326 5473 alii
355 5400 854 5478 dixisspem,sermo
886 5416 1052 5474 meus
1085 5401 1240 5461 stare
1271 5397 1526 5472 deberet,
1559 5403 1779 5468 quanto

1885 3353 2290 3425 praecavenda,
2323 3371 2392 3409 ne
2443 3355 2582 3426 quid
2635 3357 2919 3428 gravioris
2951 3360 3286 3416 offensionis
3334 3362 3529 3418 incur-

1886 3447 2036 3507 rant,
2091 3441 2365 3497 admonet
2425 3459 2530 3498 nos
2588 3447 2788 3500 tantus
2853 3445 3139 3517 Propheta
3193 3448 3531 3522 diligentius

1885 3528 2276 3585 considerare.
2311 3530 2600 3585 Admonet
2649 3531 2824 3587 etiam
2875 3532 3150 3590 Salomon
3194 3537 3322 3608 ejus
3373 3537 3530 3595 filius

1887 3621 2137 3690 paternae
2170 3618 2382 3674 mentis
2434 3618 2720 3692 interpres
2752 3621 3144 3693 perspicacius
3175 3627 3530 3698 examinare,

1887 3705 1987 3778 qui
2019 3705 2253 3778 scripsit
2285 3724 2297 3762 :
2333 3730 2359 3756 ‹‹
2389 3707 2522 3764 Tria
2553 3708 2700 3763 mihi
2731 3715 2871 3765 sunt
2897 3711 3287 3783 impossibilia
3318 3714 3528 3776 intelli-

1885 3811 2038 3867 gere,
2090 3799 2144 3848 et
2193 3800 2468 3868 quartum
2514 3797 2669 3868 quod
2721 3815 2836 3854 non
2890 3817 3163 3872 agnosco.
3211 3803 3529 3876 Vestigium

1887 3882 2094 3955 aquilae
2123 3881 2395 3954 volantis,
2430 3888 2488 3940 et
2516 3885 2667 3940 viam
2702 3887 2990 3959 serpentis
3037 3889 3094 3944 in
3143 3895 3322 3962 petra,
3355 3896 3412 3947 et
3441 3909 3530 3952 se-

1886 3974 2061 4028 mitas
2093 3972 2258 4028 navis
2311 3973 2370 4028 in
2415 3972 2620 4046 pelago
2672 3977 3018 4048 navigantis,
3065 3985 3120 4032 et
3170 3980 3290 4034 vias
3334 3979 3438 4034 viri
3471 3981 3529 4035 in

1875 4063 2206 4142 juventut_e.
2241 4061 2400 4117 Talis
2432 4061 2521 4129 via
2552 4062 2815 4118 mulieris
2865 4064 3160 4135 adulterae,
3194 4084 3319 4138 quae
3370 4074 3527 4140 post-

1885 4166 2064 4223 quam
2112 4150 2248 4222 egit,
2282 4149 2481 4205 abluta
2529 4151 2673 4205 nihil
2723 4153 2912 4224 egisse
2956 4170 3018 4209 se
3070 4155 3210 4210 dicit
3258 4156 3528 4228 iniquum

1885 4241 2069 4311 (Prov.
2106 4256 2234 4304 xxx,
2273 4239 2356 4305 18,
2388 4240 2501 4309 20).
2548 4260 2577 4289 »
2609 4239 2746 4295 Tria
2797 4257 2932 4313 ergo
2978 4241 3368 4314 impossibilia
3416 4245 3529 4301 sibi

1885 4343 2012 4383 esse
2043 4326 2185 4382 dixit
2217 4327 2286 4381 ad
2320 4326 2786 4399 intelligendum,
2820 4333 2875 4383 et
2906 4337 3183 4401 quartum
3234 4317 3390 4404 quod
3435 4332 3531 4389 ille

1885 4415 2108 4472 habens
2158 4415 2308 4471 inter
2349 4414 2618 4472 homines
2661 4417 2956 4488 sapientiae
2989 4419 3383 4492 signaculum,
3416 4441 3532 4488 non

1886 4509 2246 4578 agnosceret,
2275 4503 2502 4559 viarum
2534 4503 2800 4560 videlicet
2829 4506 2934 4562 viri
2968 4508 3024 4562 in
3059 4510 3365 4580 juventth
3396 4527 3534 4582 pro-

1887 4611 2139 4650 cessum.
2173 4593 2430 4656 Quarum
2464 4593 2644 4666 igitur
2666 4593 2754 4650 vel
2787 4595 3238 4668 inexplicabilis,
3260 4599 3348 4654 vel
3381 4599 3533 4654 diffi-

1887 4681 2013 4739 cilis
2044 4682 2284 4755 agnitio,
2318 4685 2506 4754 potest
2555 4681 2744 4738 facilis
2793 4700 2994 4739 earum
3045 4702 3172 4742 esse
3220 4687 3536 4744 custodia?

1888 4771 2050 4828 Unde
2081 4776 2195 4828 'non
2228 4771 2520 4826 immerito
2552 4771 2676 4844 ipse
2720 4773 2898 4829 David
2943 4773 3291 4832 delictorum
3327 4778 3534 4848 juven-

1886 4859 2030 4916 tutis
2078 4877 2197 4916 suae
2258 4877 2371 4915 non
2433 4859 2829 4917 defensionem
2885 4862 3117 4931 obtulit,
3153 4865 3253 4919 sed
3296 4864 3536 4920 oblivio-

1886 4949 2115 5005 vionem
2150 4949 2390 5021 rogavit.
2425 4972 2453 4997 ‹‹
2486 4947 2726 5017 Delicta,
2760 4949 2970 5022 inquit,
2996 4951 3324 5022 juventutis
3369 4968 3533 5020 meae,

1888 5045 1944 5095 et
1974 5038 2314 5111 ignorantiae
2347 5055 2485 5093 mea:
2517 5055 2588 5093 ne
2628 5039 2967 5095 memineris
2999 5041 3168 5110 (Psal.
3203 5057 3359 5106 xxxv,
3391 5042 3467 5112 7).
3509 5064 3529 5091 ι

1885 5127 2010 5184 Non
2041 5127 2334 5184 immerito
2362 5126 2541 5200 igitur
2570 5127 2848 5184 Salomon
2899 5128 3042 5183 dixit
3091 5145 3152 5184 se
3206 5145 3320 5186 non
3353 5146 3528 5203 agno—

1889 5234 2050 5273 scere
2082 5217 2235 5289 quod
2287 5221 2450 5289 pater
2492 5217 2640 5288 ejus,
2691 5217 2749 5272 in
2799 5234 2914 5289 quo
2964 5219 3152 5288 major
3201 5217 3297 5272 Dei
3348 5217 3538 5290 gratia

1889 5307 2018 5374 fuit,
2047 5323 2109 5363 se
2139 5306 2440 5378 ignorasse
2470 5309 2720 5361 testatus
2768 5309 2875 5361 est.
2928 5309 2996 5361 Et
3046 5305 3291 5362 fortasse
3325 5305 3538 5362 delicta

1887 5395 2211 5468 juventutis
2241 5395 2312 5450 ad
2348 5393 2628 5450 fervorem
2662 5394 2862 5449 retulit
2901 5395 3116 5462 carnis,
3147 5394 3537 5467 ignorantiam

211 5657 529 5742 (7.9)”Mss.
580 5658 1063 5742 Vict._et,_Col‘l_i_.,
1122 5658 1454 5742 §ivgﬁqﬁa
1485 5656 1819 5742 sapientiam
1892 5670 2126 5733 qwas,
2185 5654 2301 5727 sive
2355 5655 2647 5728 virtutem;
2699 5655 2818 5730 ipse
2867 5658 2950 5713 est.
2999 5655 3095 5713 Dei
3151 5657 3324 5718 virtus
3377 5658 3537 5729 atque

143 5723 430 5807 sarisam,
461 5736 577 5815 ipse
632 5723 878 5796 veritatis
905 5723 1059 5805 “vta;
1120 5723 1366 5814 furifuri;
1431 5723 1782 5790 restifrectid.
