3856 6206
303 302 455 365 1091

1767 301 1833 360 S.
1879 295 2255 362 AMBROSII

3573 294 3726 356 109!

299 445 495 493 autem
545 437 616 492 ad
658 434 969 491 verborum
1018 431 1471 506 prolapsionem,
1530 448 1657 504 quae
1717 450 1830 487 non
1885 449 1952 486 ex
1984 435 2032 497 Α
2067 434 2359 487 allectum.
2394 430 2701 486 Premebat
2726 443 2946 498 vocem,
2975 426 3289 483 claudebat
3338 429 3540 499 portas
3586 445 3725 482 suas

298 527 585 582 sententia
641 529 860 590 nostra,
913 523 1012 578 sed
1072 523 1295 595 impetu
1350 523 1604 594 quodam
1665 527 1721 575 et
1775 537 1954 576 cursu

298 615 574 688 loquendi
607 614 954 686 plerumque
987 611 1350 666 funduntur:
1376 610 1532 683 quod
1559 608 1954 682 periculosum

296 720 427 760 esse
471 703 754 775 Propheta
807 717 1164 772 cognoscens
1213 699 1291 753 ait
1327 717 1338 754 :
1375 725 1398 747 ‹‹
1435 699 1667 754 Credidi
1720 703 1958 770 propter

297 793 453 863 quod
503 791 732 846 locutus
786 806 919 844 sum
973 788 1143 859 (Psal.
1196 805 1326 851 cxv,
1380 789 1485 857 10).
1526 811 1551 835 ››
1583 787 1770 858 Supra
1817 787 1952 841 fun—

299 881 641 935 damentum
693 895 830 949 ergo
883 877 1118 932 virtutis
1169 893 1277 931 vox
1323 881 1451 932 tuta
1500 882 1620 942 est;
1654 875 1780 930 sine
1821 875 1952 929 fun-

296 969 593 1032 damento,
665 966 908 1021 lubrica.
995 966 1125 1020 Ideo
1207 966 1375 1037 quasi
1459 964 1715 1037 quodam
1800 963 1952 1018 tubae

294 1073 438 1112 sono
506 1055 818 1127 Scriptum
900 1053 1108 1108 divinis
1191 1054 1412 1109 electus
1493 1053 1780 1125 interpres
1859 1051 1955 1106 in-

295 1144 566 1216 crepuit:
606 1143 848 1197 «Corde
898 1142 1156 1197 creditur
1206 1143 1276 1197 ad
1322 1141 1618 1212 justitiam
1653 1158 1665 1196 :
1713 1157 1810 1196 ore
1850 1157 1952 1194 au-

295 1237 416 1288 tem
445 1231 731 1288 confessio
765 1231 827 1284 ﬁt
866 1230 938 1284 ad
988 1229 1238 1285 salutem
1280 1232 1452 1296 (Rom.
1486 1248 1542 1299 x,
1578 1229 1684 1296 l0).
1727 1252 1752 1276 »
1787 1227 1954 1283 Fides

297 1319 666 1376 credentium
719 1318 1057 1392 principalis
1116 1324 1226 1385 est,
1285 1319 1571 1374 confessio
1632 1316 1954 1372 exsecutio-

300 1427 414 1465 n15.

367 1499 421 1554 5.
454 1497 752 1560 Quomodo
792 1497 972 1566 igitur
1001 1496 1374 1568 proposuerit
1397 1500 1639 1552 sanctus
1668 1493 1954 1567 propheta

297 1586 496 1654 David,
526 1592 627 1641 aut
659 1592 890 1658 propter
920 1583 1059 1656 quid
1095 1585 1386 1640 custodire
1417 1585 1540 1639 vias
1563 1602 1722 1649 snas,
1757 1582 1955 1639 audia-

296 1692 428 1730 mus
463 1693 512 1731 :«
547 1674 618 1730 Ut
649 1691 784 1739 non,
819 1673 1030 1745 inquit.
1065 1673 1404 1745 delinquam
1439 1674 1493 1728 in
1528 1672 1730 1745 lingua
1762 1689 1951 1728 mea.»

296 1767 354 1819 Si
388 1764 498 1819 hoc
526 1768 687 1819 cavet
720 1762 1093 1833 PrOpheta,tu
1118 1779 1229 1816 non
1254 1763 1461 1817 caves?
1492 1763 1547 1817 Si
1585 1762 1692 1816 hoc
1716 1761 1950 1827 motuit,
1983 1797 2029 1862 Β

296 1852 354 1906 in
387 1867 502 1924 quo
536 1852 634 1906 Dei
668 1851 854 1923 gratia
886 1850 1257 1922 loquebatur,
1293 1857 1352 1904 tu
1405 1867 1518 1905 non
1570 1850 1803 1915 metuis,
1850 1851 1946 1920 qui

294 1942 510 1996 erroris
540 1941 716 1996 verba
751 1958 862 1996 non
899 1940 1138 2010 refugis,
1186 1945 1242 1994 et
1291 1939 1679 1994 theatralibus
1730 1955 1948 1994 sermo-

295 2031 470 2085 nibus
501 2029 850 2085 delectaris?
877 2029 959 2083 Tu
998 2044 1113 2083 non
1146 2028 1514 2091 reformidas,
1539 2028 1629 2082 cui
1663 2028 1947 2098 scriptum

293 2124 382 2174 est
411 2118 467 2172 in
523 2117 852 2189 Evangelio,
885 2117 1023 2189 quia
1054 2118 1206 2172 844
1239 2133 1341 2187 pro
1371 2116 1529 2170 omni
1563 2116 1746 2170 otioso
1777 2116 1949 2171 verbo

295 2207 581 2263 rationem
637 2223 699 2261 es
748 2207 1087 2261 redditurus
1145 2205 1357 2272 (Matth.
1406 2221 1506 2274 xu,
1561 2204 1715 2270 36))?
1746 2203 1804 2258 Si
1846 2221 1949 2274 pro

295 2295 480 2350 otioso
511 2296 685 2350 verbo
719 2293 1041 2366 periculurn
1073 2299 1181 2360 est,
1216 2299 1436 2364 quanto
1469 2293 1658 2363 magis
1697 2309 1798 2363 pro
1831 2293 1948 2348 cri-

295 2383 569 2438 minoso?
596 2383 719 2436 Non
752 2399 920 2437 omne
953 2381 1107 2454 quod
1140 2382 1480 2445 otiosum,et
1509 2381 1893 2436 criminosum
1931 2398 1944 2435 :

295 2471 393 2527 sed
428 2488 599 2527 omne
640 2472 793 2544 quod
845 2488 958 2526 non
1014 2473 1399 2535 fructuosum,
1437 2469 1828 2541 periculosum
1861 2473 1946 2524 at-

294 2577 408 2632 que
438 2560 815 2626 eradicabile;
875 2560 1068 2615 omnis
1126 2560 1281 2614 enim
1343 2561 1514 2614 arbor
1571 2575 1687 2614 non
1729 2559 1948 2614 faciens

295 2651 578 2716 fructum,
610 2649 928 2715 excidetur,
962 2653 1017 2704 et
1049 2648 1106 2703 in
1134 2649 1327 2721 ignem
1361 2647 1795 2702 mittetur.Cum
1831 2664 1951 2702 mo-

293 2742 461 2794 vetur
512 2738 767 2802 animus,
819 2737 1146 2808 exagitetur
1193 2735 1636 2791 stimulantibus
1679 2736 1947 2791 adversa-

303 2826 426 2892 riis,
469 2826 964 2897 obstrepentibus,
1019 2824 1425 2886 illudentibus,
1475 2824 1949 2891 criminantibus,

309 2914 521 2969 excidit
569 2915 809 2968 verbum
855 2912 1298 2980 commotionis;
1371 2912 1500 2966 ideo
1549 2911 1845 2967 silentium
1896 2916 1951 2967 et

294 3007 489 3058 tutum
523 3006 612 3058 est
639 3007 694 3057 et
725 3002 1022 3066 decorum,
1056 3002 1211 3073 quod
1255 3005 1448 3056 servat
1493 3018 1625 3055 cum
1669 3001 1950 3072 gravitate

293 3089 605 3146 cautelam.
640 3091 785 3154 Quid
844 3091 1000 3146 enim
1061 3090 1214 3144 labia
1241 3095 1461 3157 nostra,
1515 3089 1626 3144 nisi
1680 3089 1947 3161 quaedam

2066 521 2319 587 silentio,
2353 519 2747 592 praetendebat
2774 518 2831 572 in
2870 533 2936 574 eo
2968 517 3269 589 patientia,
3306 521 3365 571 et
3411 517 3720 572 taciturni-

2064 611 2201 664 tatis
2232 609 2512 682 vigilabat
2539 607 2809 663 custodia
2840 625 2852 661 :
2888 623 2958 661 ne
2991 605 3269 661 inimicus
3314 605 3610 678 obrepret,
3648 623 3723 662 ne

2065 698 2134 753 de
2167 698 2440 754 claustris
2470 697 2590 752 oris
2617 712 2802 768 vagus
2831 693 3047 766 aliquis
3091 710 3285 749 sermo
3329 702 3387 750 et
3442 695 3720 750 incautus

2064 787 2261 843 exiret.
2299 787 2429 844 ideo
2461 785 2662 842 fortior
2691 789 2780 840 est
2810 784 3058 856 patiens,
3094 783 3194 854 qui
3225 799 3288 838 se
3328 783 3522 855 ipsum
3574 799 3722 839 con-

2067 875 2232 942 tinet,
2267 891 2448 946 quam
2481 873 2580 946 qui
2612 872 2788 928 urbes
2817 871 2989 941 capit.
3024 871 3232 927 Justus
3263 870 3386 943 ipse
3416 871 3527 927 sibi
3562 870 3724 926 σιω.

2064 968 2251 1018 strum
2285 967 2395 1028 est,
2433 963 2557 1034 ipse
2588 960 2697 1016 sibi
2729 958 2972 1032 pervigil
3003 963 3222 1014 custos.

2131 1053 2184 1105 7.
2218 1053 2362 1107 Cum
2396 1051 2508 1106 sibi
2559 1065 2695 1121 ergo
2743 1052 2870 1120 ipse
2919 1048 3318 1120 pratenderet,
3363 1047 3721 1120 loquebatur

2064 1141 2120 1194 in
2154 1157 2260 1195 suo
2307 1141 2478 1195 corde
2511 1156 2524 1193 :
2559 1161 2588 1188 «
2621 1138 2792 1193 Posui
2845 1136 2930 1191 ori
2984 1153 3114 1192 meo
3165 1137 3512 1201 custodiam,
3557 1131 3628 1204 ῤ’
3655 1161 3743 1204 ,αι

2063 1230 2331 1286 consistit
2381 1232 2648 1302 peccator
2700 1227 3010 1282 adversum
3063 1242 3176 1281 me.
3208 1245 3234 1275 ι
3273 1225 3453 1281 Adest
3480 1205 3737 1316 εέἦίξζ.

2066 1317 2360 1382 inimicus,
2395 1315 2533 1388 quia
2579 1331 2812 1386 semper
2859 1313 3194 1368 insidiatur.
3229 1313 3348 1368 Etsi
3393 1311 3561 1368 illum
3591 1311 3709 1369 n'ou

2060 1405 2244 1473 vides,
2292 1407 2457 1461 adest
2489 1422 2502 1460 :
2533 1403 2642 1460 etsi
2690 1403 2856 1458 illum
2918 1420 3033 1458 non
3087 1401 3292 1468 sentis,
3337 1402 3618 1458 incursat.
3648 1403 3712 1457 Si

2064 1511 2176 1549 non
2211 1496 2393 1560 vides,
2428 1493 2644 1549 videnti
2677 1493 2843 1549 crede
2879 1509 2892 1546 :
2927 1516 2953 1541 ‹‹
2990 1491 3328 1556 Constituit,
3361 1491 3712 1564 inquit,pec-

2062 1589 2220 1638 cator
2266 1584 2574 1638 adversum
2610 1597 2719 1636 me.
2759 1605 2785 1630 »
2816 1581 2922 1646 Qui
2956 1581 3110 1635 videt
3157 1583 3461 1652 peccatum
3506 1597 3711 1648 suum,

2061 1672 2214 1727 videt
2245 1672 2420 1726 etiam
2465 1675 2824 1743 peccatorem
2874 1668 2984 1725 sibi
3037 1669 3095 1724 in
3142 1668 3215 1723 iis
3263 1685 3393 1739 quis
3439 1669 3710 1742 gesserit,

2063 1761 2424 1818 illudentem.
2457 1762 2563 1825 Qui
2596 1764 2788 1815 autem
2823 1763 3180 1830 peccatorem
3225 1757 3572 1829 praeviderit,
3606 1775 3712 1830 po-

2061 1855 2173 1906 test
2201 1851 2385 1906 vitare
2416 1854 2736 1922 peccatum.
2771 1847 3016 1902 Videbat
3048 1846 3225 1902 David
3258 1846 3578 1902 consistam
3604 1848 3709 1901 ad-

2059 1956 2292 1994 versum
2343 1955 2404 1993 se
2455 1943 2844 2010 peccatorem;
2874 1936 3108 2008 quando
3152 1935 3343 1991 Semei
3395 1935 3712 1991 maledice-

2059 2031 2158 2084 bat
2187 2034 2242 2084 et
2267 2027 2567 2100 lapidabat
2601 2043 2796 2099 regem
2828 2043 3026 2094 suum,
3057 2029 3115 2079 et
3143 2023 3436 2080 clamabat
3469 2043 3482 2078 :
3519 2047 3538 2073 ι
3582 2025 3706 2092 Exi,

2059 2119 2145 2172 vir
2172 2117 2527 2190 sanguinnm
2563 2117 2634 2186 (II
2665 2117 2788 2186 Reg.
2821 2132 2935 2184 ιη,
2962 2116 3043 2183 7).
3077 2136 3107 2164 ι)
3135 2113 3332 2185 Neque
3376 2113 3532 2168 enim
3581 2118 3709 2168 tam

2060 2212 2388 2280 praeruptus
2417 2207 2581 2270 foret,
2614 2209 2678 2259 ut
2709 2221 2812 2259 nec
2843 2204 2988 2258 tanti
3023 2203 3178 2277 regis
3230 2202 3544 2259 merentis
3576 2218 3708 2257 mo-

2058 2300 2307 2361 veretur,
2343 2311 2446 2349 nec
2477 2299 2766 2348 armatum
2808 2294 2935 2364 ejus
2967 2292 3202 2348 timeret
3223 2291 3707 2359 echimm,cum

2060 2401 2213 2439 unus
2246 2384 2315 2439 de
2345 2383 2596 2438 exercitu
2647 2384 2776 2452 ejus
2826 2381 3246 2436 conviciantem
3280 2380 3569 2453 potuisset
3609 2397 3705 2437 oc-

2057 2474 2276 2539 cidere;
2320 2472 2420 2527 sed
2471 2477 2764 2526 amentem
2815 2468 3080 2524 diabolus
3130 2469 3362 2535 fecerat,
3415 2469 3516 2540 qui
3566 2485 3710 2528 eum

2059 2561 2396 2634 impellebat
2427 2561 2497 2615 ad
2531 2566 2799 2614 mortem.
2834 2559 2961 2613 [deo
2989 2558 3162 2612 David
3195 2559 3475 2614 adversus
3503 2562 3704 2613 aucto-

2057 2667 2178 2706 rem
2231 2649 2419 2722 magis
2467 2647 2858 2720 preeliabatur,
2893 2663 3068 2718 quam
3122 2646 3458 2702 ministrum
3507 2663 3700 2718 perse-

2058 2740 2364 2812 quebatur.
2399 2738 2545 2804 Quid
2580 2737 2735 2791 enim
2767 2735 3150 2804 magnum,de
3179 2734 3418 2790 homine
3446 2734 3696 2790 invalido

2059 2829 2209 2886 845
2241 2826 2540 2889 vindicari,
2574 2841 2748 2896 quem
2798 2826 2868 2880 ad
2918 2823 3173 2878 furorem
3232 2823 3379 2878 alter
3432 2824 3694 2896 urgebat,

2059 2920 2113 2972 in
2149 2919 2316 2988 cujus
2368 2932 2504 2970 nece
2554 2918 2819 2985 peccator
2865 2911 3166 2968 habuisset
3211 2911 3527 2967 voluntatis
3565 2912 3694 2968 eﬂ'e-

2057 3006 2254 3062 ctum?
2285 3005 2405 3059 Non
2438 3003 2630 3076 gladio
2663 3001 3064 3068 diabolus,sed
3096 3001 3270 3055 verbo
3301 3000 3402 3056 Dei
3427 3001 3692 3067 vincitur;

2061 3097 2188 3150 ideo
2220 3097 2408 3149 taceat
2438 3093 2640 3164 lingua
2671 3090 2948 3155 hominis,
2981 3089 3080 3145 Dei
3111 3089 3370 3144 Verbum
3401 3088 3689 3161 loquatur.

297 3185 497 3236 nostra
542 3179 772 3236 vincula
821 3179 997 3234 sunt?
1045 3179 1308 3250 Denique
1365 3178 1613 3233 vinculis
1657 3178 1945 3233 labiorum
1979 3165 2020 3231 C
2060 3184 2317 3254 Denique
2347 3186 2402 3236 et
2432 3180 2698 3235 Christus
2753 3179 2982 3234 tacebat
3035 3182 3166 3234 ante
3213 3177 3693 3249 Pilatijudicium

293 3286 532 3325 suorum
568 3269 979 3340 unusquisque
1010 3268 1592 3340 constringitur.ldoo
1615 3267 1848 3338 sapiens
1882 3267 1938 3321 in

293 3364 554 3430 tempore
585 3362 755 3423 tacet,
784 3363 840 3412 et
867 3374 1065 3412 secum
1101 3358 1223 3429 ipse
1254 3357 1582 3412 considerat
1627 3373 1742 3427 quo
1790 3361 1940 3411 tem-

297 3463 435 3517 pore
469 3446 624 3518 loqui
659 3445 884 3501 debeat.
911 3445 988 3500 De
1021 3463 1134 3517 quo
1169 3445 1440 3518 praeclare
1472 3445 1594 3516 ipse
1626 3444 1898 3499 Salomon
1926 3462 1938 3498 :

293 3557 320 3582 «
359 3533 536 3589 Labia
565 3534 846 3604 sapientis
877 3533 1114 3605 alligata
1144 3539 1283 3589 sunt
1314 3533 1608 3588 intellectu
1635 3535 1816 3604 (Prov.
1849 3550 1940 3598 xv,

289 3623 348 3674 7.
382 3643 410 3670 »
461 3622 701 3686 Quando
757 3639 894 3692 ergo
947 3623 1129 3688 vides,
1194 3622 1578 3678 illudentibus
1636 3622 1939 3693 protervis,

294 3707 618 3780 sapientem
653 3713 864 3773 tacere,
900 3709 990 3764 dic
1023 3727 1035 3763 :
1071 3711 1289 3782 Ligavit
1321 3711 1426 3765 iste
1459 3709 1754 3765 intellectu
1792 3711 1943 3764 labia

295 3813 436 3864 sua;
474 3795 580 3851 hoc
613 3800 720 3860 est,
747 3797 1064 3868 prudenter
1089 3801 1348 3862 tacet,ne
1380 3797 1666 3852 labiorum
1702 3813 1940 3853 suorum

291 3883 541 3940 vinculis
570 3883 863 3956 alligetur.
900 3885 1101 3940 Posuit
1130 3885 1213 3940 ori
1247 3903 1353 3940 suo
1385 3887 1732 3952 custodiam,
1763 3886 1946 3958 sepsit

293 3990 466 4029 aures
522 3990 661 4030 suas
721 3974 932 4045 spinis,
965 3980 1187 4028 vectem
1238 3975 1505 4029 adhibuit
1554 3976 1777 4029 foribus
1827 3975 1945 4030 oris

297 4064 410 4128 sui,
446 4067 636 4118 servat
665 4061 1007 4118 thesaurum
1043 4063 1234 4118 cordis
1267 4063 1356 4118 sui
1391 4068 1446 4118 et
1477 4069 1784 4135 argentum
1827 4063 1942 4118 elo-

295 4152 417 4223 quii
477 4151 589 4218 sui,
634 4156 696 4206 ut
751 4151 1146 4206 examinatum
1205 4156 1262 4207 et
1313 4157 1648 4225 purgatum,
1710 4153 1944 4224 quando

301 4243 544 4312 oportet,
581 4241 862 4311 proferat;
895 4257 964 4296 ne
1023 4242 1338 4314 quisquam
1390 4243 1553 4313 prius
1589 4244 1680 4296 fur
1726 4242 1780 4296 in
1817 4245 1944 4311 ejus

299 4333 398 4384 aut
429 4329 798 4401 perturbator
827 4330 1136 4402 irrumpat,
1169 4335 1225 4385 et
1255 4331 1323 4386 ad
1369 4349 1466 4387 eos
1499 4332 1788 4404 captivum
1828 4338 1941 4385 tra-

290 4417 410 4483 hat,
444 4417 660 4490 quibus
691 4417 909 4489 flagitia
941 4436 1048 4474 sua
1079 4420 1314 4474 vendat.

2050 3273 2427 3336 constitutus,
2464 3275 2528 3324 ut
2578 3269 2745 3324 nobis
2789 3269 2953 3322 daret
2995 3267 3242 3323 formam
3275 3267 3526 3334 tacendi,
3559 3268 3697 3337 quia

2053 3362 2252 3433 lingua
2277 3359 2537 3430 corporis
2566 3356 2752 3412 facilis
2783 3361 2874 3412 est
2903 3357 2974 3412 ad
3007 3371 3283 3419 errorem,
3317 3354 3588 3427 proclivis
3627 3355 3696 3410 ad

2054 3449 2466 3520 lapsum.Sunt
2493 3451 2688 3502 autem
2711 3449 2766 3501 et
2789 3444 2887 3517 qui
2913 3449 3170 3500 tacentes
3201 3442 3694 3515 loquantur,sicut

2053 3539 2278 3610 Moyses
2329 3537 2428 3608 qui
2478 3535 2672 3590 stabat
2720 3534 3024 3600 attonitus,
3057 3538 3115 3588 et
3139 3533 3385 3599 tacebat,
3421 3532 3515 3587 cui
3553 3532 3698 3586 dixit

2049 3627 2258 3682 tacenti
2315 3631 2463 3681 Deus
2497 3642 2509 3679 :
2544 3647 2571 3673 «
2607 3623 2753 3689 Quid
2801 3622 3020 3678 clamas
3067 3622 3140 3676 ad
3193 3637 3284 3675 me
3335 3620 3530 3691 (Exod.
3580 3637 3697 3688 11v,

2056 3718 2188 3786 15)»
2236 3714 2309 3769 Ut
2357 3715 2648 3777 Susanna,
2681 3727 2807 3782 qua:
2866 3710 3051 3766 tacuit
3098 3710 3157 3763 in
3216 3707 3493 3780 periculis
3548 3709 3694 3775 suis,

2051 3812 2105 3860 et
2167 3802 2444 3858 Dominus
2500 3799 2792 3855 exaudivit
2845 3815 2994 3854 eam.
3050 3799 3197 3870 Ergo
3252 3797 3483 3852 etiamsi
3530 3796 3589 3851 in
3643 3801 3697 3852 te

2051 3892 2290 3947 verbum
2326 3890 2420 3945 Dei
2452 3889 2554 3954 sit;
2587 3893 2644 3944 et
2673 3888 2895 3944 tacebis
2923 3888 2980 3942 in
3013 3887 3111 3942 Dei
3141 3887 3338 3949 verbo.
3379 3891 3436 3942 et
3482 3887 3694 3943 tacitus

2052 3980 2354 4046 clamabis,
2386 3984 2450 4034 ut
2479 3977 2737 4034 audiaris
2767 3996 2801 4033 a
2835 3977 3081 4033 Christo.

2123 4072 2174 4124 8.
2211 4068 2487 4124 Meditare
2517 4084 2654 4140 ergo
2688 4084 2814 4139 qua:
2846 4065 3056 4121 Christi
3108 4071 3270 4136 sunt,
3317 4081 3444 4138 quae
3496 4079 3695 4120 secum

2055 4157 2452 4213 meditabatur
2482 4156 2764 4228 propheta
2796 4154 2993 4221 David,
3015 4155 3072 4210 in
3107 4171 3220 4227 quo
3253 4171 3322 4210 ea
3349 4170 3479 4225 quae
3500 4169 3696 4208 secum

2049 4248 2107 4302 in
2141 4247 2250 4303 hoc
2281 4246 2508 4320 psalmo
2540 4246 2887 4301 meditatum
2918 4259 3045 4299 esse
3093 4259 3154 4298 se
3184 4243 3346 4308 dicit,
3382 4245 3517 4298 ante
3542 4241 3600 4296 in
3633 4256 3695 4296 eo

2051 4336 2279 4392 locutus
2309 4340 2396 4390 est
2425 4334 2711 4390 Christus.
2747 4332 2838 4386 Sic
2869 4332 3024 4387 enim
3053 4331 3337 4402 scriptum
3369 4337 3457 4388 est
3490 4349 3548 4384 τε
3580 4330 3696 4400 Ego

2053 4431 2249 4480 autem
2299 4440 2431 4478 cum
2484 4423 2543 4476 in
2597 4421 2791 4493 aliquo
2823 4420 2968 4474 mihi
3002 4419 3228 4475 molesti
3271 4427 3449 4485 esset,
3495 4419 3698 4474 indue-

360 4506 413 4559 6.
434 4506 837 4594 iMeditabatur
865 4507 1050 4563 Judas
1082 4507 1379 4564 Christum
1413 4509 1675 4570 vendere,
1710 4509 1809 4563 sed
1854 4524 1939 4562 re-
1974 4531 2018 4594 D
2051 4515 2185 4568 bam
2210 4529 2300 4567 me
2322 4512 2540 4578 cilicio;
2573 4516 2630 4565 et
2660 4509 3045 4565 bumiliabam
3087 4509 3146 4563 in
3182 4509 3413 4580 jejunio
3445 4508 3700 4564 animam

288 4593 529 4648 vocabat
561 4610 692 4648 eum
729 4600 890 4650 tanta
920 4595 1148 4650 Domini
1180 4597 1388 4668 gratia,
1420 4603 1477 4652 et
1516 4598 1780 4668 quaedam
1835 4613 1939 4668 pa-

288 4688 467 4736 terae
498 4679 882 4736 delinimenta
916 4682 1169 4754 pietatis,
1203 4685 1420 4754 quibus
1451 4685 1611 4739 furor
1641 4687 1768 4756 ejus
1801 4684 1941 4739 mol-

289 4769 544 4826 liebatur
574 4787 587 4824 :
622 4785 726 4824 nec
779 4771 1069 4843 erupisset
1115 4771 1172 4826 in
1224 4771 1434 4837 scelus,
1471 4773 1580 4828 nisi
1625 4791 1686 4829 se
1736 4774 1792 4827 in
1845 4789 1944 4828 cor

289 4860 441 4930 ejus,
466 4858 606 4931 quia
637 4858 930 4914 Christum
967 4857 1164 4914 tallere
1197 4876 1258 4915 se
1285 4861 1548 4932 putabat,
1575 4861 1944 4917 adversarius

288 4949 687 5004 demersisset.
718 4948 838 5003 Non
891 4965 1028 5019 ergo
1081 4948 1314 5004 dubites
1345 4951 1578 5020 quando
1612 4949 1792 5020 aliqui
1837 4949 1940 5004 tibi

295 5036 526 5093 molesti
575 5042 715 5093 sunt
772 5039 982 5093 volenti
1040 5040 1585 5109 servarejustiliam
1643 5040 1943 5094 ministros

288 5141 416 5181 esse
449 5125 611 5181 illius
636 5125 984 5200 nequissimi
1017 5125 1358 5198 peccatoris,
1395 5128 1495 5198 qui
1528 5128 1793 5184 omnium
1837 5148 1943 5187 au-

293 5221 415 5269 ctor
470 5220 560 5271 est
619 5215 995 5288 ﬂagitiorum.
1048 5215 1295 5271 Videbat
1351 5215 1529 5271 David
1587 5218 1945 5290 propheticis

295 5302 498 5367 oculis,
533 5305 885 5375 agnoscebat
913 5305 1042 5375 ejus
1077 5305 1355 5376 ﬁguram;
1406 5303 1535 5360 ideo
1585 5307 1834 5374 tacebat,
1875 5327 1946 5367 ne

292 5387 453 5445 illius
486 5392 698 5448 taceret
744 5393 1124 5460 voluntatem,
1175 5392 1277 5464 qui
1331 5392 1720 5451 interturbare
1769 5399 1949 5470 gestit

2053 4618 2266 4667 meam,
2301 4606 2357 4655 et
2417 4600 2602 4655 oratio
2655 4615 2785 4654 mea
2841 4597 2896 4652 in
2959 4596 3091 4652 sinu
3150 4613 3278 4652 meo
3337 4599 3702 4652 convertatur

2053 4691 2221 4762 (Psal.
2255 4706 2446 4751 xxxnv,
2482 4688 2593 4759 13.)
2628 4710 2653 4736 ››
2687 4687 2833 4753 Quid
2864 4692 2951 4742 est
2991 4686 3048 4740 in
3093 4687 3319 4756 aliquo?
3368 4685 3517 4751 Quia
3562 4689 3698 4738 tunc

2054 4779 2305 4834 maxime
2362 4784 2465 4833 aut
2515 4793 2708 4833 sermo
2756 4793 2870 4831 non
2919 4779 3283 4847 opportunus
3310 4773 3582 4839 elabitur,
3605 4776 3702 4828 aut

2053 4867 2296 4922 atlectus
2353 4871 2643 4932 movetur;
2682 4864 2915 4936 quando
2955 4861 3040 4917 vel
3093 4862 3152 4917 in
3198 4862 3396 4919 dolore
3426 4862 3622 4934 aliquo
3651 4865 3705 4915 et

2054 4955 2292 5010 tristitia
2324 4971 2555 5018 sumus,
2587 4952 2673 5008 vel
2705 4953 3106 5023 indignatione
3149 4951 3385 5007 animus
3415 4950 3698 5024 aegrescit,

2055 5044 2146 5100 vel
2177 5044 2476 5115 aliquibus
2526 5041 3024 5098 sollicitudinibus
3072 5041 3412 5112 impeditur,
3447 5044 3549 5096 aut
3587 5039 3704 5094 dis-

2056 5132 2488 5205 ceptationibus
2518 5135 2855 5203 occupatur.
2886 5130 2992 5196 Qui
3041 5129 3220 5202 igitur
3273 5129 3548 5185 molesti?
3585 5127 3701 5182 Pri-

2058 5238 2221 5278 mum
2266 5222 2337 5276 de
2377 5220 2506 5293 ipso
2539 5226 2774 5276 auctore
2799 5219 3015 5292 peccati
3040 5222 3096 5274 et
3125 5217 3350 5290 angelis
3383 5218 3512 5274 suis
3539 5215 3702 5272 intel-

2057 5311 2201 5384 lige;
2235 5309 2447 5366 deinde
2478 5310 2547 5365 de
2579 5309 2652 5365 iis
2684 5309 2781 5380 qui
2831 5308 3057 5365 malunt
3105 5323 3393 5379 sequaces
3425 5308 3554 5380 ejus
3581 5319 3700 5361 esse

2059 5399 2192 5472 (80),
2229 5415 2406 5471 quam
2437 5397 2674 5454 Christi.
2712 5395 3037 5470 Impellitur
3066 5412 3232 5465 uxor,
3263 5398 3330 5451 ut
3377 5395 3566 5452 sancti
3594 5391 3696 5450 Job

370 5615 482 5696 (80)
515 5615 653 5677 Cod.
687 5620 825 5696 Reg.
860 5627 918 5682 et
956 5622 1054 5681 alii
1085 5626 1340 5699 quatuor
1371 5641 1501 5684 cum
1538 5631 1659 5685 ant.
1693 5629 1856 5699 edit,
1892 5631 1953 5694 in
1993 5647 2204 5709 marg,
2227 5633 2326 5712 qui
2351 5631 2570 5692 malunt
2596 5646 2652 5695 se
2675 5646 2802 5698 vasa
2829 5630 2942 5706 ejus
2967 5644 3094 5692 esse.
