3860 6206
6 339 193 407 1093

1109 341 1568 411 ENARRATIO
1612 349 1689 412 IN
1733 345 2112 415 PSALMUM
2158 347 2491 416 XXXVIII.

3357 355 3516 416 1094

7 477 169 544 (Job.
211 493 289 541 II,
333 477 420 532 10
455 470 516 535 ει
543 473 741 548 alibi):
777 477 1023 549 amicus,
1058 480 1200 552 quid
1230 479 1290 536 in
1321 479 1422 536 illo
1450 481 1575 554 ipSu
1605 482 1754 540 libro
1783 485 1836 551 Α
1867 500 2016 539 cum.
2057 483 2192 540 Plus
2238 489 2326 540 est
2382 485 2644 559 diligere,
2706 501 2885 557 quam
2938 485 3316 542 benedicere:
3379 487 3516 558 quia

11 565 551 637 manifestatur;
584 567 761 636 ﬁlius,
797 572 862 624 ut
888 569 1245 636 Abessalon;
1297 587 1520 638 servus,
1577 570 1752 626 liber-

11 660 149 723 tus,
186 655 648 727 domesticus;
678 657 818 731 quia
846 657 1073 713 inimici
1103 657 1364 716 hominis
1418 659 1595 716 etiam
1644 661 1751 716 do-

15 743 281 800 mestici
319 746 508 818 ejus,
539 750 604 801 ut
633 747 927 821 exagitent
955 763 1090 802 eum
1123 747 1540 821 singuli.Quod
1575 748 1756 822 igitur

16 833 400 890 remedium
442 835 734 892 adversus
764 835 1104 907 hujusmodi
1155 836 1488 893 animorum
1518 837 1751 910 aegritu-

21 921 234 992 dines,
274 924 414 981 nisi
455 924 768 998 patientia,
803 925 918 980 nisi
945 924 1294 981 silentium?
1321 927 1406 994 Et,
1467 927 1620 998 quod
1661 929 1753 982 est

20 1013 317 1085 gravius,
359 1013 485 1070 ille
517 1019 574 1071 te
605 1015 794 1087 magis
833 1013 1088 1084 lacessit,
1151 1015 1250 1086 qui
1310 1015 1577 1072 benﬁciis
1631 1016 1750 1072 tuis

22 1118 187 1158 usus
221 1102 314 1158 sit
355 1119 371 1158 :
424 1107 496 1159 et
541 1103 694 1159 inter
748 1103 909 1176 ipsos
962 1102 1216 1176 amplius
1269 1102 1364 1160 ille
1421 1108 1746 1176 exasperat,

25 1191 137 1263 qui
173 1191 332 1263 plus
367 1191 499 1247 tibi
529 1191 779 1259 debeat;
813 1209 929 1264 quo
968 1192 1159 1266 magis
1215 1191 1430 1266 ingrati
1489 1191 1748 1248 hominis

20 1266 411 1350 acerbitate,
449 1284 560 1336 aut
584 1279 716 1336 vilis
774 1279 1028 1351 alicujus
1085 1296 1348 1352 personae
1397 1280 1750 1353 indignitate

28 1385 312 1426 moveari
323 1387 381 1425 Β.

104 1478 163 1530 9.
203 1476 376 1549 Ergo
403 1476 646 1547 justus,
677 1475 786 1532 etsi
819 1475 1048 1532 amicus
1075 1475 1126 1530 ei
1157 1480 1250 1532 est
1276 1474 1558 1544 insolens,
1593 1475 1749 1531 dolet

34 1583 145 1639 pro
178 1566 424 1633 amico;
464 1565 608 1636 quia
637 1564 854 1621 idcirco
885 1565 1109 1621 amicus
1142 1581 1285 1620 suus
1315 1565 1549 1632 labitur,
1611 1565 1751 1637 quia

37 1657 422 1711 atentatore
461 1650 811 1726 impellitur.
846 1653 905 1709 Si
938 1669 1040 1725 pro
1079 1653 1267 1709 amico
1323 1652 1501 1725 dolet,
1561 1651 1748 1708 multo

40 1743 244 1816 magis
273 1759 397 1815 pro
433 1758 644 1809 uxore,
679 1759 782 1814 pro
809 1742 962 1798 ﬁlio:
999 1742 1047 1798 si
1079 1759 1177 1798 eos
1221 1759 1451 1815 quoque
1483 1743 1594 1798 sibi
1654 1744 1748 1798 in-

1866 573 2054 642 major
2080 577 2168 628 est
2193 573 2406 630 mentis
2436 573 2691 641 dilectio,
2725 591 2901 647 quam
2959 574 3247 631 sermonis
3303 575 3511 647 gratia.

1861 661 2068 717 Justus
2100 663 2390 718 benefacit
2417 663 2466 719 ei
2489 664 2660 735 cujus
2680 663 2830 719 odiis
2861 664 3152 736 appetitus
3173 668 3282 720 est.
3305 663 3512 720 Justus

1862 752 1988 805 orat
2019 766 2121 822 pro
2153 749 2672 808 calumniantibus.
2707 753 2866 807 Bona
2891 752 3168 820 charitas,
3215 757 3273 808 et
3327 753 3513 826 pietas

1861 839 2046 894 bona:
2081 844 2400 912 utrumque
2431 841 2552 905 Dei,
2588 846 2644 896 et
2675 845 2991 914 utrumque
3024 846 3112 897 est
3141 847 3292 898 Deus
3321 860 3333 910 ;
3376 842 3516 915 quia

1859 929 2098 984 charitas
2152 931 2228 984 est
2287 931 2447 995 Deus,
2508 934 2573 984 ut
2629 930 2771 985 dixit
2827 931 3085 986 Joannes
3140 930 3199 984 in
3264 929 3516 1003 epistola

1861 1017 1906 1088 (I
1934 1019 2088 1073 Joan.
2125 1035 2200 1086 ιν,
2236 1018 2344 1088 16).
2381 1018 2512 1073 Ideo
2567 1023 2884 1090 utrumque
2943 1021 3324 1090 conjunctum
3380 1023 3514 1075 est:

1861 1127 1888 1154 «
1923 1105 2154 1179 Diligite
2184 1106 2455 1163 inimicos
2501 1111 2792 1164 vestros...
2824 1113 2882 1163 et
2924 1113 3084 1163 orate
3129 1124 3231 1180 pro
3287 1107 3514 1164 calum-

1860 1193 2160 1249 niantibus
2190 1199 2249 1250 et
2278 1196 2772 1268 persequentibus
2797 1211 2920 1250 vos.
2944 1218 2974 1246 η
3009 1195 3318 1251 Plenitudo
3345 1197 3520 1270 Legi:

1859 1286 1952 1337 est
1975 1281 2262 1339 cbaritas:
2319 1285 2420 1340 sed
2452 1285 2634 1340 etiam
2684 1284 2803 1340 hcce
2860 1284 3155 1357 Evangelii
3211 1283 3513 1358 plenitudo

1859 1387 1961 1442 pro
1987 1371 2483 1429 calumniantibus
2529 1377 2584 1428 et
2631 1373 3122 1445 persequentibus
3184 1390 3292 1430 nos
3343 1374 3516 1446 jubet

1859 1474 2042 1527 orare,
2078 1464 2141 1514 ut
2170 1461 2420 1531 peccatis
2446 1477 2648 1516 eorum
2667 1461 2894 1516 veniam
2926 1460 3290 1534 postulemus
3315 1479 3328 1530 ;
3362 1461 3517 1517 sicut

1859 1546 2053 1602 divino
2076 1548 2300 1618 judicio
2328 1549 2437 1604 Job
2471 1554 2710 1604 sanctus
2733 1551 2953 1605 electus
2985 1553 3092 1618 est,
3127 1550 3299 1622 cuius
3329 1550 3512 1606 oratio

1859 1651 2062 1709 regum
2096 1634 2327 1694 illorum
2362 1637 2848 1694 calumniantium
2872 1640 3037 1710 justo
3061 1637 3317 1696 aboleret
3332 1639 3512 1696 offen-

1859 1741 1985 1780 sam
2019 1727 2153 1792 (Job.
2189 1743 2322 1793 XLII,
2353 1729 2434 1795 8).

43 1829 322 1888 solantes
356 1831 712 1904 experiatur
741 1849 753 1899 ;
788 1839 842 1887 et
868 1831 919 1888 si
951 1831 1127 1888 frater
1155 1833 1425 1904 exagilat,
1477 1837 1541 1888 ut
1596 1833 1747 1887 Esau
1780 1857 1828 1921 Β
1937 1833 2016 1886 ll.
2053 1831 2198 1904 Ergo
2227 1831 2335 1888 etsi
2366 1832 2637 1889 infirmus
2670 1852 2752 1898 es,
2778 1851 2879 1889 ora
2905 1853 2917 1899 ;
2943 1835 3050 1889 etsi
3071 1834 3238 1890 fortis
3267 1851 3352 1902 es,
3385 1853 3504 1893 ora.

47 1925 339 1977 sanctum
373 1919 597 1987 Jacob,
630 1919 787 1976 dolet
807 1925 865 1976 et
895 1920 1102 1993 quaerit
1131 1920 1242 1976 sibi
1273 1921 1510 1977 fratrem
1550 1936 1750 1977 recon-

49 2009 279 2078 ciliare,
308 2009 411 2064 vel
447 2008 655 2080 fugere
681 2026 716 2065 a
744 2009 890 2065 facie
935 2011 1084 2081 ejus,
1116 2013 1184 2064 ut
1230 2009 1487 2066 Rebecca
1541 2011 1750 2066 suade-

52 2099 175 2168 bat,
207 2114 290 2154 ne
322 2097 654 2154 iracundia
685 2098 878 2154 fratris
920 2098 1283 2155 occasionem
1341 2099 1587 2155 nocendi
1645 2097 1751 2155 ali-

53 2205 240 2260 quam
276 2187 589 2260 reperiret
621 2206 635 2256 ;
668 2191 724 2243 et
754 2188 804 2243 si
853 2186 1174 2260 proximus'
1212 2191 1313 2243 aut
1369 2186 1750 2255 domesticus,

56 2276 216 2334 dolet
245 2295 260 2346 ;
297 2281 364 2332 et
387 2277 447 2334 si
481 2275 773 2342 minister,
806 2280 907 2331 aut
935 2274 1205 2346 libertus,
1257 2280 1359 2331 aut
1386 2292 1608 2344 servus,
1641 2276 1752 2330 fert

57 2366 384 2436 patienter,
421 2369 488 2422 et
519 2365 580 2419 in
603 2363 696 2420 his
739 2363 1013 2420 omnibus
1047 2366 1196 2419 tacet
1229 2382 1242 2420 :
1298 2379 1370 2420 ne
1410 2365 1460 2419 ei
1509 2379 1750 2435 respon-

56 2455 214 2523 deat,
248 2471 287 2510 a
320 2470 452 2527 quo
487 2469 627 2509 eum
659 2452 842 2509 cernit
891 2451 1134 2526 impelli.
1186 2451 1556 2509 Conviciatur
1610 2468 1747 2524 ergo

57 2560 125 2600 ex
157 2543 531 2599 domesticis
561 2541 779 2614 aliquis
805 2546 828 2598 Ρ
877 2541 1035 2598 dolet
1065 2545 1122 2598 et
1149 2545 1333 2609 tacet;
1387 2540 1753 2597 eonviciatur

63 2630 320 2688 libertus
343 2631 374 2687 ?
402 2636 588 2700 tacet,
622 2630 981 2687 conviciatur
1012 2629 1257 2687 servus?
1285 2633 1456 2686 tacet.
1489 2629 1583 2686 Sic
1630 2629 1752 2684 vin-

69 2721 222 2777 citur
253 2722 363 2795 qui
394 2721 686 2794 laqueum
712 2721 841 2792 ejus
871 2720 1079 2776 animm
1119 2737 1223 2792 per
1253 2736 1444 2776 escam
1475 2719 1632 2775 vocis
1656 2735 1750 2774 ex-

71 2811 281 2866 tendit.
319 2811 484 2867 Tace
519 2826 657 2882 ergo
687 2814 744 2865 et
774 2813 836 2865 tu
870 2826 1006 2866 cum
1038 2807 1145 2864 tibi
1161 2807 1442 2881 indignus
1468 2807 1752 2864 convicia-

77 2903 190 2967 tur,
221 2904 359 2956 tace
390 2915 540 2955 cum
570 2897 672 2954 tibi
709 2915 932 2966 servus,
965 2901 1022 2953 et
1051 2897 1306 2952 maxime
1335 2901 1495 2964 tuus,
1547 2902 1752 2952 contu-

83 2987 324 3044 meliam
377 2987 550 3055 facit,
600 2991 656 3042 et
703 2987 796 3042 die
838 2986 898 3041 in
951 2987 1122 3043 corde
1187 2990 1321 3042 tuo:
1373 2986 1492 3058 Ego
1555 2989 1750 3064 taceo:

91 3099 117 3126 ιι
145 3076 232 3133 Tu
262 3081 476 3134 autem
519 3092 592 3132 ne
623 3081 837 3142 taceas,
867 3075 1110 3131 Domine
1140 3075 1309 3147 (Psal.
1350 3091 1536 3143 xxxxv,
1576 3075 1690 3145 22),
1722 3097 1750 3125 ››

1863 1919 2140 1976 Infirmus
2170 1938 2273 1993 pro
2305 1925 2360 1977 te
2389 1938 2542 1987 oras,
2571 1923 2738 1978 fortis
2771 1940 2873 1995 pro
2908 1923 3146 1979 inimico
3201 1927 3304 1980 tuo
3359 1941 3512 1982 oras.

1860 2008 2086 2065 Bonum
2120 2015 2354 2065 scutum
2387 2010 2770 2076 infirmitatis,
2830 2013 3035 2068 oratio.
3098 2014 3186 2068 Tu
3245 2030 3399 2081 oras,
3456 2018 3517 2070 et

1860 2097 2146 2154 Dominus
2176 2102 2230 2153 te
2263 2099 2531 2170 protegit.
2566 2100 2790 2154 Bonum
2825 2107 3058 2156 scutum
3091 2101 3267 2157 etiam
3300 2104 3516 2158 trium-

1860 2185 2117 2257 phantis,
2152 2189 2214 2241 ut
2246 2185 2550 2241 inimicum
2601 2192 2771 2242 tuum
2830 2206 3005 2261 quem
3065 2189 3258 2262 possis
3318 2190 3510 2260 ferire,

1859 2275 2172 2343 defendas;
2224 2292 2296 2331 ne
2328 2275 2399 2330 ab
2450 2275 2646 2347 aliquo
2709 2277 3054 2344 trucidetur,
3099 2283 3156 2334 et
3207 2280 3383 2352 (quod
3427 2283 3518 2336 est

1861 2365 2076 2436 majus)
2105 2381 2139 2420 a
2167 2364 2422 2432 Lbristo,
2455 2364 2555 2436 qui
2589 2364 2768 2420 dixit:
2805 2390 2831 2415 «
2867 2366 3011 2422 Mihi
3067 2367 3405 2438 vindictam,
3460 2373 3517 2425 et

1859 2470 1964 2525 ego
1994 2438 2317 2509 retribuam
2351 2453 2527 2526 (Rom.
2577 2471 2676 2523 ιιι,
2730 2456 2836 2527 19).
2893 2478 2920 2505 ››
2975 2455 3102 2512 Ilaec
3155 2461 3243 2514 est
3289 2456 3511 2526 oratio,

1860 2559 1987 2614 quae
2036 2543 2094 2598 in
2154 2542 2352 2599 sinum
2421 2543 2779 2599 convertitur
2823 2544 3214 2616 deprecantis,
3258 2547 3510 2603 fructum

1860 2632 2115 2687 referens
2137 2648 2339 2687 eorum
2369 2632 2496 2702 quae
2530 2631 2714 2687 voluit
2743 2632 3092 2706 impetrare;
3127 2638 3194 2690 ut
3249 2635 3402 2690 dona
3452 2635 3514 2690 in

1861 2721 1989 2791 ejus
2022 2720 2281 2776 animam
2309 2737 2376 2776 ac
2411 2725 2670 2776 mentem
2702 2726 3024 2791 recurrant,
3075 2739 3202 2794 quae
3251 2724 3517 2796 poposcit

1863 2826 1897 2864 a
1926 2808 2172 2864 Domino
2198 2808 2384 2876 ;sicut
2405 2809 2464 2863 in
2489 2809 2912 2881 posterioribus
2936 2810 3029 2866 hic
3051 2810 3205 2866 idem
3229 2811 3516 2884 Pr0pheta

1861 2902 1918 2952 te
1945 2897 2145 2952 docuit
2175 2896 2412 2952 dicens:
2447 2920 2474 2947 ‹‹
2508 2898 2600 2953 Sic
2632 2897 2972 2953 benedicam
3006 2904 3063 2953 te
3098 2899 3154 2954 in
3211 2900 3328 2955 vita
3357 2918 3510 2968 mea,

1861 2990 1918 3040 et
1948 2985 2006 3040 in
2040 2984 2278 3042 nomine
2305 2989 2406 3040 tuo
2439 2985 2640 3042 levabo
2691 3003 2902 3042 manus
2963 3003 3144 3043 meas.
3206 2989 3513 3061 Tanquam

1863 3075 2030 3146 adipe
2063 3079 2121 3129 et
2164 3073 2522 3147 pinguedine
2571 3073 2865 3147 repleatur
2913 3076 3113 3131 anima
3161 3095 3291 3134 mea
3338 3079 3512 3148 (Psal.

87 3170 139 3220 et
163 3167 319 3222 adde
348 3183 363 3221 :
395 3189 426 3217 «
463 3165 553 3222 Ne
583 3164 853 3221 discedas
881 3181 914 3220 a
945 3181 1056 3234 me,
1087 3186 1116 3214 »
1146 3168 1212 3220 ut
1239 3163 1421 3220 David
1469 3163 1755 3235 propheta
1789 3225 1824 3235 Α
1864 3180 1998 3234 LXII,
2031 3165 2088 3232 5,
2115 3164 2192 3235 6).
2229 3185 2256 3212 ››
2289 3163 2419 3235 Ipse
2451 3167 2539 3219 est
2571 3163 2738 3219 sinus
2769 3164 3001 3230 animae,
3061 3170 3348 3221 secretum
3385 3184 3514 3222 ora-

89 3255 353 3324 dicebat;
384 3255 503 3310 hoc
536 3259 645 3322 est,
687 3269 760 3309 ne
790 3253 980 3309 solum
1005 3225 1097 3309 me
1132 3225 1621 3325 impugnantibu-s
1655 3253 1750 3308 de-
1783 3225 1825 3291 ς·
1863 3225 2041 3308 tionis
2071 3225 2200 3323 ejus
2229 3225 2554 3323 penetralia
2583 3250 2918 3319 voluntatis,
2952 3225 3010 3307 et
3032 3254 3294 3324 quaedam
3320 3271 3510 3310 recur-

89 3343 411 3417 relinquas.
446 3343 580 3399 Non
611 3347 697 3399 est
729 3342 884 3398 enim
917 3341 1099 3410 solus,
1147 3341 1239 3398 cui
1291 3340 1444 3396 Deus
1498 3357 1753 3413 presens

89 3437 191 3488 est.
218 3432 435 3506 Accipe
467 3431 876 3489 testmonium.
915 3455 943 3482 «
976 3432 1141 3498 Ecce,
1173 3430 1386 3502 inquit,
1411 3429 1568 3486 venit
1586 3430 1749 3498 hora,

93 3526 151 3576 ut
177 3520 614 3595 dispergamini
646 3518 1058 3591 unusquisque
1087 3519 1146 3574 in
1175 3535 1302 3586 sua,
1336 3523 1395 3575 et
1451 3518 1606 3575 846
1659 3535 1752 3574 me

90 3608 276 3666 solum
307 3610 698 3683 relinquatis;
730 3609 826 3665 sed
864 3625 976 3662 non
1036 3624 1169 3664 sum
1229 3606 1414 3676 solus,
1472 3607 1750 3680 quoniam

93 3696 253 3754 Pater
275 3714 522 3755 meeum
551 3703 640 3755 est
670 3699 849 3770 (Joan.
885 3713 994 3764 xvu,
1028 3695 1140 3768 32).
1177 3718 1204 3745 »

155 3805 242 3860 40.
276 3805 492 3862 Justus
525 3819 662 3876 ergo
703 3805 984 3859 adversus
1039 3801 1356 3859 insolentes
1411 3803 1522 3858 sibi
1580 3806 1750 3871 tacet,

95 3893 282 3963 justus
311 3899 462 3951 orat.
497 3894 647 3949 Audi
672 3893 906 3963 justum
929 3895 1193 3948 orantem
1224 3909 1237 3948 :
1263 3915 1291 3942 «
1325 3891 1435 3947 Pro
1466 3908 1532 3947 eo
1566 3896 1630 3946 ut
1660 3907 1754 3946 me

96 3981 416 4051 diligerent,
450 3980 843 4038 detrahebant
872 3979 1054 4035 mihi:
1097 3997 1202 4053 ego
1256 3983 1453 4041 autem
1511 3979 1752 4035 orabam

100 4068 266 4138 (Psal.
298 4088 460 4138 cvm,
496 4071 574 4141 4).
608 4093 637 4119 ››
661 4071 863 4141 justus
895 4067 1384 4124 maledicentibus
1415 4066 1525 4124 sibi
1574 4069 1753 4123 bene-

100 4157 269 4228 dicit;
304 4165 370 4216 ut
399 4159 696 4216 faciebant
726 4157 996 4231 apostoli,
1059 4156 1213 4212 sicut
1268 4155 1487 4212 Paulus
1545 4155 1755 4213 asserit

103 4245 325 4305 dicens:
361 4272 389 4300 «
422 4247 853 4313 Maledicimur,
885 4250 944 4302 et
973 4245 1376 4302 benedicimus
1406 4246 1453 4317 (Ι
1491 4246 1612 4302 Cor.
1673 4262 1750 4304 xv,

104 4335 204 4405 13).
238 4360 266 4387 ››
294 4338 510 4395 Justus
540 4336 731 4409 diligit
758 4335 1030 4392 inimicos
1060 4351 1221 4391 suos.
1266 4334 1411 4390 Vide
1467 4337 1752 4407 quemad-

105 4425 333 4482 modum
363 4426 654 4500 paulatim
686 4442 790 4498 per
845 4425 1064 4498 gradus
1112 4422 1378 4497 singulos
1437 4425 1751 4481 ascendere

101 4509 329 4570 docetur
361 4517 432 4572 ad
469 4517 836 4571 incrementa
863 4514 1174 4579 virtutum,
1210 4513 1437 4568 dicente
1467 4513 1708 4570 Lomino
1734 4531 1746 4570 :

1863 3341 2116 3396 rentium
2149 3345 2414 3396 votorum
2449 3339 2656 3395 intima
2688 3339 3070 3412 receptacula.
3097 3341 3257 3396 Unde
3287 3347 3344 3396 et
3364 3343 3513 3414 justi

1860 3429 1921 3485 in
1953 3430 2201 3485 Abrahae
2231 3429 2364 3485 sinu
2392 3429 2756 3501 requiescere
2787 3428 3062 3501 leguntur
3081 3431 3231 3500 (Luc.
3256 3448 3374 3497 xvx,
3397 3432 3510 3503 22),

1862 3518 2014 3591 quod
2048 3518 2105 3572 in
2137 3519 2264 3589 ejus
2294 3518 2502 3592 gratia,
2533 3518 2592 3573 in
2625 3518 2752 3589 ejus
2783 3517 3006 3590 requie,
3039 3518 3097 3573 in
3156 3519 3283 3590 ejus
3339 3519 3515 3592 placi-

1863 3607 2042 3664 ditate
2072 3607 2464 3679 requiescant,
2497 3607 2598 3678 qui
2633 3606 2991 3662 conformem
3026 3606 3077 3662 ei
3109 3606 3409 3663 induerint
3447 3609 3513 3662 ﬂ-

1863 3697 2017 3765 dem,
2049 3700 2106 3752 et
2136 3696 2340 3752 eadem
2371 3695 2430 3750 in
2455 3695 2625 3751 bonis
2655 3694 2932 3768 operibus
2963 3695 3205 3752 fecerint
3249 3695 3514 3753 volunta-

1863 3790 1978 3840 tem
1989 3827 2002 3840 .

1969 3892 2020 3948 2.
2055 3891 2168 3947 Sed
2198 3892 2344 3947 forte
2374 3891 2620 3948 miretur
2644 3891 2879 3964 aliquis,
2913 3909 3045 3947 cum
3096 3893 3379 3948 Dominus
3433 3893 3517 3948 di-

1860 3980 2007 4036 xerit
2036 3997 2137 4052 per
2166 3997 2232 4036 os
2275 3980 2478 4049 David,
2551 3980 2705 4052 quod
2766 3980 3118 4036 humiliabat
3175 3981 3232 4035 in
3284 3981 3513 4052 jejunio

1863 4070 2121 4128 animam
2152 4086 2322 4124 suam
2371 4069 2543 4139 (Psal.
2602 4086 2797 4135 xxxxv,
2855 4070 2979 4139 l3);
3041 4071 3332 4140 quomodo
3391 4070 3515 4142 ipse

1862 4157 2041 4213 David
2072 4157 2154 4212 ait
2181 4157 2238 4211 in
2304 4156 2767 4228 posterioribus:
2831 4181 2857 4207 ‹‹
2920 4157 2979 4212 Si
3037 4173 3153 4212 non
3213 4157 3517 4214 humiliter

1863 4244 2208 4312 sentiebam,
2267 4245 2368 4300 sed
2419 4244 2662 4300 exaltavi
2730 4246 2992 4301 animam
3072 4263 3262 4302 meam
3340 4249 3512 4319 (Psal.

1861 4351 2024 4404 cxxx,
2058 4336 2136 4404 2).
2171 4357 2199 4383 ››
2230 4333 2445 4389 Verum
2493 4333 2544 4390 is
2593 4333 2925 4390 consideret
2971 4333 3128 4390 aliud
3182 4352 3311 4392 esse
3361 4336 3510 4393 847

1862 4423 2016 4496 quod
2047 4424 2117 4479 ad
2147 4421 2497 4495 sapientiam
2531 4423 2743 4478 mentis
2776 4424 3045 4490 refertur,
3077 4423 3234 4480 aliud
3262 4426 3416 4496 quod
3441 4427 3513 4482 ad

1860 4511 2252 4568 humilitatem
2282 4511 2509 4566 cordis:
2543 4511 2831 4584 sapientia
2858 4513 3072 4567 mentis
3102 4512 3374 4570 sublimis
3404 4519 3512 4584 est;

106 4620 129 4645 ι(
157 4599 382 4675 Diligite
407 4591 685 4660 inimicos
713 4607 937 4659 vestros
967 4602 1175 4674 (Matth.
1209 4618 1264 4669 v,
1298 4603 1409 4674 44).
1445 4624 1473 4652 ››
1535 4602 1743 4659 Justus
1773 4589 1820 4654 Ι)
1852 4601 2146 4674 sapientia
2177 4605 2373 4656 autem
2407 4601 2602 4656 carnis
2633 4618 2749 4656 non
2780 4602 2950 4657 debet
2980 4602 3190 4657 inﬂari.
3229 4602 3513 4660 Humilia-

106 4694 222 4744 orat
274 4709 379 4764 pro
411 4693 954 4760 calumniantibus;
1011 4692 1151 4764 quia
1207 4695 1265 4746 et
1310 4690 1420 4746 hoc
1477 4692 1750 4764 precepit

106 4771 373 4836 Dominus
403 4783 767 4855 adjungens:
803 4804 831 4830 ‹‹
865 4780 1188 4836 Benefacite
1226 4778 1300 4834 iis
1351 4778 1452 4851 qui
1500 4781 1751 4836 oderunt

108 4876 224 4933 vos,
254 4874 412 4926 orate
449 4888 552 4944 pro
599 4869 1103 4926 calumniantibus
1150 4872 1207 4924 et
1261 4869 1748 4939 persequentibus

109 4965 199 5008 vos
223 4956 424 5029 (Ibid)
463 4981 486 5010 ι
520 4959 647 5031 Ipse
672 4963 761 5015 est
790 4974 894 5030 per
936 4956 1135 5014 omnia
1178 4957 1403 5028 justus,
1463 4956 1565 5028 qui
1625 4957 1746 5014 haec

113 5044 348 5100 custodit
375 5051 433 5103 et
461 5052 668 5104 servat.
703 5047 986 5118 Primum,
1017 5045 1154 5117 quia
1183 5049 1352 5112 tacet,
1385 5050 1442 5099 et
1491 5063 1604 5100 non
1659 5063 1742 5101 re-

114 5132 341 5198 spondet
369 5133 625 5192 inimicis
653 5153 666 5204 ;
702 5135 911 5191 deinde
941 5134 1079 5206 quia
1106 5138 1252 5204 orat,
1286 5133 1394 5189 hoc
1458 5138 1568 5202 est,
1630 5152 1746 5192 non

116 5218 194 5270 est
221 5219 438 5279 otiosus
469 5225 699 5281 affectu.
724 5225 793 5280 Et
821 5224 923 5297 qui
955 5227 1101 5290 orat,
1134 5223 1288 5279 bona
1317 5225 1464 5291 orat,
1513 5239 1629 5279 non
1679 5239 1749 5280 ea

115 5316 226 5372 qua
257 5310 462 5382 cuique
493 5314 721 5386 possint
757 5329 864 5369 suo
892 5311 1130 5368 inimico
1176 5325 1403 5367 nocere.
1464 5310 1602 5367 Plus
1660 5316 1750 5368 est

116 5404 237 5462 ergo
263 5411 440 5469 orare,
491 5417 667 5473 quam
727 5406 936 5458 tacere.
992 5400 1202 5457 Justus
1261 5397 1748 5456 maledicentibus

115 5476 216 5532 sibi
244 5481 543 5544 benedicit.
578 5488 718 5545 Plus
748 5493 837 5544 est
866 5493 924 5546 et
951 5487 1062 5545 hoc
1093 5503 1272 5561 quam
1299 5503 1463 5543 orare
1492 5504 1598 5560 pro
1643 5505 1705 5545 se
1731 5506 1742 5556 ;

117 5578 338 5628 securus
365 5575 518 5633 enim
548 5577 640 5635 sui
684 5577 978 5634 benedieit
1005 5576 1057 5634 ei
1077 5591 1255 5649 quem
1280 5592 1397 5633 non
1419 5575 1609 5646 timet,
1643 5582 1744 5634 aut

108 5651 265 5718 etiam
293 5660 342 5720 ei
373 5679 553 5738 quem
578 5671 713 5728 ante
743 5667 1059 5728 metuebat.
1089 5665 1298 5727 Justus
1328 5663 1524 5743 diligit
1549 5665 1744 5728 inimi~

1856 4691 1958 4747 bat
1987 4707 2122 4763 ergo
2153 4689 2332 4744 David
2365 4689 2424 4744 in
2449 4689 2676 4760 jejunio
2708 4690 2967 4746 animam
2999 4708 3189 4758 suam,
3222 4695 3289 4746 ut
3339 4693 3514 4748 casti-

1857 4781 2117 4852 gandum
2155 4782 2361 4834 nostrae
2385 4778 2578 4833 carnis
2611 4782 2903 4834 tumorem
2936 4779 3188 4835 doceret.
3214 4779 3519 4836 Exaltabat

1858 4868 2116 4924 animam
2167 4866 2476 4939 PrOpheta,
2528 4884 2632 4939 per
2679 4867 2993 4922 sublimem
3047 4867 3147 4922 Dei
3212 4867 3511 4940 gratiam;

1863 4980 1883 5007 ι
1920 4957 2197 5029 quoniam
2230 4961 2287 5010 et
2315 4955 2416 5027 qui
2449 4972 2510 5011 se
2540 4955 2772 5023 exaltat,
2807 4955 3252 5010 humiliabitur:
3297 4960 3354 5009 et
3413 4956 3515 5027 qui

1857 5063 1918 5101 se
1949 5043 2242 5106 bumiliat,
2269 5043 2621 5099 exaltabitur
2649 5046 2798 5112 (Luc.
2832 5060 2944 5106 xxv,
2983 5045 3088 5112 ll).
3116 5066 3140 5090 ››
3177 5042 3289 5096 Nec
3321 5042 3515 5098 solum

1857 5133 2146 5205 superbus
2179 5132 2535 5200 retunditur,
2571 5137 2628 5188 et
2656 5131 2897 5187 humilis
2919 5129 3205 5185 attollitur
3227 5130 3403 5201 digna
3423 5147 3514 5187 re-

1857 5222 2264 5278 muneratione
2295 5221 2660 5290 meritorum,
2695 5221 2848 5276 sicut
2877 5220 3136 5292 primum
3171 5223 3260 5274 est
3299 5217 3514 5275 intelli-

1855 5311 2112 5383 gendum
2148 5327 2160 5365 :
2195 5309 2295 5365 sed
2330 5309 2470 5381 quia
2497 5309 2738 5365 verbum
2768 5309 2869 5364 Dei
2900 5325 2969 5364 ex
2998 5307 3158 5363 omni
3188 5311 3354 5378 parte
3385 5324 3516 5363 acu-

1856 5405 1982 5456 tum
2015 5402 2126 5466 est,
2163 5397 2324 5454 velut
2351 5396 2582 5470 gladius
2612 5401 2713 5468 qui
2751 5415 2821 5453 ex
2871 5397 3101 5453 duabus
3158 5402 3368 5452 acutus
3426 5402 3515 5453 est

1857 5487 2146 5561 partibus,
2179 5501 2284 5558 ego
2317 5487 2570 5542 arbitror
2599 5501 2769 5558 posse
2801 5485 3072 5558 intelligi,
3119 5486 3257 5558 quia
3304 5491 3361 5542 et
3410 5487 3512 5558 qui

1857 5593 1921 5633 se
1950 5574 2187 5643 exaltat,
2211 5575 2371 5630 novit
2399 5589 2463 5630 se
2493 5573 2807 5629 humiliare
2836 5590 2848 5630 :
2883 5578 2941 5630 et
2971 5575 3072 5646 qui
3105 5591 3166 5630 se
3198 5574 3513 5631 humiliare

1858 5663 2038 5736 novit,
2088 5662 2266 5724 etiam
2321 5662 2576 5729 exaltare
2605 5679 2669 5722 se
2726 5662 2905 5722 novit.
2968 5661 3235 5738 Denique
3291 5661 3508 5724 Paulus
