3860 6206
328 357 479 418 1095

1783 355 1847 416 S.
1895 352 2279 418 AMBROSII

3606 356 3767 417 ιωε

323 487 596 554 ostendit,
632 486 861 542 dicens:
896 508 923 534 «
971 485 1088 556 Ego
1145 487 1341 555 autem
1399 483 1575 539 didici
1633 484 1691 539 in
1752 485 1968 556 quibus
1996 488 2049 553 Α
2079 491 2226 543 tum.
2261 486 2673 545 Validissimus
2703 486 2859 545 enim
2886 486 3177 550 cicatricis
3205 486 3613 549 offensionem
3632 504 3764 547 sen-

325 593 459 633 sum
489 574 790 632 sufﬁciens
818 589 968 629 esse.
1003 572 1133 629 Scio
1155 571 1551 639 ethumiliari,
1580 572 1700 629 scio
1721 577 1779 628 et
1798 573 1977 631 abun-

320 668 459 721 dare
485 663 750 734 (Philipp.
785 679 861 726 ιν,
899 663 985 731 ll,
1048 662 1156 731 12).
1213 684 1240 709 ››
1300 662 1449 733 Ergo
1509 666 1565 719 et
1621 662 1801 718 David
1860 680 1977 718 non

318 752 625 809 humiliter
654 750 957 807 sentiendo
989 750 1061 805 de
1092 749 1321 806 Christo
1381 748 1675 807 exaltabat
1718 752 1974 808 animam

320 858 490 897 suam
523 841 656 912 (80),
689 856 866 911 quam
898 838 1216 894 humiliant
1244 843 1305 894 et
1329 839 1611 908 dejiciunt
1638 840 1836 897 Ariani
1863 859 1876 907 ;
1922 845 1980 897 et

317 930 630 986 exaltando
660 927 920 984 animam
973 944 1166 994 suam,
1218 944 1429 984 sensus
1476 928 1757 1001 vigorem,
1810 930 1977 985 ﬁdei-

315 1033 441 1090 que.
460 1017 737 1089 gratiam,
768 1015 1004 1072 virtutis
1024 1014 1379 1072 humilitatis
1400 1016 1496 1088 pio
1524 1018 1978 1089 repraesentabat

315 1108 546 1162 amictu.

384 1197 472 1251 13.
507 1194 696 1267 (Vera.
726 1195 805 1265 3.)
838 1194 971 1249 Ideo
1002 1209 1140 1266 ergo
1169 1193 1401 1250 dicebat
1432 1211 1446 1249 :
1494 1217 1522 1243 ‹‹
1557 1194 1861 1264 Obmutui,
1919 1201 1974 1251 et

315 1283 666 1339 humiliatus
696 1300 852 1352 sum,
886 1286 944 1338 et
985 1281 1122 1339 silui
1177 1300 1211 1339 a
1257 1282 1449 1350 bonis,
1484 1305 1513 1333 »
1553 1283 1692 1355 quia
1739 1288 1976 1340 noverat

310 1373 548 1443 quando
581 1388 644 1428 se
676 1372 991 1427 humiliare
1033 1371 1291 1440 deberet,
1340 1376 1398 1427 et
1455 1376 1694 1429 noverat
1740 1372 1974 1444 quando

311 1461 485 1517 silere
509 1461 766 1519 deberet.
800 1460 1109 1515 Obmutuit
1131 1460 1267 1530 (8t),
1292 1476 1364 1515 ne
1390 1461 1521 1532 ipsa
1549 1460 1806 1533 litigiosa
1836 1478 1972 1519 cum

309 1550 765 1623 obiurgantibus
794 1548 1164 1605 contentione
1206 1552 1637 1621 perstreperet:
1689 1549 1971 1605 humilia-

308 1644 405 1694 tus
444 1643 556 1706 est,
588 1643 658 1694 ut
675 1644 965 1694 tumorem
999 1638 1279 1708 dejiceret
1308 1639 1720 1709 superborum,
1760 1638 1849 1694 vel
1909 1643 1974 1695 ut

307 1728 467 1800 ipsos
499 1728 793 1800 quomodo
826 1727 1140 1782 humiliore
1170 1742 1233 1782 se
1264 1728 1562 1792 deberent,
1595 1744 1701 1784 suo
1742 1728 1974 1785 doceret

308 1816 819 1889 exemplozsiluit
876 1834 910 1871 a
969 1816 1161 1884 bonis,
1221 1815 1361 1887 quia
1407 1816 1561 1871 bona
1618 1816 1973 1872 conscientia

308 1922 426 1975 non
452 1910 585 1977 eget
614 1904 948 1963 defensione
975 1905 1309 1971 verborum,
1365 1921 1494 1977 qua:
1545 1920 1652 1960 suo
1702 1904 1838 1961 nixa
1885 1909 1974 1961 est

307 1994 667 2063 testimonio,
700 1994 830 2067 ipsa
859 1994 950 2051 sui
975 1994 1178 2066 judex.
1224 1994 1476 2067 Ideoque
1524 1994 1730 2065 justus
1789 1994 1967 2049 dicit:

312 2102 333 2130 ι
379 2082 520 2146 Quis
551 2083 934 2153 contradicat,
966 2086 1068 2137 aut
1099 2081 1233 2155 quis
1265 2082 1498 2157 resistat
1527 2082 1673 2137 mihi
1733 2084 1860 2152 (Isu.
1915 2099 1970 2150 ι,

305 2171 407 2243 8)?
440 2194 462 2224 ι
501 2172 569 2227 Et
602 2171 818 2227 Paulus
857 2171 1036 2226 dicit:
1068 2194 1095 2219 ‹‹
1149 2169 1291 2225 Mihi
1341 2169 1501 2225 enim
1561 2187 1664 2242 pro
1726 2170 1970 2226 minimo

308 2265 417 2327 est,
467 2265 535 2316 ut
587 2278 622 2317 a
667 2260 835 2315 vobis
888 2258 1197 2329 dijudicer,
1251 2263 1354 2313 aut
1404 2258 1475 2314 ab
1549 2258 1807 2314 humano
1875 2259 1970 2316 die

310 2349 359 2419 (I
388 2348 510 2403 Cor.
548 2365 621 2418 iv,
652 2349 732 2418 3).
768 2370 796 2395 »
827 2347 1151 2402 Adversum
1181 2344 1611 2403 calumniantes
1656 2351 1714 2403 et
1764 2363 1968 2421 pecca-

308 2442 468 2505 tores
489 2428 693 2508 justus
724 2452 831 2490 suo
853 2434 1081 2509 judicio
1115 2438 1427 2491 contentus
1456 2439 1582 2490 est:
1625 2435 1971 2492 meritorum

308 2529 511 2593 autem
541 2540 785 2583 suorum
810 2522 1104 2595 judicium
1137 2522 1367 2579 Christo
1400 2529 1673 2580 reservat.
1716 2524 1971 2595 Ideoque

309 2614 578 2681 addidit:
617 2614 780 2679 «Qui
816 2611 1103 2684 dijudicat
1160 2627 1277 2679 me,
1328 2612 1611 2668 Dominus
1668 2616 1758 2681 est
1806 2612 1966 2682 (Ibid.

304 2704 383 2771 4).
420 2726 449 2753 ››
483 2702 881 2761 Pulcherrima
928 2717 1063 2756 eum
1101 2699 1362 2772 judicem
1412 2699 1608 2773 elegit,
1657 2700 1756 2773 qui
1808 2699 1970 2755 nulla

313 2791 521 2848 fraude
570 2791 827 2856 fallatur,
872 2794 939 2845 ut
980 2804 1115 2844 eum
1164 2804 1268 2844 nec
1326 2788 1556 2844 occulta
1602 2793 1967 2861 praetereant,

308 2896 415 2936 nec
445 2880 691 2936 infirmae
725 2876 1079 2933 conditionis
1105 2875 1309 2948 lapsus
1339 2878 1632 2957 offendat:
1668 2878 1769 2949 qui
1797 2878 1969 2951 fragi.

303 2969 453 3025 litati
484 2968 638 3025 norit
667 2967 986 3039 ignoscere.
1020 2966 1104 3020 Ad
1138 2964 1339 3021 omnia
1369 2965 1548 3038 igitur
1586 2964 1729 3023 utile
1786 2965 1966 3023 silen—

306 3058 479 3114 tium.
537 3056 596 3110 Si
649 3061 955 3128 peccatum
1017 3054 1311 3128 agnoscis,
1370 3058 1519 3123 tace,
1570 3071 1640 3111 ne
1699 3056 1969 3126 negando

302 3161 656 3220 exaggeres;
693 3144 889 3201 sinon
921 3143 1212 3216 agnoscis,
1274 3148 1398 3198 tace
1456 3160 1698 3199 securus
1756 3144 1827 3199 de
1884 3144 1967 3199 in-

2085 574 2196 631 tire
2225 592 2340 632 non
2371 575 2551 643 novit,
2584 592 2688 637 nec
2718 575 2955 650 plagam
2981 582 3185 650 potest.
3202 576 3443 645 amre.
3479 577 3597 649 qui
3655 578 3763 637 for-

2085 662 2199 718 tior
2227 668 2336 719 est.
2360 666 2422 720 In
2450 663 2577 735 ipso
2593 664 2859 737 pugilum
2884 665 3203 725 certamine
3225 664 3385 729 solet
3407 665 3763 738 plerumque

2086 751 2190 824 qui
2222 752 2425 809 fortior
2445 757 2536 809 est
2554 758 2908 826 exspectem,
2941 760 3046 811 aut
3072 754 3377 815 inferioris
3408 753 3537 817 ictu
3563 754 3763 826 aliqua

2084 839 2427 910 lacessatur,
2470 858 2587 913 quo
2617 842 2806 901 acrior
2832 843 3090 901 offensus
3120 843 3437 915 insurgat;
3468 842 3560 900 ita
3598 858 3765 903 exer-

2086 928 2363 987 citatione
2395 930 2576 993 nimia
2604 935 2780 1002 atque
2808 930 3092 1003 patientia
3121 935 3466 997 roboratus,
3506 934 3577 986 ut
3633 935 3765 987 tan-

2086 1034 2263 1089 quam
2296 1018 2658 1075 insensibilis
2689 1019 2760 1075 ad
2790 1019 3071 1087 dolorem,
3105 1018 3345 1093 plagam
3379 1020 3617 1079 sentire
3648 1036 3763 1077 nos

2085 1106 2293 1177 possit,
2340 1123 2654 1178 percussus
2713 1106 2884 1174 ridet,
2940 1108 3255 1171 lacessitus
3313 1107 3626 1165 initiatur.
3688 1112 3758 1163 At

2082 1211 2216 1252 vero
2244 1195 2486 1255 inferior
2512 1195 2573 1257 si,
2595 1197 2741 1255 forte
2783 1196 2965 1255 ictum
2996 1197 3261 1261 ferientis
3317 1214 3522 1269 supra
3574 1197 3761 1261 obdu-

2083 1288 2237 1340 ctam
2267 1285 2596 1345 cicatricem
2627 1286 2839 1341 veteris
2887 1285 3148 1342 vulneris
3203 1286 3538 1359 exceperit,
3592 1280 3765 1343 mno-

2080 1376 2280 1428 vatum
2346 1373 2523 1428 sentit
2568 1372 2847 1429 dolorem.
2907 1372 3001 1429 Sic
3052 1379 3143 1429 est
3206 1373 3304 1429 cui
3382 1374 3757 1445 objiciuntur

2082 1465 2318 1532 peccata
2346 1461 2670 1535 superiora,
2701 1478 2828 1536 quae
2862 1466 3264 1535 competenter
3319 1460 3527 1519 doluit
3586 1467 3757 1535 atqne

2081 1550 2353 1617 deﬂevit;
2387 1557 2454 1606 ut
2487 1550 2884 1611 satisfactione
2911 1567 3171 1624 congrua
3214 1550 3450 1611 vulneri
3484 1556 3755 1624 peccato-

2082 1655 2213 1694 rum
2246 1656 2488 1696 suorum
2548 1640 2864 1699 abduceret
2917 1639 3273 1697 cicatricem.
3335 1640 3402 1696 Si
3452 1640 3758 1712 perfectus

2080 1733 2190 1793 est,
2221 1731 2377 1783 tacet
2407 1728 2894 1798 conviciantibus,
2927 1727 3087 1784 nullo
3119 1729 3231 1784 sibi
3264 1728 3475 1787 dolore
3521 1743 3757 1789 renova-

2081 1820 2139 1871 to
2166 1833 2180 1884 ;
2213 1816 2352 1888 quia
2381 1817 2487 1872 etsi
2521 1817 2799 1891 peccavit,
2830 1821 3196 1885 securusest,
3230 1817 3379 1891 quia
3400 1817 3543 1881 sine
3576 1818 3752 1890 paeni-

2078 1903 2264 1960 tentia
2294 1909 2432 1960 sunt
2463 1905 2561 1962 Dei
2589 1906 2776 1972 dona;
2809 1910 2867 1961 et
2897 1906 3023 1963 ideo
3064 1921 3191 1978 quae
3238 1905 3431 1963 semel
3490 1906 3751 1975 donavit,

2080 1993 2367 2081 resolvere
2398 2010 2465 2051 ac
2485 2010 2764 2051 renovare
2809 2011 2927 2053 non
2984 1993 3189 2062 soleat,
3241 2011 3384 2052 cum
3439 1992 3583 2080 ipse
3609 1996 3758 2053 dixe-

2080 2082 2192 2137 rit:
2231 2103 2258 2132 ‹‹
2290 2083 2583 2157 Egosum,
2617 2099 2722 2157 ego
2774 2099 2929 2152 sum,
2990 2084 3090 2156 qui
3150 2082 3317 2141 deleo
3378 2082 3755 2156 iniquitates,

2080 2175 2137 2225 et
2167 2187 2392 2227 memor
2420 2187 2535 2227 non
2567 2188 2663 2227 ero
2690 2173 2795 2239 (Isa
2848 2189 3003 2238 XLIII,
3033 2172 3146 2240 25).
3184 2196 3205 2223 ι
3269 2173 3331 2228 Si
3393 2179 3605 2233 autem
3654 2172 3756 2228 im-

2083 2261 2375 2331 perfectus
2424 2264 2481 2317 et
2540 2259 2853 2327 immemor
2918 2260 3245 2319 caelestium
3296 2266 3754 2333 praeceptorum,

2079 2347 2244 2406 dolor
2268 2348 2322 2403 ei
2354 2355 2637 2420 tanquam
2668 2350 2922 2409 rescissa
2944 2350 3213 2407 cicatrice
3235 2355 3574 2422 reparatur.

2156 2438 2243 2492 15.
2282 2437 2465 2508 (Vere.
2498 2438 2578 2510 Δ.)
2610 2460 2637 2487 ‹‹
2672 2438 2974 2495 Concaluit
3004 2456 3103 2495 cor
3158 2456 3359 2496 meum
3418 2440 3585 2501 intra
3642 2456 3750 2510 me,

2078 2529 2134 2581 et
2163 2525 2225 2581 in
2256 2526 2637 2582 meditatione
2666 2542 2803 2587 mea,
2825 2527 3162 2595 exardescet
3190 2527 3369 2601 ignis.
3410 2551 3440 2579 ››
3471 2528 3751 2587 Graviore

2080 2614 2344 2682 vulnera,
2377 2613 2531 2670 sicut
2551 2615 2841 2684 novimus,
2874 2616 3132 2673 caustico
3165 2617 3610 2681 medicamento
3664 2616 3747 2675 vel

2079 2704 2321 2760 admoto
2352 2704 2487 2776 igne
2517 2707 2817 2761 curantur.
2852 2705 3001 2777 Ergo
3029 2704 3119 2761 vir
3148 2706 3387 2778 sapiens
3433 2707 3568 2783 ipse
3625 2724 3736 2773 me-

2079 2793 2246 2848 dicus
2293 2797 2384 2849 est
2431 2793 2587 2851 sibi:
2636 2797 2827 2853 tamen
2875 2793 2986 2851 etsi
3031 2795 3299 2851 medicus
3352 2799 3469 2863 est,
3518 2795 3745 2863 vulnus.

2079 2898 2259 2938 suum
2289 2882 2731 2955 curatJdeoque
2761 2882 2811 2938 si
2843 2898 2958 2938 non
2982 2882 3150 2956 plene
3173 2880 3735 2949 consummatusest

2077 2971 2149 3025 ad
2182 2970 2478 3026 inoffensae
2508 2969 2929 3037 habitudinem,
2943 2970 3233 3038 sanitatis,
3263 2978 3593 3044 vaporatur
3619 2975 3736 3045 ejus

2077 3074 2195 3123 cor,
2244 3058 2420 3113 habet
2448 3057 2690 3123 febrem,
2780 3058 3031 3132 ignescit
3112 3059 3187 3115 ad
3229 3059 3466 3133 obiecta
3548 3060 3731 3119 convi-

2076 3147 2185 3201 cia.
2220 3147 2290 3201 Et
2321 3146 2368 3202 si
2400 3150 2573 3215 tacet,
2604 3147 2693 3203 vel
2734 3146 2889 3203 intra
2915 3165 2979 3205 se
3037 3148 3263 3205 teritur.
3323 3148 3504 3223 Lapis
3563 3151 3613 3208 si
3664 3150 3731 3216 ad

310 3235 599 3292 nocentia.
632 3234 756 3290 Non
790 3236 1040 3305 possunt
1070 3231 1260 3288 aliena
1289 3231 1463 3287 verba
1492 3231 1714 3287 crimcn
1772 3231 1971 3304 affige-
2005 3230 2047 3295 C
2082 3233 2333 3306 lapidem
2367 3222 2607 3306 teratur,
2636 3228 2835 3310 ignem
2890 3238 3149 3305 excutit;
3204 3237 3287 3294 ita
3343 3236 3538 3305 etiam
3590 3239 3738 3301 bona

305 3342 387 3393 re,
421 3325 577 3397 quod
608 3322 847 3395 propria
877 3337 993 3375 non
1025 3320 1243 3392 recepit
1272 3320 1647 3377 conscientia.

382 3416 471 3471 14.
503 3412 811 3486 Sequitur:
848 3434 875 3460 «
912 3411 979 3466 Et
1017 3408 1183 3465 dolor
1213 3425 1381 3464 meus
1429 3415 1742 3465 renovatus
1793 3416 1900 3464 cst.
1935 3430 1962 3457 ››

301 3503 508 3560 Adhuc
565 3501 626 3557 in
686 3499 960 3558 inferiore
1017 3498 1249 3554 virtutis
1306 3498 1493 3571 gradu
1547 3498 1774 3570 positus
1845 3497 1963 3552 bzec

302 3593 481 3662 verba
509 3588 823 3662 depromit,
857 3587 1013 3659 quod
1045 3586 1210 3644 dolor
1240 3586 1352 3641 sibi
1382 3592 1751 3658 peccatorum
1809 3593 1961 3640 vole-

305 3660 436 3735 rum
468 3660 791 3749 objections
815 3683 1124 3732 renovatus
1151 3676 1246 3741 sit,
1281 3692 1409 3747 quae
1442 3674 1630 3730 deleta
1672 3676 1798 3745 jam
1859 3676 1957 3729 ob-

304 3767 542 3824 duxisse
570 3766 875 3821 videbatur
931 3763 1166 3829 oblivio,
1222 3764 1309 3818 vel
1371 3763 1657 3818 bonorum
1716 3780 1958 3833 operum

303 3860 528 3914 texerat
576 3853 999 3927 compensatio.
1054 3852 1313 3924 Denique
1388 3850 1448 3905 in
1534 3852 1958 3924 posterioribus

304 3946 476 4020 quasi
504 3944 710 4001 fortior
737 3942 919 3998 dicit:
955 3964 983 3991 ‹‹
1024 3940 1311 3995 Viderunt
1367 3956 1480 4009 me,
1540 3944 1596 3995 et
1653 3945 1961 3995 moverunt

303 4036 498 4108 capita
526 4051 634 4090 sua
664 4033 832 4105 (Psal.
866 4048 1026 4103 cvm,
1058 4030 1169 4101 25),
1210 4052 1229 4078 ι
1261 4046 1327 4085 eo
1358 4029 1512 4102 quod
1572 4028 1954 4096 minarentur,

304 4129 363 4181 et
394 4139 599 4180 nocere
630 4139 746 4178 non
770 4124 1029 4194 possent.
1055 4119 1123 4175 Et
1143 4118 1369 4173 addidit
1391 4134 1403 4171 :
1429 4141 1455 4167 ‹‹
1484 4116 1829 4172 Maledicent
1852 4116 1955 4183 illi,

303 4219 361 4270 et
390 4218 452 4270 tu
483 4212 793 4268 benediccs
825 4210 985 4281 (Ibid.
1019 4210 1132 4281 28).
1165 4208 1235 4263 Et
1277 4206 1429 4280 quod
1488 4206 1657 4279 quasi
1712 4206 1957 4262 validior
1996 4280 2001 4287 ί

303 4304 584 4378 loquitur,
618 4300 920 4373 negligens
951 4296 1198 4370 injuriae,
1232 4296 1319 4352 vel
1350 4296 1613 4368 pudoris,
1647 4296 1737 4349 cui
1783 4298 1953 4351 bone-

2079 3323 2441 3379 conscientia
2471 3324 2691 3395 pudore
2750 3325 3147 3392 succenditur,
3207 3325 3260 3382 si
3321 3334 3638 3386 renovetur
3688 3328 3735 3384 ei

2074 3429 2323 3469 suorum
2357 3413 2682 3469 recordatio
2711 3412 3081 3471 delictorum.
3112 3437 3141 3466 «
3178 3416 3249 3471 Et
3276 3416 3341 3475 in
3380 3417 3515 3490 ipsa
3561 3417 3733 3477 medi-

2071 3502 2294 3557 tatione
2329 3501 2481 3575 ignis
2509 3502 2850 3559 exardescit.
2890 3526 2918 3553 »
2967 3503 3094 3559 Non
3143 3503 3349 3573 malus
3386 3506 3595 3580 ignis,
3642 3506 3734 3579 qui

2072 3590 2441 3657 adurat,'sed
2476 3608 2593 3647 non
2627 3596 2850 3648 exurat.
2885 3591 3052 3648 Talis
3068 3592 3223 3664 ignis
3254 3593 3355 3649 Dei
3380 3612 3563 3667 quem
3590 3595 3731 3667 Moy-

2070 3695 2163 3733 ses
2198 3679 2255 3732 in
2288 3679 2436 3734 rubo
2485 3678 2667 3746 vidit;
2730 3679 2967 3752 quando
3034 3682 3220 3738 rubus
3279 3684 3592 3752 urebatur,
3638 3684 3728 3740 sed

2072 3784 2186 3820 non
2223 3766 2599 3823 exurebatur.
2632 3768 2736 3824 Est
2765 3784 2901 3841 ergo
2933 3769 3113 3842 ignis,
3142 3770 3243 3843 qui
3275 3777 3592 3843 peccatum
3634 3773 3729 3829 mi-

2070 3856 2227 3923 nuit,
2259 3860 2315 3911 et
2346 3873 2454 3911 suo
2487 3856 2720 3933 culpam
2753 3858 2960 3913 ardore
2987 3858 3271 3930 depascit.
3319 3860 3424 3916 Est
3478 3867 3536 3917 et
3590 3861 3728 3934 ignis

2074 3944 2175 4017 qui
2208 3943 2536 4000 caelestium
2579 3946 3014 4019 Scripturarum
3072 3948 3565 4007 meditationibus
3593 3951 3727 4007 exci-

2067 4038 2251 4100 tatur;
2286 4031 2443 4088 velut
2466 4033 2560 4089 ille
2574 4033 2645 4089 de
2668 4051 2781 4107 quo
2794 4035 3272 4092 dicitJeremias:
3298 4061 3325 4087 «
3352 4038 3423 4094 Et
3441 4046 3569 4095 erat
3587 4039 3731 4117 ignis.

2067 4120 2483 4195 ﬂammigerus
2543 4122 2604 4179 in
2635 4123 2871 4179 ossibus
2903 4124 3050 4180 meis
3081 4124 3306 4196 (Jerem.
3340 4144 3439 4195 xx,
3470 4128 3551 4201 9).
3573 4151 3600 4179 ι)
3626 4132 3725 4184 Aut

2063 4208 2161 4264 ille
2195 4210 2407 4282 dequo
2438 4209 2746 4284 Cleopbas,
2808 4216 2865 4267 et
2923 4213 3025 4285 qui
3085 4212 3268 4269 simul
3326 4215 3446 4271 iter
3495 4217 3720 4291 agebat;

2062 4298 2298 4370 quando
2331 4303 2464 4371 post
2497 4299 2991 4357 resurrectionem
3049 4301 3135 4357 eis
3193 4318 3256 4358 se
3312 4302 3589 4362 Christus
3639 4306 3721 4362 ad-

303 4391 479 4449 dictio
510 4388 744 4446 Domini
785 4406 887 4461 pro
918 4386 1194 4442 omnibus
1233 4384 1385 4440 848
1417 4384 1760 4439 abundaret.
1802 4385 1951 4456 Ergo
2052 4385 2271 4457 junxit,
2335 4403 2607 4443 sermone
2682 4393 2886 4446 mutuo
2968 4389 3355 4446 conferebant
3425 4393 3716 4460 dicentes;

303 4483 369 4541 in
394 4481 506 4537 isto
538 4476 763 4552 psalmo
794 4476 1120 4532 tricessimo
1151 4478 1349 4530 octavo
1381 4473 1548 4544 quasi
1583 4473 1638 4526 in
1695 4473 1949 4544 quadam

302 4569 699 4633 meditatione,
734 4565 993 4620 nondum
1025 4569 1219 4620 tamen
1250 4563 1310 4616 in
1342 4562 1497 4617 omni
1546 4561 1769 4616 locutus
1829 4579 1952 4635 per-

302 4656 551 4713 fectione
579 4652 830 4721 virtutis,
864 4654 1005 4708 dicit
1056 4652 1167 4708 sibi
1218 4651 1475 4707 dolorem
1527 4667 1656 4706 esse
1712 4667 1954 4707 renova-

375 4834 487 4908 (80)
546 4834 630 4890 Ita
683 4849 827 4908 mss.
885 4830 1014 4886 Vat.
1075 4831 1214 4893 duo,
1279 4833 1335 4908 et
1408 4829 1671 4908 quinque
1744 4828 1952 4908 Gallic.

301 4900 625 4966 Verborum
657 4904 892 4977 quidem
927 4919 1138 4957 sensus
1170 4900 1674 4977 paulo‘obscurior
1702 4904 1827 4977 est;
1859 4918 1954 4977 ve-

304 4997 437 5036 rum
469 4979 519 5035 ei
552 4971 1011 5033 non-minimum
1068 4971 1300 5028 accedet
1354 4971 1618 5039 luminis,
1679 4973 1727 5027 si
1785 4973 1957 5028 modo

304 5053 376 5108 ad
408 5049 705 5123 superius_
731 5046 877 5123 illud
921 5044 1220 5123 respicias,
1268 5061 1395 5123 cum
1443 5044 1960 5123 nginyadixerit

298 5140 398 5196 per
434 5115 503 5178 os.
531 5119 725 5196 Dauid,
776 5122 897 5196 etc.
948 5115 1209 5196 intelligo
1236 5115 1445 5196 .igitur
1502 5115 1853 5196 Prophetam
1899 5116 1957 5196 in

304 5187 552 5279 persona
592 5188 1125 5279 Cbristiiei'taltassel
1147 5187 1413 5244 animam
1445 5187 1636 5269 suam,
1676 5191 1733 5242 et
1761 5187 1959 5243 omnia

294 5258 419 5337 jam
453 5264 628 5337 plana
657 5261 1001 5337 erunt._l_loc
1031 5265 1235 5337 autem
1258 5274 1394 5337 cum
1443 5258 1644 5314 minus
1682 5274 1958 5337 asseque-

302 5331 506 5393 rentur
540 5335 787 5390 Romani
816 5333 1088 5399 editores,
1122 5331 1296 5387 verba
1322 5334 1842 5403 rtransposuerunt
1900 5331 1958 5384 in

302 5408 461 5463 hunc
478 5408 718 5463 modum
746 5423 759 5460 :
779 5406 852 5461 De
874 5404 1088 5460 Christo
1109 5406 1293 5476 (quem
1310 5402 1612 5476 humilium
1625 5402 1961 5474 etdejiciunt

303 5479 521 5548 Ariani)
567 5478 847 5548 exultabat
903 5474 1153 5541 animant
1216 5490 1418 5548 suam;
1466 5474 1564 5548 hoc
1617 5482 1715 5548 est,
1770 5488 1962 5548 sensus

301 5544 578 5628 vigorem,
785 5548 1091 5628 gratiam,
1166 5547 1438 5628 virtutem
1480 5544 1961 5628 humilitatisnpio

304 5614 710 5690 representabat
738 5614 951 5690 aﬂbctu.
984 5620 1121 5675 Ant.
1162 5631 1295 5673 vero
1326 5614 1480 5690 edit._
1499 5621 1555 5671 et
1602 5632 1745 5690 mss.
1807 5614 1956 5672 Vict.

305 5683 549 5751 et'Golb.
589 5683 800 5746 eadem
827 5688 1003 5746 verba
1032 5702 1272 5763 prorsus
1298 5685 1658 5747 ‘recidsrant
1687 5684 1776 5746 sic
1806 5703 1958 5767 pra-

2066 4474 2301 4533 cNonne
2331 4492 2429 4531 cor
2457 4480 2726 4531 nostrum
2781 4477 2997 4533 ardens
3042 4484 3168 4534 erat
3225 4479 3286 4534 in
3348 4480 3547 4550 nobis,
3598 4499 3714 4538 cum

2063 4562 2317 4637 aperiret
2346 4564 2517 4621 nobis
2548 4564 2878 4637 Scripturas
2912 4568 3060 4637 (Luc.
3108 4583 3262 4637 xxw,
3322 4568 3469 4641 32)?
3518 4593 3547 4619 ι)
3599 4571 3712 4626 Ideo

2066 4658 2123 4708 et
2156 4653 2439 4709 Dominus
2467 4653 2648 4722 venit,
2680 4658 2747 4708 ut
2778 4654 2971 4727 ignem
3004 4655 3162 4710 hunc
3190 4655 3251 4712 in
3282 4661 3507 4714 terram
3546 4658 3712 4715 mitte-

2068 4832 2359 4888 ferentes:
2420 4833 2496 4888 De
2570 4832 2802 4896 Christ-0,
2859 4834 3135 4891 exultabat
3215 4836 3467 4891 animam
3550 4851 3711 4901 suam,

2063 4919 2358 4974 sensusque
2385 4906 2596 4974 vigore,
2625 4903 2860 4976 ﬁdeique
2887 4908 3091 4975 gratia,
3119 4907 3381 4962 virtutem
3436 4907 3711 4963 humilita-

2067 4977 2158 5040 εἰς,
2189 4981 2299 5030 etc.

2138 5045 2250 5118 (81)
2281 5049 2418 5101 Mss.
2451 5044 2602 5121 Vict.
2636 5048 2693 5101 et
2722 5044 2909 5121 Colb.,
2953 5046 3238 5121 Obmutuit
3295 5052 3348 5104 et
3406 5051 3548 5121 ipse,
3604 5050 3707 5104 liti-

2101 5117 2219 5194 _z'_osa
2276 5133 2402 5174 cum
2453 5118 2800 5194 obiurgantes
2876 5120 3216 5194 contentione
3296 5117 3702 5194 perstrejmreiit.

2064 5134 2219 5243 g‘wsa
2276 5134 2402 5174 cum
2453 5134 2800 5190 oojurgantes
2876 5134 3216 5177 contentione
3296 5134 3702 5194 perstrepunt.

2119 5186 2298 5244 huan.
2327 5231 2342 5258 ,
2378 5229 2390 5241 .
2430 5228 2443 5242 .
2480 5231 2493 5244 .
2527 5204 2596 5243 ne
2625 5190 2871 5262 litigiosa
2900 5190 3023 5262 cum
3051 5190 3477 5262 obiurgantibus
3503 5197 3705 5255 conten-

2067 5261 2213 5316 tione
2238 5262 2616 5331 per-streperet.
2648 5259 2898 5315 Demum
2928 5260 3066 5317 edit.
3087 5259 3202 5317 vet.
3222 5259 3305 5317 ac
3358 5263 3529 5319 Rom.
3585 5279 3701 5320 cum

2067 5330 2196 5387 Vat.
2225 5328 2283 5387 ét
2309 5328 2615 5387 aliis—Gali.
2672 5335 2743 5387 ut
2793 5348 2903 5387 nos
2954 5332 3016 5387 in
3066 5336 3250 5389 textu.
3307 5333 3540 5392 Rursus
3594 5339 3703 5392 cost

2077 5350 2196 5387 Vat.
2225 5350 2283 5387 Θῐ
2309 5350 2442 5386 auls
2467 5350 2615 5387 υωιι
2672 5350 2743 5387 ιιι
2793 5350 2903 5387 nos
2954 5350 3016 5387 ΠΙ
3066 5350 3250 5389 sonu.
3307 5350 3540 5392 nutans
3682 5350 3697 5390 ῑ

2068 5418 2274 5474 pauca,
2324 5402 2424 5458 ubi
2459 5402 2618 5474 pedit.
2679 5407 2791 5460 vet.
2842 5419 2907 5463 ac
2963 5402 3131 5460 Rom.
3181 5421 3317 5461 cum
3374 5423 3523 5474 mss.
3587 5350 3697 5463 $2:

2068 5470 2125 5529 et
2155 5470 2419 5549 quinque
2443 5473 2679 5549 galliq._,_
2705 5474 2793 5530 vel
2822 5475 3059 5549 utjpsos
3101 5475 3367 5549 quomodo
3424 5470 3695 5535 humiliore

2065 5561 2124 5601 se
2151 5543 2420 5605 deberent.
2444 5544 2581 5603 Cod.
2613 5543 2761 5605 Vict.
2794 5550 2850 5604 et
2888 5543 3071 5623 Golb.,
3103 5543 3190 5605 {iet
3219 5548 3282 5604 ut
3311 5551 3458 5623 ipso:
3492 5548 3691 5606 humili-

2069 5633 2172 5676 are
2200 5632 2257 5677 se
2292 5616 2499 5678 debere.

2069 5633 2172 5676 are
2200 5632 2257 5677 88
2292 5632 2499 5678 αεοσνε.
