3856 6206
90 341 214 405 1097

1038 337 1494 401 ENARRATIO
1539 334 1619 399 IN
1663 336 2041 402 PSALMUM
2084 337 2415 402 XXXVIII.

3270 311 3424 402 mea

88 480 179 541 ret;
207 489 306 544 quo
327 469 678 532 illuminaret
701 472 930 530 animas
961 471 1388 539 universorum,
1413 470 1674 526 studium
1704 472 1755 538 Α
1792 493 1818 520 ‹‹
1850 470 2036 526 Patris
2067 472 2179 526 mei
2215 470 2550 528 mansiones
2571 469 2767 526 multis
2799 476 2940 527 sunt
2967 473 3144 542 (Joan.
3176 487 3290 544 xlv,
3310 471 3425 544 2).»

89 560 394 626 accenderet,
427 559 642 615 crimen
668 563 951 615 exureret.

145 651 213 702 16.
243 649 410 715 (Vers.
455 647 531 717 5.)
574 670 602 698 «
647 648 897 703 Locutus
948 665 1081 703 sum
1135 648 1191 702 in
1250 647 1454 719 lingua
1499 664 1674 703 mea:

89 741 252 790 notum
282 735 361 790 fac
400 733 562 801 mihi,
592 735 856 804 Domine,
891 737 1066 791 ﬁnem
1110 752 1307 791 meum
1343 753 1354 790 :
1385 741 1444 790 et
1472 752 1676 790 nume-

87 840 187 878 rum
212 823 418 878 dierum
451 839 712 879 meorum
745 823 846 895 qui
886 828 1010 892 est;
1041 828 1106 880 ut
1145 824 1326 879 sciam
1359 823 1498 895 quid
1529 824 1680 879 desit

87 910 216 964 mihi.
237 932 262 960 »
291 911 478 965 Bonus
507 910 682 982 ignis,
714 912 816 982 qui
848 912 985 968 fecit
1013 915 1077 967 ut
1105 911 1392 983 Propheta
1418 911 1677 982 loquere-

85 1005 172 1052 tur.
199 999 256 1053 Et
280 999 402 1054 vide
424 1016 494 1054 ne
525 999 651 1071 ipse
681 1000 757 1056 sit
796 1000 952 1073 ignis
983 1001 1081 1072 qui
1116 1001 1278 1055 visus
1309 1005 1417 1066 est,
1442 1000 1675 1071 quando

87 1086 132 1139 in
157 1086 232 1141 die
267 1086 624 1142 Pentecostes
655 1088 714 1142 in
745 1104 931 1144 unum
981 1088 1174 1143 locum
1205 1087 1511 1159 discipulis
1539 1103 1676 1142 con-

82 1173 307 1245 gregatis,
358 1174 568 1230 decidit
617 1193 750 1230 cum
802 1177 955 1232 849
995 1177 1050 1230 vi
1081 1193 1297 1248 magna
1349 1192 1527 1246 super
1579 1192 1676 1231 eos

82 1260 290 1331 Spiritus
318 1267 572 1328 sanctus,
605 1268 661 1320 et
690 1263 912 1336 linguis
941 1264 1118 1320 variis
1150 1264 1558 1335 loquebantur.
1584 1263 1675 1318 Sic

79 1350 204 1404 enim
230 1350 508 1422 Scriptum
555 1355 643 1407 cst
676 1369 743 1406 :«
777 1352 923 1416 Quia
964 1351 1100 1407 visae
1146 1356 1287 1407 sunt
1332 1350 1543 1423 linguis
1576 1367 1676 1406 eo-

82 1454 185 1492 rum
209 1437 463 1510 dispersae
513 1444 794 1511 tanquam
841 1441 995 1512 ignis
1028 1441 1161 1512 (Act.
1198 1458 1258 1507 ιι,
1293 1439 1367 1511 3).
1397 1461 1424 1488 »
1455 1439 1558 1494 Hic
1587 1444 1678 1495 est

77 1541 183 1596 ergo
211 1526 299 1596 qui
327 1526 467 1581 dixit
517 1527 588 1583 ad
633 1527 950 1584 Jeremiam
989 1544 1000 1582 :
1031 1549 1056 1577 «
1089 1529 1230 1583 Ecce
1259 1527 1332 1582 do
1366 1526 1472 1581 tibi
1502 1527 1561 1580 in
1610 1544 1675 1582 os

76 1613 218 1667 verba
258 1630 378 1668 mea
429 1615 486 1668 in
541 1615 734 1687 ignem
789 1617 1008 1686 (Jerem.
1045 1633 1098 1681 v,
1136 1615 1242 1686 14).
1273 1637 1301 1664 ››
1333 1615 1493 1669 Hanc
1539 1631 1675 1688 ergo

75 1705 119 1753 et
144 1701 293 1756 David
321 1701 576 1775 linguam
629 1704 786 1775 ignis
829 1705 1070 1770 accepit,
1107 1709 1168 1758 ut
1218 1703 1422 1758 divina:
1473 1705 1674 1775 cogni-

1788 559 1898 614 Dat
1954 576 2089 632 ergo
2147 559 2462 632 unicuique
2515 559 3042 632 locumJDominus
3088 559 3427 630 Jesus,_hoe

1786 651 1892 715 est,
1925 652 2119 719 aptam
2151 664 2254 719 pro
2285 649 2755 720 uniuscujusque
2785 645 3010 704 meritis
3036 647 3426 716 mansionem.

1787 734 2201 806 Unusquisque
2247 735 2401 790 enim
2443 736 2502 790 in
2533 753 2640 791 suo
2684 735 2905 791 ordine.
2939 735 3240 795 Pracessit
3267 751 3426 810 ergo,

1790 827 1854 877 ut
1882 829 2115 894 pararet
2143 824 2202 877 in
2237 840 2298 894 se
2328 824 2701 880 credentibus
2729 823 2944 880 locum.
2976 823 3139 890 Unde
3168 824 3346 900 etiam
3371 827 3430 890 et

1786 911 1928 965 dixit
1961 927 2008 964 ;‹‹
2035 911 2094 966 Si
2123 911 2340 978 abiero,
2365 917 2416 966 et
2447 928 2742 984 paraivero
2771 911 2935 966 vobis
2965 910 3178 982 locum,
3210 911 3427 986 iterum

1787 998 1953 1053 venio
1985 998 2055 1054 ad
2085 1015 2209 1064 vos,
2240 1004 2295 1053 et
2322 1016 2613 1054 accersam
2643 1015 2744 1054 vos
2776 999 2848 1054 ad
2879 998 3201 1071 meipsum;
3234 1003 3300 1055 ut
3323 999 3426 1056 ubi

1786 1103 1891 1159 ego
1923 1103 2051 1141 sum
2083 1076 2139 1141 et
2166 1104 2267 1142 vos
2298 1088 2428 1142 sitis
2462 1104 2474 1142 :
2509 1091 2565 1142 et
2610 1104 2724 1159 quo
2771 1087 2915 1142 vado
2957 1087 3142 1154 scitis,
3171 1090 3228 1156 et
3271 1086 3426 1162 viam

1788 1174 1952 1251 scitis
1983 1174 2138 1244 (Ibid.
2171 1176 2224 1241 3,
2258 1175 2334 1244 4).
2361 1197 2388 1223 ››
2420 1175 2521 1230 Est
2558 1190 2694 1250 ergo
2734 1175 2830 1250 via
2876 1191 2979 1248 per
3009 1191 3185 1252 quam
3235 1190 3426 1250 resur-

1787 1279 1929 1334 gens
1978 1261 2244 1317 Christus
2290 1263 2572 1318 ascendit.
2607 1264 2678 1318 Et
2725 1262 2822 1318 ille
2871 1263 3111 1335 quidem
3166 1263 3434 1341 ascendit

1785 1367 1961 1422 super
1988 1367 2190 1405 omnes
2221 1349 2396 1405 caelos
2427 1352 2498 1406 ad
2525 1351 2627 1406 Dei
2659 1351 2857 1407 sedem
2891 1368 2904 1406 :
2933 1351 3200 1426 homines
3229 1355 3427 1414 autem

1789 1454 1822 1493 a
1851 1438 2041 1510 primo
2071 1438 2214 1494 coelo
2245 1439 2316 1493 ad
2344 1439 2690 1508 secundum,
2717 1442 2773 1494 et
2801 1437 3076 1512 deinceps
3107 1455 3142 1512 a
3168 1439 3425 1515 secundo

1787 1526 1857 1581 ad
1889 1526 2148 1593 tertium,
2182 1530 2238 1581 et
2268 1527 2339 1581 ab
2372 1526 2469 1582 illo
2490 1544 2590 1600 per
2622 1527 3024 1596 distinctiones
3054 1527 3172 1594 fere
3203 1527 3274 1584 ad
3303 1543 3428 1605 sep-

1787 1614 1998 1669 timum
2030 1614 2261 1682 coelum,
2297 1620 2469 1686 atque
2500 1617 2556 1670 in
2589 1617 2777 1688 ipsam
2811 1615 3073 1690 apsidem
3103 1620 3160 1690 et
3184 1616 3428 1692 summi-

1784 1707 1960 1757 tatem
2013 1703 2288 1758 coelorum
2323 1705 2432 1775 (83)
2466 1705 2566 1774 qui
2615 1708 2936 1776 merentur,
2985 1705 3329 1761 ascendunt.
3365 1705 3426 1764 Si

76 1787 214 1843 tionis
257 1807 566 1847 succensus
617 1793 820 1848 ardore
851 1793 1190 1863 loqueretur
1224 1809 1235 1845 :
1265 1813 1292 1842 «
1323 1790 1536 1846 Notum
1586 1791 1674 1846 {ac
1705 1829 1752 1895 B
1783 1805 1917 1860 ergo
1950 1807 2230 1846 numerus
2263 1791 2486 1846 viarum
2510 1795 2620 1861 est,
2639 1797 2696 1865 et
2713 1809 2996 1864 numerus
3017 1792 3426 1895 mansionum;

77 1876 187 1895 η...
237 1877 298 1895 τ..
378 1879 388 1889 .
524 1880 552 1895 ,.
1051 1881 1097 1895 ι,
1235 1881 1250 1895 ,
1467 1884 1476 1895 ,
1971 1894 1976 1895 ί
2346 1880 2382 1895 ..
2657 1886 2666 1895 .
2893 1880 2895 1882 -
3097 1882 3113 1895 .
3234 1881 3272 1895 ..
3369 1881 3404 1895 ..

76 1876 207 1942 mihi,
235 1877 487 1946 Domine,
519 1880 695 1936 ﬁnem
747 1897 1019 1936 meum.»
1051 1881 1177 1936 Non
1218 1881 1290 1936 de
1333 1884 1518 1935 morte
1565 1896 1672 1935 sua

74 1965 237 2033 quaerit
269 1966 471 2039 (neque
502 1971 659 2023 enim
692 1968 787 2025 hic
818 1969 952 2025 finis
997 1972 1435 2040 resurrecturo),
1471 1969 1567 2024 sed
1602 1968 1672 2022 de

71 2067 121 2106 eo
147 2053 242 2110 ﬁne
267 2057 464 2125 querit
512 2057 585 2113 de
633 2074 747 2128 quo
797 2057 1109 2128 Apostolus
1162 2057 1350 2112 dixit:
1386 2057 1533 2122 Quia
1577 2056 1672 2112 ille

71 2140 178 2196 finis
197 2143 413 2212 quando
440 2144 729 2200 Dominus
747 2145 919 2201 Jesus
951 2147 1142 2200 tradet
1162 2161 1405 2217 regnum
1432 2145 1546 2200 Deo
1571 2146 1671 2199 Pa-

69 2228 153 2293 tri;
181 2235 230 2284 et
253 2233 552 2289 evacuabit
579 2249 784 2288 omnes
818 2233 1184 2305 Principatus
1215 2238 1271 2288 et
1299 2234 1620 2288 Potestates
1653 2250 1665 2287 :

66 2320 110 2368 et
148 2319 356 2387 quando
412 2337 575 2377 mors
635 2321 954 2377 novissima
1013 2323 1276 2376 omnium
1337 2321 1672 2375 destruetur

68 2404 104 2470 {I
127 2405 227 2460 Cor.
282 2425 369 2474 xv,
426 2410 624 2476 24-26)
677 2427 690 2464 :
747 2414 812 2464 ut
861 2408 1016 2464 mala
1067 2409 1360 2473 deficiant,
1410 2413 1468 2463 et
1518 2409 1671 2464 bona

66 2497 242 2549 aeterna
265 2499 598 2553 succedant.
631 2498 700 2552 Et
730 2498 860 2553 ideo
894 2499 1116 2553 dictum
1147 2503 1236 2552 est
1265 2514 1276 2550 :
1312 2517 1332 2544 α
1363 2497 1535 2568 Fugit
1565 2498 1666 2551 do-

64 2577 148 2646 lor,
202 2582 444 2652 tristitia,
500 2590 556 2640 et
601 2584 857 2656 gemitus
909 2586 1042 2656 (Isa.
1097 2603 1267 2654 xxxv,
1306 2585 1468 2652 10).»
1503 2584 1668 2638 Hunc

63 2668 204 2724 ﬁnem
235 2672 287 2726 in
317 2673 659 2729 hominibus
701 2674 1053 2745 operabatur
1081 2677 1140 2728 et
1170 2673 1386 2728 Paulus
1419 2671 1618 2727 dicens
1653 2689 1665 2726 :

62 2777 83 2803 ‹‹
109 2757 164 2811 Et
188 2759 309 2831 quis
337 2766 424 2817 est
464 2762 566 2834 qui
617 2761 870 2817 laetificat
899 2778 1011 2829 me,
1047 2761 1159 2816 nisi
1208 2761 1308 2832 qui
1357 2761 1666 2816 contrista-

61 2848 135 2899 tur
158 2861 218 2901 ex
245 2865 330 2905 me
359 2852 429 2920 (II
464 2852 593 2906 Cor.
631 2868 692 2915 II,
725 2849 819 2921 2)?
842 2873 870 2898 »
901 2850 1276 2922 Objurgando
1317 2848 1472 2904 enim
1505 2847 1665 2903 dolo-

60 2947 175 3000 rem,
204 2936 519 3005 tristitiam,
555 2937 812 3010 gemitus
849 2937 1153 3003 excitabat,
1189 2941 1254 2990 ut
1281 2940 1520 3009 agerent
1549 2953 1665 3008 poe-

62 3021 356 3092 nitentiam;
391 3043 510 3098 quo
549 3024 984 3081 irrevocabilem
1015 3025 1243 3080 veniam
1289 3031 1346 3079 et
1392 3024 1662 3096 salutem,

58 3109 194 3177 cujus
221 3111 394 3168 Deum
431 3131 544 3170 non
578 3114 902 3186 pmniteret,
938 3118 1321 3170 mererentur.
1357 3113 1459 3168 Ille
1489 3113 1668 3186 igitur

1785 1878 1986 1949 utique
2015 1896 2297 1936 numerus
2329 1880 2556 1936 dierum
2587 1886 2696 1949 est,
2727 1898 2832 1954 per
2863 1880 3012 1953 quos
3044 1882 3118 1938 ad
3148 1881 3275 1938 caeli
3306 1866 3430 1940 alti-

1781 1965 2048 2021 tudinem
2080 1969 2430 2039 pervenitur.
3301 2040 3303 2043 ,
3379 2027 3382 2029 Α

1855 2054 1938 2109 18.
1965 2055 2148 2123 (Vers.
2174 2058 2252 2126 6.)
2283 2077 2301 2104 α
2327 2058 2470 2112 Ecce
2499 2062 2720 2114 veteres
2744 2059 2991 2130 posuisti
3022 2059 3146 2116 dies
3175 2076 3372 2118 meos:
3395 2082 3424 2110 »

1778 2139 1943 2195 Alius
1998 2141 2175 2197 habet
2218 2160 2286 2197 ;‹‹
2320 2144 2593 2200 Palmatas
2639 2146 2887 2218 posuisti
2934 2147 3058 2214 dies
3106 2163 3333 2218 meos.»
3365 2147 3426 2210 Si

1780 2229 2105 2284 secundum
2165 2231 2551 2303 Septuaginta
2601 2233 2776 2302 viros,
2828 2237 3050 2308 veteres
3100 2235 3426 2310 accipimus

1779 2317 1934 2384 dies;
1977 2317 2083 2371 hoc
2133 2325 2240 2385 est,
2274 2321 2599 2394 secundum
2633 2321 2794 2379 850
2824 2327 3077 2378 veterem
3123 2324 3426 2401 hominem

1779 2403 2163 2476 intelligimus
2187 2412 2437 2464 exactos.
2460 2410 2569 2464 Sed
2592 2414 2758 2466 vetus
2788 2410 2964 2467 homo
2989 2416 3186 2470 noster
3211 2413 3430 2488 afﬁxus.

1779 2497 1868 2548 est
1915 2492 2091 2548 cruci.
2127 2495 2274 2566 Ergo
2312 2501 2368 2551 et
2398 2500 2559 2552 vetus
2609 2498 2734 2554 dies
2778 2499 3077 2571 praeteriit,
3109 2517 3292 2559 novus
3321 2517 3422 2558 ve-

1780 2580 1882 2636 nit.
1913 2580 2082 2637 Alius
2131 2583 2288 2638 enim
2337 2585 2460 2641 dies
2508 2585 2785 2655 hominis,
2816 2587 2968 2644 alius
3012 2589 3137 2659 dies
3180 2589 3420 2661 Christi,

1778 2685 1954 2740 quem
1997 2669 2290 2726 Abraham
2320 2673 2484 2739 vidit,
2515 2678 2574 2728 et
2622 2675 2856 2747 gavisus
2917 2680 3032 2745 est;
3083 2677 3155 2734 de
3202 2693 3318 2752 quo
3365 2681 3424 2735 et

1782 2758 1956 2813 David
2011 2759 2093 2812 ait
2126 2777 2138 2814 :
2167 2781 2194 2808 «
2227 2760 2328 2815 Hic
2375 2766 2465 2818 est
2511 2762 2636 2819 dies
2695 2780 2868 2834 quem
2926 2765 3062 2821 fecit
3113 2767 3422 2835 Dominus,

1777 2846 2136 2903 exsultemus
2184 2856 2240 2904 et
2288 2849 2571 2918 laetemur,
2621 2851 2680 2907 in
2735 2868 2803 2910 eo
2832 2854 2998 2928 (Ρδᾳι.
3030 2871 3202 2928 CXVII,
3245 2856 3359 2931 24).
3392 2851 3424 2930 gi

1779 2935 2026 2990 Sanctus
2058 2952 2192 3008 ergo
2227 2937 2284 2991 in
2328 2938 2421 2994 die
2450 2939 2681 2996 Domini
2725 2941 2982 2998 exsultat
3025 2943 3086 2998 in
3117 2943 3210 2999 die
3250 2959 3425 3021 novo,

1777 3023 1837 3077 in
1870 3039 1983 3093 quo
2017 3025 2167 3078 Deus
2201 3025 2481 3082 Dominus
2509 3026 2701 3082 illuxit
2727 3028 2917 3096 nobis,
2941 3033 2998 3084 et
3023 3030 3183 3086 dedit
3211 3017 3424 3086 novam

1777 3111 1965 3166 lucem
1997 3110 2056 3165 in
2090 3112 2385 3168 innoxiam
2415 3114 2594 3169 vitam
2626 3119 2682 3170 et
2724 3116 3013 3190 integram
3062 3103 3416 3175 reformatis.

57 3212 196 3254 verus
222 3205 306 3257 est
333 3203 498 3269 ﬁnis,
529 3203 627 3274 qui
679 3219 793 3258 non
833 3204 1009 3258 unius
1041 3203 1149 3258 erit
1195 3204 1350 3270 finis,
1385 3203 1483 3257 sed
1537 3219 1660 3258 om-
1693 3188 1735 3254 C
1773 3197 1904 3254 Ideo
1935 3199 2021 3254 vir
2061 3200 2262 3270 justus
2307 3217 2547 3258 securus
2586 3220 2742 3258 novae
2773 3188 2922 3261 lucis
2969 3208 3026 3260 et
3067 3205 3266 3278 gratiae
3311 3205 3415 3262 Dei

58 3284 211 3342 nium.
240 3290 537 3354 Quomodo
567 3307 704 3362 ergo
735 3291 912 3347 ﬁnem
941 3307 1136 3346 meum
1169 3291 1353 3346 dixit?
1384 3291 1493 3346 Sed
1525 3308 1659 3345 con-

55 3372 215 3430 sidera
258 3380 385 3448 quis
436 3378 728 3451 loquatur.
772 3379 980 3451 Utique
1028 3380 1222 3448 homo,
1253 3378 1342 3435 vel
1393 3396 1546 3433 unus
1593 3396 1662 3434 ex

55 3458 355 3523 hominibus
386 3485 536 3524 usus
566 3467 987 3523 communitate
1017 3467 1379 3537 substantiae,
1404 3467 1492 3522 vel
1523 3467 1662 3540 quia

50 3549 106 3603 ad
133 3552 362 3611 formam
395 3555 804 3626 universorum
838 3556 1208 3623 describitur,
1249 3562 1305 3612 et
1334 3557 1403 3611 ad
1438 3556 1662 3628 perfec-

51 3637 235 3697 tionem
267 3644 660 3702 consummati
698 3645 956 3701 hominis
986 3645 1269 3701 eruditur.

109 3730 181 3784 l7.
218 3730 370 3789 Unde
402 3737 463 3789 et
493 3733 716 3789 addidit
768 3741 971 3788 notum
1017 3733 1129 3788 sibi
1178 3732 1300 3788 ﬁeri
1353 3749 1663 3788 numerum

51 3815 245 3874 dierum
276 3821 374 3892 qui
408 3826 518 3889 est,
553 3826 619 3876 ut
661 3823 808 3877 sciat
853 3821 994 3893 quid
1054 3821 1204 3877 desit
1249 3822 1382 3876 sibi.
1415 3822 1498 3877 Ad
1539 3838 1664 3891 per-

50 3902 327 3964 fectionem
359 3910 567 3982 utique
614 3910 755 3982 quid
789 3910 948 3971 disit,
980 3927 1094 3965 non
1147 3909 1220 3964 ad
1265 3909 1438 3964 istius
1468 3926 1669 3982 corpo-

50 3992 117 4046 ris
141 3996 310 4053 vitam
342 4000 414 4055 de
449 4015 564 4070 quo
596 3999 881 4071 propheta
929 3998 1106 4055 David
1152 3999 1424 4070 cupiebat
1453 3997 1672 4054 absolvi

57 4080 234 4140 dicens
268 4103 280 4139 :
309 4109 336 4136 «
366 4087 492 4143 Heu
524 4104 616 4143 me
641 4088 651 4142 ι
688 4087 827 4159 quia
856 4087 1142 4143 incolatus
1174 4103 1339 4142 meus
1369 4085 1674 4159 prolonga-

60 4175 144 4226 tus
189 4178 292 4239 est,
351 4176 607 4231 habitavi
657 4193 788 4232 cum
849 4175 1252 4231 habitantibus
1281 4176 1464 4231 Cedar
1509 4177 1677 4247 (Psal.

57 4274 190 4326 nux,
224 4263 299 4331 5).
328 4286 356 4312 ››
391 4265 652 4335 Denique
695 4264 922 4318 dierum
976 4281 1288 4318 numerum
1339 4280 1685 4336 cognoscere

62 4346 290 4418 volebat,
323 4369 441 4408 non
475 4352 649 4408 etiam
682 4353 960 4408 noctium.
995 4353 1097 4408 Hic
1135 4352 1289 4407 enim
1321 4353 1444 4408 dies
1473 4356 1530 4409 et
1557 4369 1688 4409 noc-

65 4437 143 4489 tes
171 4444 304 4494 sunt
338 4457 350 4495 :
385 4440 464 4496 ibi
497 4457 628 4496 vero
672 4441 796 4496 dies
841 4440 949 4495 soli
981 4441 1112 4512 (82),
1147 4440 1225 4495 ibi
1257 4440 1454 4496 lumen
1483 4457 1688 4514 perpe-

1771 3288 1912 3342 dicit
1966 3288 2146 3359 (Apoc.
2179 3306 2296 3355 xxx,
2333 3291 2382 3356 1,
2423 3295 2479 3346 et
2515 3308 2654 3357 xxn,
2687 3291 2741 3363 5)
2777 3309 2789 3346 :
2823 3292 2940 3346 Erit
2995 3292 3142 3347 mihi
3199 3291 3412 3348 coelum

1770 3393 2005 3441 novum,
2037 3383 2094 3431 et
2122 3382 2274 3432 terra
2303 3395 2470 3445 nova,
2504 3383 2561 3434 et
2586 3396 2800 3434 novum
2844 3379 3065 3436 lumen.
3095 3381 3222 3437 Non
3252 3381 3412 3452 enim

1769 3465 2026 3532 lucerna,
2061 3469 2118 3519 et
2159 3463 2355 3520 lumen
2417 3466 2556 3522 solis
2613 3466 2732 3522 illic
2786 3467 3023 3537 lucebit,
3058 3472 3162 3525 aut
3216 3468 3408 3540 lunae;

1771 3555 1872 3610 sed
1928 3553 2210 3609 Dominus
2251 3553 2609 3610 illuminabit
2656 3572 2833 3629 super
2875 3545 3163 3630 populum
3213 3573 3412 3614 suum.

1773 3641 1876 3697 Illa
1906 3657 2040 3714 ergo
2071 3642 2412 3711 desideravi,
2437 3642 2538 3698 illa
2564 3645 2855 3717 exoptavi;
2888 3649 2946 3701 et
2972 3645 3103 3703 ideo
3135 3647 3289 3704 diem
3319 3646 3419 3703 ho-

1775 3730 1952 3786 minis
1984 3748 2097 3786 non
2130 3731 2426 3802 requisivi.
2605 3805 2608 3808 ,
3425 3805 3427 3808 ⁴

1852 3821 1935 3873 19.
1969 3820 2127 3883 Quod
2171 3820 2218 3874 si
2250 3820 2519 3893 palaestas
2558 3823 2878 3896 accipimus
2909 3825 3054 3893 dies,
3087 3841 3156 3882 ex
3185 3823 3422 3881 nomine

1780 3906 2168 3980 intelligimus
2224 3907 2428 3979 plenos
2484 3912 2821 3968 certaminis
2877 3916 2934 3967 et
2989 3911 3230 3982 laboris,
3280 3928 3424 3988 quo-

1782 3997 1938 4051 niam
1971 3994 2210 4066 palzesta
2238 3995 2552 4053 luctatores
2581 3998 2641 4053 in
2672 4015 2854 4070 agone
2883 3998 3182 4068 dicuntur,
3203 3999 3304 4070 qui
3336 3999 3426 4072 ius

1789 4088 2020 4139 ctantur
2051 4083 2121 4137 ad
2155 4100 2450 4140 coronam.
2480 4086 2624 4158 Ergo
2657 4087 2796 4158 quia
2825 4090 2880 4141 et
2911 4085 3079 4142 nobis
3109 4086 3265 4144 lucta
3311 4104 3430 4164 non

1792 4173 1982 4230 solum
2016 4173 2293 4228 adversus
2323 4188 2558 4228 carnem
2607 4177 2664 4230 et
2707 4175 3054 4247 sanguinem
3099 4179 3209 4244 est,
3242 4176 3344 4232 sed
3375 4179 3434 4234 et
3493 4215 3498 4218 -

1790 4263 2067 4319 adversus
2097 4259 2382 4331 spiritalia
2407 4262 2674 4334 nequitis:
2705 4263 2764 4318 in
2793 4262 3147 4333 coelestibus,
3177 4265 3303 4321 dies
3334 4281 3435 4322 no-

1793 4351 1919 4417 stri,
1951 4351 2059 4405 hoc
2090 4353 2198 4416 est,
2230 4349 2357 4404 vita:
2405 4349 2599 4419 istius,
2632 4351 2691 4406 in
2722 4351 2919 4408 labore
2961 4357 3100 4408 sunt
3127 4357 3184 4410 et
3211 4352 3432 4431 dolore.

1797 4440 1959 4497 Unde
1991 4439 2100 4510 (84)
2133 4443 2188 4493 et
2243 4439 2302 4493 in
2352 4439 2773 4511 posterioribus
2821 4441 2903 4497 ait
2935 4459 2947 4498 :
2978 4463 3006 4491 «
3049 4443 3201 4498 Anni
3251 4439 3440 4523 nostri

75 4526 226 4619 tuum
268 4534 444 4601 atque
493 4529 860 4585 diuturnum.
895 4530 960 4584 Et
990 4530 1118 4585 ideo
1166 4530 1391 4585 addidit
1424 4548 1435 4585 :
1469 4532 1573 4598 Qui
1601 4533 1698 4619 est,
1727 4547 1774 4613 D
1804 4531 1955 4585 sicut
1983 4543 2194 4619 aranea
2225 4527 2662 4584 mcditabuntur
2695 4546 2707 4584 :
2740 4529 2864 4586 dies
2892 4546 3182 4597 annorum
3213 4535 3441 4612 noster

75 4611 275 4683 inquit,
308 4635 425 4674 non
449 4619 546 4691 qui
580 4623 854 4675 transeat.
870 4618 1086 4674 Caelum
1112 4618 1266 4673 enim
1298 4622 1354 4673 et
1376 4623 1532 4674 terra
1553 4611 1696 4690 prae;

72 4702 339 4774 teribunt,
381 4706 528 4762 fides
577 4712 773 4762 autem
822 4712 1144 4778 permanet,
1177 4712 1232 4761 et
1279 4707 1402 4761 dies
1451 4706 1698 4770 Christi;

53 4790 195 4857 quia
246 4792 369 4849 heri
405 4800 459 4849 et
490 4795 660 4851 hodie
717 4797 842 4867 ipse
889 4799 994 4863 est,
1048 4799 1103 4850 et
1148 4795 1205 4849 in
1255 4794 1484 4850 saecula.
1515 4795 1696 4858 Quem

65 4881 250 4936 autem
279 4898 357 4936 nu
378 4899 606 4938 merum
638 4884 1156 4954 qumat.accipe.«
1187 4885 1242 4936 in
1269 4883 1706 4952 donto,»inquit

110 4983 412 5111 (82‘).Edit.
437 4989 648 5071 .Rom.,
677 4990 777 5071 hic.
816 4991 962 5044 enim
1017 4990 1132 5044 dies
1160 4997 1210 5044 et
1237 4993 1416 5072 noctes
1441 4992 1587 5072 sunt.
1616 4973 1698 5044 Ibi

110 5071 153 5111 'Io
229 5076 306 5111 res
335 5061 494 5111 solis-
532 5061 674 5111 Mss.
711 5065 859 5111 Vict-
893 5064 948 5111 et
977 5059 1159 5111 Colb..
1192 5062 1289 5111 Ηιε
1323 5076 1471 5111 enim
1499 5046 1698 5111 diceret

39 5046 153 5123 ergo
192 5046 306 5113 dies
335 5061 494 5116 solis.
532 5046 674 5116 Mss.
711 5061 859 5116 Vict.
893 5064 948 5115 et
977 5059 1159 5127 Colb.,
1191 5062 1289 5115 Hic
1323 5063 1471 5116 enim
1499 5046 1698 5126 dicere?

40 5135 212 5206 nocte:
242 5136 400 5186 sunt.
437 5133 520 5187 Ibi
562 5148 692 5206 ergo
721 5133 781 5188 di
798 5148 876 5198 es,
912 5133 993 5186 ibi
1037 5133 1134 5186 sol.
1183 5131 1310 5186 Vet.
1345 5133 1481 5187 edit.
1517 5137 1573 5187 et
1601 5131 1699 5186 ali1

38 5197 284 5266 codices,
322 5207 388 5256 ut
420 5220 525 5258 nos
559 5197 836 5259 in'textu.

49 5338 56 5346 '
103 5270 218 5340 (83)
254 5273 408 5327 Edit.
441 5279 551 5330 vet.
608 5292 673 5331 ac
723 5290 870 5330 mss.
903 5272 1153 5346 Vict._et
1199 5273 1380 5340 Colb.,
1431 5278 1593 5344 atque
1641 5275 1701 5328 in

39 5343 204 5406 ipsam
243 5347 618 5401 summitatem
649 5347 932 5400 ccelomm.
965 5343 1075 5398 Alii
1129 5349 1399 5415 quatuor,
1434 5343 1703 5416 in’ipsum

36 5424 192 5489 axem
238 5418 292 5468 ct
326 5416 401 5489 in
419 5420 794 5472 summitatem
840 5417 981 5481 m’li,
1018 5417 1136 5489 Vat.
1174 5420 1229 5470 et
1261 5416 1702 5489 Reg.,_atquegin

37 5485 209 5558 ipsum
246 5486 490 5541 assidem
518 5490 1052 5558 suminitateznhetc.
1092 5485 1260 5558 Lege,
1284 5485 1556 5558 Αῇδίάθτῆ,
1583 5487 1701 5558 sive

36 5551 271 5630 ᾼρξίάα,
329 5561 396 5611 ut
443 5559 581 5630 edit.
618 5559 784 5630 Rom.
820 5555 1047 5630 habet.
1089 5551 1206 5630 Est
1233 5551 1429 5614 autem
1487 5551 1679 5630 apsida

37 5602 233 5683 mea"
249 5602 396 5702 ᾣαῖἑ
444 5602 598 5698 ﬁt},
618 5602 1700 5706 ἰΞῖἮαΗεῑῖιῖἶῐὄιοὶὲῖνὲἕεεῗᾶῥῖἷά

465 5771 633 5824 ποι..
683 5755 845 5822 XIV.

1804 4634 1934 4673 rum
1965 4617 2023 4670 in
2058 4615 2201 4688 ipsis
2232 4617 2603 4690 septuaginta
2639 4619 2798 4674 anni.
2832 4619 2890 4674 Si
2922 4624 3118 4677 autem
3146 4621 3208 4676 in
3237 4625 3446 4693 poten-

1805 4707 2044 4772 tatibus,
2076 4705 2367 4777 octoginta
2398 4707 2533 4762 anni
2569 4724 2581 4762 :
2610 4711 2667 4764 et
2695 4707 3018 4781 plurimum
3049 4723 3250 4766 eorum
3281 4708 3447 4766 labor

1804 4801 1859 4851 et
1906 4793 2072 4849 dolor
2121 4795 2287 4864 (Psal.
2337 4812 2522 4861 cxxix,
2553 4796 2797 4868 9,10).»
2833 4798 2996 4854 Unde
3044 4803 3102 4856 et
3144 4796 3445 4869 apostolus

1802 4882 2020 4938 Paulus
2061 4883 2458 4938 abundantius
2489 4885 2708 4943 caeteris
2738 4885 3017 4957 apostolis
3048 4884 3349 4953 laboravit,
3381 4887 3448 4940 ut

1804 4989 2109 5062 Cangium.
2138 4989 2323 5058 Atque
2352 4992 2549 5062 tamen
2583 4991 2865 5062 scriptum
2897 4989 3228 5062 mallemus,
3254 4990 3441 5062 altior,

1805 5058 1952 5116 ουῐῑὶ
1970 5058 2046 5114 sit
2084 5076 2318 5113 summa
2358 5061 2595 5116 fornicis
2637 5058 2961 5116 curvatura.
2998 5061 3231 5117 Hieron.
3264 5061 3366 5116 lib.
3403 5058 3445 5120 xi

1806 5132 1864 5186 in
1896 5130 2076 5202 Epist.
2113 5130 2182 5184 ad
2216 5129 2517 5201 Ephesios.
2550 5134 2610 5187 In
2651 5149 2861 5188 summa
2891 5133 3012 5188 caali
3038 5133 3266 5202 fornice,
3294 5135 3346 5188 et
3387 5131 3447 5191 ut

1806 5202 2127 5274 ipsoqueer
2178 5204 2326 5274 utar,
2375 5203 2579 5272 upside.
2615 5203 2909 5258 Invenitur
2959 5203 3135 5258 etiam
3188 5202 3291 5257 illa
3339 5205 3449 5260 vox

1807 5271 1961 5355 apud
2008 5271 2428 5355 ecclesiasticos
2475 5274 2785 5355 scriptores
2815 5279 3115 5355 usurpata,
3148 5278 3215 5329 ut
3261 5274 3452 5355 Eccle-

1808 5342 1905 5420 siae
1938 5348 2162 5420 partem
2196 5343 2268 5397 ab
2317 5342 2446 5399 aliis
2494 5342 3103 5420 separatam,__et_'qum
3138 5346 3448 5420 propriam

1808 5414 2048 5471 haberet
2102 5429 2415 5488 cameram,
2476 5414 2784 5488 signiﬁcet.
2839 5414 3448 5475 Vide—Mabillonium

1809 5491 2095 5560 nostrum,
2119 5485 2323 5560 .tom._I
2354 5483 2618 5560 Αηᾳίεέεη
2652 5492 2828 5559 atque
2857 5487 3022 5544 alios.

1881 5557 1990 5634 (84)
2022 5555 2161 5634 Reg.
2185 5556 2338 5634 cod.,
2370 5559 2439 5634 iii
2459 5558 2643 5634 labore
2670 5555 2798 5618 su—ut
2825 5567 2875 5634 et
2903 5560 3105 5632 dolore,
3137 5557 3237 5618 hoc
3261 5563 3360 5634 est,
3391 5560 3453 5625 in

1811 5629 1994 5691 labore
2023 5629 2142 5688 vae
2175 5629 2357 5687 istius.
2395 5629 2561 5707 Unde,
2595 5635 2704 5692 etc.
2857 5631 2860 5638 '

3055 5759 3135 5863 θῇ
