3860 6206
476 254 636 320 1099

1941 255 2007 316 s.
2057 251 2435 321 AMBROSII
3664 261 3739 324 um.

472 385 734 460 legitime
766 384 1041 444 certando
1080 386 1152 442 ad
1185 401 1457 444 coronam
1501 403 1678 459 quam
1711 392 1965 459 cuperet,
1997 402 2126 458 per-
2157 389 2212 455 Α
2244 407 2452 445 norum
2480 389 2770 450 curricula
2798 384 3123 448 claudatur.
3151 389 3242 448 Sic
3273 404 3406 463 ergo
3433 389 3740 464 intelligenda;

473 474 720 532 veniret.

543 564 634 619 20.
669 564 779 620 Sed
829 566 1025 620 tamen
1075 564 1214 637 quia
1243 567 1300 620 et
1337 564 1787 620 architectorum
1836 579 2127 620 mensurae

473 650 741 726 palestrae
775 652 890 709 dici
923 653 1210 720 feruntur,
1240 653 1457 725 quibus
1488 653 1560 709 ad
1594 656 1899 709 structurae
1932 669 2134 708 nume-

472 756 606 798 rum
637 739 726 796 vel
759 741 1000 797 modum
1049 741 1224 813 spatii
1275 740 1690 814 colligendum,
1725 741 1970 796 aedificia
2016 757 2134 796 me-

470 828 724 898 tiuntur,
760 827 1075 902 locumque
1105 847 1239 886 eum
1271 830 1330 885 iu
1363 846 1480 902 quo
1510 829 1754 885 aedificia
1777 834 1916 885 sunt
1945 829 2135 885 locan-

471 917 580 986 da;
612 921 670 974 et
699 915 840 989 quia
888 934 993 990 per
1043 918 1256 974 Isaiam
1307 917 1534 974 loculus
1589 923 1678 974 est
1709 918 1862 976 Deus
1893 936 1904 974 :
1932 943 1958 969 ‹‹
1993 918 2134 984 Quis

471 1021 714 1062 mensus
743 1008 833 1062 est
863 1023 1043 1062 manu
1077 1023 1315 1078 aquam,
1348 1011 1405 1062 et
1435 1006 1647 1062 omium
1678 1005 1893 1078 palmo,
1919 1011 1976 1062 et
2007 1006 2132 1061 uui-

469 1109 699 1150 versam
727 1098 944 1150 terram
977 1093 1178 1150 clausa
1227 1095 1451 1150 manu?
1481 1095 1619 1160 Quis
1651 1095 1862 1151 statuit
1905 1099 2135 1151 montes

472 1185 690 1238 statera
717 1182 843 1254 (Isa.
875 1200 963 1251 xu,
999 1183 1130 1254 12)?
1158 1182 1475 1239 Videamus
1509 1199 1579 1238 ne
1623 1184 1768 1238 forte
1797 1183 1892 1238 hic
1925 1200 2135 1238 sensus

472 1269 583 1326 hoc
615 1286 886 1326 sermone
917 1270 993 1326 sit
1021 1269 1408 1343 colligendus,
1432 1287 1498 1326 eo
1529 1272 1682 1343 quod
1714 1272 1978 1344 cognitos
2009 1271 2134 1327 dies

474 1358 740 1414 omnium
786 1358 1001 1414 habeat
1050 1359 1206 1415 Deus
1241 1375 1254 1415 :
1291 1359 1383 1415 cui
1434 1358 1580 1415 nihil
1632 1361 1988 1416 immensum
2037 1360 2132 1426 sit,

471 1447 572 1518 qui
620 1446 819 1502 omnia
868 1463 1146 1503 mensura
1196 1447 1450 1520 quadam
1505 1464 1622 1502 suae
1675 1448 1927 1503 scientia:
1977 1464 2134 1503 com-

475 1535 822 1608 prehendat,
848 1535 1114 1608 nihilque
1135 1535 1187 1592 ei
1218 1536 1295 1592 sit
1318 1535 1748 1601 inmstimabile,
1775 1535 1918 1590 nihil
1945 1536 2135 1590 inexa-

472 1624 765 1680 minatum
817 1628 992 1696 atque
1051 1624 1504 1693 innumerabile,
1550 1625 1647 1696 qui
1701 1625 1782 1680 ait
1816 1642 1880 1679 ;‹‹
1919 1625 2027 1680 Sed
2080 1629 2136 1679 et

473 1712 668 1784 capilli
714 1713 926 1786 capitis
975 1713 1150 1769 vestri
1200 1729 1402 1769 omnes
1455 1713 1745 1768 numerati
1798 1717 1936 1768 sunt
1979 1714 2129 1783 (Luc.

473 1817 577 1867 χιι,
609 1801 688 1873 7).
727 1823 754 1851 ››
785 1801 904 1858 Ηοο
952 1818 1088 1874 ergo
1144 1802 1286 1856 dicit
1337 1801 1672 1874 Propheta:
1723 1802 1864 1857 Ecce
1920 1800 2132 1856 novisti

435 1889 605 1969 ldies
637 1906 835 1959 meos;
889 1907 1006 1946 non
1066 1894 1120 1945 te
1179 1894 1530 1962 praetereunt
1587 1889 1906 1961 quotidiani
1968 1893 2131 1944 actus

475 1978 620 2048 mei;
669 1983 906 2052 peccata
954 1995 1086 2036 mea
1134 1984 1267 2036 ante
1317 1979 1515 2034 oculos
1565 1983 1697 2033 tuos
1747 1976 1993 2050 posuisti
2032 1994 2042 2032 :
2077 1981 2133 2032 et

475 2066 608 2124 ideo
640 2090 668 2118 «
702 2068 1036 2125 substantia
1067 2084 1198 2124 mea
1235 2072 1518 2139 tanquam
1553 2065 1804 2121 nihilum
1838 2071 1970 2122 ante
2000 2070 2073 2122 te.
2103 2089 2130 2115 »

476 2155 624 2220 Quid
655 2155 813 2211 enim
865 2159 954 2211 est
1003 2156 1202 2223 homo,
1237 2155 1352 2210 nisi
1385 2154 1526 2226 quia
1575 2169 1799 2208 memor
1846 2154 1972 2224 ejus
2021 2153 2132 2209 es?

477 2243 663 2300 Homo
705 2244 952 2300 vanitati
1000 2243 1212 2299 similis
1261 2244 1452 2299 lactus
1481 2245 1588 2298 est.
1622 2246 1806 2298 Homo
1838 2241 1896 2296 in
1929 2257 2133 2314 pecca-

481 2335 540 2388 to
574 2348 586 2388 :
621 2335 678 2389 et
708 2331 757 2388 si
790 2330 1011 2404 aliquid
1063 2331 1277 2388 habeat
1316 2330 1625 2404 probitatis
1655 2334 1828 2402 atque
1877 2329 2131 2395 virtutis,

477 2424 633 2477 recte
662 2422 886 2477 caeteris
912 2420 1157 2478 terrenis
1180 2419 1583 2476 animantibus
1611 2419 1951 2487 antefertur,
1985 2423 2042 2474 et
2073 2418 2130 2474 iu

479 2513 794 2582 conspectu
828 2509 1175 2565 animalium
1206 2509 1422 2582 quibus
1454 2513 1542 2564 est
1576 2508 1944 2580 praepositus,
1977 2511 2134 2563 ante-

477 2596 666 2667 cellit;
699 2597 760 2653 in
810 2604 1124 2670 conspectu
1157 2602 1351 2654 autem
1387 2596 1484 2652 Dei
1515 2602 1797 2668 tanquam
1851 2595 1997 2650 nihil
2047 2599 2136 2652 est

479 2687 609 2758 ejus
639 2687 994 2743 substantia.
1029 2686 1192 2741 Unde
1223 2690 1280 2741 et
1313 2685 1451 2741 alibi
1481 2685 1564 2739 ait
1599 2703 1610 2739 :
1638 2708 1665 2732 «
1701 2684 1986 2750 Quoniam
2017 2701 2134 2739 non

479 2774 904 2847 justiﬁcabitur
935 2775 992 2829 in
1027 2778 1344 2844 conspectu
1376 2777 1476 2828 tuo
1509 2773 1700 2827 omnis
1730 2772 1906 2827 homo
1936 2771 2135 2827 vivens

482 2861 653 2933 (Psal.
713 2878 886 2928 cxur,
931 2863 986 2915 2.
1032 2882 1059 2910 »
1092 2861 1254 2927 Quod
1314 2861 1705 2932 Symmachus
1765 2859 2134 2916 manifestius

483 2949 772 3023 eXpressit
819 2950 1020 3006 dicens
1054 2965 1120 3004 τα
1154 2950 1224 3006 Et
1261 2950 1382 3005 vita
1411 2966 1541 3005 mea
1570 2953 1850 3020 tanquam
1883 2947 2131 3003 nihilum

483 3042 619 3096 ante
648 3042 724 3095 te.
751 3061 780 3088 ››

551 3127 642 3183 21.
675 3129 825 3185 Sunt
866 3131 1063 3184 autem
1095 3128 1196 3200 qui
1246 3128 1447 3184 breves
1499 3130 1709 3200 putant
1756 3127 1880 3181 dies
1924 3126 2128 3194 dictos,
2163 3117 2204 3186 C

481 3216 621 3290 quia
667 3216 1057 3290 Symmachus
1088 3225 1327 3287 σπιθαμὰς
1371 3216 1569 3289 posuit
1613 3232 1625 3289 ς
1679 3224 1895 3286 σπιθαμή
1941 3220 2135 3271 autem

483 3305 721 3378 palmus
751 3309 840 3361 est
871 3323 884 3360 :
919 3309 974 3360 et
1005 3306 1144 3377 quia
1169 3304 1364 3377 palmo
1397 3321 1638 3361 mensus
1665 3305 1877 3360 dicitur
1906 3306 2030 3374 (Isa.
2053 3322 2135 3388 χι,

403 3389 405 3392 ⁴
484 3394 573 3464 12)
606 3393 761 3450 Deus
807 3393 954 3450 851
1007 3393 1218 3449 coelum
1250 3393 1470 3466 (palma
1519 3398 1713 3448 autem
1766 3392 1853 3448 vel
1903 3391 2134 3464 palmus

479 3481 670 3551 portio
703 3497 917 3536 manus
950 3485 1038 3537 est
1070 3481 1388 3552 metientis,
1421 3486 1477 3537 et
1508 3481 1728 3552 aliquid
1761 3480 2136 3552 comprehen-

479 3568 718 3638 dentis),
738 3569 866 3624 ideo
899 3573 1181 3640 tanquam
1213 3571 1415 3626 breves
1447 3570 1570 3624 dies
1595 3569 1885 3624 aestimant
1913 3586 2133 3624 nuncu-

446 3659 647 3728 ‘patos
683 3672 696 3709 :
733 3672 866 3711 cum
898 3657 1153 3728 cognitio
1191 3657 1290 3713 Dei
1324 3674 1427 3729 per
1464 3674 1826 3722 mensuram,
1861 3661 1925 3712 ut
1953 3675 2132 3730 supra

477 3744 754 3812 diximus,
789 3745 976 3816 possit
1018 3744 1263 3818 intelligi
1297 3761 1309 3799 :
1344 3745 1593 3801 cmlestis
1634 3752 1827 3800 autem
1883 3746 1994 3801 ista
2034 3763 2127 3802 co-

430 3834 682 3907 -gnitio,
729 3837 794 3890 ut
849 3834 920 3889 ad
979 3849 1317 3889 mensuram
1372 3835 1525 3890 facta
1580 3835 1696 3889 sint
1753 3834 1968 3890 omnia.
2002 3836 2126 3891 Non

473 3940 612 3998 ergo
641 3925 864 3996 breves,
899 3923 998 3980 sed
1032 3923 1232 3995 magni
1266 3923 1391 3979 dies
1421 3923 1717 3996 Propheta:
1759 3929 2005 3996 possunt
2036 3925 2122 3978 in-

431 4040 444 4054 ι
472 4012 680 4087 telligi,
712 4030 860 4086 quos
890 4013 1046 4068 Deus
1077 4028 1318 4068 mensus
1359 4016 1448 4068 est
1490 4011 1706 4084 palmo,
1733 4029 1848 4085 quo
1880 4029 2123 4069 mensus

472 4105 562 4159 est
592 4102 822 4159 cwlum.
858 4102 1056 4175 Neque
1104 4101 1262 4156 enim
1302 4101 1504 4157 breves
1536 4119 1654 4157 sua;
1702 4102 1830 4156 vitae
1880 4102 2116 4169 diceret,

440 4190 572 4262 iqui
621 4195 822 4262 postea
867 4191 994 4246 ait:
1030 4213 1058 4240 «
1090 4194 1213 4246 Heu
1245 4193 1372 4246 me!
1429 4191 1568 4262 quia
1614 4190 1902 4245 incolatus
1952 4207 2120 4246 meus

367 4303 374 4309 ν
469 4277 852 4352 prolongatus
900 4284 991 4336 est
1038 4280 1207 4352 (Psal.
1256 4295 1406 4345 cxrx,
1438 4281 1584 4351 5)»:
1619 4279 1733 4333 nisi
1785 4279 1928 4334 forte
1980 4279 2119 4350 quia

428 4403 432 4406 -
467 4373 704 4440 propter
724 4372 960 4440 peccata
981 4367 1289 4423 hominum
1321 4366 1612 4421 breviores
1637 4366 1768 4421 vitae
1799 4366 1970 4421 istius
1993 4367 2116 4422 dies

2244 482 2333 533 est
2366 494 2378 532 :
2413 479 2553 535 Ecce
2579 483 2810 551 peccato
2860 479 3142 536 obnoxios
3190 480 3313 537 dies
3362 495 3510 536 meos
3533 482 3663 547 nosti,
3683 482 3742 537 dies

2245 566 2397 623 enim
2430 567 2559 622 vitae
2601 568 2801 640 hujus,
2835 585 2963 641 quae
3006 572 3240 640 peccato
3271 573 3359 624 est
3385 568 3614 636 obnoxia,
3635 569 3743 625 bras

2247 660 2386 710 sunt
2415 673 2427 711 :
2461 656 2588 711 dies
2621 659 2813 712 autem
2845 657 2973 712 vitae
3004 661 3228 712 aeternae
3255 657 3378 712 sine
3407 657 3527 711 fine.

2317 745 2403 798 22.
2437 745 2550 799 Aut
2580 748 2733 800 certe
2777 745 2860 800 sic
2888 745 3179 816 (nostrum
3210 748 3301 800 est
3329 744 3476 800 enim
3515 744 3747 816 argumentis

2247 849 2504 904 querere
2540 833 2859 902 veritatem,
2891 838 3063 889 tuum
3093 837 3181 890 est
3232 833 3440 905 eligere
3482 831 3597 904 quid
3632 849 3748 902 sequa-

2246 919 2348 991 ris)
2384 937 2396 975 :
2430 921 2510 976 Ne
2553 925 2877 994 peccatum,
2928 921 3142 994 inquit,
3195 923 3491 984 cresceret,
3525 919 3749 974 abbreviasd

2245 1007 2368 1064 dies
2396 1008 2523 1063 vitae
2571 1009 2842 1064 humanis
2890 1026 3007 1081 qua
3053 1008 3328 1076 vivimus,
3359 1009 3415 1062 in
3461 1008 3542 1063 his
3580 1007 3750 1073 terris,ei

2244 1101 2440 1152 tamen
2472 1113 2604 1152 cum
2637 1097 2921 1152 maturior
2942 1097 3002 1152 in
3024 1097 3134 1152 hoc
3163 1097 3324 1152 brevi
3350 1112 3513 1150 cursu
3539 1095 3667 1148 istius
3685 1095 3748 1147 vita

2245 1185 2379 1240 ﬁnis
2401 1185 2477 1240 sit
2496 1189 2888 1256 peccatorum,
2915 1185 3125 1241 mortis
3158 1184 3468 1241 celeritate.
3494 1206 3519 1233 (ι
3535 1184 3753 1238 Substantii

2246 1289 2376 1328 mea
2431 1277 2713 1344 tanquam
2773 1273 3023 1328 nihilum
3085 1279 3229 1329 ante
3266 1277 3324 1328 te
3360 1291 3423 1328 ε»
3454 1271 3574 1343 quia
3616 1270 3691 1325 etsi
3723 1270 3753 1321 si

2243 1360 2555 1433 imaginem
2590 1366 2646 1416 et
2675 1361 3123 1417 similitudinem
3146 1361 3247 1416 Dei
3272 1360 3409 1416 facti
3437 1376 3629 1424 sumus,
3646 1365 3756 1429 grant

2245 1454 2438 1506 tamen
2490 1466 2594 1506 nos
2644 1450 2701 1504 in
2752 1450 2861 1504 hoc
2919 1465 3161 1522 corpore
3216 1447 3550 1504 constitutos
3597 1444 3754 1516 quaedam

2243 1542 2472 1592 terrena
2501 1537 2804 1610 contagio:
2841 1555 2964 1609 quae
2997 1554 3113 1592 non
3147 1541 3432 1608 gravaret,
3464 1534 3509 1590 si
3535 1551 3622 1590 nos
3641 1548 3756 1589 eruca

2246 1627 2434 1697 magis
2464 1629 2716 1680 veterem
2752 1626 3071 1691 hominem,
3104 1642 3241 1680 cum
3288 1624 3569 1679 induimus
3593 1623 3756 1693 gratiam.

2243 1730 2418 1785 quam
2453 1714 2842 1785 supervestire
2880 1713 3214 1778 mallemus,
3250 1713 3525 1769 minorem
3565 1710 3690 1766 etiam
3719 1707 3756 1761 lt-

2245 1802 2441 1856 borem
2475 1803 2646 1857 nobis
2671 1800 3030 1891 exspoliatus
3059 1802 3238 1858 homo
3268 1806 3452 1868 vetus,
3473 1816 3621 1872 quam
3643 1811 3756 1868 super

2241 1889 2487 1946 vestitus
2535 1883 2787 1946 all'erret:
2827 1891 2972 1944 Nam
3019 1891 3171 1961 quod
3224 1889 3606 1961 exspoliamur,
3643 1883 3757 1954 abjicL-

2244 1996 2375 2035 mus
2402 1997 2413 2033 :
2439 1980 2593 2051 quod
2629 1979 3108 2051 supervestimur,
3135 1978 3458 2034 induimus.
3480 1977 3541 2032 Et
3559 1975 3656 2030 ideo
3677 1975 3759 2042 inge

2242 2067 2549 2124 miscimus
2583 2072 2638 2122 et
2669 2067 3005 2123 laboramus
3045 2067 3234 2122 donec
3265 2064 3500 2122 mortale
3532 2063 3617 2119 hoc
3639 2058 3759 2115 veteri!

2243 2156 2498 2212 hominis
2521 2157 2956 2222 indumentum,
2975 2159 3032 2210 et
3053 2155 3240 2210 errori
3267 2155 3518 2210 effectum
3537 2149 3761 2207 obnoxium.

2243 2245 2496 2300 novitate
2538 2261 2658 2300 sua:
2702 2244 2832 2300 vita:
2881 2242 3210 2314 spiritualis
3263 2242 3571 2306 absorbeat;
3598 2242 3646 2292 ut
3666 2236 3699 2290 si
3717 2251 3762 2287 su-

2242 2317 2347 2405 pra
2378 2348 2665 2388 venenum
2717 2331 2975 2403 plurima
3022 2329 3202 2386 mella
3252 2330 3572 2394 fundantur,
3600 2337 3703 2396 egre
3732 2337 3762 2375 et

2243 2420 2419 2476 nimis
2442 2436 2570 2476 sero
2595 2420 2802 2475 veneni
2826 2420 2987 2474 virus
3018 2419 3308 2474 aboletur.
3330 2421 3487 2490 Aqua
3503 2415 3643 2472 etiam
3660 2411 3761 2465 multa

2244 2509 2508 2564 diu'cum
2540 2507 2744 2563 veneni
2767 2507 2898 2562 felle
2928 2507 3206 2573 luctatur,
3234 2507 3284 2563 si
3317 2523 3429 2562 non
3455 2504 3580 2560 illud
3598 2500 3759 2572 exspuat

2243 2597 2343 2653 sed
2393 2595 2721 2653 absorbeat.
2755 2595 2886 2651 Ideo
2935 2595 3232 2652 laboriosa
3291 2593 3613 2668 paenitentia,
3649 2585 3760 2643 suavis

2243 2685 2431 2758 gratia
2461 2687 2601 2757 (85);
2637 2685 2776 2756 quia
2818 2688 3120 2757 peccatum
3163 2684 3532 2756 exspoliatur,
3558 2679 3635 2735 ubi
3656 2673 3762 2748 grati!

2243 2779 2360 2842 est;
2394 2774 2760 2844 absorbetur,
2790 2773 2886 2827 ubi
2922 2772 3300 2845 pmniteutia;
3332 2772 3412 2826 ibi
3442 2767 3701 2826 remittitur,
3714 2760 3761 2814 hic

2244 2862 2643 2919 absconditur.
2678 2862 2743 2916 Et
2774 2862 2903 2917 ideo
2935 2861 3225 2933 scriptum
3258 2865 3350 2916 est
3378 2878 3424 2916 :«
3456 2857 3590 2915 Beati
3611 2863 3760 2927 quorum

2243 2952 2505 3008 remissae
2559 2953 2697 3006 sunt
2739 2950 3099 3022 iniquitates,
3153 2955 3213 3005 et
3265 2964 3510 3022 quorum
3548 2948 3658 3001 tecta
3687 2943 3760 2994 sunt

2245 3045 2484 3114 peccata
2514 3041 2684 3110 (Psal.
2717 3056 2874 3105 xxxr,
2909 3039 2990 3109 1)!
3025 3062 3045 3087 ι

2313 3129 2402 3183 23.
2437 3128 2622 3200 (Vers.
2654 3129 2734 3197 7.)
2764 3127 2834 3182 Et
2862 3126 3145 3198 requievit
3174 3127 3475 3199 paulisper
3499 3120 3758 3195 ingemiscat.I

2246 3218 2512 3272 humanas
2579 3216 2929 3272 conditionis
2993 3231 3348 3280 aerumnam,
3407 3214 3533 3287 quia
3583 3211 3757 3265 dixerat:

2245 3328 2272 3355 «
2305 3305 2719 3362 Verumtamen
2768 3305 3040 3360 universa
3087 3305 3346 3372 vanitas,
3379 3303 3550 3359 omnis
3588 3292 3762 3353 homoi‘é

2242 3409 2401 3450 vens.
2433 3417 2452 3443 ι
2488 3395 2557 3449 Et
2601 3397 2732 3465 post
2781 3390 3107 3464 diapsalma
3135 3393 3276 3463 (86),
3310 3394 3583 3462 resumpto
3618 3381 3758 3456 spiritu

2243 3483 2324 3538 ait
2355 3499 2367 3537 :
2394 3505 2422 3533 ‹‹
2456 3484 2802 3553 Quanquam
2838 3481 2897 3535 in
2947 3481 3206 3552 imagine
3258 3481 3360 3537 Dei
3407 3476 3626 3534 ambulet
3647 3472 3761 3526 homo.

2239 3577 2435 3626 tamen
2488 3586 2634 3626 vane
2681 3570 3064 3625 conturbatur
3107 3586 3119 3623 :
3165 3568 3506 3633 theaurizat,
3547 3568 3591 3617 et
3629 3562 3762 3631 ignora:

2239 3659 2332 3715 cui
2362 3663 2674 3732 congregat
2717 3675 2802 3713 ea.
2835 3681 2860 3704 ››
2891 3657 3034 3713 Vide
3082 3659 3383 3728 quomodo
3429 3658 3547 3710 ante
3585 3644 3763 3718 asperiu-

2236 3753 2353 3804 tem
2404 3765 2521 3803 sum
2573 3747 2874 3802 sententiae
2921 3747 3320 3818 temperavit:
3356 3750 3540 3817 postea
3581 3738 3762 3793 rationem

2236 3853 2354 3892 suae
2404 3836 2561 3892 vocis
2616 3834 2882 3890 absolvit.
2936 3833 3310 3906 Temperavit
3365 3831 3508 3889 852
3557 3822 3761 3882 dicendo:

2241 3944 2261 3972 κ
2297 3924 2442 3989 Ουὶει
2485 3924 2543 3978 in
2595 3923 2850 3995 imagine
2909 3923 3005 3977 Dei
3065 3922 3337 3977 ambulat
3393 3922 3613 3976 homo.»
3637 3913 3761 3966 Beata!

2233 4013 2426 4081 homo,
2461 4013 2559 4084 qui
2591 4013 2660 4067 ad
2695 4011 3144 4066 similitudinem
3175 4010 3283 4066 Dei
3328 4027 3427 4082 per
3465 4008 3612 4062 ﬁdem
3636 3996 3760 4056 ambﬂ'

2227 4101 2316 4158 las
2349 4120 2361 4157 :
2396 4102 2604 4157 beatus
2635 4101 2734 4172 qui
2764 4099 2823 4155 in
2854 4104 2910 4154 te
2943 4099 3117 4154 fidem
3149 4099 3338 4154 habes
3374 4116 3388 4156 :
3415 4095 3608 4153 beatior
3629 4089 3665 4144 si
3689 4099 3760 4138 ιη·

2228 4191 2422 4245 riliam
2458 4206 2574 4244 non
2606 4188 2872 4243 haberes.
2902 4187 3072 4242 Aliud
3108 4188 3334 4243 bonum
3367 4183 3561 4242 mentis
3585 4181 3652 4234 est
3673 4178 3761 4228 ater

2227 4295 2391 4345 num,
2421 4277 2580 4333 aliud
2610 4293 2824 4333 vanum
2859 4275 3110 4332 carnalis
3141 4275 3480 4348 cupiditatis
3507 4265 3757 4327 incendium.

2226 4367 2396 4423 Fides
2444 4365 2598 4422 enim
2662 4369 2772 4420 Deo
2823 4364 3055 4431 militat,
3091 4365 3338 4419 avaritia
3391 4357 3627 4418 teutatori
3657 4369 3667 4405 :
3699 4350 3758 4402 ists

466 4437 602 4510 fecit
631 4437 807 4522 Deus,
841 4472 968 4527 qua)
1018 4459 1150 4510 ante
1181 4459 1238 4509 et
1276 4453 1586 4526 nongentis
1633 4460 1688 4509 et
1729 4455 2114 4526 septingentis
2223 4455 2483 4527 congerit
2514 4454 2666 4526 quod
2721 4452 2832 4508 sibi
2866 4452 3068 4524 prosit,
3100 4451 3202 4507 illa
3235 4453 3393 4524 quod
3424 4445 3646 4539 proﬁciat

464 4543 639 4599 annis
682 4544 1118 4610 extendebatur,
1156 4547 1220 4598 ut
1245 4559 1400 4597 nunc
1447 4543 1602 4597 intra
1650 4548 1882 4597 centum
1931 4561 2112 4599 anno-

537 4648 650 4720 (85)
681 4648 817 4704 Cod.
852 4653 979 4703 Vat.
1013 4666 1079 4704 ac
1117 4647 1319 4703 Gallic.
1343 4647 1597 4718 .aliquot,
1632 4649 1752 4720 Ideo
1783 4649 2113 4704 laboriosam

427 4737 442 4749 ·
457 4719 842 4794 paenitentiam
877 4722 1058 4775 suavis
1103 4720 1292 4788 gratia
1335 4721 1600 4790 sequitur.
1634 4719 1742 4773 Alii
1786 4737 1918 4774 cum
1969 4722 2104 4777 edit.

462 4791 856 4848 consentiunt.

555 4865 645 4935 86)
677 4862 1014 4946 Diupsalma,
1046 4865 1136 4946 est
1166 4861 1442 4946 quadam
1477 4861 1552 4942 .in
1603 4861 1834 4946 Esalmo
1875 4861 2105 4946 divisio,

458 4932 548 4990 vel
583 4932 849 5005 mutatio,
874 4943 936 4989 ut
961 4933 1135 4988 sicubi
1161 4933 1266 5004 (ait
1311 4932 1566 4987 Hilarius
1607 4933 1834 4997 Prologo
1868 4935 1923 4986 in
1961 4936 2102 5003 Erp.

458 5006 692 5078 Psalm.)
745 5005 1053 5077 diapsalma
1110 5005 1494 5078 intercesserit,
1548 5009 1641 5058 aut
1681 5005 1900 5078 aliquid
1952 5005 2106 5058 aliud

458 5079 589 5145 dici,
620 5075 718 5134 aut
759 5075 926 5133 etiam
969 5077 1038 5131 ab
1087 5075 1263 5130 altero
1311 5075 1440 5142 dici,
1492 5079 1588 5128 aut
1636 5075 1703 5128 ab
1753 5077 1920 5128 altera
1967 5077 2106 5129 artis

458 5151 686 5205 musica
729 5149 948 5205 modulo
994 5149 1211 5202 cantari
1240 5146 1660 5217 intelligendum
1703 5149 1793 5199 sit.
1825 5145 2103 5217 Hierony-

461 5237 616 5276 mus.
651 5219 819 5292 epist.
863 5220 962 5274 138
991 5219 1061 5292 ad
1090 5218 1277 5292 Mam,
1313 5216 1844 5292 ab_h_ac__op_inione
1887 5215 2104 5271 discre-

503 5297 580 5357 at,
611 5286 966 5346 contendens
992 5289 1301 5360 diapsalma
1322 5287 1461 5342 nihil
1492 5286 1650 5342 aliud
1673 5303 1899 5360 sonare,
1925 5303 2100 5360 quam

503 5308 580 5357 at,
611 5308 966 5346 contendens
992 5308 1301 5360 diapsalma
1322 5308 1461 5342 mnu
1492 5308 1650 5342 ἂι]υο
1673 5308 1899 5353 ΞΟΠΗΓΒ,
1925 5308 2100 5358 quam

453 5308 828 5416 ﬁebraaorum
861 5361 997 5423 sala,
1030 5360 1085 5414 id
1139 5364 1226 5414 est
1269 5375 1519 5430 semper,
1551 5359 1702 5430 quod
1724 5428 1730 5430 _
1753 5357 2102 5430 tantumdi-

459 5431 793 5509 s_tincti_onis
842 5428 1672 5509 causa__poneba_turI_Verum
1721 5428 1891 5509 longe
1934 5428 2104 5509 aliter

459 5502 530 5556 de
568 5503 768 5572 eadem
814 5517 951 5557 voce
999 5500 1236 5557 disserit
1263 5500 1551 5558 Eusebius
1582 5500 1788 5572 Caesar.
1820 5500 1880 5556 in
1927 5501 2101 5572 Expo-

452 5572 656 5654 ιίιὶοηε
711 5570 883 5636 Graec.
933 5579 1049 5633 PP.
1097 5574 1157 5630 in
1207 5571 1452 5632 Psalmos
1499 5589 1534 5632 a
1582 5571 1798 5638 Baltaz.
1829 5570 2100 5655 Corderio

2222 4543 2333 4599 nis.
2381 4543 2527 4606 Quid
2589 4540 2768 4614 igitur
2824 4546 2945 4596 tam
3002 4556 3241 4609 vanum,
3279 4555 3455 4612 quam
3499 4532 3676 4591 nescire
3707 4535 3756 4574 ίθί

2220 4647 2720 4727 ορῃοίοαῃξῐθηθι.
2746 4645 3084 4727 :Antuerpire
3141 4646 3300 4727 typis
3347 4642 3537 4727 Mor-eti
3575 4626 3756 4727 an.

2217 4699 2860 4788 edita—illlicﬂsiqnidem
2882 4699 3095 4788 narrat
3124 4699 3641 4788 quinquecautores
3666 4699 3755 4788 qui}:

2219 4792 2309 4845 uis
2347 4788 2579 4855 levitici,
2614 4779 2785 4859 q'uos
2815 4787 2992 4842 David
3035 4779 3312 4859 elegerat,
3343 4791 3398 4842 et
3440 4794 3652 4859 quorum
3685 4779 3756 4859 1P?

2218 4862 2448 4918 medius
2496 4838 2708 4928 stabat,
2742 4857 2978 4930 singula
3024 4838 3263 4930 magica
3295 4838 3648 4930 instrumenta
3676 4838 3756 4930 p31:

2217 4937 2413 4987 sentes
2445 4936 2643 4986 contra
2685 4919 3084 4984 sanclvuarium
3118 4928 3370 5000 psallere
3408 4925 3588 5000 solitos
3611 4919 3754 5000 Spiritu

2216 5011 2417 5059 sancto
2449 5003 2792 5073 inspirante.
2825 5003 2895 5054 At
2937 5001 2990 5074 si
3035 4995 3270 5071 quando
3303 5001 3428 5071 ejus
3456 4995 3651 5074 afﬁgi!”
3672 4996 3754 5074 ᾐσεῗξ

2215 5079 2388 5143 saret,
2421 5090 2520 5129 eos
2546 5064 2801 5144 -quoque
2848 5064 3132 5144 tantisper
3161 5089 3193 5144 a
3222 5064 3398 5144 cantu
3445 5064 3754 5144 destitisse3

2214 5127 2915 5225 scripsissehiiiaésal‘ma.
2951 5127 3263 5225 Gregorius
3310 5127 3752 5225 Nyss.,.tract3::2‘;:=“?

2212 5200 2611 5288 Ps.,'cup.ii8,
2645 5200 2948 5288 silentium
2973 5200 3137 5288 illud
3170 5229 3283 5288 non
3317 5200 3751 5288 cessationinéli‘jff

2211 5267 2543 5366 in‘st'inctfu-s,
2568 5267 2861 5366 sed-novae
2895 5284 3147 5366 cupiam
3181 5277 3542 5366 illustration}

2211 5364 2411 5414 sancto
2444 5359 2503 5411 in
2527 5347 2781 5411 mentem
2806 5347 3039 5410 Davidis
3070 5356 3350 5410 immissae
3372 5347 3624 5409 attribuit.
3647 5347 3750 5393 Hunc

2211 5431 2387 5485 adeas
2417 5428 2572 5494 licet,
2605 5427 2757 5483 sicut
2785 5431 2841 5484 et
2871 5426 3118 5485 cassiod.
3153 5424 3302 5483 Prol.
3337 5427 3396 5482 in
3426 5418 3647 5480 Psalmos
3668 5419 3749 5477 NP-

2210 5502 2301 5571 11,
2333 5506 2390 5561 et
2421 5499 2584 5559 alios.
