3860 6206
232 364 373 426 MOI

1251 365 1704 432 ENARRATIO
1748 369 1826 432 IN
1870 369 2245 437 PSALMUM
2291 377 2613 443 XXXVIII.

3471 385 3627 452 MO!

225 493 450 549 laboret
481 494 734 591 haredi?
765 496 902 560 Quis
951 497 1102 591 enim
1127 497 1268 591 scit.
1317 499 1364 591 si
1415 500 1524 554 sibi
1560 500 1734 565 ﬁlius,
1769 506 1869 556 aut
1898 504 1952 568 Α
1982 507 2120 558 sunt
2145 509 2341 576 patres
2374 511 2556 564 nostri
2591 510 2645 564 in
2679 511 2854 577 nube,
2887 516 2944 568 et
2972 513 3119 570 mari
3153 530 3166 570 :
3203 515 3413 574 umbra
3441 516 3502 573 in
3529 535 3627 591 pe-

223 598 402 654 nepos
433 583 704 656 proprius
731 586 1070 656 supervivat
1118 587 1274 657 (87)?
1322 589 1483 658 Sape
1530 593 1631 644 aut
1677 591 1735 643 in
1787 594 1870 644 ta-

223 671 374 726 bulis
414 672 749 726 testamenti
809 673 1064 743 scriptus
1121 673 1307 730 hares
1366 675 1597 731 funesto
1647 677 1870 732 ambitu

218 763 554 815 testatorem
585 761 857 830 pracedit
885 761 957 816 ad
988 760 1309 822 tumulum.
1341 769 1444 818 aut
1472 763 1870 820 hareditatem

222 851 518 919 superstes
563 847 858 915 absorbet,
911 852 1011 902 aut
1067 849 1404 906 luxuriosus
1449 851 1719 922 dissipat,
1769 857 1872 907 aut

220 934 606 990 stultissimus
637 952 752 991 non
789 939 1008 1003 tuetur,
1060 941 1166 992 aut
1211 939 1574 1009 proscriptus
1626 941 1862 995 amittit.

220 1023 277 1079 Si
305 1039 480 1095 quem
512 1039 650 1096 ergo
678 1023 894 1080 videris
925 1024 1186 1080 studiose
1240 1025 1474 1081 divitias
1509 1043 1866 1100 congregan-

219 1116 354 1179 tem,
388 1112 482 1167 dic
511 1116 569 1167 et
597 1116 659 1166 tu
696 1129 708 1166 :
744 1135 771 1162 ‹‹
807 1117 966 1168 Vane
1017 1114 1401 1169 conturbatur
1435 1131 1446 1169 :
1488 1115 1866 1184 thesaurizat,

219 1203 275 1254 et
302 1198 532 1272 ignorat
564 1200 657 1254 cui
691 1205 1004 1272 congregat
1034 1215 1120 1256 ea.
1156 1223 1184 1248 »
1216 1201 1413 1272 Neque
1460 1202 1616 1257 enim
1666 1219 1863 1258 secum

217 1292 404 1359 potest
432 1288 659 1343 auferre
687 1304 814 1360 qua
845 1288 1132 1360 possidet;
1167 1294 1224 1344 et
1253 1306 1386 1344 cum
1420 1289 1723 1360 morietur,
1775 1307 1861 1346 re-

214 1373 438 1447 linquet
475 1374 684 1432 alienis
731 1376 966 1432 divitias
1015 1393 1172 1432 suas.
1212 1377 1482 1433 Succedit
1531 1382 1864 1450 frequenter

210 1462 486 1518 inimicus
519 1467 575 1519 et
604 1464 896 1536 ingratus,
929 1469 986 1519 et
1015 1465 1304 1521 decessori
1338 1482 1645 1521 successor
1675 1466 1862 1522 insul-

212 1556 314 1606 tat.
358 1552 513 1615 Quos
567 1551 664 1606 ille
710 1552 932 1620 dilexit,
984 1553 1094 1609 iste
1138 1554 1554 1626 persequitur:
1590 1571 1737 1626 quos
1766 1555 1864 1610 ille

209 1640 468 1708 nutrivit,
503 1640 597 1695 hic
627 1641 850 1696 vendit.

279 1731 366 1784 24.
399 1730 632 1785 Gracus
684 1733 879 1784 tamen
941 1747 1056 1784 non
1116 1730 1291 1787 habet
1341 1748 1352 1785 :

210 1817 334 1882 Dei,
387 1839 408 1866 ι

209 1921 342 1978 ergo
373 1905 630 1978 imagine
661 1904 927 1961 ambulat
958 1906 1173 1961 homo?
1207 1908 1268 1961 In
1300 1923 1367 1962 ea
1413 1908 1618 1978 utique
1649 1908 1856 1962 ambu-

208 1993 290 2049 lat
315 1994 382 2050 ad
412 1995 584 2064 cujus
630 1993 1080 2050 similitudinem
1129 1995 1318 2050 factus
1364 1999 1483 2062 est;
1531 1996 1589 2049 id
1629 2000 1735 2060 est,
1783 1997 1854 2051 ad

207 2082 523 2155 imaginem
560 2082 676 2137 Dei.
713 2084 909 2154 Imago
943 2086 1138 2138 autem
1171 2083 1270 2138 Dei
1298 2082 1596 2144 Christus;
1629 2085 1724 2152 qui
1757 2085 1858 2138 'est

207 2168 484 2242 splendor
530 2169 748 2241 gloria,
780 2174 839 2224 et
879 2170 1073 2242 imago
1119 2171 1463 2226 substantia
1512 2173 1661 2240 ejus.
1690 2171 1856 2226 Chri-

206 2263 332 2314 stus
361 2274 497 2330 ergo
528 2257 723 2330 imago
773 2259 874 2312 Dei
923 2258 1085 2314 venit
1129 2259 1202 2313 ad
1254 2265 1442 2314 terras
1473 2259 1608 2329 (88),
1642 2264 1706 2313 ut
1727 2261 1854 2330 jam

207 2363 321 2402 non
353 2347 412 2401 in
445 2347 655 2402 umbra
692 2345 1153 2410 ambularemus,
1208 2347 1308 2401 sed
1355 2347 1415 2400 in
1469 2346 1740 2418 imagine.
1792 2349 1856 2401 In

206 2435 434 2490 Christo
465 2435 620 2490 enim
652 2434 910 2506 imagine
941 2433 1334 2506 ambulat,qui
1368 2435 1635 2505 sequitur
1665 2435 1854 2489 Evan-

206 2523 445 2595 gelium.
480 2523 611 2578 Ideo
635 2540 742 2577 suo
773 2521 1062 2593 discipulo
1091 2522 1236 2577 dicit
1269 2539 1280 2575 :
1309 2545 1337 2570 «
1359 2522 1518 2577 Vade
1551 2528 1702 2576 retro
1727 2527 1857 2593 post

207 2628 302 2668 me
327 2612 510 2683 (Marc.
557 2627 680 2677 vm,
711 2611 824 2680 33),
859 2632 887 2659 »
922 2615 987 2665 ut
1037 2626 1130 2665 me
1180 2610 1465 2681 sequaris.
1521 2611 1653 2665 Ideo
1699 2627 1854 2665 erra-

207 2700 287 2755 vit
317 2699 570 2772 popnlus
597 2699 959 2766 Judaorum,
995 2698 1136 2770 quia
1165 2699 1222 2752 in
1258 2700 1467 2753 umbra
1511 2698 1852 2754 ambulavit.

210 2789 341 2845 Ideo
373 2805 487 2844 non
519 2791 674 2844 errat
709 2787 962 2860 populus
991 2786 1381 2854 Christianus,
1414 2786 1555 2858 quia
1604 2787 1660 2841 in
1710 2787 1854 2841 ima-

210 2878 346 2949 gine
377 2876 661 2940 ambulat,
694 2875 918 2931 habens
949 2874 1132 2931 solem
1163 2874 1274 2930 sibi
1300 2875 1542 2945 justitia
1565 2874 1855 2946 refulgen-

209 2971 350 3022 tem.
384 2967 542 3021 Bona
569 2965 785 3036 imago,
811 2981 924 3020 non
959 2963 1106 3020 ceris
1139 2963 1375 3035 pictura
1408 2965 1600 3018 fucata
1629 2963 1858 3016 radian-

205 3055 305 3120 tis,
351 3055 451 3109 sed
501 3052 866 3126 plenitudine
919 3052 1238 3107 divinitatis
1290 3067 1582 3122 expressa.
1635 3053 1696 3106 In
1741 3067 1858 3122 qua

1415 1753 1435 1780 σι
1494 1733 1552 1786 In
1606 1731 1862 1803 imagine

472 1817 570 1872 sed
614 1819 1024 1873 tantummodo
1059 1835 1071 1872 :
1109 1842 1134 1868 ‹‹
1172 1821 1234 1873 In
1266 1818 1542 1891 imagine.
1577 1842 1605 1868 ι)
1641 1820 1701 1873 In
1744 1836 1859 1890 qua
1888 1859 1937 1926 Β

472 1905 625 1926 _._!_.-
665 1904 921 1926 -..-ι.--ὶ-ι
959 1906 1173 1926 LA_--0
1209 1908 1258 1926 ἰ--
1306 1923 1322 1926 _
1415 1908 1612 1926 ηιὲι---
1656 1908 1821 1926 ,Ακιγη

1982 595 2248 664 tra,qua
2297 612 2508 667 aquam
2559 598 2748 666 ﬂuxit,
2801 604 2858 654 et
2912 600 3196 673 populum
3246 606 3620 676 sequebatur.

1980 681 2181 736 Nonne
2211 681 2355 738 illud
2389 685 2444 739 in
2482 687 2692 742 umbra
2716 691 2840 742 erat
2872 690 3226 746 sacrosancti
3269 691 3448 763 hujus
3496 711 3624 767 my-

1981 769 2142 823 sterii
2174 774 2644 828 sacramentum?
2673 775 2873 832 Nonne
2903 777 2961 831 in
2983 777 3192 835 umbra
3218 785 3343 836 erat
3371 797 3525 853 aqua
3551 783 3624 839 de

1980 861 2164 927 petra,
2197 861 2366 928 quasi
2399 861 2640 932 sanguis
2670 879 2737 918 ex
2765 863 3014 931 Christo,
3056 881 3182 936 qua
3228 867 3517 939 fugientes
3559 886 3622 926 se

1979 944 2230 1015 populos
2258 949 2631 1019 sequebatur,
2667 955 2730 1005 ut
2758 951 3045 1019 biberent,
3079 957 3136 1009 et
3176 969 3292 1009 non
3330 955 3563 1012 sitirent
3601 974 3617 1013 :

1980 1032 2426 1102 redimerentur,
2459 1040 2516 1091 et
2545 1054 2656 1092 non
2691 1040 2982 1110 perirent?
3023 1041 3135 1096 Sed
3177 1041 3305 1112 jam
3351 1042 3623 1100 discessit

1977 1121 2189 1176 umbra
2223 1123 2409 1178 noctis
2439 1129 2494 1179 et
2523 1125 2790 1197 caliginis
2826 1127 3186 1197 Judaorum,
3235 1128 3359 1186 dies
3408 1147 3617 1203 appro-

1977 1208 2282 1279 pinquavit
2305 1211 2591 1267 Ecclesia.
2625 1214 2903 1270 Videmus
2952 1232 3107 1271 nunc
3154 1232 3256 1288 per
3301 1216 3618 1288 imaginem

1977 1297 2150 1363 bona,
2185 1303 2241 1352 et
2267 1302 2539 1356 tenemus
2579 1301 2855 1374 imaginis
2896 1303 3071 1360 bona.
3102 1303 3375 1360 Vidimus
3405 1304 3620 1361 Princi-

1977 1399 2110 1454 pem
2161 1387 2532 1442 sacerdotum
2589 1391 2660 1444 ad
2721 1407 2826 1446 nos
2881 1391 3228 1460 venientem,
3259 1391 3514 1449 vidimus
3559 1397 3618 1450 et

1975 1471 2311 1529 audivimus
2340 1475 2673 1532 otl‘erentem
2703 1494 2805 1549 pro
2836 1477 3005 1533 nobis
3025 1477 3373 1551 sanguinem
3396 1495 3572 1535 suum
3597 1495 3612 1536 :

1975 1560 2302 1630 sequimur,
2329 1566 2395 1616 ut
2423 1580 2761 1634 possumus,
2794 1566 3160 1634 sacerdotes;
3191 1569 3258 1621 ut
3300 1567 3615 1624 offeramus

1971 1664 2074 1717 pro
2103 1648 2316 1720 populo
2346 1651 2696 1708 sacriﬁcium
2732 1669 2743 1707 :
2778 1652 2886 1709 etsi
2916 1653 3137 1708 inﬁrmi
3167 1654 3395 1724 merito,
3417 1657 3613 1713 tamen

1973 1734 2343 1792 honorabiles
2373 1739 2675 1806 sacriﬁcio,
2711 1740 2847 1811 quia
2876 1740 2987 1796 etsi
3019 1757 3176 1796 nunc
3203 1741 3468 1799 Christus
3495 1759 3612 1799 non

1975 1822 2202 1878 videtur
2231 1825 2654 1893 otferre,tamen
2690 1828 2816 1899 ipse
2847 1828 3166 1884 oﬂ'erturin
3187 1828 3357 1885 terris
3379 1831 3613 1901 quando

1965 1909 2178 1965 Christi
2211 1928 2424 1983 corpus
2454 1915 2696 1970 offertur
2728 1932 2741 1970 :
2776 1916 2895 1971 imo
2945 1917 3072 1988 ipse
3120 1915 3325 1972 offerre
3376 1918 3615 1974 manife-

1966 2002 2156 2053 statur
2187 2000 2243 2053 in
2275 2000 2642 2072 nobis,cujus
2675 2020 2867 2059 sermo
2899 2003 3228 2060 sanctiﬁcat
3255 2003 3612 2062 sacriﬁcium

1966 2087 2122 2156 quod
2155 2087 2414 2142 offertur.
2449 2091 2516 2144 Et
2544 2091 2668 2161 ipse
2699 2091 2932 2162 quidem
2966 2091 3137 2147 nobis
3185 2092 3340 2164 apud
3381 2092 3612 2150 Patrem

1967 2176 2281 2231 advocatus
2313 2176 2539 2232 assistit
2582 2194 2595 2233 :
2647 2180 2748 2233 sed
2777 2196 2932 2234 nunc
2962 2195 3098 2234 eum
3145 2195 3262 2235 non
3291 2179 3559 2237 videmus
3594 2197 3608 2237 :

1964 2266 2105 2317 tunc
2134 2263 2484 2330 videbimus,
2512 2282 2646 2321 cum
2678 2267 2872 2338 imago
2903 2267 3220 2335 transierit,
3260 2268 3477 2323 veritas
3514 2283 3614 2324 ve-

1966 2351 2134 2406 nerit.
2168 2353 2330 2407 Tunc
2355 2354 2482 2422 jam
2528 2371 2642 2410 non
2687 2371 2789 2426 per
2838 2353 3164 2426 speculum,
3198 2355 3299 2410 sed
3349 2355 3495 2411 facie
3537 2355 3610 2411 ad

1965 2439 2194 2506 faciem,
2229 2456 2297 2494 ea
2327 2457 2455 2510 qua
2487 2446 2623 2496 sunt
2651 2442 2905 2514 perfecta
2933 2441 3307 2498 videbuntur.

2035 2529 2122 2581 26.
2154 2529 2414 2584 Ascende
2470 2546 2627 2602 ergo,
2662 2531 2857 2598 homo,
2913 2530 2972 2585 in
3029 2529 3263 2599 calum,
3291 2533 3348 2587 et
3386 2529 3611 2587 videbis

1965 2614 2065 2670 illa
2089 2632 2339 2686 quarum
2374 2618 2582 2672 umbra
2609 2617 2703 2673 hic
2732 2623 2856 2673 erat
2883 2618 2969 2674 vel
2989 2619 3183 2692 imago
3209 2618 3469 2686 ;videbis
3491 2634 3609 2676 non

1965 2720 2033 2758 ex
2082 2709 2266 2774 parte,
2318 2721 2433 2760 non
2482 2705 2540 2760 in
2592 2705 2917 2778 anigmate,
2964 2707 3066 2761 sed
3121 2706 3182 2760 in
3232 2720 3610 2763 consumma-

1964 2792 2120 2848 tione
2155 2811 2167 2847 :
2202 2809 2316 2848 non
2348 2793 2405 2847 in
2433 2792 2739 2862 velamine,
2772 2793 2872 2848 sed
2904 2793 2963 2847 in
2986 2792 3377 2850 luce.Videbis
3404 2809 3609 2850 verum

1964 2879 2494 2947 lumen,aternum
2553 2886 2728 2952 atque
2785 2885 3132 2952 perpetuum
3182 2881 3605 2937 Sacerdotem:

1964 2969 2133 3038 cujus
2193 2969 2288 3023 hic
2343 2969 2633 3040 imagines
2687 2968 2946 3034 videbas,
3007 2969 3265 3037 Petrum,
3333 2967 3607 3037 Paulum,

1962 3057 2268 3121 Joannem,
2299 3056 2606 3121 Jacobum,
2642 3056 3000 3117 Matthaum,
3029 3055 3336 3112 Thomam.
3367 3054 3610 3112 Videbis

210 3142 468 3216 imagine
498 3147 554 3198 et
584 3145 754 3197 Pater
783 3140 961 3196 simul
992 3141 1224 3195 videtur
1251 3144 1308 3195 et
1335 3139 1540 3204 Filius,
1570 3139 1710 3211 quia
1755 3155 1858 3210 per
1900 3215 1903 3216 ν
1965 3144 2282 3216 perfectum
2313 3143 2611 3200 hominem
2654 3145 2780 3214 jam
2832 3160 2947 3198 non
2992 3143 3270 3215 imagine,
3300 3142 3401 3198 sed
3430 3142 3492 3197 in
3519 3157 3609 3198 ve-

201 3235 520 3302 utrumque
551 3246 753 3286 eorum
787 3230 986 3285 unitas
1019 3227 1374 3300 operationis
1425 3227 1681 3299 effulget.
1733 3225 1850 3282 Etsi
1880 3215 1926 3285 C
1965 3230 2131 3285 ritate
2163 3245 2176 3284 :
2213 3230 2409 3300 qualis
2438 3231 2591 3284 enim
2627 3230 2897 3295 caelestis,
2921 3228 3068 3284 tales
3096 3233 3154 3283 et
3184 3227 3604 3284 coslestes.Uti-

194 3318 322 3390 jam
355 3318 669 3374 resurrexit
698 3317 989 3385 Christus,
1021 3321 1217 3372 tamen
1250 3316 1307 3370 in
1341 3315 1649 3388 Evangelio
1683 3315 1850 3370 nobis

205 3406 400 3462 adhuc
431 3407 560 3477 ejus
589 3406 785 3478 imago
813 3406 1357 3476 monstratur.Lego
1388 3405 1543 3475 quod
1576 3405 1854 3459 Lazarum

206 3493 576 3550 suscitaverit
614 3495 794 3565 (Joan.
826 3510 906 3560 χι,
941 3493 1029 3559 43,
1084 3493 1192 3563 44),
1241 3496 1299 3547 et
1354 3492 1541 3547 Patris
1595 3508 1745 3564 opus
1800 3497 1857 3546 et

205 3581 336 3642 Filii
368 3583 558 3638 credo.
595 3581 775 3637 Filius
806 3583 1050 3647 vocavit,
1085 3580 1253 3635 Pater
1296 3579 1537 3646 audivit,
1589 3585 1646 3635 et
1691 3581 1856 3635 Laza-

204 3688 318 3727 rus
343 3669 683 3728 ambulavit.
721 3671 871 3742 Lego
903 3669 1043 3742 quia
1072 3685 1206 3724 eum
1257 3669 1550 3724 damones
1597 3669 1857 3724 fateban-

201 3765 336 3827 tur;
371 3760 704 3818 fatebantur
732 3765 788 3814 et
816 3763 1072 3825 Patrem,
1103 3758 1243 3829 quia
1275 3759 1369 3813 Dei
1403 3757 1613 3812 Filium
1661 3773 1858 3828 preca-

202 3847 451 3914 bantur;
483 3848 816 3907 fatebantur
845 3851 902 3902 et
932 3846 1148 3918 ipsum,
1183 3847 1323 3916 quia
1374 3861 1474 3916 per
1520 3845 1714 3916 ipsum
1755 3845 1860 3915 eji-

202 3937 512 3992 ciebantur
539 3937 673 4007 (89).
705 3935 1000 4008 Scriptum
1049 3939 1137 3990 est
1186 3935 1341 3989 enim
1378 3951 1390 3988 :
1427 3956 1453 3983 κ
1487 3933 1647 3996 Quod
1698 3933 1746 3988 si
1800 3933 1860 3988 in

199 4025 423 4097 Spiritu
455 4024 553 4080 Dei
583 4024 751 4094 ejicio
783 4023 1090 4089 damonis,
1124 4022 1225 4076 ﬁlii
1276 4022 1452 4077 vestri
1506 4021 1564 4076 in
1611 4038 1724 4093 quo
1759 4021 1860 4092 eji-

203 4114 370 4169 ciunt
400 4112 607 4182 (Matth.
640 4130 744 4177 xu,
775 4114 868 4185 27)
886 4113 913 4166 ?
946 4133 974 4160 n

285 4203 376 4256 25.
411 4201 670 4256 Primum
705 4200 886 4272 igitur
918 4199 1129 4256 umbra
1176 4199 1496 4270 pracessit,
1541 4205 1739 4254 secuta
1778 4203 1867 4254 est

207 4291 426 4361 imago,
460 4289 569 4344 erit
597 4289 829 4345 veritas.
867 4288 1086 4345 Umbra
1135 4289 1193 4342 in
1239 4286 1385 4359 lege,
1423 4287 1614 4359 imago
1643 4304 1774 4342 vero
1806 4287 1864 4342 in

207 4376 520 4448 Evangelio
567 4377 779 4432 veritas
811 4377 868 4430 in
901 4375 1260 4431 caelestibus.
1305 4373 1525 4430 Umbra
1572 4375 1866 4448 Evangelii

208 4471 268 4522 et
318 4465 586 4521 Ecclesia
635 4464 1106 4537 congregationis
1156 4465 1215 4519 in
1271 4463 1417 4535 lege,
1473 4465 1665 4537 imago
1714 4465 1866 4520 853

209 4555 423 4610 futura
470 4555 730 4609 veritatis
781 4554 839 4608 in
897 4552 1228 4625 Evangelio,
1278 4553 1602 4609 veritaS'in
1642 4553 1867 4623 judicio

207 4643 334 4698 Dei.
373 4643 520 4715 Ergo
554 4660 679 4715 qua
711 4660 825 4699 non
860 4642 1232 4698 celebrantur
1267 4642 1324 4695 in
1360 4640 1638 4708 Ecclesia,
1669 4658 1870 4697 eorum

1963 3335 2075 3390 que
2106 3323 2163 3373 et
2191 3317 2300 3389 ipsi
2325 3319 2452 3387 jam
2482 3319 2540 3372 in
2573 3319 2758 3388 gloria
2782 3317 2870 3371 vel
2901 3317 3126 3383 decore,
3156 3317 3283 3387 jam
3308 3315 3369 3369 in
3401 3330 3605 3372 resur-b

1963 3407 2238 3474 rectionis
2267 3406 2476 3478 gratia,
2510 3423 2623 3461 non
2658 3407 2713 3460 in
2749 3421 2986 3476 corpore
3018 3404 3245 3471 mortis,
3277 3407 3335 3459 et
3364 3419 3601 3475 corrup-

1965 3495 2139 3551 tionis
2161 3494 2549 3550 deformitate.

2034 3584 2122 3638 27.
2156 3583 2297 3637 Vide
2327 3598 2398 3636 ne
2429 3597 2494 3637 eo
2525 3582 2751 3637 deferas
2799 3581 3115 3652 imaginem
3161 3581 3474 3652 terrestris,
3506 3580 3609 3638 ubi

1966 3672 2066 3726 lux
2095 3670 2417 3725 coelestium
2467 3675 2574 3725 est.
2633 3671 2735 3724 Hic
2782 3669 2831 3724 si
2882 3669 3014 3741 quis
3061 3669 3292 3741 tyranni
3325 3669 3611 3742 imagines

1968 3759 2198 3824 haheat,
2248 3759 2344 3830 qui
2398 3759 2523 3827 jam
2572 3758 2760 3814 victus
2805 3758 3045 3825 interiit,
3087 3759 3224 3829 jure
3273 3759 3608 3814 damnatur.

1970 3847 2272 3913 Quomodo
2319 3851 2381 3900 tu
2429 3847 2617 3902 hostis
2659 3852 2717 3902 et
2757 3845 3072 3902 adversarii
3103 3847 3418 3918 imaginem
3449 3846 3508 3901 in
3539 3846 3616 3901 ci-

1969 3936 2204 3991 vitatem
2238 3935 2353 3990 veri
2393 3934 2764 4005 imperatoris
2812 3935 3065 4001 inducis,
3116 3934 3230 3990 nisi
3278 3938 3345 3990 ut
3388 3934 3513 4005 ipse
3556 3937 3615 3990 te

1972 4025 2254 4078 damnes?
2299 4022 2368 4078 Et
2411 4021 2459 4076 si
2508 4022 2762 4077 volueris
2815 4022 3132 4094 imaginem
3190 4022 3481 4078 terrestris
3525 4022 3614 4076 in-

1972 4113 2140 4177 ferre,
2192 4110 2550 4164 contradicet
2604 4110 2709 4164 tibi
2759 4111 3030 4182 princeps
3079 4108 3251 4165 istius
3300 4109 3529 4178 mundi,
3561 4114 3620 4165 et

1973 4200 2126 4255 dicet
2170 4215 2182 4252 :
2219 4199 2345 4253 Mea
2396 4203 2484 4252 est
2529 4197 2722 4270 imago
2767 4198 2907 4264 hac,
2961 4201 3018 4253 et
3059 4214 3187 4268 qua
3239 4198 3432 4266 offers,
3483 4214 3618 4255 mea

1974 4291 2131 4344 sunt.
2166 4285 2313 4351 Quid
2348 4286 2523 4342 facies
2573 4287 2990 4356 deprehensus,
3025 4303 3159 4342 cum
3210 4287 3315 4343 tibi
3360 4287 3570 4344 dixerit
3603 4304 3616 4342 :

1975 4378 2103 4432 Mea
2144 4381 2232 4430 est
2290 4374 2552 4440 avaritia,
2585 4391 2715 4428 mea
2769 4380 2859 4430 est
2907 4375 3172 4443 ambitio,
3205 4391 3344 4431 mea
3385 4375 3618 4443 divitia,

1975 4481 2226 4536 quarum
2259 4463 2573 4534 imaginem
2599 4463 2655 4516 in
2689 4467 2743 4517 te
2775 4479 3124 4535 recognosco
3144 4462 3171 4516 ‘t
3195 4464 3322 4535 Ipse
3350 4468 3439 4518 est
3465 4464 3622 4520 enim

1978 4551 2347 4609 adversarius
2415 4555 2472 4605 et
2527 4551 2816 4606 defensor.
2880 4553 3042 4616 Quod
3094 4553 3142 4607 si
3202 4551 3382 4608 fueris
3430 4550 3626 4624 qualis

1978 4642 2175 4708 Jacob,
2210 4640 2367 4695 dices
2397 4639 2559 4693 Laba
2585 4646 2686 4710 qui
2719 4655 2779 4694 se
2810 4641 3192 4712 transfigurat
3242 4640 3300 4696 in
3351 4641 3626 4712 angelum

210 4732 430 4787 umbra
456 4735 578 4786 erat
604 4732 661 4785 in
687 4725 1512 4801 sermonibuspropbetarum
1541 4747 1552 4783 :
1577 4731 1786 4785 umbra
1814 4731 1870 4785 in
1980 4730 2128 4785 lucis
2165 4746 2176 4783 :
2213 4751 2240 4778 (ι
2272 4730 2636 4800 Recognosce
2667 4730 2714 4783 si
2748 4729 2887 4800 quid
2919 4734 3158 4785 tuorum
3189 4729 3248 4784 in
3280 4745 3373 4784 me
3403 4728 3629 4784 invenis

210 4818 456 4883 diluvio,
485 4819 696 4874 umbra
744 4821 802 4873 in
858 4818 1054 4874 Rubro
1103 4816 1282 4884 mari;
1319 4817 1554 4887 quando
1604 4817 1878 4889 baptizati

293 4942 409 5013 (87)
444 4943 532 4997 Ita
560 4943 701 4997 edit.
736 4947 795 4996 et
845 4958 988 4996 mss.
1040 4939 1185 4994 Vict.
1238 4944 1295 4994 et
1337 4938 1496 4994 Colb.
1529 4944 1603 4994 At
1634 4941 1771 5010 Reg.
1826 4946 1884 4995 et

218 5015 320 5098 alii
352 5016 684 5102 quatuor,“
713 5023 808 5102 au‘t
837 5014 1001 5102 ﬁtz'qs,
1036 5022 1128 5102 a‘ut
1151 5015 1370 5102 nepotes
1409 5015 1659 5102 ptzop‘rios
1685 5028 1880 5102 subet:-

217 5080 398 5141 υἰυαῐ.
433 5085 660 5140 Rursus
694 5080 896 5139 eodem
931 5083 1041 5137 hoc
1068 5080 1230 5146 loco;
1250 5080 1568 5137 edit.vet.et
1598 5080 1880 5138 cod.Vict.

219 5161 282 5212 et
329 5155 528 5222 Colb.,
581 5156 818 5211 conditis
864 5154 1089 5224 tabulis,
1122 5155 1457 5208 testamentis
1513 5156 1732 5224 scriptis
1779 5154 1884 5209 ha-

217 5244 312 5283 res
369 5229 600 5297 funereo
659 5228 893 5289 ambitu,
951 5231 1058 5279 etc.
1114 5225 1270 5297 _E_dit.
1328 5224 1492 5297 Rom.
1545 5242 1677 5297 cum
1738 5242 1883 5281 mss.

219 5294 493 5376 quinque
525 5303 595 5376 ut
623 5314 728 5376 nos
759 5297 818 5352 in
852 5301 1032 5376 textu,
1067 5295 1180 5376 nisi
1232 5295 1386 5376 quod
1415 5294 1600 5376 aliqui
1635 5312 1738 5366 pro
1768 5313 1884 5376 am:

221 5365 364 5435 Bitu,
399 5365 605 5442 legunt
636 5370 827 5429 obitu;
856 5367 978 5433 alii,
1025 5365 1199 5432 abitu,
1235 5366 1290 5419 id
1344 5371 1432 5420 est
1485 5365 1769 5433 discessu,
1799 5366 1886 5421 vel

220 5457 492 5496 excessu.

1985 4820 2135 4891 (Gen.
2168 4835 2322 4885 χχχι,
2354 4817 2464 4887 3‘2).
2505 4840 2530 4864 »
2561 4818 2726 4871 Tunc
2755 4818 2851 4872 ille
2907 4818 3183 4888 requiret,
3215 4822 3272 4872 et
3311 4833 3425 4872 non
3468 4817 3629 4872 inve-

1994 4943 2253 5014 quinque
2285 4957 2426 4995 mss.
2465 4941 2679 5014 Utinam
2708 4942 2908 5014 nonin
2938 4937 3266 5014 um_bra._.Alii
3297 4955 3430 5014 cum
3461 4938 3627 5007 edit.,

1993 5010 2052 5069 ut
2073 5010 2210 5085 jam.
2225 5027 2332 5066 non
2366 5029 2428 5085 2n
2453 5013 2666 5066 umbra.
2705 5011 2958 5085 Denique
2989 5011 3086 5064 ubi
3117 5010 3282 5085 Rom.
3317 5010 3454 5066 edit.
3493 5025 3629 5066 cum

1994 5081 2138 5140 mss.
2167 5082 2486 5138 nonnullis.
2523 5085 2585 5136 In
2629 5081 2877 5150 imagine
2905 5085 3109 5149 autem,
3141 5081 3278 5136 edit.
3330 5087 3442 5138 vet.
3493 5097 3630 5136 cum

1996 5155 2126 5210 aliis
2156 5153 2393 5209 habent.
2430 5159 2493 5208 In
2525 5153 2739 5207 Christo
2769 5154 2936 5207 enim.

2069 5227 2296 5350 (82pm
2325 5224 2462 5304 edit.
2497 5229 2616 5306 ant.
2652 5240 2718 5278 ac
2749 5240 2894 5304 mss.
2925 5223 3137 5305 Victet
3165 5221 3323 5304 Colb.
3357 5241 3390 5278 a
3420 5223 3636 5295 quibus

2069 5315 2111 5350 in
2182 5301 2415 5350 issentit
2441 5295 2577 5350 edit.
2615 5294 2805 5350 Rom..
2840 5311 2951 5348 nisi
2985 5294 3136 5350 quod
3169 5301 3349 5350 erasn
3392 5296 3636 5350 verbum

1998 5293 2111 5352 non
2141 5293 2415 5351 dissentit
2441 5295 2577 5350 edit.
2615 5294 2805 5359 Rom.,
2840 5293 2951 5348 nisi
2985 5294 3136 5365 quod
3169 5294 3349 5350 erasit
3392 5293 3636 5365 verbum

1994 5368 2332 5437 fatebantur,
2367 5371 2496 5421 ante
2525 5369 2572 5420 et
2604 5371 2842 5420 Patrem.
2879 5364 3017 5436 Reg.
3049 5372 3245 5420 autem
3293 5370 3351 5421 et
3396 5365 3493 5421 alii
3526 5364 3634 5421 ali-

1997 5443 2136 5507 quot
2161 5437 2434 5493 dasmones
2462 5439 2778 5506 fatebantur
2805 5455 2826 5490 .·
2851 5440 2906 5490 et
2927 5439 3168 5503 Patrem,
3218 5439 3350 5508 quia
3401 5439 3502 5492 Dei
3546 5439 3635 5491 Fi-

299 5513 416 5590 (88)
449 5510 594 5590 Mss.
653 5508 933 5590 quinque,
995 5508 1258 5590 Christus.
1298 5522 1422 5590 ergo
1472 5507 1671 5590 imago,
1711 5510 1891 5590 sancti
2154 5508 3073 5590 precabantur,fatebantur;et‘in
3099 5507 3436 5581 ipso’vetper
3458 5511 3638 5584 ipsum

221 5577 831 5652 ad‘im'agtn-emftlwc'
848 5581 1026 5652 imago
1057 5579 1204 5634 venit
1217 5579 1293 5652 _in
1326 5584 1521 5652 terras.
1544 5577 1665 5652 _Alii
1714 5583 1889 5652 atque

978 5656 1170 5718 terum
1217 5647 1325 5717 hoc
1366 5645 1494 5724 ipso
1541 5647 1668 5709 loco
1709 5645 1888 5714 iidem

223 5653 373 5724 edit.
419 5658 488 5724 ut
538 5667 646 5713 nos
697 5667 897 5730 supra.

1998 5578 2248 5655 (Thuan.
2283 5585 2333 5636 et
2355 5593 2458 5652 per
2485 5581 2688 5652 ipsum)
2715 5578 3091 5649 eiiciebantur.
