3856 6206
176 316 336 382 1108

1631 315 1696 375 8.
1742 311 2120 376 AMBROSII

3417 310 3573 375 1104

176 448 346 510 niens
375 445 712 506 confutatus
749 441 1038 512 abscedet,
1073 445 1211 516 quia
1253 444 1612 499 abscondisti
1643 449 1818 516 atque
1847 446 1904 512 Α
1931 449 1988 500 et
2013 462 2129 500 non
2156 445 2354 516 aperui
2387 462 2451 500 os
2482 460 2716 510 meum;
2751 441 3028 516 quoniam
3056 445 3122 499 tu
3152 441 3342 499 fec‘isti
3382 459 3510 510 me;
3545 467 3572 495 ››

179 533 528 594 oblitterasti
559 534 816 591 omnium
846 533 1162 590 simulacra
1182 533 1699 587 vitiorum.Bcatus
1722 533 1821 603 qui

177 626 369 697 potest
399 623 590 680 dicere
625 640 637 680 :
669 646 696 672 «
731 622 936 679 Veniet
965 620 1144 691 hujus
1195 621 1397 675 mundi
1443 625 1732 691 princeps,
1767 623 1824 674 et

178 713 238 772 in
268 727 363 768 me
408 727 585 768 suum
634 710 887 766 inveniet
918 708 1064 764 nihil
1123 710 1302 780 (Joan.
1339 725 1452 775 xw,
1479 710 1589 778 30).
1633 731 1658 754 ››
1691 708 1821 770 Qua:

180 816 289 858 sua
320 803 458 856 sunt
488 798 644 854 enim
678 797 885 870 quaerit
914 797 1031 866 ille,
1066 814 1179 852 non
1213 796 1313 851 illa
1343 813 1468 867 quae
1498 795 1732 850 Christi.
1765 795 1821 848 Si

178 904 315 961 ergo
345 904 470 961 quis
503 890 645 942 sunt
675 885 891 941 Christi
919 885 1205 958 sequeris,
1238 884 1353 940 noli
1394 901 1542 955 quas
1574 902 1688 939 non
1722 884 1821 938 ha-

178 975 359 1034 bebas
389 975 659 1031 affectare
707 973 961 1041 divitias,
1004 989 1214 1044 augere
1263 989 1409 1043 quas
1457 971 1735 1037 habebas,
1769 976 1825 1026 et

178 1063 420 1120 divitem
476 1066 532 1118 te
591 1061 708 1117 sibi
754 1061 967 1116 sentiat
1008 1076 1248 1132 pauper.
1284 1059 1462 1114 Induc
1494 1060 1551 1113 in
1583 1061 1824 1114 domum

178 1154 347 1208 tuam
377 1149 635 1222 inopem,
665 1149 865 1222 frange
904 1165 1112 1220 panem
1160 1148 1457 1213 esurienti,
1491 1153 1547 1202 et
1599 1148 1821 1202 nudum

182 1237 345 1310 operi
377 1253 391 1293 :
425 1242 490 1294 ut
517 1237 624 1294 tibi
653 1237 964 1294 thesaurus
994 1237 1278 1292 condatur
1306 1235 1364 1289 in
1396 1235 1557 1300 coelo,
1593 1237 1692 1306 qui
1741 1241 1824 1290 te-

182 1340 319 1380 cum
350 1329 633 1382 transeat.
667 1325 895 1397 Pauper
953 1324 1222 1379 Christus
1282 1325 1434 1380 854
1478 1329 1565 1378 cst
1613 1324 1822 1390 factus,

179 1428 314 1470 cum
345 1413 507 1468 dives
538 1417 712 1479 esset,
746 1417 812 1468 ut
842 1430 948 1469 nos
979 1429 1086 1468 sua
1117 1413 1314 1483 inopia
1346 1413 1555 1466 divites
1589 1413 1822 1467 faceret.

181 1498 309 1554 Noli
355 1516 491 1574 ergo
521 1503 758 1574 propter
809 1499 1041 1555 divitias
1087 1517 1234 1555 vane
1283 1501 1640 1565 conturbari,
1673 1501 1823 1555 exci-

178 1585 290 1642 tari
322 1586 392 1644 de
421 1604 650 1657 somno,
683 1587 936 1660 cogitare
967 1589 1465 1660 quemadmodum
1518 1589 1823 1660 pecuniam

179 1678 345 1734 tuam
374 1690 735 1748 serves,opes
767 1680 899 1732 tuas
929 1691 1165 1747 augeas,
1198 1676 1268 1731 de
1300 1681 1463 1731 nocte
1494 1677 1823 1747 procedere,

180 1761 467 1820 excubare
512 1763 584 1818 ad
633 1761 854 1835 judicis
900 1764 1164 1827 domum,
1208 1769 1272 1817 ut
1316 1763 1505 1818 aliena
1560 1765 1822 1836 diripias,

179 1848 345 1908 litem
377 1865 610 1909 moveas
640 1851 902 1923 pauperi,
934 1851 1184 1906 verearis
1211 1857 1534 1907 exactorem
1569 1853 1769 1908 tributi
1807 1871 1818 1908 :

178 1953 328 1998 vana
355 1941 447 1994 est
477 1937 591 1995 ista
619 1939 1005 1995 conturbatio.
1050 1966 1055 1971 ι

247 2044 337 2098 28.
370 2042 555 2114 (Vere.
586 2044 666 2114 8.)
718 2045 786 2101 Et
834 2044 964 2101 ideo
1011 2045 1220 2100 Justus
1267 2045 1413 2099 dixit
1447 2063 1458 2099 :
1493 2069 1519 2092 ‹‹
1555 2047 1621 2099 Et
1668 2063 1822 2101 nunc

183 2146 310 2202 qua
340 2135 431 2190 est
458 2132 778 2204 expectatio
809 2133 976 2188 mea?
1006 2149 1197 2188 nonne
1227 2133 1548 2188 Dominus?
1583 2135 1648 2187 Et
1685 2136 1822 2189 sub-

179 2218 398 2277 stantia
425 2233 557 2278 mea
585 2223 718 2276 ante
751 2224 808 2275 te
836 2224 944 2276 est.
977 2242 1005 2271 ››
1041 2222 1186 2291 Spes
1215 2225 1272 2276 et
1304 2221 1585 2292 patientia
1627 2227 1825 2277 nostra

181 2305 450 2367 Christus
497 2311 588 2362 est
637 2324 650 2363 :
697 2307 822 2378 ipse
868 2308 1056 2363 factus
1101 2313 1189 2364 est
1237 2309 1556 2380 redemptio
1607 2315 1821 2373 nostra,

185 2393 312 2466 ipse
359 2398 449 2450 est
502 2398 704 2452 nostra
751 2395 1123 2468 exspectatio,
1154 2401 1218 2450 ut
1260 2397 1526 2452 dicamus
1557 2399 1773 2469 singuli
1808 2417 1820 2453 :

183 2503 211 2531 ‹‹
246 2481 601 2554 Exspectans
630 2485 952 2555 exspectavi
986 2484 1318 2549 Dominum,
1353 2490 1409 2540 et
1440 2487 1689 2558 respexit
1732 2504 1822 2542 me

183 2569 358 2640 (Ρεαι.
391 2583 584 2638 xxxxx,
616 2571 694 2642 2).
733 2594 759 2620 ››
792 2573 1034 2644 Respice
1064 2589 1199 2645 ergo
1229 2591 1335 2629 nos
1365 2573 1424 2628 in
1449 2575 1670 2645 judicio
1701 2581 1820 2630 tuo.

182 2655 474 2728 Respiciet
528 2674 706 2731 super
753 2676 861 2716 nos
901 2661 1302 2716 misericordia
1332 2666 1451 2730 tua,
1495 2669 1558 2717 ut
1605 2665 1705 2734 qui
1756 2666 1827 2720 de

183 2749 391 2802 merito
421 2745 748 2803 diffidimus
776 2751 996 2815 nostro,
1029 2764 1132 2819 per
1161 2752 1322 2804 tuam
1365 2751 1824 2808 misericordiam

179 2830 522 2904 liberemur,
570 2834 630 2889 in
674 2835 843 2905 cujus
888 2839 1173 2907 potestate
1220 2842 1307 2893 est
1359 2839 1564 2894 animae
1617 2845 1824 2896 nostrae

185 2919 430 2991 vitaque
459 2921 810 2979 substantia.
835 2923 904 2978 Et
924 2923 1052 2980 ideo
1080 2941 1195 2980 non
1225 2925 1538 2983 timeamus
1569 2931 1826 3000 corporis

184 3012 455 3078 mortem,
487 3010 588 3067 sed
619 3025 756 3067 eum
785 3012 886 3083 qui
915 3016 1105 3084 potest
1151 3013 1406 3070 animam
1449 3022 1707 3073 nostram
1738 3018 1825 3074 vel

184 3111 437 3165 servare,
466 3099 554 3154 vel
584 3099 828 3172 perdere
859 3115 871 3156 :
906 3102 1076 3172 cujus
1108 3103 1440 3158 substantia
1487 3105 1669 3161 virtus
1715 3112 1824 3174 est,

1931 534 2038 588 hoc
2069 538 2176 598 est,
2210 533 2421 588 dedisti
2451 550 2542 587 me
2572 538 2635 588 tu
2664 533 3044 604 Opprobrium
3076 531 3398 604 insipienti,
3447 532 3573 589 ideo

1931 621 2219 684 obmutui,
2279 627 2334 676 et
2387 638 2502 675 non
2553 621 2754 692 aperui
2814 638 2877 676 os
2932 637 3151 689 meum,
3211 638 3284 677 ne
3341 625 3574 692 peccata

1933 711 2153 779 majora
2182 709 2607 764 contraherem.
2639 709 2858 780 Agnovi
2889 708 3246 764 voluntatem
3290 714 3475 774 tuam,
3509 713 3573 763 ut

1931 798 2002 851 ad
2036 803 2265 868 tempus
2307 798 2730 860 erubescerem,
2764 801 2820 852 et
2872 801 3076 868 postea
3130 796 3328 854 salvus
3377 796 3570 852 fierem

1930 885 2160 940 veniam
2193 885 2812 956 postulando.Prodest
2833 901 2968 957 ergo
2986 885 3281 940 interdum
3299 889 3356 940 et
3373 901 3572 956 oppro-

1931 973 2456 1045 brium.Siquidem
2480 974 2655 1029 etiam
2674 974 2798 1045 ipse
2820 975 3054 1044 prodest
3070 973 3262 1029 carnis
3280 973 3569 1038 interitus,

1934 1067 1997 1116 ut
2027 1063 2371 1117 testificatur
2400 1061 2712 1133 Apostolus
2744 1063 2945 1116 dicens
2978 1079 2990 1116 :
3026 1085 3054 1110 ‹‹
3085 1061 3322 1117 Tradidi
3349 1078 3482 1118 eum
3513 1062 3571 1116 in

1933 1149 2233 1204 interitum
2267 1150 2490 1216 carnis;
2530 1155 2594 1204 ut
2624 1150 2866 1221 spiritus
2897 1149 3095 1205 salvus
3124 1150 3201 1204 sit
3226 1149 3284 1204 in
3326 1150 3420 1204 die
3463 1149 3570 1205 Do-

1938 1237 2080 1291 mini
2116 1237 2296 1294 nostri
2323 1238 2464 1293 Jesu
2497 1238 2738 1293 Christi.
2780 1239 2826 1308 (I
2854 1237 3037 1302 Conv,
3061 1238 3569 1309 5).»Opprobrium

1933 1342 2164 1396 quoque
2223 1328 2496 1397 prodesse
2545 1326 2721 1381 David
2775 1327 2899 1398 ipse
2948 1331 3192 1381 testatus
3241 1330 3329 1381 est
3377 1327 3572 1382 dicens

1934 1416 2003 1468 ad
2037 1416 2315 1469 Abessam
2348 1432 2359 1469 :
2394 1438 2421 1463 ‹‹
2459 1417 2615 1482 Sine,
2659 1415 2971 1470 maledicat
3019 1415 3165 1470 mihi
3207 1415 3523 1471 Jeminaaus
3556 1442 3568 1482 ς

1934 1503 2209 1572 quoniam
2234 1503 2376 1557 dixit
2409 1503 2490 1557 illi
2524 1503 2837 1568 Dominus;
2873 1509 2936 1558 ut
2968 1504 3156 1559 videat
3183 1504 3574 1560 humilitatem

1937 1608 2146 1655 meum,
2180 1598 2236 1644 et
2269 1591 2550 1645 retribuat
2583 1591 2725 1646 mihi
2759 1591 3041 1648 Dominus
3073 1592 3224 1648 bona
3254 1609 3356 1664 pro
3397 1593 3573 1649 male-

1935 1679 2091 1733 dicto
2125 1679 2248 1733 hoc.
2284 1682 2351 1748 (II
2383 1681 2505 1749 Reg.
2554 1697 2668 1742 xw,
2723 1680 2949 1750 11,42).
2997 1704 3024 1728 ››
3072 1681 3144 1735 Et
3191 1697 3391 1737 revera
3433 1681 3574 1738 vidit

1935 1767 2310 1838 Opprobrium
2343 1768 2469 1836 ejus
2503 1767 2969 1839 Dominus,quod
3001 1768 3147 1824 flens
3174 1768 3297 1825 ibat
3317 1775 3376 1826 et
3395 1770 3575 1826 excal-

1933 1860 2150 1921 ceatus,
2187 1861 2386 1925 operto
2419 1856 2637 1927 capite;
2675 1861 2731 1912 et
2761 1857 2979 1912 amovit
3017 1857 3146 1927 ejus
3175 1859 3572 1930 opprobrium.

1935 1944 2139 2014 Liquet
2173 1944 2350 2014 igitur
2380 1944 2481 2014 qui
2513 1961 2646 1999 cum
2681 1946 2854 2001 datus
2886 1946 2942 2001 in
2974 1947 3356 2018 opprobrium
3400 1947 3575 2003 David

1934 2031 2164 2099 fugerit,
2225 2036 2280 2085 et
2338 2032 2680 2088 humiliatus
2733 2033 2826 2100 sit,
2861 2039 2918 2088 et
2973 2034 3125 2090 855
3177 2035 3354 2090 nudis
3412 2036 3575 2106 pedi-

1933 2120 2064 2183 bus,
2126 2119 2370 2174 Domino
2438 2121 2801 2189 satisfecerit,
2863 2126 2919 2177 et
2974 2122 3198 2195 lapides
3259 2125 3575 2194 jacientem

1935 2225 2047 2262 non
2081 2209 2521 2278 repercusserit,
2552 2215 2607 2264 et
2637 2209 2695 2264 in
2729 2209 3175 2267 maledicentem
3207 2229 3323 2267 non
3363 2204 3576 2283 permi-

1934 2296 2074 2350 serit
2103 2296 2467 2363 vindicari,et
2498 2303 2629 2368 post
2659 2298 2777 2353 haac
2813 2315 2988 2371 regno
3021 2317 3126 2356 suo
3155 2302 3380 2374 integro
3409 2302 3576 2358 resti-

1933 2389 2097 2439 tutus
2128 2386 2205 2439 sit
2230 2386 2388 2455 ;quia
2418 2392 2475 2442 et
2506 2387 2884 2458 opprobrium
2917 2406 2951 2444 a
2979 2389 3240 2445 Domino
3257 2391 3417 2458 sit,et
3446 2408 3574 2464 pro-

1934 2473 2010 2526 sit
2041 2473 2228 2543 magis
2277 2473 2566 2527 sustinere
2615 2475 3014 2546 opprobrium,
3065 2493 3242 2548 quam
3295 2479 3574 2536 refellere.

1933 2561 2191 2631 Denique
2222 2561 2461 2616 victoria
2497 2566 2624 2634 post
2654 2567 2854 2618 secuta
2882 2569 2988 2620 est.
3025 2565 3170 2637 Ergo
3197 2567 3575 2639 opprobrium

1933 2651 2188 2721 prodest.
2227 2652 2333 2705 Sed
2365 2651 2502 2721 quid
2530 2657 2619 2706 est
2649 2653 2805 2723 quod
2828 2653 3062 2732 ‘addidit
3095 2670 3108 2708 :
3143 2677 3171 2704 ‹‹
3205 2654 3489 2718 Quoniam
3512 2662 3574 2712 tu

1934 2738 2120 2794 fecisti
2178 2739 2308 2793 me?
2357 2741 2557 2796 Nonne
2607 2741 2734 2796 ideo
2793 2742 3162 2799 obmutuisse
3211 2761 3273 2800 se
3329 2745 3490 2816 dicit,
3522 2751 3576 2800 et

1936 2844 2050 2880 non
2081 2829 2379 2898 aperuisse
2411 2846 2475 2882 os
2508 2846 2682 2884 suum
2711 2846 2723 2883 :
2760 2830 2898 2901 quia
2925 2832 3161 2902 agnovit
3207 2832 3438 2888 Domini
3477 2851 3574 2889 vo-

1934 2914 2217 2970 luntatem
2252 2934 2264 2970 :
2300 2922 2602 2989 propterea
2633 2919 2918 2990 patienter
2947 2936 3008 2976 se
3040 2920 3376 2992 pertulisse,
3400 2925 3464 2978 ut
3493 2939 3574 2978 sa-

1935 3004 2176 3060 tisﬁeret
2206 3005 2449 3061 Domino
2490 3023 2594 3077 per
2625 3009 3002 3079 opprobrium
3030 3026 3134 3081 pro
3164 3013 3439 3081 peccato?

2008 3112 2095 3165 32.
2130 3111 2312 3179 (Vere.
2355 3114 2460 3183 ll.)
2495 3113 2656 3168 Unde
2714 3118 2770 3168 et
2828 3115 3093 3185 adjunxit
3156 3133 3168 3170 :
3216 3140 3244 3165 «
3303 3118 3572 3174 Amovea

191 3200 373 3275 quam
403 3185 558 3243 Deus
584 3167 686 3243 -ad
743 3167 1188 3246 similitudinem
1231 3193 1320 3246 sui
1373 3195 1705 3264 pectoribus
1737 3167 1824 3250 in;
1855 3167 1896 3234 (ί
1938 3216 2029 3254 me
2063 3167 2263 3272 plagas
2295 3207 2427 3257 tuas
2445 3167 3091 3275 Ι(Ρ.ςαι.Χκνιιιῑῖέῐῖξ
3138 3167 3444 3269 Quomodo
3464 3167 3569 3263 hoc

181 3271 337 3330 fudit
354 3273 652 3332 humanis.

250 3363 340 3420 29.
373 3363 556 3434 (Vere.
589 3366 668 3436 9.)
698 3366 977 3438 Quisquis
1033 3368 1210 3440 igitur
1259 3369 1436 3426 habet
1480 3373 1651 3426 istam
1685 3375 1822 3428 sub-

180 3451 459 3509 stantiam
490 3454 698 3509 animae
727 3473 867 3524 suae,
904 3456 1044 3512 dicit
1078 3475 1089 3511 :
1129 3480 1155 3508 ‹‹
1187 3461 1270 3513 Ab
1302 3461 1575 3516 omnibus
1608 3460 1822 3532 iniqui-

179 3538 402 3600 tatibus
430 3541 577 3596 meis
607 3541 764 3614 eripe
795 3561 908 3599 me.
935 3565 964 3596 η
999 3546 1122 3601 Non
1173 3548 1350 3602 unius
1394 3549 1654 3604 criminis
1698 3550 1819 3622 lap-

179 3643 314 3682 sum
334 3627 566 3696 fatetur,
598 3630 699 3700 qui
731 3631 802 3686 ab
829 3634 1104 3689 omnibus
1135 3651 1195 3689 se
1227 3637 1635 3706 iniquitatibus
1678 3639 1818 3694 solvi

176 3719 466 3788 precatur.
498 3717 620 3773 Scit
646 3718 802 3774 enim
839 3722 993 3792 quod
1042 3723 1154 3776 nisi
1205 3724 1482 3780 Dominus
1534 3726 1816 3798 ignoscat,

174 3811 352 3861 nemo
381 3805 576 3863 salvus
607 3823 736 3865 esse
763 3809 968 3880 possit,
1000 3811 1334 3884 quicunque
1367 3819 1538 3870 natus
1587 3821 1676 3870 est
1707 3817 1817 3871 sub

173 3899 433 3966 peccato,
485 3913 659 3970 quem
699 3898 830 3971 ipsa
878 3899 1058 3956 noxiae
1107 3903 1458 3958 conditionis
1508 3905 1817 3962 hzereditas

172 3984 451 4041 astrinxit
475 3988 546 4043 ad
579 3987 830 4060 culpam.

241 4091 328 4146 30.
363 4093 835 4171 «Opprobrium,
874 4115 902 4145 λ
935 4095 1146 4168 inquit,
1187 4121 1212 4145 ››
1258 4097 1558 4170 insipienti
1603 4101 1814 4156 dedisti

171 4192 283 4233 me.
320 4201 348 4229 »
381 4181 520 4247 Quis
551 4187 640 4238 est
669 4181 977 4256 insipiens,
1011 4185 1122 4241 nisi
1155 4187 1252 4257 qui
1296 4193 1597 4258 peccatum
1653 4191 1811 4260 facit,

170 4271 226 4322 et
252 4266 414 4341 eligit
443 4269 600 4326 mala
628 4288 730 4343 pro
764 4273 972 4328 bonis?
1003 4275 1146 4346 Ergo
1179 4274 1278 4346 qui
1311 4281 1514 4330 auctor
1543 4283 1631 4333 est
1676 4296 1810 4350 pec-

168 4359 585 4431 catorum,ipse
615 4359 899 4432 insipiens
931 4363 1324 4434 magis,quam
1358 4366 1484 4434 ejus
1519 4367 1806 4422 minister.

165 4449 308 4500 Cum
341 4463 650 4517 peccamus
711 4452 909 4523 igitur,
964 4451 1022 4504 in
1081 4453 1459 4523 opprobrium
1519 4456 1810 4510 tradimur

1935 3289 2044 3344 sibi
2098 3289 2405 3360 congruit?
2462 3291 2522 3344 In
2577 3290 2876 3362 superiore
2922 3293 3154 3348 Psalmo
3213 3294 3458 3368 ﬂagellis
3511 3310 3569 3350 se

1933 3377 2163 3444 obtulit,
2199 3378 2291 3433 hic
2344 3378 2572 3450 ﬂagella
2621 3397 2655 3434 a
2701 3397 2762 3435 se
2812 3381 3070 3452 postulat
3117 3385 3405 3450 amoveri;
3462 3384 3568 3439 nisi

1933 3467 2071 3537 quia
2100 3466 2267 3521 solvit
2291 3469 2415 3538 jam
2449 3469 2517 3522 dc
2551 3485 2729 3524 manu
2769 3470 2999 3525 Domini
3033 3471 3293 3543 duplicia
3340 3476 3570 3544 peccata

1931 3572 2055 3619 sua,
2083 3556 2820 3629 erubescendo,opprobria
2851 3559 3194 3615 sustinendo
3211 3565 3235 3614 .9
3259 3566 3570 3634 Compunc-

1931 3645 2115 3699 tiones
2166 3645 2356 3700 cordis
2408 3647 2498 3701 sui
2545 3652 2684 3702 sunt
2739 3652 2794 3701 et
2843 3650 3281 3720 cogitationum,
3332 3656 3471 3706 sunt
3515 3655 3569 3706 et

1932 3733 2399 3806 increpationum
2451 3735 2692 3806 ﬂagella.
2740 3736 3058 3793 Videamus
3106 3742 3300 3794 tamen
3335 3756 3407 3795 ne
3448 3740 3568 3795 ideo

1930 3823 2139 3876 dixerit
2192 3829 2324 3878 ante
2373 3828 2554 3879 Deum
2585 3841 2711 3880 esse
2737 3824 3128 3881 substantiam
3159 3829 3369 3883 anima:
3417 3846 3568 3894 suae;

1927 3928 2064 3982 qma
2094 3928 2207 3966 non
2242 3912 2610 3984 impugnaret
2641 3914 3009 3969 adversarius
3040 3932 3190 3986 eam,
3224 3917 3338 3972 nisi
3380 3922 3566 3990 potes-

1925 4003 2104 4054 tatem
2135 4001 2456 4071 accepisset
2489 4020 2522 4055 a
2551 4002 2831 4070 Domino;
2869 4005 3022 4074 quod
3047 4003 3203 4059 enim
3227 4005 3362 4061 fecit
3387 4006 3570 4062 Domi-

1924 4105 2058 4153 nus,
2109 4093 2164 4142 et
2213 4094 2427 4144 tuetur.
2482 4091 2740 4162 Denique
2786 4091 3028 4165 angelus
3079 4093 3137 4147 in
3187 4095 3433 4150 circuitu
3481 4098 3566 4151 est

1925 4175 2200 4242 hominis,
2231 4177 2328 4248 qui
2389 4179 2713 4249 praetendit,
2748 4197 2819 4235 ne
2879 4181 3011 4251 quis
3065 4187 3271 4238 noceat
3322 4184 3397 4238 ei.
3445 4184 3561 4238 Non

1921 4263 2166 4319 discedit
2196 4266 2458 4337 angelus,
2517 4267 2629 4322 nisi
2679 4269 2887 4338 jussus
2919 4286 2953 4324 a
3001 4270 3267 4336 Domino,
3315 4276 3376 4326 ut
3425 4287 3561 4327 suus

1920 4353 2138 4408 athleta
2187 4354 2458 4410 decertet.
2510 4356 2660 4427 Ergo
2718 4358 2886 4427 quasi
2947 4359 3278 4414 substantia
3336 4360 3560 4416 Domini

1919 4443 2219 4512 praesumit
2249 4444 2475 4498 veniam
2511 4444 2622 4500 sibi
2656 4445 3034 4516 iniquitatum
3075 4464 3319 4504 suarum
3351 4467 3385 4505 a
3415 4451 3561 4505 Con-

166 4533 528 4604 adversario;
563 4542 629 4591 ut
658 4538 756 4593 ille
785 4555 892 4594 nos
912 4539 1080 4610 quasi
1105 4540 1377 4596 inimicus
1404 4543 1460 4595 in
1485 4543 1576 4597 die
1599 4544 1805 4614 judicii
1837 4535 1884 4600 D
1917 4531 2102 4586 άίῖοΓθ
2155 4549 2261 4586 3‘10
2320 4549 2491 4604 P0350
2548 4535 2816 4601 concedi;
2877 4541 2933 4590 et
2999 4537 3128 4592 ideo
3187 4543 3373 4610 rogat:
3431 4540 3562 4610 (ἶυίθι

163 4627 398 4679 accuset
426 4629 484 4680 et
517 4627 743 4696 prodat.
795 4627 1197 4699 Suscipiamus
1244 4645 1378 4700 ergo
1429 4633 1804 4703 opprobrium

161 4713 350 4769 crucis
381 4711 618 4781 Christi,
668 4715 823 4785 quod
881 4717 1138 4788 suscepit
1196 4717 1440 4789 Moyses,
1476 4725 1531 4774 et
1583 4722 1803 4793 .Egypti

160 4800 455 4858 thesauris
485 4801 779 4876 regalibus
810 4803 1099 4876 praetulit;
1128 4810 1184 4860 et
1217 4807 1341 4859 ideo
1383 4825 1496 4862 non
1531 4815 1618 4864 est
1666 4810 1805 4866 insi-

160 4891 340 4962 pienti
372 4891 432 4947 in
461 4893 840 4966 opprobrium
867 4893 1256 4950 traditus.Alii
1290 4895 1504 4950 habent
1537 4899 1800 4955 codices:

157 5002 186 5030 «
219 4980 610 5054 Opprobrium
644 4982 940 5054 insipienti
968 5000 1038 5038 ne
1065 4985 1260 5038 tradas
1294 5002 1437 5040 me.»
1476 4987 1584 5041 Sed
1616 4991 1802 5061 magis

155 5067 332 5125 David
365 5087 493 5126 eam
535 5072 1019 5127 consuetudinem
1078 5071 1272 5140 habet,
1338 5079 1399 5128 ut
1449 5092 1555 5130 sua
1613 5078 1800 5150 magis

155 5159 467 5230 opprobria
497 5165 552 5215 et
581 5165 817 5232 peccata
849 5161 1117 5226 fateatur,
1152 5177 1256 5216 nec
1289 5163 1358 5216 de
1391 5165 1641 5234 peccatis
1675 5167 1798 5222 suis

153 5247 458 5304 erubescat
486 5253 543 5303 et
572 5249 1029 5322 opprobriis,qui
1066 5251 1174 5305 scit
1208 5252 1263 5305 in
1287 5252 1649 5309 confessione
1672 5272 1798 5311 esse

153 5335 403 5401 veniam,
454 5341 511 5390 et
561 5337 620 5392 in
670 5339 891 5410 peccati
940 5339 1030 5394 sui
1089 5340 1573 5398 condcmnatione
1621 5344 1798 5414 justi-

153 5423 320 5477 tiam.

222 5509 311 5564 3t.
343 5508 525 5580 (Vers.
577 5514 689 5585 10.)
721 5515 980 5587 Denique
1029 5535 1097 5574 ex
1146 5519 1238 5574 his
1288 5536 1414 5591 quae
1445 5526 1792 5595 sequuntur,

152 5597 566 5660 manifestatur
593 5600 687 5663 hic
709 5618 948 5675 sensus;
983 5607 1123 5679 quia
1154 5608 1402 5680 subjecit
1433 5628 1482 5668 :«
1515 5611 1792 5671 Obmutui

1918 4621 2076 4674 nevit
2104 4623 2411 4677 Auctorem
2443 4639 2617 4676 suum
2651 4623 3106 4680 misericordem.
3160 4627 3383 4684 Deinde
3430 4629 3562 4699 quia

1917 4710 2086 4764 datus
2117 4711 2192 4764 sit
2225 4709 2282 4764 in
2315 4711 2716 4782 opprobrium,
2752 4730 2866 4767 non
2900 4715 3150 4782 resistit;
3194 4717 3298 4771 sed
3347 4718 3562 4789 patitur

1915 4796 2222 4852 adversum
2257 4816 2316 4853 se
2347 4799 2617 4854 assistere
2649 4806 3096 4871 peccatorem,et
3131 4804 3263 4859 silet
3286 4806 3557 4861 substan-

1913 4885 2004 4938 tite
2028 4903 2144 4940 sum
2177 4887 2689 4960 conscientia,quze
2716 4891 2867 4946 bona
2887 4896 2994 4957 est,
3011 4897 3066 4946 et
3088 4898 3280 4964 potest
3305 4895 3557 4965 corporis

1913 4974 2271 5030 ferocitatem
2335 4978 2645 5045 refrenare,
2696 4984 2759 5033 ut
2807 4979 2991 5035 virtus
3040 4982 3334 5050 succedat,
3395 4983 3558 5054 culpa

1913 5068 2180 5133 ponatur.
2218 5064 2514 5120 Postremo
2548 5066 2686 5138 quia
2717 5068 2906 5123 factus
2939 5087 2972 5124 a
3005 5070 3247 5125 Domino
3271 5072 3554 5138 est-,citius

1910 5153 2020 5206 sibi
2053 5170 2223 5223 posse
2256 5154 2460 5209 donari
2491 5161 2794 5225 peccatum
2827 5157 3186 5213 conﬁdenter
3233 5161 3550 5225 existimat,

1913 5243 2011 5312 qui
2045 5241 2445 5296 fortitudinem
2483 5260 2694 5300 manus
2720 5245 2952 5301 Domini
2976 5248 3549 5318 potueritsustinere.

1978 5347 2067 5402 33.
2104 5348 2169 5402 Et
2211 5348 2320 5403 hoc
2372 5349 2570 5421 utique
2622 5351 2782 5406 bona
2833 5353 3175 5409 substantiae
3230 5361 3340 5423 est,
3378 5356 3483 5412 etsi
3519 5371 3550 5410 a

1905 5436 2247 5492 fortitudine
2279 5454 2490 5493 manus
2522 5439 2750 5495 Domini
2786 5441 3067 5498 defecisse
3097 5459 3158 5499 se
3190 5443 3547 5501 dicit.Fortis

1906 5543 2118 5582 manus
2167 5526 2320 5583 sicut
2367 5527 2521 5584 male
2569 5529 2839 5601 percutit,
2879 5530 2963 5586 sic
3012 5531 3126 5588 cito
3176 5538 3347 5589 sanat
3380 5550 3393 5589 :
3425 5548 3544 5605 qua

1903 5613 2073 5674 fortis
2104 5615 2176 5674 ad
2201 5614 2438 5690 vulnus,
2473 5615 2638 5676 fortis
2669 5621 2726 5679 et
2755 5619 2826 5678 ad
2853 5620 3182 5680 remedium
3230 5626 3339 5683 est.
3392 5621 3548 5682 Unde
