3856 6206
333 269 496 357 itas

1355 290 1808 358 ENARRATIO
1854 291 1936 355 IN
1979 291 2358 358 PSALMUM
2399 293 2731 362 XXXVIII.

3592 271 3748 360 1166

333 430 392 484 et
441 426 581 499 ipse
623 423 704 484 ait
737 441 805 483 τα
832 421 1182 496 Percutiam,
1232 427 1291 482 et
1338 425 1557 483 sanabo
1606 426 1781 499 (Deut.
1815 442 1993 496 xxxii,
2024 425 2080 493 Α
2108 429 2231 486 bris
2264 429 2678 507 cupiditatum.
2710 429 3057 504 Exspectant
3103 426 3283 504 igitur
3326 441 3433 488 nos
3480 425 3748 510 quaedam

329 516 464 586 39);
504 538 534 565 n
577 519 644 572 ut
700 532 816 571 non
874 514 1208 571 meminerit
1261 513 1542 583 vulneris,
1600 515 1701 587 qui
1754 521 1996 571 sanatus

331 605 548 661 evasit.
587 604 848 676 Denique
904 605 1027 660 haec
1084 621 1296 660 manus
1355 603 1585 660 Domini
1645 608 1846 659 sancto
1889 606 1997 659 Job

329 693 544 750 omnia
580 692 841 760 abstulit,
875 698 931 749 et
970 695 1167 749 omnia
1212 692 1646 764 repraesentavit
1680 711 1691 748 :
1725 694 1841 748 imo
1875 711 1996 748 om-

328 781 436 837 nia
486 781 733 837 cumulo
794 782 974 848 auxit,
1028 785 1091 837 ut
1139 783 1359 837 amissa
1407 781 1748 852 geminaret.
1783 782 1896 835 Nec
1944 785 1999 836 te

332 875 584 926 moveat
623 871 775 942 quod
807 871 1086 925 defecisse
1118 887 1180 925 se
1222 869 1382 924 dixit.
1419 871 1516 924 Est
1547 869 1647 940 qui
1701 869 1912 934 deﬁcit,
1945 874 2002 923 et

331 959 555 1014 fortior
587 959 803 1030 surgit;
853 958 1113 1013 suil‘ulcit
1142 958 1296 1013 enim
1329 957 1612 1013 Dominus
1662 974 1866 1012 omnes
1899 957 2000 1028 qui

327 1051 550 1114 ruunt,
588 1051 644 1102 et
676 1047 914 1119 corrigit
944 1062 1150 1102 omnes
1198 1045 1391 1101 elisos.
1428 1047 1569 1100 Cum
1601 1046 1814 1100 virtute
1843 1045 2000 1100 enim

332 1135 541 1206 surgit
575 1134 910 1207 quicunque
949 1135 1280 1206 corrigitur.
1318 1135 1532 1189 Defecit
1576 1133 1791 1189 Paulus
1821 1151 1854 1189 a
1885 1133 1999 1188 for-

327 1223 604 1277 titudine
636 1239 849 1278 manus
892 1223 1090 1294 hujus.
1127 1223 1343 1278 Cecidit
1391 1227 1748 1294 persecutor,
1784 1227 1840 1277 et
1871 1239 1999 1278 sur-

334 1311 492 1366 rexit
525 1310 826 1383 Evangelii
858 1311 1220 1382 praedicator.
1258 1311 1376 1366 Hoc
1423 1316 1511 1365 est
1554 1311 1706 1381 quod
1739 1310 1819 1364 ait
1851 1328 1863 1364 :
1893 1333 1920 1359 ‹‹
1954 1312 2001 1364 Α

329 1398 693 1455 fortitudine
725 1415 936 1455 manus
966 1403 1078 1454 tua:
1110 1415 1214 1470 ego
1245 1398 1446 1454 defeci.
1476 1421 1502 1447 »

402 1488 500 1543 34.
529 1487 723 1559 (Vers.
761 1487 869 1558 12.)
905 1489 971 1542 Et
1019 1487 1246 1542 addidit
1275 1506 1286 1542 ε
1313 1510 1339 1537 ‹‹
1390 1488 1452 1542 In
1501 1486 2000 1558 increpationibus

331 1592 522 1647 super
553 1575 928 1646 iniquitatem
963 1575 1209 1630 erudisti
1242 1575 1540 1630 hominem
1577 1593 1588 1629 :
1623 1579 1679 1628 et
1708 1574 2001 1629 tabescere

331 1663 536 1720 fecisti
571 1665 728 1719 sicut
772 1680 1046 1720 araneam
1088 1663 1346 1719 animam
1378 1664 1525 1734 ejus.
1556 1685 1584 1711 »
1617 1663 1848 1718 Graecus
1879 1670 2000 1733 ὑπὲρ

333 1760 553 1822 ἀνομιας
605 1751 768 1819 dixit,
818 1752 926 1807 hoc
983 1755 1090 1819 est,
1119 1768 1281 1823 «pro
1337 1751 1720 1822 iniquitate,»
1753 1755 1808 1805 et
1854 1750 2000 1806 inte-

334 1856 518 1912 grum
585 1857 820 1896 versum
877 1848 926 1895 ἐν
959 1847 1177 1912 ἐλεγμοῖς
1255 1849 1375 1912 ὑπὲρ
1453 1847 1652 1909 ἀνομίας
1723 1847 2008 1905 ἐπαίδευσας

334 1937 606 2002 ᾶνθρωπον
657 1929 876 2000 posuit,
937 1929 1089 2000 quod
1152 1935 1242 1983 est
1276 1946 1288 1984 :
1322 1950 1348 1978 «
1383 1928 1446 1983 In
1507 1927 2007 1998 increpationibus

335 2034 446 2090 pro
499 2018 816 2090 iniquitate
867 2016 1111 2072 erudisti
1170 2017 1547 2072 hominem.»
1585 2017 1714 2071 Ideo
1775 2015 2008 2087 sapiens

338 2105 493 2162 dixit
529 2124 590 2162 τι
623 2106 764 2170 Quis
795 2105 942 2160 mihi
976 2106 1140 2160 dabit
1170 2105 1588 2177 cogitationum
1623 2120 1887 2159 mearum
1911 2103 2010 2158 ﬂa-

337 2193 570 2267 gella...
613 2195 809 2265 (Eccli.
857 2211 1024 2263 xxm,
1046 2194 1101 2266 2)
1131 2199 1188 2249 et
1239 2193 1530 2249 labiorum
1580 2193 1692 2264 (90)
1743 2209 2008 2249 meorum

339 2282 725 2355 signaculum
776 2283 963 2353 (Eccli.
1005 2300 1147 2349 xxn,
1179 2282 1362 2354 33)?»
1399 2282 1553 2338 856
1587 2282 1661 2337 Ut
1706 2298 1804 2336 cor
1833 2299 2009 2337 suum

342 2371 477 2442 ipse
502 2371 634 2427 suis
658 2371 1111 2443 cogitationibus
1137 2371 1477 2441 ﬂagellaret,
1502 2373 1557 2425 et
1579 2370 1835 2441 signaret
1856 2369 2012 2424 labia

348 2476 492 2527 sua;
529 2476 648 2531 quo
679 2463 735 2514 et
763 2463 959 2514 vetera
1005 2463 1244 2531 peccata
1290 2460 1600 2529 minueret,
1633 2475 1738 2513 nec
1785 2457 1899 2513 alia
1926 2459 2010 2513 lo-

349 2548 593 2619 quendo
653 2550 990 2615 renovaret;
1044 2563 1158 2616 quo
1213 2547 1462 2619 propriis
1513 2545 2010 2618 increpationibus

350 2636 652 2702 eruditus,
695 2635 969 2690 exercitia
1007 2634 1238 2690 virtutis
1284 2636 1571 2690 indueret.
1607 2634 1875 2689 Tabescit
1905 2651 2011 2688 au-

348 2727 484 2779 tem
507 2724 729 2789 anima,
763 2724 997 2794 quando
1046 2726 1353 2794 peccatum
1403 2722 1723 2788 minuitur;
1759 2721 1846 2776 vel
1877 2738 2010 2776 cum

351 2811 558 2867 anima
617 2811 895 2877 tabescit,
955 2810 1126 2883 culpa
1184 2811 1495 2883 deponitur
1556 2828 1569 2866 :
1627 2811 2010 2876 incrassatur,

351 2915 489 2954 cum
542 2902 783 2971 peccata
831 2900 1226 2954 cumulantur.
1269 2899 1432 2954 Unde
1482 2899 1563 2953 ait
1614 2897 1898 2953 Dominus
1945 2898 2013 2952 de

352 2988 766 3059 peccatoribus
819 3005 884 3041 τι
919 2988 1044 3042 Non
1098 2987 1462 3058 permanebit
1511 2987 1569 3041 in
1620 2986 1712 3041 his
1760 2985 2012 3057 Spiritus

354 3092 528 3132 meus
559 3075 619 3130 in
653 3079 971 3142 mternum;
1005 3075 1280 3146 quoniam
1327 3091 1532 3131 carnes
1580 3079 1719 3130 sunt
1747 3074 1900 3143 (Gen.
1933 3090 2010 3142 VI,

2109 521 2464 592 sartagines;
2499 521 2628 576 ideo
2658 520 2754 576 hic
2801 525 3172 576 conteramus
3221 536 3319 577 cor
3365 521 3653 588 nostrum,
3684 523 3752 576 ut

2108 608 2319 664 subtile
2352 609 2473 674 ﬁat,
2506 612 2562 663 et
2583 610 2833 681 deponat
2864 625 3097 664 omnem
3121 609 3396 666 duritiem
3429 611 3486 664 et
3513 608 3752 682 pingue-

2108 693 2304 753 dinem
2335 699 2652 769 quamdam
2683 697 2935 753 carnalis
2975 699 3188 753 arvina:
3222 715 3235 753 :
3270 698 3423 769 quod
3455 696 3753 769 patientur

2109 787 2209 858 qui
2242 785 2518 842 luxuriati
2551 791 2688 842 sunt
2733 786 2791 840 in
2841 787 2950 841 hac
2979 787 3130 855 vita;
3161 791 3217 841 et
3265 785 3456 859 magis
3499 775 3752 846 ludibria

2109 875 2479 940 dedecorum,
2512 891 2687 946 quam
2720 891 2895 946 opera
2934 873 3053 930 ulla
3100 875 3382 929 virtutum
3433 865 3754 930 exercenda

2110 960 2220 1016 sibi
2246 978 2404 1015 more
2424 961 2665 1017 Judaico
2688 962 3079 1018 crediderunt.
3101 963 3464 1018 Incrassatus
3485 965 3574 1017 est
3595 962 3752 1017 enim

2109 1049 2312 1112 Jacob,
2345 1053 2400 1104 et
2441 1049 2676 1121 pinguis
2726 1053 2914 1105 factus
2962 1055 3070 1117 est,
3104 1054 3159 1105 et
3206 1050 3456 1106 surrexit
3501 1049 3702 1105 ludere
3736 1067 3748 1104 :

2111 1153 2286 1208 quem
2320 1154 2354 1192 a
2379 1137 2512 1191 ﬁdei
2535 1138 2775 1192 veritate
2800 1137 2967 1192 lusus
2995 1137 3094 1193 ille
3122 1137 3182 1192 in
3213 1137 3464 1210 perﬁdiae
3495 1137 3753 1192 traduxit

2110 1241 2386 1280 errorem.
2442 1225 2646 1280 Merito
2703 1242 2838 1296 ergo
2898 1224 3115 1281 Paulus
3173 1225 3498 1297 castigabat
3543 1241 3754 1300 corpus

2111 1329 2307 1378 suum,
2333 1329 2404 1367 ne
2437 1313 2684 1367 nutriret
2707 1329 2918 1384 corpus
2940 1313 3192 1384 peccati;
3225 1311 3575 1368 luxuriando
3598 1313 3752 1368 enim

2110 1401 2359 1456 facimus
2383 1401 2648 1454 membra
2669 1401 2910 1472 peccati,
2941 1401 3253 1458 sobrietate
3275 1404 3472 1457 autem
3494 1387 3758 1457 membra

2086 1487 2088 1490 ’
2104 1489 2367 1560 justitiae.
2402 1489 2526 1543 Non
2556 1491 2765 1544 natura
2796 1505 2952 1560 ergo,
2988 1491 3089 1545 sed
3121 1490 3293 1562 culpa
3323 1490 3629 1561 delinquit.

2181 1578 2270 1632 35.
2299 1578 2414 1632 Nec
2469 1576 2685 1631 iterum
2721 1593 2892 1640 vana
2939 1581 2997 1632 et
3055 1578 3254 1634 inania
3309 1594 3651 1650 sequamur,
3684 1594 3756 1633 ne

2109 1664 2286 1719 telam
2318 1681 2543 1720 araneae
2573 1667 2762 1719 texere
2799 1665 3136 1736 judicemur
3167 1683 3180 1721 :
3215 1682 3280 1722 eo
3330 1667 3486 1739 quod
3527 1669 3761 1739 peccata

2035 1790 2083 1854 B
2114 1752 2276 1808 nulla
2322 1753 2729 1824 perpetuitatis
2782 1758 3029 1825 possunt
3076 1754 3289 1811 habere
3341 1755 3754 1826 substantiam.

2117 1842 2279 1896 Unde
2307 1857 2439 1895 cum
2471 1841 2688 1896 videris
2714 1841 2941 1913 aliquos
2973 1843 3209 1898 studere
3239 1841 3612 1898 facultatibus
3643 1859 3760 1899 am-

2117 1929 2392 2001 pliandis,
2426 1928 2800 1984 cumulandis
2842 1931 3254 2002 potestatibus,
3304 1930 3623 1986 affectando
3662 1931 3760 1986 de-

2118 2017 2256 2084 cori,
2291 2019 2450 2073 dices
2482 2017 2625 2072 illud
2660 2018 2820 2074 Isaia:
2853 2036 2865 2072 :
2893 2042 2921 2069 «
2949 2019 3149 2075 Telam
3181 2036 3403 2075 araneae
3435 2022 3637 2075 texunt
3665 2019 3761 2074 isti

2119 2106 2178 2160 in
2210 2106 2484 2161 omnibus
2515 2105 2625 2161 diei
2660 2107 2835 2162 unius
2869 2107 2978 2179 (92)
3009 2106 3134 2179 (ba.
3168 2124 3278 2176 LIX,
3310 2107 3441 2178 5),»
3471 2124 3598 2180 quae
3631 2107 3760 2162 diu-

2120 2199 2293 2251 turna
2332 2210 2461 2250 esse
2507 2211 2622 2250 non
2671 2199 2886 2267 potest;
2936 2197 3037 2250 sed
3087 2196 3199 2252 cito
3247 2195 3558 2268 scinditur,
3588 2199 3763 2268 atque

2121 2297 2268 2354 opus
2299 2284 2428 2354 ejus
2459 2299 2630 2338 omne
2659 2283 3018 2339 dissolvitur.
3049 2283 3176 2339 Non
3225 2283 3381 2339 enim
3414 2301 3595 2356 supra
3625 2274 3762 2340 soli-

2121 2371 2264 2425 dum
2298 2371 2534 2443 aliquod
2578 2373 3016 2428 ﬁrmamentum
3048 2371 3296 2439 locatur,
3327 2372 3428 2428 sed
3476 2371 3536 2427 in
3582 2389 3762 2429 vacuo

2121 2460 2521 2530 suspenditur.
2545 2460 2699 2515 Nihil
2725 2460 2944 2532 laxum,
2968 2461 3113 2517 nihil
3133 2460 3310 2518 molle
3328 2478 3529 2518 verum
3551 2461 3764 2518 Christi

2123 2546 2370 2602 militem
2400 2549 2595 2615 decet;
2631 2564 2760 2604 ecce
2789 2549 2943 2604 enim
2976 2549 3076 2621 qui
3107 2549 3384 2606 mollibus
3413 2549 3761 2618 vestiuntur,

2122 2634 2182 2688 in
2215 2635 2487 2691 domibus
2536 2653 2738 2708 regum
2785 2640 2941 2691 sunt.
2972 2637 3176 2708 Arguti
3226 2635 3339 2693 sibi
3387 2641 3444 2692 et
3488 2636 3763 2692 industrii

2122 2738 2322 2778 omnes
2344 2724 2498 2779 avari
2515 2723 2804 2779 videntur.
2821 2724 2968 2789 Quid
2990 2723 3276 2797 argutius,
3292 2723 3431 2796 quid
3454 2723 3764 2781 sollicitius

2124 2826 2355 2878 aranea,
2389 2828 2513 2882 quae
2544 2813 2701 2883 operi
2751 2829 2856 2867 suo
2905 2812 3110 2869 diebus
3141 2829 3207 2868 ac
3237 2812 3505 2878 noctibus
3531 2828 3766 2884 semper

2122 2898 2392 2966 intendit,
2417 2916 2521 2954 nec
2552 2899 2671 2954 ullo
2699 2904 2960 2972 sumptu,
2983 2899 3221 2972 ullaque
3245 2900 3514 2972 impensa
3537 2899 3769 2957 conﬁcit

2119 2986 2580 3043 vestimentum?
2622 2988 2734 3043 Sed
2783 3005 3000 3043 vanum
3053 2987 3206 3044 857
3255 2991 3344 3044 est
3391 3003 3562 3044 omne
3611 2989 3764 3060 quod

2124 3075 2345 3131 fecerit.
2379 3076 2474 3131 Sic
2503 3076 2678 3132 homo
2709 3077 2899 3132 omnis
2927 3080 3034 3146 est,
3068 3077 3168 3149 qui
3209 3093 3356 3150 opus
3384 3079 3558 3132 suum
3589 3093 3767 3150 supra

352 3164 430 3235 3).
457 3187 488 3215 »
518 3165 592 3220 Et
635 3163 772 3218 alibi
830 3145 1131 3234 Scriptura
1188 3163 1328 3217 dicit
1360 3181 1372 3218 :
1400 3187 1426 3212 ‹‹
1462 3164 1860 3218 lncrassatum
1919 3165 2010 3216 est
2039 3145 2080 3212 Ο
2121 3161 2334 3218 Christi
2363 3180 2474 3218 non
2500 3164 2803 3219 constituit
2824 3145 3293 3220 fundamentum.
3317 3164 3477 3220 Vane
3497 3145 3766 3220 noctibus

355 3268 458 3308 cor
503 3252 706 3324 populi
755 3251 934 3323 hujus
965 3252 1099 3322 (Act.
1131 3267 1330 3319 xxvm,
1360 3253 1471 3318 27).
1502 3273 1527 3300 n
1561 3252 1694 3306 Ideo
1725 3255 1781 3305 et
1809 3251 2005 3304 Hiere-

355 3341 510 3397 mias
572 3339 828 3412 primum
885 3338 1162 3395 baculum
1219 3339 1364 3394 vidit
1419 3339 1701 3395 nucinum
1744 3356 1756 3394 :
1801 3339 2008 3393 deinde

356 3428 539 3486 ollam
571 3428 906 3496 ferventem,
931 3432 996 3483 ut
1024 3429 1346 3484 tabesceret
1377 3428 1572 3483 anima
1603 3427 1895 3499 propheta:
1928 3427 2010 3481 in-

358 3517 636 3589 cipientis
666 3517 808 3587 (91);
843 3533 956 3587 quo
1003 3516 1175 3588 culpa
1224 3516 1568 3582 discederet,
1603 3519 1669 3570 ut
1714 3516 2012 3570 accederet

357 3606 572 3677 gratia.
598 3605 708 3661 Sed
731 3621 834 3660 cur
863 3605 1026 3676 prius
1057 3603 1356 3670 baculum,
1381 3608 1584 3675 postea
1612 3603 1830 3659 ollam?
1859 3603 2008 3666 Quo-

360 3693 519 3748 niam
555 3693 654 3763 qui
686 3691 890 3748 baculo
924 3709 1039 3746 non
1071 3691 1402 3763 corrigitur,
1438 3693 1499 3746 in
1531 3691 1704 3747 ollam
1737 3690 2006 3758 mittitur,

359 3784 425 3836 ut
455 3783 660 3837 ardeat
689 3785 745 3836 et
774 3781 1052 3836 tabescat.
1085 3783 1154 3834 Et
1183 3780 1311 3835 ideo
1365 3780 1435 3835 ad
1485 3780 1826 3851 prophetam
1873 3781 2010 3834 Eze-

361 3869 611 3926 chielem
643 3869 856 3924 dicitur
892 3886 904 3924 :
937 3888 958 3917 ι
986 3868 1194 3939 Accipe
1223 3868 1330 3922 tibi
1375 3867 1796 3940 sartaginem...
1831 3875 1887 3924 et
1917 3885 2012 3923 ac-

363 3957 546 4030 cipies
578 3957 920 4028 iniquitates
951 3958 1162 4011 domus
1195 3956 1437 4011 Israel...
1462 3961 1518 4011 et
1548 3955 2008 4023 consummabis,

363 4050 419 4100 et
446 4046 772 4107 tabescent,
821 4044 1036 4115 inquit,
1071 4044 1132 4098 in
1183 4043 1304 4098 suis
1354 4043 1767 4114 iniquitatibus
1798 4044 2008 4114 (Ezech.

364 4147 442 4201 IV,
474 4135 533 4204 3,
567 4133 642 4205 4).
670 4154 697 4181 ››
729 4133 798 4187 Et
829 4130 968 4186 alibi
999 4132 1058 4186 in
1091 4132 1293 4187 eodem
1328 4130 1476 4186 libro
1508 4131 1650 4186 dicit
1679 4131 1962 4186 Dominus
1997 4149 2008 4185 :

367 4244 394 4270 ‹‹
427 4221 538 4277 Sed
571 4237 676 4293 ego
720 4235 1000 4291 magnum
1051 4218 1259 4272 faciam
1308 4217 1596 4288 titionem,
1628 4222 1683 4272 et
1730 4217 2012 4288 multipli-

366 4311 511 4365 cabo
543 4308 720 4380 ligna,
753 4307 1103 4362 succendam
1139 4306 1362 4377 ignem;
1400 4309 1463 4359 ut
1492 4305 1755 4376 liqueﬁat
1782 4321 1936 4369 caro,
1961 4309 2016 4358 et

365 4397 1090 4467 imminuaturjus(Ezec/z.
1105 4394 1410 4463 xxxv,1l).»
1426 4393 1647 4457 Quibus
1666 4391 2016 4448 testimoniis

369 4486 740 4558 signiﬁcatur
757 4483 908 4555 quod
929 4483 1135 4538 animae
1158 4481 1513 4553 perﬁdorum
1532 4482 1765 4536 admoto
1782 4481 1915 4551 igne
1933 4484 2015 4534 ta-
2045 4503 2092 4568 D

368 4573 640 4642 bescant;
665 4576 729 4626 ut
745 4573 1040 4643 deponant
1058 4569 1466 4625 crassitudinis
1483 4570 1797 4640 quemdam
1817 4585 2018 4623 carna-

368 4660 443 4718 lis
477 4663 806 4717 humorem.
832 4659 1146 4714 Mittuntur
1165 4673 1300 4728 ergo
1332 4658 1389 4710 in
1423 4657 1775 4728 sartaginem
1807 4660 1864 4711 et
1893 4656 2014 4710 ani-

373 4767 478 4806 mae
495 4751 862 4822 peccatorum
879 4765 891 4814 ;
909 4751 972 4801 ut
985 4744 1475 4815 deﬁuatqumdam
1496 4745 1714 4815 peccati
1731 4761 2015 4815 caro,quae

371 4839 696 4900 obduxerat
721 4836 928 4891 animae
962 4852 1026 4888 ac
1058 4832 1269 4888 mentis
1299 4833 1584 4903 vigorem;
1621 4837 1678 4887 et
1705 4832 1862 4888 velut
1882 4833 2019 4901 jure

374 4927 654 4999 quodam,
685 4925 767 4980 ita
798 4923 1151 4996 quibusdam
1194 4921 1484 4975 infuderat
1531 4921 1788 4975 animam
1822 4920 2018 4975 illece-

445 5085 558 5155 (90)
591 5084 677 5139 Ita
720 5100 862 5138 mss.
898 5099 964 5136 ac
1001 5081 1146 5155 edit.
1201 5095 1422 5147 omnes,
1464 5082 1705 5155 excepta
1755 5079 1920 5133 Rom.
1959 5080 2019 5133 in

420 5151 494 5210 ua
523 5151 722 5228 legas:
745 5157 876 5223 Quis
912 5153 1332 5228 mibiimponet
1350 5151 1744 5228 cogitationum
1772 5166 2021 5228 rugarum

420 5173 494 5210 ua
523 5172 682 5228 legas
710 5172 876 5223 :uuis
912 5172 1051 5208 mm:
1083 5172 1320 5222 Imponet
1350 5172 1744 5218 cognationum
1772 5172 2018 5204 mearum

377 5172 708 5297 ἓαθειίωεΐ
750 5227 872 5297 quis
918 5223 1069 5277 dabit
1098 5223 1264 5297 _mihi
1315 5221 1603 5297 (abiaram,
1655 5226 1762 5275 etc.
1800 5221 1902 5275 Ubi
1926 5220 2018 5297 _Io-

379 5291 511 5352 cuin
558 5291 1218 5352 voluit'accommodare
1267 5291 1338 5347 ad
1390 5291 1537 5346 sacri
1585 5295 1777 5346 textus
1825 5292 2018 5357 verba,

381 5385 505 5441 quae
537 5365 800 5423 consule.

413 5439 559 5514 “(91)
614 5439 780 5494 Rom.
841 5435 1004 5514 edit,
1058 5434 1376 5514 prophng
1413 5432 1767 5514 insipientis;
1816 5431 2021 5486 Melius

380 5505 624 5575 aliiejac
655 5526 797 5564 mss.
855 5505 1114 5578 aliquot,
1155 5505 1426 5578 prophetae
1477 5505 1829 5578 incipimus,-
1887 5519 2020 5578 cum

381 5573 579 5639 isthaae
610 5581 681 5638 de
708 5573 972 5637 Jeremia
995 5577 1054 5632 in
1103 5573 1229 5647 ipso
1252 5573 1448 5647 primo
1480 5575 1608 5645 ejus
1653 5573 1786 5628 libri
1837 5573 2024 5644 capite

2117 3254 2174 3304 et
2204 3249 2408 3307 diebus
2439 3256 2494 3306 et
2524 3252 2649 3324 ipse
2694 3253 3001 3320 turbatur;
3051 3268 3187 3307 cum
3236 3267 3370 3307 eum
3418 3251 3765 3323 plerumque

2117 3354 2337 3393 araneae
2370 3340 2540 3395 modo
2575 3341 2751 3395 etiam
2781 3340 2839 3394 in
2868 3341 2996 3412 ipso
3017 3356 3136 3396 suae
3169 3337 3563 3411 improbitatis
3594 3338 3762 3395 moli-

2118 3425 2294 3494 mine,
2329 3426 2519 3497 operis
2549 3427 2640 3482 sui
2672 3427 2843 3482 ruina
2871 3426 3171 3484 convolvat
3200 3426 3330 3498 (93).

2188 3515 2276 3569 36.
2311 3514 2496 3585 (Vers.
2536 3517 2647 3587 13.)
2697 3517 2765 3570 Et
2821 3516 2951 3572 ideo
3011 3514 3246 3587 sapiens
3303 3514 3404 3587 qui
3463 3514 3762 3587 cognoscit

2117 3603 2296 3674 hujus
2327 3601 2522 3658 saeculi
2552 3603 2893 3670 vanitatem,
2918 3621 3034 3660 non
3066 3603 3406 3659 diuturnam
3425 3601 3552 3670 vitae
3582 3602 3764 3674 hujus

2119 3697 2386 3763 precatur
2433 3709 2705 3759 usuram;
2743 3691 2843 3747 sed
2895 3692 2967 3747 ad
3015 3690 3116 3747 illa
3162 3695 3376 3747 aeterna
3421 3689 3677 3759 festinat,
3709 3694 3768 3746 et

2118 3779 2315 3835 labore
2345 3779 2525 3850 hujus
2547 3780 2807 3852 corporis
2837 3783 2893 3835 et
2914 3779 3112 3836 dolore
3133 3777 3312 3853 gestit
3331 3777 3584 3846 absolvi;
3618 3777 3769 3834 sicut

2117 3868 2406 3939 Propheta
2434 3868 2802 3924 desiderasse
2832 3868 3206 3940 cognoscitur
3233 3865 3432 3922 dicens
3473 3881 3486 3921 :
3520 3863 3764 3933 Exaudi,

2121 3956 2380 4021 Domine,
2408 3957 2730 4011 orationem
2755 3971 2943 4011 meam
2966 3960 3023 4010 et
3043 3952 3509 4026 deprecationem
3532 3967 3724 4009 meam
3748 3970 3762 4009 :

2120 4043 2362 4098 auribus
2411 4043 2640 4114 percipe
2693 4043 2980 4114 lacrymas
3029 4057 3210 4095 meas.
3243 4039 3326 4094 Ne
3375 4038 3550 4095 sileas
3582 4057 3616 4095 a
3648 4056 3763 4107 me,

2121 4130 2395 4202 quoniam
2430 4131 2652 4185 advena
2681 4146 2784 4201 ego
2827 4145 2960 4184 sum
3011 4127 3166 4200 apud
3197 4131 3253 4182 te
3283 4126 3345 4182 in
3375 4129 3547 4196 terra,
3582 4131 3637 4183 et
3667 4144 3766 4200 pe-

2122 4219 2410 4288 regrinus,
2444 4216 2596 4271 sicut
2625 4232 2828 4270 omnes
2878 4218 3073 4286 patres
3104 4214 3240 4269 mei.
3268 4235 3296 4263 »
3326 4211 3493 4269 Alius
3541 4217 3630 4270 est
3677 4215 3765 4268 in-

2121 4305 2267 4371 cola,
2301 4304 2452 4358 alius
2474 4304 2712 4370 advena,
2738 4302 2890 4358 alius
2923 4301 3138 4358 accola.
3165 4301 3379 4369 Incola,
3413 4301 3512 4374 qui
3541 4302 3611 4358 da
3641 4301 3766 4358 loco

2121 4397 2228 4462 est,
2261 4397 2317 4447 et
2346 4391 2656 4464 genitalem
2690 4391 2883 4446 locum
2905 4390 3106 4446 incolit
3135 4391 3377 4458 advena,
3401 4390 3501 4462 qui
3534 4389 3768 4446 aliunde

2121 4480 2304 4546 venit;
2366 4478 2578 4546 accola,
2629 4480 2729 4550 qui
2791 4479 2861 4533 ad
2919 4483 3151 4550 tempus
3211 4477 3366 4546 colit,
3397 4481 3454 4532 et
3506 4481 3769 4533 mutatur

2128 4585 2413 4624 annorum
2460 4567 2706 4622 vicibus.
2743 4568 2859 4622 Hoc
2891 4572 2978 4622 est
3008 4582 3142 4639 ergo
3183 4567 3339 4639 quod
3372 4565 3512 4622 dicit
3537 4566 3712 4622 David
3752 4583 3764 4620 :

2127 4658 2292 4729 Apud
2326 4663 2380 4711 te
2411 4656 2635 4710 alienus
2667 4672 2820 4722 sum,
2850 4656 2989 4710 dum
3021 4656 3080 4709 in
3110 4659 3264 4712 terra
3293 4671 3425 4711 sum
3452 4671 3464 4708 :
3489 4671 3604 4711 non
3637 4670 3767 4709 sum

2130 4761 2285 4800 nunc
2317 4745 2573 4817 paradisi
2624 4744 2707 4798 tui
2740 4743 2946 4800 incola.
2982 4743 3145 4800 Unde
3175 4742 3442 4816 exposuit
3490 4742 3598 4796 hoc
3645 4742 3770 4812 ipse

2130 4835 2450 4904 subjiciens
2484 4852 2494 4888 ε
2524 4858 2549 4881 ‹‹
2600 4834 2670 4888 Et
2716 4833 3080 4905 peregrinus,
3129 4832 3280 4886 sicut
3327 4845 3528 4885 omnes
3578 4832 3771 4900 patres

2131 4921 2264 4977 mei.
2295 4945 2321 4971 »
2355 4922 2516 4984 Quod
2565 4921 2792 4992 aperuit
2821 4924 2878 4975 et
2907 4918 3204 4992 apostolus
3234 4915 3471 4987 Paulus,
3505 4932 3772 4974 asserens

2132 5079 2474 5133 referantur.
2521 5079 2642 5132 Non
2694 5076 2845 5131 male
2893 5081 3089 5147 tamen
3140 5073 3242 5147 alii
3288 5089 3456 5147 ruga,
3499 5075 3772 5147 prophetae

2131 5150 2489 5220 inspicientis.
2525 5148 2687 5220 Quod
2718 5163 2850 5202 vero
2882 5145 3129 5220 baculus
3166 5144 3263 5201 ille
3286 5144 3537 5220 dicitur,
3567 5144 3772 5202 ducem

2128 5215 2500 5284 vel'nucinus,
2533 5219 2591 5272 id
2623 5233 2914 5289 nusquam
2947 5216 3083 5289 alibi
3113 5215 3459 5289 reperimus.

2201 5291 2312 5360 (92)
2344 5290 2436 5343 Sic
2469 5305 2609 5360 mss.
2645 5285 2772 5342 Vat?
2823 5293 2880 5342 et
2910 5285 3199 5360 quinque‘
3233 5285 3436 5360 Gallic.
3482 5285 3589 5360 Alii
3637 5302 3771 5360 vero

2133 5356 2266 5442 cum
2297 5356 2434 5414 edit.
2469 5358 2590 5414 haec
2634 5356 3122 5430 praetermittunt}
3158 5359 3254 5414 isti
3281 5360 3342 5413 in
3369 5356 3623 5414 omnibus
3659 5357 3774 5415 diei

2132 5447 2318 5486 “722118.

2204 5502 2314 5570 (93)
2334 5499 2572 5555 Codices
2612 5499 2872 5569 quinque
2903 5500 3262 5564 mss.,etiam
3290 5500 3351 5555 in
3398 5501 3610 5570 quaestu
3653 5513 3773 5558 sua

2134 5571 2514 5642 improbitatis,
2546 5571 2830 5627 molimine
2859 5571 3032 5642 operis
3053 5572 3144 5627 sui
3171 5572 3338 5627 ruins
3365 5569 3661 5627 convolvat.
