3860 6206
159 255 312 326 1101

1605 250 1668 312 S.
1714 247 2089 315 AMBROSII

3415 239 3580 306 1108

158 389 437 465 quoniam
467 409 496 442 ‹‹
525 402 660 447 eum
691 403 897 446 sumus
941 387 1000 445 in
1031 386 1141 444 hoc
1171 401 1432 458 corpore,
1465 382 1794 457 peregrina-
1827 385 1884 452 Α
1915 383 2127 457 pienda
2155 380 2436 456 apostolis
2485 378 2537 439 ei
2583 379 2867 439 Dominus
2911 377 3226 446 revolabat,
3275 376 3398 434 imo
3445 377 3573 434 beo

160 497 296 537 mur
328 497 363 536 a
391 479 636 539 Domino
685 481 759 547 (II
800 477 918 533 Cor.
956 495 1010 542 v,
1043 477 1127 548 6);
1161 499 1189 526 »
1225 476 1363 547 quia
1409 473 1516 529 etsi
1567 473 1710 528 fides
1742 473 1801 527 in

159 569 329 626 nobis
353 573 462 634 est,
486 585 588 640 per
617 567 789 622 [idem
821 565 1215 629 ambulamus,
1247 580 1358 618 non
1393 579 1494 633 per
1527 561 1802 632 speciem,

158 658 219 713 id
251 661 358 725 est,
392 674 506 713 non
535 656 678 711 facie
708 655 780 710 ad
811 654 1040 721 faciem,
1075 652 1238 724 quasi
1283 655 1598 723 praesentes
1633 666 1646 704 :
1682 666 1805 704 am-

161 745 437 802 bulamus
484 746 640 801 enim
680 743 738 798 in
787 743 1092 813 aenigmate
1137 741 1350 808 adhuc,
1386 757 1500 794 non
1550 739 1607 792 in
1657 736 1808 792 veri-

161 837 299 891 tate.
331 833 590 904 Denique
636 831 861 887 addidit
894 848 906 884 :
937 830 1293 884 «Audemus
1341 844 1476 899 ergo
1524 832 1580 882 et
1628 826 1810 880 conﬁ-

163 923 360 979 dimus
411 920 599 992 magis
656 917 1011 991 peregrinari
1069 933 1325 989 corpore,
1367 921 1422 970 et
1479 915 1684 970 adesse
1739 913 1811 968 ad

164 1009 476 1066 Dominum
526 1008 685 1077 (Ibid.
718 1010 794 1078 8).
829 1007 1130 1061 Audemus
1163 1029 1189 1053 ‹‹
1226 1001 1702 1076 praesumptionis
1752 1001 1812 1056 in

165 1102 280 1154 Deo
311 1097 469 1164 ﬁdei,
501 1113 616 1151 non
649 1095 761 1166 (94)
794 1093 1142 1150 temeritatis
1171 1097 1260 1148 est
1288 1091 1557 1158 verbum;
1592 1094 1648 1145 et
1676 1106 1811 1144 con-

168 1185 477 1251 sentimus,
498 1185 555 1239 id
581 1187 689 1250 est,
713 1181 971 1237 volentes
994 1179 1426 1252 acquiescimus
1450 1184 1506 1233 et
1527 1181 1814 1250 optantes,

164 1291 281 1331 non
313 1271 594 1344 plenioris
624 1271 877 1326 scientia:
909 1268 1310 1325 auctoritatem
1342 1266 1499 1322 velut
1529 1265 1820 1337 principa-

167 1361 300 1418 liter
330 1365 528 1416 nostro
550 1359 775 1430 judicio
805 1358 1197 1428 dependentes
1229 1357 1341 1426 (95)
1378 1373 1390 1410 :
1422 1354 1695 1409 volumus
1723 1369 1817 1408 ve-

169 1466 301 1506 rum
332 1465 461 1504 esse
491 1447 644 1519 quod
695 1445 999 1517 cupimus;
1041 1448 1106 1498 ut
1151 1443 1692 1516 appropinquemus
1746 1441 1818 1496 ad

165 1536 503 1602 Dominum,
529 1551 562 1590 a
582 1551 696 1606 quo
724 1550 830 1588 nos
860 1533 1092 1588 videtur
1124 1532 1455 1586 futurorum
1487 1536 1544 1586 et
1575 1546 1821 1602 praesen-

168 1626 315 1682 tium
365 1623 649 1679 distantia
699 1638 989 1694 separare.
1032 1621 1337 1675 Audemus
1387 1636 1522 1692 ergo
1575 1621 1819 1688 adesse;

179 1717 238 1770 et
268 1714 397 1769 ideo
428 1711 623 1783 inquit
655 1727 668 1766 :
694 1732 721 1758 ‹‹
753 1709 1122 1765 Connitimur
1153 1709 1307 1780 (Ibid.
1341 1709 1420 1779 9.)
1447 1731 1474 1756 »
1506 1706 1818 1779 Cognoscis

174 1800 419 1858 verbum
463 1798 710 1856 volentis
757 1797 948 1854 adhuc
1007 1796 1323 1868 pervenire,
1358 1813 1474 1851 non
1530 1797 1658 1866 ejus
1715 1795 1815 1866 qui

168 1887 511 1961 pervenerit.
545 1885 801 1940 Affectus
858 1884 1037 1956 igitur
1086 1885 1146 1939 in
1195 1885 1304 1939 hoc
1355 1901 1648 1950 sermone,
1700 1899 1815 1938 non

170 1977 408 2034 effectus
440 1975 787 2031 ostenditur.
822 1973 1084 2045 Denique
1115 1973 1309 2044 ipsum
1340 1977 1545 2028 testem
1577 1972 1669 2028 sui
1701 1987 1820 2027 ser-

172 2065 364 2122 monis
401 2064 723 2135 interroga;
780 2061 898 2117 imo
949 2062 1086 2117 audi
1145 2061 1573 2128 dicentem,vel
1625 2061 1816 2132 potius

174 2153 312 2210 audi
365 2152 752 2217 dubitantem,
804 2166 937 2206 cum
987 2149 1129 2205 dicit
1163 2168 1224 2204 ;‹‹
1262 2150 1388 2205 ideo
1419 2148 1817 2216 _connitimur,

178 2241 298 2297 sive
327 2241 618 2306 absentes,
654 2239 771 2294 sive
801 2241 1135 2310 praesentes,
1171 2237 1396 2309 placere
1429 2237 1513 2290 illi
1536 2236 1717 2307 (Ibid)
1746 2253 1758 2290 :
1785 2258 1811 2284 ››

169 2331 440 2384 absentes
471 2327 664 2382 adhuc
695 2342 798 2397 per
829 2325 1024 2390 fidem,
1058 2329 1371 2396 prasentes
1406 2341 1510 2395 per
1538 2323 1811 2396 speciem.

170 2416 333 2472 Unde
364 2418 421 2472 et
448 2415 558 2470 hoc
589 2418 778 2486 potest
803 2411 1071 2484 intelligi,
1104 2413 1259 2483 quod
1303 2417 1359 2468 et
1408 2412 1500 2467 hic
1533 2411 1728 2484 positi,
1759 2416 1815 2466 et

171 2504 290 2560 illic
320 2503 548 2576 placere
580 2505 778 2558 nostro
799 2501 1008 2571 judici,
1046 2501 1396 2573 redemptori
1443 2516 1674 2572 quoque
1705 2517 1813 2554 no-

173 2598 430 2649 strarum
463 2590 866 2647 desideramus
903 2589 1254 2644 animarum.
1278 2589 1524 2644 Necesse
1545 2593 1634 2644 est
1655 2588 1812 2644 enim

170 2697 280 2737 nos
309 2681 360 2736 ei
391 2679 666 2737 assistere
698 2694 800 2750 per
830 2677 1118 2749 speciem;
1155 2681 1217 2732 ut
1243 2676 1650 2748 unusquisque
1680 2691 1814 2747 ope-

173 2785 306 2841 rum
337 2783 581 2824 suorum
612 2766 822 2821 merita
851 2766 1040 2836 dignae
1087 2764 1445 2836 adipiscatur
1474 2765 1649 2822 sortis
1679 2780 1815 2819 exa-

176 2855 333 2912 mine
356 2872 370 2911 :
390 2854 479 2912 vel
511 2856 713 2926 justus
744 2854 804 2907 in
835 2851 1055 2923 requie,
1077 2852 1163 2906 vel
1195 2852 1412 2924 impius
1443 2853 1499 2906 in
1532 2868 1812 2907 aerumna.

180 2942 395 3001 Fundit
423 2941 606 3015 igitur
648 2939 963 3011 lacrymas;
997 2940 1273 3010 quoniam
1323 2957 1456 2994 cum
1505 2941 1728 2996 advena
1757 2941 1818 2994 in

1913 479 2036 530 erat
2065 477 2230 529 vetus
2261 473 2552 528 sententia
2584 473 2716 544 (96),
2736 488 2800 526 ut
2823 470 2921 543 qui
2945 486 3005 526 se
3030 469 3277 542 ligasset
3306 468 3367 522 in
3397 467 3574 522 terris

1913 563 2144 617 vinctus
2191 562 2468 633 migraret
2507 578 2538 616 a
2587 576 2845 632 corpore.
2883 560 3015 615 Ideo
3069 557 3379 621 Dominus,
3412 555 3570 628 quod

1916 656 2050 705 ante
2076 656 2200 706 erat
2219 649 2427 720 judicii
2460 649 2571 716 sui,
2595 649 2756 704 dedit
2787 647 3070 721 apostolis
3102 651 3346 718 peccata
3376 645 3574 700 remit-

1918 738 2076 794 tendi
2109 738 2377 808 aequitate
2420 737 2695 793 solvenda
2725 738 2864 808 (97),
2887 753 2958 791 ne
2989 736 3102 791 cito
3135 734 3436 798 solvenda,
3471 732 3570 786 diu

1918 825 2098 897 ligata
2150 831 2471 881 manerent.
2523 826 2779 896 Denique
2828 824 2967 880 audi
3014 824 3308 879 dicentem
3343 840 3408 878 ;‹‹
3443 814 3575 876 Tibi
3665 837 3679 848 ὀ

1921 914 2070 969 dabo
2101 913 2290 970 claves
2326 914 2489 988 regni
2519 914 2828 980 caelorum;
2861 918 2918 968 et
2946 912 3340 985 quodcunque
3361 910 3578 982 ligave-

1923 1001 2002 1056 ris
2033 1019 2208 1073 super
2236 1005 2472 1068 terram,
2500 1002 2609 1057 erit
2638 1001 2887 1074 ligatum
2919 1006 2978 1056 et
3006 1001 3064 1056 in
3097 999 3240 1056 cmlo
3267 1017 3279 1054 :
3305 1003 3364 1054 et
3393 999 3576 1070 quod-

1925 1106 2155 1161 cunque
2195 1089 2434 1146 solveris
2485 1107 2662 1162 super
2708 1094 2947 1158 terram,
2979 1090 3090 1144 erit
3137 1091 3397 1144 solutum
3428 1091 3484 1140 et
3512 1086 3570 1141 in

1927 1178 2066 1233 coelo
2119 1180 2325 1248 (Matth.
2369 1196 2484 1244 xvr,
2520 1180 2626 1249 19).
2656 1177 2866 1244 n’l‘ibi,
2919 1177 3132 1248 inquit,
3183 1177 3332 1231 dabo
3386 1175 3570 1230 claves

1928 1267 2088 1338 regni
2123 1265 2420 1333 caelorum,
2455 1271 2518 1321 ut
2546 1271 2602 1322 et
2633 1267 2822 1323 solvas
2853 1271 2911 1322 et
2955 1266 3122 1339 liges.
3154 1266 3272 1320 Hoc
3302 1263 3572 1319 Novatia-

1928 1369 2042 1407 nus
2074 1368 2187 1407 non
2217 1352 2459 1417 audivit,
2493 1354 2592 1408 sed
2625 1353 2882 1409 Ecclesia
2905 1353 3004 1409 Dei
3035 1351 3285 1418 audivit;
3319 1351 3446 1406 ideo
3477 1350 3573 1405 ille

1929 1441 1990 1495 in
2018 1439 2207 1511 lapsu,
2259 1457 2364 1497 nos
2412 1441 2470 1495 in
2518 1441 2909 1498 remissione:
2944 1441 3039 1496 ille
3089 1441 3149 1496 in
3203 1440 3571 1513 impaeniten-

1930 1529 2030 1597 tia,
2066 1545 2171 1584 nos
2219 1529 2278 1583 in
2330 1530 2535 1602 gratia.
2571 1531 2733 1596 Quod
2785 1530 2952 1585 Petro
3008 1529 3248 1595 dicitur,
3298 1527 3572 1600 apostolis

1932 1618 2163 1672 dicitur.
2198 1618 2320 1673 Non
2354 1622 2699 1690 potestatem
2741 1635 3118 1690 usurpamus,
3153 1619 3254 1674 sed
3285 1617 3571 1674 "servimus

1931 1706 2196 1778 imperio,
2222 1723 2293 1761 ne
2323 1712 2524 1778 postea
2551 1724 2686 1762 cum
2706 1707 2927 1763 venerit
2953 1707 3260 1774 Dominus,
3283 1711 3340 1762 et
3368 1706 3573 1780 ligatos

1924 1793 2206 1851 invenerit
2237 1811 2384 1866 quos
2414 1796 2670 1868 oportuit
2707 1795 2876 1864 solvi,
2911 1799 3348 1851 commoveatur
3377 1795 3572 1850 adver-

1924 1900 2027 1939 sus
2069 1884 2552 1955 dispensatorem,
2586 1885 2686 1956 qui
2731 1883 2942 1955 ligatos
2991 1884 3310 1940 servaverit
3355 1899 3569 1949 servos,

1926 1987 2074 2042 quos
2103 1971 2387 2027 Dominus
2409 1974 2672 2044 jusserat
2697 1972 2839 2028 solvi
2872 1972 3094 2041 dicens,
3119 1972 3400 2043 quoniam
3423 1993 3451 2020 «
3474 1971 3572 2041 qui

1923 2059 2191 2132 cognovit
2227 2060 2581 2118 voluntatem
2627 2060 2849 2116 domini
2879 2062 2994 2128 sui,
3027 2064 3083 2116 et
3132 2077 3249 2115 non
3303 2060 3438 2114 fecit
3487 2076 3574 2114 se-

1924 2148 2182 2202 cundum
2215 2148 2572 2204 voluntatem
2617 2150 2764 2219 ejus,
2796 2148 3097 2221 vapulabit
3145 2147 3440 2204 multum:
3474 2146 3571 2219 qui

1926 2240 2121 2291 autem
2152 2254 2266 2292 non
2299 2239 2568 2309 cognovit
2597 2243 2656 2293 et
2685 2238 2819 2292 fecit
2837 2237 3016 2310 digna
3045 2236 3259 2308 plagis,
3279 2235 3577 2308 vapulabit

1927 2325 2126 2380 minus
2158 2328 2310 2396 (Luc.
2343 2343 2444 2394 x11,
2475 2327 2562 2393 47,
2592 2327 2701 2397 48).
2729 2347 2756 2374 ››

1996 2414 2084 2468 38.
2110 2413 2314 2469 Merito
2345 2430 2482 2484 ergo
2514 2414 2694 2469 David
2725 2413 2944 2469 remitti
2974 2412 3088 2468 sibi
3135 2411 3399 2484 postulat
3427 2412 3574 2484 quod

1925 2501 2148 2556 sciebat
2197 2519 2310 2558 non
2341 2519 2469 2558 esse
2520 2501 2614 2572 iis,
2648 2502 2749 2573 qui
2797 2502 3127 2558 secundum
3157 2505 3348 2557 Aaron
3395 2505 3578 2569 erant,

1925 2589 2328 2646 sacerdotibus
2380 2591 2778 2646 attributum:
2813 2590 2914 2645 sed
2966 2588 3273 2662 Evangelia
3322 2589 3581 2644 servabao

1923 2681 2038 2731 tur.
2072 2678 2175 2732 Cui
2207 2695 2343 2751 ergo
2394 2695 2506 2733 non
2556 2678 2889 2745 remittitur,
2920 2677 2980 2732 in
3011 2677 3216 2733 exsilio
3248 2681 3360 2742 est,
3395 2677 3453 2730 in
3485 2693 3579 2748 pe-

1925 2765 2334 2837 regrinationis
2369 2767 2585 2838 injuria
2628 2771 2978 2839 perseverat.
3015 2767 3118 2821 Hic
3162 2782 3300 2838 ergo
3334 2766 3580 2837 petenda

1925 2858 2014 2908 est
2043 2855 2228 2910 venia.
2264 2855 2368 2910 Hic
2398 2855 2555 2910 enim
2603 2856 2826 2910 dictum
2878 2859 2968 2909 est
3000 2871 3013 2909 :
3040 2877 3068 2904 ‹‹
3103 2854 3262 2909 Beati
3296 2855 3396 2926 qui
3430 2871 3580 2909 nunc

1927 2941 2110 3024 fletis,
2131 2943 2268 3013 quia
2300 2942 2560 2998 ridebitis
2582 2945 2731 3012 (Luc.
2756 2961 2834 3012 vr,
2861 2944 2950 3013 21)
2978 2960 2989 2998 :
3018 2964 3046 2991 »
3071 2941 3166 2998 hic
3196 2941 3360 2998 locus
3389 2947 3480 2998 est
3497 2959 3584 2998 ve-

176 3036 396 3089 terram
448 3028 1051 3094 venerit,’demoretur
1099 3033 1154 3083 et
1203 3033 1502 3100 separetur
1548 3046 1583 3084 a
1630 3029 1820 3100 patria
1862 3101 1878 3104 _
1930 3030 2035 3084 niae
2087 3031 2466 3102 postulandae.
2513 3031 2894 3104 Deploremus
2943 3031 3122 3104 igitur
3168 3031 3229 3084 in
3282 3033 3478 3097 terris,
3525 3040 3582 3085 ut

177 3119 351 3192 longo
381 3118 650 3174 detentus
682 3114 903 3171 exsilio.
939 3115 1250 3171 Considera
1289 3133 1442 3171 nunc
1474 3117 1618 3172 mihi
1651 3117 1818 3172 illum
1849 3101 1891 3167 C
1931 3134 2262 3174 mereamur
2290 3101 2737 3192 indulgentiam.
2767 3119 2890 3175 Nisi
2923 3101 3238 3174 remissum
3273 3123 3577 3190 peccatum

174 3208 360 3264 Adam
384 3207 453 3262 de
477 3203 748 3278 paradiso
771 3205 1045 3274 ejectum,
1070 3205 1126 3258 in
1150 3204 1459 3260 castellum
1487 3205 1833 3277 relegatum,
1942 3205 2036 3260 hic
2065 3207 2257 3273 fuerit,
2283 3224 2396 3262 non
2420 3208 2766 3263 habebimus
2798 3207 3060 3279 requiem
3084 3224 3096 3261 :
3124 3207 3173 3263 si
3204 3209 3441 3278 requies
3472 3224 3577 3262 non

180 3297 546 3369 spectantem
589 3293 743 3348 unde
791 3292 1050 3364 dejectus
1098 3293 1192 3361 sit,
1238 3294 1472 3349 ﬂentem
1523 3293 1776 3348 ubertim
1816 3324 1828 3360 ε

179 3382 320 3455 quia
360 3380 757 3437 reminiscitur
788 3379 927 3451 quid
974 3380 1254 3447 amiserit,
1289 3397 1474 3452 quove
1524 3381 1826 3449 deciderit.

1939 3293 2131 3361 fuerit,
2167 3311 2280 3349 non
2328 3295 2438 3349 erit
2486 3295 2602 3350 vita
2649 3300 2862 3351 aeterna
2894 3313 2906 3350 :
2943 3295 2991 3349 si
3039 3295 3159 3349 vita
3205 3299 3426 3351 aeterna
3473 3312 3575 3350 non

1938 3382 2130 3448 fuerit,
2163 3400 2277 3439 non
2333 3385 2572 3439 erimus.
2609 3384 2742 3439 Ideo
2791 3385 2933 3454 petit
2979 3383 3195 3440 remitti
3244 3383 3381 3452 sibi,
3416 3389 3576 3440 ante-

169 3471 241 3527 Et
280 3469 410 3525 ideo
439 3470 658 3542 gratias
702 3484 946 3541 agamus
977 3468 1115 3535 Deo,
1146 3467 1245 3540 qui
1277 3485 1383 3523 nos
1415 3473 1693 3541 perpetuo
1725 3486 1829 3524 ex.
1937 3487 2113 3542 quam
2146 3476 2258 3536 eat,
2283 3476 2346 3526 ut
2375 3473 2472 3527 sit.
2499 3472 2555 3527 Si
2580 3471 2736 3527 enim
2759 3473 3073 3527 remissum
3106 3488 3220 3526 non
3247 3471 3442 3536 fuerit,
3467 3488 3572 3526 non

169 3555 301 3613 silio
334 3556 620 3624 liberavit,
654 3555 922 3626 aperiens
944 3556 1190 3626 januam
1223 3573 1340 3628 qua
1366 3562 1724 3613 revertamur
1751 3557 1823 3612 ad

166 3644 437 3716 patriam.
471 3643 634 3698 Unde
652 3643 966 3712 Apostolus
993 3643 1146 3700 858
1180 3645 1556 3718 prmsumpsit
1585 3646 1777 3701 dicere
1808 3658 1819 3695 :

166 3755 194 3782 ‹‹
228 3733 374 3804 Ergo
425 3732 550 3802 jam
599 3747 712 3785 non
768 3729 908 3784 estis
965 3732 1196 3786 advena:
1252 3737 1428 3804 atque
1477 3733 1813 3804 peregrini;

165 3819 267 3876 sed
296 3817 440 3874 estis
471 3816 624 3873 cives
655 3821 1012 3884 sanctorum,
1043 3823 1102 3874 et
1131 3819 1438 3875 domestici
1469 3820 1569 3876 Dei
1602 3822 1812 3892 (Ephes.

169 3924 230 3977 ιι,
267 3907 374 3979 19).
398 3929 427 3956 »

232 3996 322 4050 37.
355 3994 538 4064 (Vers.
576 3995 684 4064 14.)
714 3993 831 4049 Hoc
861 3993 1060 4050 volens
1110 3996 1363 4066 recipere
1418 3997 1593 4052 David
1649 4003 1811 4054 ante-

164 4099 341 4154 quam
374 4082 641 4138 Christus
668 4082 890 4137 veniret
921 4083 977 4137 in
1015 4087 1253 4148 terram,
1287 4084 1429 4139 dixit
1459 4103 1471 4140 :
1497 4109 1524 4134 ‹‹
1561 4086 1810 4142 Remitte

163 4170 309 4226 mihi
337 4174 400 4228 ut
426 4169 751 4243 refrigerer,
785 4171 1130 4244 priusquam
1162 4189 1291 4228 eam
1323 4179 1380 4229 et
1409 4173 1660 4244 amplius
1691 4192 1804 4230 non

161 4275 294 4328 ero;
321 4282 349 4310 ››
381 4260 490 4316 hoc
518 4262 626 4327 est,
659 4259 754 4315 hic
792 4260 938 4315 mihi
987 4262 1235 4330 remitte,
1271 4262 1366 4316 ubi
1401 4263 1650 4334 peccavi.
1683 4263 1804 4319 Nisi

160 4347 256 4404 hic
287 4347 587 4404 remiseris
620 4347 787 4418 mihi,
819 4348 899 4403 ibi
940 4349 1302 4405 remissionis
1349 4350 1608 4422 requiem
1641 4351 1802 4407 inve-

160 4435 285 4493 nire
317 4453 432 4492 non
464 4439 687 4507 potero;
726 4436 880 4507 quod
911 4437 1065 4491 enim
1095 4439 1152 4492 in
1185 4441 1339 4493 terra
1363 4437 1606 4509 ligatum
1638 4457 1802 4494 man-

156 4523 317 4594 serit,
349 4523 593 4596 ligatum
641 4524 900 4579 manebit
931 4524 988 4578 in
1020 4525 1192 4591 cmlo;
1244 4526 1397 4597 quod
1448 4525 1704 4582 solutum
1737 4529 1796 4583 in

155 4614 311 4668 terra
354 4609 548 4675 fuerit,
583 4610 841 4665 solutum
887 4610 993 4665 erit
1030 4611 1086 4666 in
1120 4612 1280 4668 coelo.
1314 4614 1599 4684 Propheta
1639 4615 1794 4670 enim

152 4700 210 4752 et
264 4693 606 4768 praedicator
656 4694 920 4750 Ecclesiae
979 4699 1416 4769 congregandis,
1463 4701 1794 4772 evangelico

150 4784 359 4856 spiritu
393 4781 790 4854 indulgentias
821 4781 1052 4836 Domini
1095 4785 1466 4853 praevidebat;
1501 4792 1559 4842 et
1588 4789 1792 4859 praeci-

217 4958 329 5035 (94)
347 4958 576 5035 _0mnes
604 4957 764 5035 edit._
777 4961 837 5035 e_t_
863 4958 1130 5035 nonnulli
1155 4976 1320 5029 mss.,
1344 4968 1790 5035 praesumptionis

405 5045 537 5094 non,
567 5034 674 5084 etc.
708 5027 1073 5104 Meliusalii,
1112 5027 1652 5104 prxsuiﬁptionis'in
1687 5039 1790 5093 Deo

147 5098 304 5178 ﬁdei,-
326 5099 453 5178 _hoc
472 5103 578 5166 est,
609 5099 1080 5178 praesumptionis
1109 5098 1174 5158 ac
1206 5098 1430 5160 fiducia:
1463 5108 1589 5178 ejus
1610 5125 1787 5178 quam

149 5169 530 5242 ﬁdesdinADeo
562 5169 730 5242 nobis
757 5169 1078 5242 ingenerat.

219 5239 329 5307 (95)
360 5240 498 5315 M_ss.
533 5240 772 5315 aliquot,
801 5239 1000 5315 [taetro
1047 5242 1246 5315 iudicio
1292 5245 1654 5315 defendentes.
1691 5248 1785 5304 Sic

142 5307 321 5389 etiam
351 5307 767 5389 edit.exceptis
800 5311 978 5389 Paris.
1004 5313 1324 5380 nonnullis,
1352 5307 1477 5387 quae
1510 5318 1782 5389 legunt...

139 5375 452 5464 deterentes.
483 5385 568 5464 At.
585 5375 782 5464 plures
811 5381 1180 5464 potioresque
1218 5375 1779 5464 mss._‘praeferunt_._..

141 5444 524 5568 (ἐὲἒειγέιέθηεεκ
555 5444 664 5503 Ηοο
694 5444 1002 5521 θειξῳιειεί
1047 5444 1325 5512 inclinata
1355 5444 1520 5516 lance
1550 5444 1781 5531 adjudi;

1934 3574 2051 3625 ero,
2085 3560 2296 3631 inquit,
2328 3576 2461 3615 cum
2494 3561 2566 3616 iis
2591 3561 2693 3632 qui
2726 3565 2885 3626 sunt,
2917 3577 3051 3616 cum
3082 3561 3155 3615 iis
3187 3560 3288 3631 qui
3319 3559 3379 3614 in
3413 3576 3574 3632 para-

1932 3647 2126 3702 disum
2181 3654 2478 3704 merentur
2525 3649 2856 3704 ascendere.
2891 3650 2999 3714 Qui
3057 3654 3254 3704 autem
3303 3665 3420 3703 non
3469 3652 3569 3713 est,

1928 3740 2312 3791 consumetur
2341 3753 2474 3791 cum
2517 3737 3011 3792 descendentibus
3044 3736 3102 3791 in
3133 3735 3352 3802 lacum,
3385 3737 3486 3807 qui
3518 3735 3570 3790 in

1927 3824 2146 3879 catenis
2177 3830 2235 3880 et
2264 3841 2492 3880 carcere
2523 3826 2697 3880 fuerit
2727 3824 3059 3880 derelictus.

1993 3913 2081 3967 39.
2114 3913 2268 3984 Non,
2282 3929 2419 3985 ergo
2450 3913 2742 3969 deﬁnitive
2773 3913 2915 3969 dicit
2944 3930 2955 3968 :
2990 3937 3015 3966 α
3045 3913 3167 3968 Non
3217 3929 3349 3980 ero;
3378 3936 3406 3963 ››
3439 3913 3569 3983 quia

1919 3998 2055 4056 alibi
2088 4000 2227 4054 dicit
2261 4017 2272 4055 :
2299 4024 2324 4050 ‹‹
2359 4001 2610 4057 Psallam
2644 4001 2747 4057 tibi
2779 4002 2837 4056 in
2871 4001 3113 4069 cithara,
3145 4001 3301 4056 Deus
3333 4006 3567 4056 sanctus

1917 4087 2111 4142 Israel.
2138 4089 2485 4144 Gaudebunt
2515 4088 2669 4143 labia
2701 4105 2830 4146 mea
2850 4105 2984 4144 cum
3006 4094 3316 4144 cantavero
3348 4089 3452 4144 tibi
3479 4105 3491 4143 :
3514 4093 3565 4143 et

1916 4175 2114 4229 anima
2144 4191 2273 4230 mea
2303 4192 2480 4248 quam
2513 4175 2812 4232 redemisti
2838 4178 3015 4244 (Psat.
3051 4193 3176 4244 axx,
3199 4179 3291 4242 22,
3315 4178 3467 4246 23).»
3491 4176 3563 4232 De

1915 4262 2310 4334 redemptione
2361 4280 2497 4336 ergo
2543 4265 2863 4335 pressumit.
2899 4265 2963 4318 Et
2989 4263 3128 4320 alibi
3182 4265 3319 4319 audi
3372 4265 3559 4320 dicen-

1913 4355 2027 4406 tem
2058 4369 2069 4406 :
2097 4375 2122 4400 «
2159 4351 2399 4408 Placebo
2448 4352 2694 4408 Domino
2723 4353 2783 4407 in
2815 4353 3049 4424 regione
3097 4351 3357 4408 vivorum
3393 4353 3554 4422 (Psat.

1833 4459 1878 4524 ι)
1910 4456 2058 4505 cxxv,
2091 4440 2167 4508 9).
2194 4462 2222 4489 ››
2254 4440 2376 4495 Erit
2415 4456 2550 4512 ergo
2581 4441 2683 4512 qui
2734 4441 2959 4512 placere
3009 4439 3332 4513 praesumit.
3369 4441 3558 4496 Potest

1905 4532 1963 4582 et
2023 4527 2105 4582 sic
2160 4527 2443 4600 intelligi;
2497 4529 2636 4600 quia
2685 4529 2833 4584 dixit
2867 4545 2879 4583 :
2911 4553 2937 4578 ‹‹
2971 4529 3208 4583 Advena
3263 4544 3369 4600 ego
3427 4545 3553 4584 sum

1904 4616 2059 4685 apud
2091 4619 2145 4670 te
2177 4616 2232 4670 in
2265 4622 2456 4672 terra:
2488 4620 2544 4672 et
2567 4617 2932 4690 peregrimus
2956 4617 3110 4672 sicut
3130 4633 3335 4672 omnes
3367 4621 3551 4689 patres

1903 4703 2056 4759 859
2087 4703 2232 4770 mei;
2264 4726 2286 4748 ιν
2311 4709 2368 4759 et
2408 4704 2538 4760 ideo
2599 4706 2828 4761 remitte
2877 4704 3048 4772 mihi;
3103 4710 3169 4759 ut
3215 4706 3550 4777 peregrinus

1901 4806 2028 4846 esse
2050 4791 2314 4847 desinam
2341 4810 2352 4847 :
2380 4793 2608 4854 remitte
2630 4793 2775 4849 mibi
2801 4791 3098 4861 exsilium,
3121 4809 3233 4864 quo
3261 4792 3546 4866 relegatus

1972 4969 2082 5040 (96)
2113 4967 2356 5040 Videtur
2401 4968 2658 5024 alludere
2702 4971 2770 5024 ad
2828 4969 2972 5024 illud
3024 4967 3206 5024 Eccle.
3240 4985 3320 5036 χι,
3351 4969 3445 5040 3):
3489 4970 3543 5024 Si

1896 5039 2150 5093 ceciderit
2181 5039 2396 5112 lignum
2442 5040 2530 5112 ad;
2559 5049 2834 5105 austrum,
2869 5043 2964 5095 aut
3011 5040 3082 5094 ad
3126 5039 3453 5112 aquilonem,
3486 5042 3536 5094 in

1897 5124 2214 5181 quocunque
2245 5110 2359 5164 loco
2387 5110 2660 5177 ceciderit,
2694 5112 2772 5166 ibi
2798 5114 2922 5166 erit.

1967 5180 2080 5248 (9'7)
2112 5180 2340 5251 Omnes,
2375 5181 2540 5247 edit.,
2572 5191 2788 5250 peccata
2838 5180 3152 5238 remittendi
3192 5181 3536 5251 aquitalem;

1893 5252 2094 5324 nehcito
2114 5250 2398 5324 _s_olvenda,
2434 5257 2540 5306 etc.
2577 5253 2714 5307 Mss.
2739 5252 2995 5324 quinque
3023 5251 3197 5324 Gall.,
3225 5250 3434 5322 peccati
3459 5269 3533 5308 re-

1893 5321 2148 5392 mittendi
2175 5322 2490 5392 aequitatem
2530 5321 2879 5387 solvendam;
2903 5321 2987 5378 “ne
3015 5323 3113 5377 diu
3143 5321 3372 5392 ligatum
3423 5341 3531 5378 ma-

1891 5399 2061 5445 neret.
2097 5391 2394 5464 Omnium,
2423 5393 2638 5464 optime
2685 5393 2840 5461 ναι..
2872 5394 3031 5450 Colb.
3067 5409 3130 5448 ac
3178 5391 3324 5448 Vict.
3367 5398 3431 5448 ut
3475 5395 3528 5449 in

1892 5477 2162 5542 corpore;
2198 5462 2298 5516 ubi
2329 5462 2594 5542 advertas
2620 5463 2934 5542 dictionem
2963 5463 3234 5532 solvenda,
3268 5464 3341 5520 ad
3371 5481 3528 5523 accu-

1891 5535 2144 5589 sativum
2171 5537 2396 5604 peccata
2426 5550 2555 5592 esse
2587 5535 2968 5594 referendam.
