3856 6206
118 322 258 390 1109

1170 323 1626 386 ENARRATIO
1668 321 1748 385 IN
1791 319 2176 386 PSALMUM
2219 317 2492 386 XXXIX.

3357 306 3517 376 1110

117 473 254 516 sum.
286 453 346 514 Si
376 452 686 512 remiseris
733 456 1046 529 antequam
1095 454 1393 512 discedam
1443 450 1600 522 hinc,
1642 470 1755 509 non
1787 455 1838 521 Α
1867 453 2131 518 timeam,
2162 453 2408 525 gratiam
2441 466 2704 508 merear:
2736 466 2840 524 per
2877 446 3189 506 Dominum
3245 448 3513 503 nostrum

117 563 200 603 ero
228 544 484 617 amplius
516 543 687 600 exsul
718 547 891 616 atque
918 544 1282 617 peregrinus.
1315 543 1456 600 Cum
1489 543 1645 599 enim
1691 546 1756 597 tu

117 633 417 700 remiseris,
448 649 572 689 non
609 649 744 705 ergo
773 633 1148 706 peregrinus;
1184 633 1284 688 sed
1319 632 1459 687 civis
1494 648 1591 686 ero
1625 648 1759 686 san-

115 729 316 780 ctorum
345 726 624 777 tuorum.
657 721 764 776 Ero
808 737 942 776 cum
995 721 1263 793 patribus
1310 719 1481 789 meis,
1549 719 1648 790 qui
1707 723 1764 774 et

114 810 210 882 ipsi
285 809 530 865 fuerunt
583 813 720 864 ante
803 808 1118 881 peregrini,
1189 825 1346 864 nunc
1428 824 1560 862 vero
1637 808 1762 878 jam

118 898 252 955 cives
280 899 440 954 sunt.
474 897 596 952 Ero
654 896 1010 952 domesticus
1074 897 1198 964 Dei,
1256 899 1321 952 ut
1376 911 1606 968 pcsnam
1650 909 1766 950 non

1866 541 2069 598 Jesum
2100 539 2417 608 Christum,
2459 555 2592 595 cum
2625 556 2739 610 quo
2797 537 2905 594 tibi
2964 541 3054 593 est
3097 537 3250 603 laus,
3301 534 3512 601 honor,

1869 629 2074 703 gloria,
2120 630 2498 702 perpetuitas,
2555 645 2687 683 cum
2712 627 2935 700 Spiritu
2958 628 3158 682 sancto
3189 641 3224 682 a
3264 621 3515 688 seculis,

1871 722 1928 775 et
1957 734 2111 773 nunc
2130 724 2184 774 et
2214 733 2463 790 semper,
2496 721 2552 773 et
2580 717 2638 772 in
2677 715 2876 773 omnia
2904 715 3117 772 saecula
3146 711 3515 782 smculorum,
3543 779 3548 785 '

1873 809 2077 863 Amen.

865 1325 978 1411 IN
1036 1323 1585 1418 PSALMUM
1637 1320 2026 1414 XXXIX
2082 1318 2766 1408 ENARRATIO.

180 1687 224 1741 1.
275 1687 335 1741 In
395 1685 811 1757 superioribus
857 1685 1106 1742 Psalmis
1166 1687 1567 1759 pcenitentiam
1616 1704 1758 1760 pra:-

1869 1687 2160 1743 inimicos.
2192 1686 2380 1742 Novos
2409 1685 2584 1741 etiam
2625 1683 2934 1739 hausimus
3002 1698 3233 1752 mores;
3293 1684 3360 1739 ut
3412 1699 3517 1756 pro

115 1774 337 1830 dicavit:
390 1775 610 1832 deinde
677 1776 747 1830 de
789 1775 1071 1848 patientia
1138 1793 1265 1841 sua,
1333 1780 1390 1832 et
1449 1777 1759 1848 perturba-
1869 1775 2354 1848 persequentibus
2401 1790 2527 1837 nos,
2577 1789 2808 1844 precem
2855 1771 3101 1826 Domino
3163 1771 3518 1828 deferamus.

149 1863 261 1918 ione
289 1863 556 1919 hominis
611 1867 701 1918 est
754 1861 986 1918 locutus
1043 1863 1192 1934 (90):
1252 1864 1312 1918 in
1353 1864 1626 1920 tricesmo
1676 1881 1770 1920 au-
1798 1848 1846 1913 Β
1876 1864 2284 1920 Maledicentes
2331 1879 2460 1918 ecce
2507 1860 2929 1916 benedicimus.
2997 1859 3302 1916 Nescimus
3347 1877 3524 1932 opera

117 1955 218 2006 tem
246 1956 298 2006 et
336 1969 494 2007 nono
527 1951 788 2019 Psalmo,
820 1951 1045 2006 Novum
1079 1952 1392 2008 annuntiat
1421 1954 1760 2008 Testamen-

118 2043 224 2095 tum
259 2058 271 2108 ;
303 2041 401 2112 qui
434 2041 599 2096 enim
631 2039 922 2097 malorum
945 2041 1347 2113 paenitentiam
1367 2041 1505 2114 agit,
1531 2057 1763 2113 exspec-

119 2133 204 2183 tat.
236 2129 343 2184 Sed
383 2146 505 2185 non
533 2132 624 2184 est
654 2129 892 2202 perfecti
925 2133 1282 2202 exspectare,
1314 2129 1416 2186 sed
1434 2133 1760 2202 exspectas-

120 2232 204 2282 se;
233 2232 399 2272 nemo
439 2216 602 2272 enim
658 2217 771 2272 nisi
817 2218 918 2290 qui
967 2219 1420 2289 perseveraverit
1476 2235 1663 2290 usque
1700 2217 1759 2274 in

120 2303 295 2372 finem,
330 2304 529 2361 salvus
569 2305 698 2362 erit.
738 2364 742 2368 ,

175 2395 224 2446 2.
256 2392 439 2462 (Vers.
473 2397 533 2459 2,
566 2394 648 2466 3.)
689 2393 821 2449 Ideo
883 2393 1138 2450 addidit:
1176 2418 1203 2445 ‹‹
1254 2396 1611 2466 Exspectans
1663 2413 1757 2452 ex-

120 2481 346 2550 spectavi
383 2482 724 2536 Dominum.
759 2504 784 2530 »
820 2481 926 2537 Ubi
961 2498 1098 2556 ergo
1128 2482 1238 2539 hoc
1270 2483 1501 2552 dicitur,
1535 2484 1646 2539 nisi
1698 2485 1757 2539 in

121 2566 454 2640 Evangelio?
482 2569 547 2624 in
580 2586 696 2641 quo
719 2571 847 2642 jam
908 2571 1077 2626 nobis
1127 2572 1228 2642 qui
1287 2573 1754 2643 exspectabatur,

125 2655 374 2713 advenit:
409 2658 468 2712 in
502 2675 624 2731 quo
640 2659 767 2730 jam
808 2659 977 2714 nobis
1034 2676 1147 2714 non
1199 2659 1344 2731 legis
1397 2660 1604 2732 caliget
1632 2679 1759 2716 um-

122 2741 230 2810 bra,
261 2747 358 2800 sed
387 2747 608 2802 veritas
640 2747 857 2818 fulget;
891 2747 1027 2818 quia
1065 2747 1334 2803 Christus
1378 2748 1587 2816 illuxit,
1656 2750 1757 2822 qui

123 2832 389 2887 exaudivit
419 2835 859 2906 deprecationes
899 2851 1163 2904 suorum,
1197 2841 1252 2890 et
1279 2837 1477 2891 eduxit
1522 2854 1628 2893 nos
1686 2839 1757 2894 de

123 2916 234 2973 lacu
265 2921 530 2992 miserisa,
565 2927 624 2978 et
657 2924 728 2978 de
777 2922 899 2978 luto
931 2915 1122 2990 fascis;
1194 2925 1294 2980 ubi
1345 2927 1470 2995 jam
1503 2927 1755 2982 demersi

125 3007 445 3064 tenebamur
501 3015 840 3066 nostrorum
909 3012 1182 3084 voragine
1250 3019 1640 3084 peccatorum,
1700 3019 1758 3071 et

125 3097 263 3149 totus
301 3096 473 3153 homo
505 3103 709 3153 noster
738 3099 1056 3155 inhaerebat
1083 3116 1187 3155 nec
1218 3105 1442 3172 poterat
1471 3119 1598 3158 sese
1629 3103 1753 3158 ani-

1869 1957 2069 2009 nostra
2091 1954 2334 2024 jactare,
2377 1953 2478 2005 aut
2506 1949 2692 2006 celare
2721 1953 2959 2021 peccata
3005 1949 3103 2020 (1).
3163 1947 3521 2021 Angelorum

1869 2041 2041 2098 etiam
2073 2057 2235 2096 more
2264 2039 2501 2111 nuptias
2533 2039 2880 2094 refutamus.

1941 2131 1972 2184 4
2003 2129 2187 2202 (Vers.
2219 2129 2300 2199 5.)
2331 2127 2476 2194 Quid
2508 2126 2734 2182 multa?
2763 2127 2844 2181 De
2873 2125 2970 2181 illo
3019 2141 3346 2182 agrumnoso
3383 2141 3518 2197 pec-

1816 2212 1828 2230 ¹
1868 2222 2060 2276 catore
2090 2219 2299 2274 beatus
2329 2217 2505 2273 homo
2537 2215 2725 2271 factus
2754 2219 2863 2281 est,
2879 2215 3006 2286 jam
3046 2230 3162 2270 non
3193 2213 3517 2286 respiciens

1869 2307 1929 2361 in
1960 2306 2131 2362 istius
2163 2306 2366 2362 mundi
2387 2304 2579 2361 varias
2596 2302 2901 2360 vanitates.
2931 2301 3214 2358 «Vanitas
3234 2302 3391 2358 enim
3420 2319 3518 2363 va-

1868 2396 2144 2463 nitatum,
2177 2399 2234 2450 et
2263 2393 2462 2449 omnia
2489 2393 2716 2449 vanitas
2745 2393 2939 2463 (Eccle.
2973 2410 3012 2458 1,
3043 2393 3121 2464 2),
3149 2413 3178 2441 »
3206 2394 3366 2448 totus
3421 2392 3518 2448 hic

1869 2483 2126 2538 mundus
2167 2487 2296 2549 est;
2341 2483 2492 2538 sicut
2539 2481 2684 2537 dixit
2725 2481 2961 2553 sapiens
3008 2480 3307 2538 Salomon.
3368 2480 3518 2548 Quid

1869 2571 2024 2626 enim
2057 2571 2170 2626 nisi
2219 2587 2437 2626 vanum
2486 2574 2576 2627 est
2620 2587 2688 2625 ea
2737 2570 2926 2640 sequi,
2974 2586 3100 2641 qua:
3149 2585 3519 2641 perseverare

1868 2677 1984 2714 non
2015 2663 2285 2732 possunt;
2309 2658 2576 2713 etomnia
2597 2660 2879 2727 tanquam
2909 2657 3118 2712 umbra
3141 2656 3518 2728 pratereunt?

1867 2745 2113 2800 Insaniae
2147 2745 2301 2801 860
2322 2747 2518 2799 autem
2550 2742 2728 2809 falsa},
2758 2747 2858 2798 aut
2887 2741 3208 2798 certamina
3236 2742 3351 2798 ista
3396 2743 3518 2800 bel-

1866 2833 2079 2899 lorum,
2110 2833 2167 2888 in
2201 2833 2414 2904 quibus
2446 2848 2548 2903 pro
2600 2830 2910 2902 temporali
2959 2831 3330 2903 possessione
3382 2849 3517 2888 san-

1866 2921 1997 2993 guis
2027 2925 2230 2976 tantus
2263 2920 2621 2987 effunditur;
2654 2923 2756 2974 aut
2790 2918 3232 2975 contentionum
3260 2919 3518 2978 theatra-

1864 3009 2009 3064 lium
2047 3009 2485 3076 dissensiones;
2520 3012 2622 3063 aut
2661 3007 3024 3064 Circensium
3080 3008 3253 3080 plena
3303 3008 3519 3066 furoris

1866 3097 2059 3152 studia
2088 3097 2458 3152 declarantur
2493 3100 2632 3163 ;aut
2661 3096 3068 3152 haereticorum
3123 3097 3390 3153 doctrina
3445 3098 3522 3154 fe-

127 3195 240 3271 mus
263 3190 454 3240 noster
475 3202 700 3254 eruere,
722 3186 968 3242 obrutus
995 3187 1335 3259 multiplicis
1367 3189 1497 3246 labe
1527 3190 1751 3262 ﬂagitii.
1785 3205 1827 3271 ρ
1866 3184 2043 3240 ralis:
2078 3189 2179 3239 aut
2208 3185 2856 3257 pseudoprophetarum
2900 3183 2961 3238 in
3021 3183 3263 3240 modum
3311 3202 3515 3242 oracu-

126 3267 326 3326 Gratias
356 3272 537 3344 igitur
579 3274 822 3330 Domino
880 3275 1040 3343 Jesu,
1103 3276 1402 3348 unigenito
1462 3278 1562 3333 Dei
1613 3278 1754 3334 Filio
1796 3267 1827 3271 ⁷
1865 3272 2054 3329 lorum
2087 3272 2412 3329 caelestium
2445 3271 2704 3328 simulati
2732 3275 2956 3342 gestus,
2979 3272 3511 3344 verbacomposita.

126 3357 449 3430 redemptori
482 3367 706 3428 nostro,
732 3362 833 3433 qui
865 3363 1034 3418 nobis
1067 3369 1302 3435 peccata
1331 3366 1529 3421 omnia
1552 3368 1755 3422 remis-

131 3458 284 3501 surus
312 3449 675 3507 descendite
714 3449 855 3506 coelo
891 3469 904 3519 ;
946 3456 1013 3507 ut
1052 3469 1160 3508 nos
1199 3454 1269 3508 de
1323 3454 1452 3509 lacu
1493 3471 1560 3509 ac
1615 3455 1756 3511 limo

131 3530 281 3589 istius
309 3539 535 3608 mundi,
569 3542 628 3594 et
657 3539 985 3595 ccenulenta
1018 3541 1271 3612 quadam
1314 3541 1527 3613 palude
1573 3547 1758 3599 terra-

134 3635 267 3688 rum,
310 3625 378 3680 de
425 3643 668 3700 corpore
709 3644 943 3699 quoque
989 3628 1197 3684 mortis
1263 3629 1442 3701 hujus
1490 3631 1758 3703 eriperet,

135 3710 288 3779 atque
314 3711 370 3768 in
394 3731 570 3771 carne
602 3733 706 3770 sua
734 3719 1016 3772 statueret
1045 3717 1226 3772 animi
1267 3719 1453 3774 nostri
1487 3719 1763 3776 interiora

134 3796 352 3870 vestigia
385 3819 396 3869 ;
431 3807 495 3857 ut
525 3802 858 3858 confirmati
888 3803 944 3857 in
978 3803 1081 3859 Dei
1112 3805 1305 3872 verbo,
1326 3810 1382 3861 et
1401 3823 1503 3877 per
1532 3824 1763 3864 crucem

139 3884 340 3942 Domini
367 3891 630 3964 corporis
662 3890 1039 3963 passionibus
1073 3893 1185 3963 (99)
1235 3894 1507 3963 absoluti,
1567 3896 1767 3951 ambu-

137 3966 307 4029 lemus
328 3978 449 4047 jam
483 3996 600 4035 non
643 3980 702 4034 in
743 3980 1054 4052 opprobrio
1086 3981 1408 4050 dedecoris,
1444 3984 1544 4039 sed
1568 3983 1626 4038 in
1677 4001 1765 4039 re-

139 4057 393 4142 missione
425 4067 669 4138 peccati.
703 4069 1096 4124 Confirmatus
1128 4069 1310 4142 igitur
1362 4076 1419 4126 et
1473 4071 1768 4128 radicatus

139 4141 189 4198 in
231 4147 468 4222 Christo,
531 4172 710 4226 supra
764 4159 988 4226 petram
1037 4157 1148 4212 sibi
1211 4163 1498 4214 memorat
1551 4161 1767 4231 pedum

141 4247 354 4293 suorum
394 4246 618 4299 statuta
671 4242 934 4315 vestigia.
990 4244 1154 4300 Unde
1221 4245 1362 4300 dicit
1416 4247 1766 4318 Apostolus:

145 4343 166 4366 α
193 4321 458 4384 Bibebant
487 4334 686 4386 autem
721 4332 790 4386 de
818 4333 1198 4404 consequenti
1230 4338 1395 4406 petra
1429 4353 1442 4403 ;
1475 4341 1638 4407 petra
1677 4354 1771 4393 au-

143 4410 240 4497 tem
271 4421 389 4471 erat
420 4418 691 4475 Christus
723 4420 770 4490 (Ι
801 4421 920 4476 Cor.
954 4439 1008 4475 x.
1060 4423 1135 4491 4).
1171 4444 1198 4471 ››
1258 4422 1448 4490 Petra,
1509 4441 1574 4479 eo
1616 4427 1770 4497 quod

145 4495 383 4560 sitientes
413 4512 716 4580 sequatur,
750 4509 1055 4564 conﬁrmet
1085 4509 1348 4567 labentes
1378 4531 1390 4579 ;
1432 4529 1502 4568 ne
1532 4495 1776 4569 sitienti-

146 4581 242 4641 bus
270 4605 413 4663 aqua
431 4597 604 4664 desit,
639 4595 975 4653 labentibus
1009 4599 1469 4656 firmamentum.

206 4673 253 4728 3.
304 4681 484 4747 (Vers.
553 4685 632 4752 4.)
691 4685 1065 4756 Exspectanti
1121 4703 1256 4759 ergo
1307 4688 1475 4758 mihi,
1536 4691 1780 4746 Domine

149 4757 290 4848 issu,
319 4767 632 4842 aliquando
660 4773 895 4841 venisti,
931 4757 1209 4829 direxisti:
1227 4792 1466 4848 gressus
1512 4795 1672 4833 meos
1720 4779 1776 4834 in

151 4845 458 4926 Evangelio,
490 4860 794 4916 immisisti
827 4860 886 4916 in
918 4878 983 4917 os
1009 4879 1203 4918 meum
1229 4865 1521 4920 canticum
1543 4884 1778 4937 novum,

155 4939 289 5033 quod
315 4949 403 5000 est
446 4947 672 5004 Novum
703 4950 1170 5006 Testamentum.
1197 4951 1529 5009 Gaudentes
1539 4955 1662 5025 jam
1688 4971 1782 5009 ca-

155 5037 331 5084 nimus
369 5033 651 5106 hymnum
684 5037 798 5093 Deo
831 5043 1050 5106 nostro,
1089 5041 1226 5111 quia
1265 5058 1544 5097 novarum
1601 5043 1780 5098 virtu-

159 5113 266 5168 tum
296 5131 572 5197 praecepta
602 5125 1024 5198 cognovimus;
1057 5133 1122 5182 ut
1152 5134 1352 5184 nostra
1382 5131 1579 5186 omnia
1611 5131 1782 5186 relin-

1866 3361 1960 3417 Sic
1992 3362 2147 3416 enim
2171 3360 2312 3416 dicit
2362 3360 2683 3432 Propheta:
2720 3382 2747 3409 ‹‹
2808 3359 3022 3414 Beatus
3069 3358 3158 3414 vir
3197 3361 3368 3431 cujus
3424 3364 3515 3417 est

1865 3467 2077 3505 nomen
2107 3449 2336 3505 Domini
2370 3465 2504 3520 epes
2535 3449 2664 3520 ejus
2689 3466 2701 3504 :
2737 3451 2794 3503 et
2824 3464 2939 3502 non
2963 3448 3218 3520 respexit
3247 3448 3306 3503 in
3346 3448 3510 3505 vani-

1867 3543 2036 3606 tates,
2071 3543 2126 3594 et
2153 3537 2413 3594 insanias
2442 3536 2639 3593 falsas.
2668 3559 2695 3585 ››

1938 3628 1992 3682 5.
2026 3628 2174 3683 Sunt
2212 3643 2347 3698 ergo
2377 3631 2434 3682 et
2465 3643 2612 3681 verae
2642 3624 2908 3692 insania,
2967 3630 3025 3682 et
3081 3625 3326 3683 forsitan
3383 3643 3519 3699 pro-

1871 3715 2205 3787 phetarum,
2235 3715 2334 3786 qui
2361 3715 2418 3769 in
2453 3730 2692 3770 excessu
2738 3713 2953 3771 mentis
2982 3713 3157 3786 positi
3214 3714 3522 3788 p.0pheta-

1872 3803 2033 3871 bant,
2068 3803 2271 3875 repleti
2303 3803 2402 3858 Dei
2437 3802 2678 3875 Spiritu,
2739 3807 2804 3858 ut
2851 3803 3209 3874 quibusdam
3265 3803 3526 3861 insanire

1873 3891 2248 3960 viderentur;
2282 3909 2415 3946 cum
2448 3891 2694 3963 propriae
2721 3891 2929 3947 salutis
2955 3892 3352 3958 immemores,
3381 3893 3526 3948 nudi

1877 3981 2221 4054 plerumque
2252 3985 2308 4034 et
2336 3980 2666 4046 excalceati,
2699 3980 2852 4035 sicut
2891 3979 3074 4036 Isaias
3131 3983 3392 4051 sanctus,
3425 3997 3528 4053 per

1877 4068 2122 4141 populos
2153 4073 2501 4131 currrerent,
2534 4067 2918 4123 vociferantes
2949 4084 3065 4123 non
3095 4085 3222 4139 qua
3264 4068 3377 4140 ipsi
3406 4067 3528 4125 vel-

1878 4157 2017 4225 lent,
2073 4157 2170 4212 sed
2206 4173 2334 4226 qua:
2367 4174 2399 4210 a
2433 4155 3058 4227 Dominojuberentur.
3095 4156 3177 4211 Ex
3227 4156 3320 4212 his
3351 4157 3531 4230 igitur

1907 4244 2256 4316 intelligitur
2285 4243 2577 4299 affulsisse
2610 4243 2936 4300 remedium
2969 4245 3200 4315 salutis,
3248 4246 3529 4320 quoniam

1881 4334 1980 4406 qui
1999 4333 2461 4404 exspectabatur,
2491 4332 2674 4388 adest.

1950 4424 2005 4477 6.
2038 4420 2406 4492 Exspectavit
2436 4437 2569 4476 eum
2599 4422 2781 4476 Adam
2839 4423 2912 4478 de
2950 4423 3224 4494 paradiso
3268 4424 3530 4495 ejectus;

1885 4516 1950 4566 ut
1974 4510 2148 4582 longo
2179 4509 2525 4565 liberaretur
2578 4509 2802 4565 exsilio.
2859 4511 3227 4584 Exspectavit
3280 4529 3413 4568 cum
3473 4512 3533 4569 in

1890 4601 2009 4655 Noe
2030 4601 2217 4670 justo,
2250 4599 2347 4670 qui
2382 4599 2453 4653 ad
2481 4615 2678 4654 semen
2712 4599 3043 4656 futurorum
3075 4605 3165 4657 est
3187 4605 3536 4668 reservatus,

1893 4695 1956 4744 ut
1987 4705 2052 4742 ex
2083 4687 2182 4742 illo
2205 4687 2450 4758 justitiaz
2473 4688 2699 4744 semina
2725 4688 2782 4744 in
2808 4688 3537 4763 hominibuspullularent.

1898 4779 2094 4848 Ipsum
2131 4777 2376 4849 putabat.
2399 4777 2643 4848 publica;
2676 4777 2885 4833 salutis
2915 4783 3234 4847 auctorem,
3268 4779 3366 4852 qui
3396 4779 3539 4834 diiu-

1891 4866 1982 4920 vio
2045 4871 2342 4937 superstes
2396 4883 2524 4922 esse
2581 4867 2913 4940 meruisset.
2977 4869 3172 4940 Ipsum
3243 4866 3545 4940 sapientiae

1898 4955 2244 5026 principem,
2280 4954 2378 5026 qui
2413 4954 2759 5011 excoluisset
2785 4956 2982 5023 vitem,
3013 4960 3069 5011 et
3097 4973 3165 5012 ex
3193 4957 3322 5026 ejus
3351 4955 3544 5013 fructu

1894 5043 2217 5097 inebriatus
2251 5043 2566 5106 forct.Quid
2599 5047 2688 5098 est
2715 5044 2871 5099 enim
2900 5045 3037 5099 vitis
3068 5044 3181 5100 nisi
3226 5045 3545 5118 sapientia?

1898 5132 2050 5187 sicut
2071 5130 2298 5202 aperuit
2326 5131 2494 5186 nobis
2524 5131 2698 5186 David
2731 5131 2982 5188 ccelestis
3002 5132 3289 5206 interpres
3325 5133 3545 5190 oraculi

160 5213 408 5279 quamus,
441 5214 740 5271 Christum
773 5220 1110 5288 sequentes,
1133 5222 1188 5273 et
1210 5223 1440 5275 nostros
1470 5219 1786 5292 diligamus
1897 5220 2119 5276 dicens:
2144 5219 2343 5274 «Uxor
2372 5223 2472 5273 tua
2493 5219 2643 5274 sicut
2668 5220 2802 5276 vitis
2834 5221 3142 5278 abundans
3169 5221 3228 5278 in
3263 5222 3547 5282 lateribus

355 5352 433 5409 Ita
453 5356 588 5434 edit.
619 5362 679 5434 et
708 5374 851 5434 mss.
887 5358 1042 5434 Colb.
1073 5376 1140 5415 ac
1177 5359 1358 5429 Vict.;
1391 5361 1529 5434 Reg.
1590 5366 1784 5417 autem

163 5420 437 5501 Ἦὲηάρξο,
470 5428 664 5484 deinde
688 5433 980 5501 patientiae
1002 5446 1121 5487 sua
1156 5420 1573 5501 perturbare/ne
1610 5435 1786 5488 homi-

165 5499 338 5576 Ἆῑξιρδι
365 5494 584 5576 locutus.
614 5494 888 5576 At'paulo
919 5501 1130 5558 melius
1156 5494 1290 5559 'Vat.
1320 5509 1376 5559 et
1407 5504 1503 5559 alii
1535 5511 1790 5576 quatuor

168 5550 320 5645 (ἕδη,
347 5550 1053 5645 ἀεξὴῇἀέᾖαῖίὲἶιὶῖαῖιὶεέ
1065 5550 1788 5645 ’ῥειὲτὶὶῖῡῖιὶίὸἦὲέᾜιῖἆόἰ

168 5628 334 5689 minus
360 5643 436 5694 est
465 5628 694 5701 locum}.

1968 5363 2078 5433 (99)
2108 5362 2230 5416 Vox
2256 5363 2608 5432 passionz'bus
2636 5361 2695 5434 in
2728 5361 3020 5434 plerisque
3053 5381 3196 5420 mss.
3254 5365 3546 5424 desidera-

1968 5451 2029 5508 r_:
2064 5432 2190 5508 quae
2223 5438 2413 5508 tamen
2450 5432 2647 5508 sensui
2671 5432 2784 5508 non
2817 5432 3046 5490 videtur
3092 5453 3540 5508 supervacanea.

1971 5451 2029 5487 r:
2065 5450 2190 5558 ius:
2223 5450 2413 5487 tamen
2450 5450 2647 5487 sensur
2671 5450 2784 5489 non
2817 5450 3046 5490 Videtur
3092 5453 3540 5508 supervacanea.

1971 5506 2046 5573 (1)
2102 5505 2218 5578 iss.
2255 5502 2500 5578 aliquot,
2547 5504 2878 5578 Nescianma
2912 5522 3075 5578 opera
3128 5513 3316 5565 nostra
3348 5511 3546 5568 (aedere

1902 5577 2070 5647 (forte
2102 5575 2414 5649 legendum
2446 5575 2695 5649 laudare)
2727 5580 2820 5632 aut
2848 5575 3134 5652 desperare
3158 5592 3398 5654 peccata.

1897 5439 1956 5488 tu
