3860 6206
326 243 482 341 μη

1781 244 1850 311 8ο
1894 240 2275 333 Αθέιηειφβιι

3608 232 3749 321 ιω
3827 204 3829 321 γ

318 381 532 467 domus
563 380 679 467 tuas
708 377 880 457 (Psal.
914 396 1122 451 cxxvn,
1154 379 1209 454 3)
1233 402 1261 431 «
1287 379 1353 436 Et
1382 378 1538 452 quod
1569 376 1627 434 in
1651 375 1776 467 ipso
1806 379 1961 467 esset
1989 380 2046 445 Α
2073 392 2283 467 corpus
2313 377 2510 467 autem
2541 371 2834 467 perfecisti
2866 371 3035 467 mihi.
3067 366 3415 467 Tuncdixi,
3466 368 3639 467 Ecce
3664 386 3748 467 vs-

321 466 620 549 sapientim
649 466 969 545 plenitudo,
1012 487 1141 542 quae
1173 466 1691 542 exspectabaturin
1715 466 1964 521 Christo.

324 558 427 633 qui
456 564 601 616 novo
631 558 890 637 repletus
910 557 1206 630 sapientiae
1230 560 1615 624 sacramento,
1647 554 1800 628 quod
1832 570 1970 611 ocu-

322 646 419 704 l'us
450 664 565 705 non
592 634 759 721 vidit,
799 663 902 702 nec
933 644 1091 701 auris
1121 644 1360 711 audivit,
1406 643 1756 698 inusitatum
1803 640 1973 697 nobis

326 730 549 792 deferre
588 735 932 807 mysterium
981 733 1309 806 properavit
1365 736 1432 787 ut
1490 732 1683 787 nudus
1730 732 1971 801 jaceret,

326 827 385 880 et
412 822 780 880 exuberantis
801 822 1097 895 sapientiae
1120 821 1330 893 pocula
1351 820 1616 875 inaudita
1628 819 1969 891 proﬂueret:

330 915 396 967 ut
431 910 595 966 obliti
632 910 1002 983 superiorum
1049 909 1108 964 in
1139 925 1317 964 novos
1372 924 1586 974 mores,
1643 912 1699 962 et
1765 922 1974 962 novam

330 998 709 1055 sobrietatem
736 998 868 1056 vitae
908 1012 1348 1069 resurgeremus
1379 1000 1642 1062 aeternae;
1703 1010 1817 1067 quo
1875 1010 1977 1066 per

330 1085 643 1144 stultitiam
669 1085 1102 1158 predicationis
1130 1084 1285 1140 Deus
1314 1087 1749 1156 agnosceretur,
1800 1098 1975 1155 quem

331 1190 434 1247 per
462 1173 810 1246 sapientiam
841 1189 955 1229 non
988 1172 1257 1245 cognovit
1285 1171 1380 1225 hic
1401 1171 1679 1227 mundus.
1714 1171 1976 1242 Denique

331 1260 393 1316 in
429 1259 622 1332 ﬁgura
649 1258 751 1315 illa
777 1258 1121 1315 dormientis
1158 1262 1216 1314 et
1241 1257 1445 1314 nudati
1476 1259 1679 1330 patris,
1712 1258 1813 1329 qui
1834 1256 1979 1312 stul-

330 1347 527 1404 titiam
563 1347 715 1414 risit,
772 1347 1121 1403 maledictus
1151 1351 1277 1415 est;
1346 1346 1445 1418 qui
1499 1346 1756 1401 venerati
1814 1347 1978 1413 sunt,

333 1434 755 1492 benedictionis
809 1434 1057 1506 gratiam
1113 1437 1253 1489 sunt
1303 1433 1516 1505 adepti.
1562 1434 1810 1505 Ideoque
1881 1432 1981 1505 qui

334 1527 583 1581 mortem
612 1522 899 1595 unigeniti
940 1521 1070 1577 Filii
1100 1522 1223 1589 Dei,
1256 1522 1441 1593 patris
1471 1526 1527 1576 et
1555 1521 1833 1577 creatoris
1863 1537 1985 1576 om-

333 1612 522 1680 nium,
556 1611 629 1667 ad
665 1609 1109 1679 oﬂ’endiculum,
1170 1613 1271 1665 aut
1326 1609 1705 1682 opprobrium
1762 1614 1975 1667 nostra:

336 1685 471 1756 ﬁdei
528 1698 921 1773 objiciendam
976 1714 1105 1757 esse
1179 1697 1554 1768 crediderint,
1612 1703 1981 1771 peccatorum

336 1774 580 1844 suorum
610 1787 857 1847 nexibus
879 1788 947 1843 ad
965 1789 1308 1860 perpetuam
1331 1785 1982 1842 maledictioniszerum-

337 1864 475 1930 nam
504 1877 781 1947 tenentur
817 1873 1077 1943 astricti;
1111 1873 1211 1947 qui
1267 1890 1403 1929 vero
1460 1890 1589 1930 eam
1647 1891 1748 1946 pro
1806 1875 1985 1930 totius

337 1958 583 2019 humani
632 1961 863 2035 generis
918 1961 1286 2019 absolutione
1342 1962 1694 2035 suscipiunt,
1752 1963 1987 2021 virtutis

337 2054 561 2107 eterna
624 2051 894 2123 praesidio
955 2038 1299 2108 fulciuntur.
1354 2051 1504 2106 Crux
1553 2050 1709 2107 enim
1774 2049 1994 2108 Christi

337 2137 556 2196 Judteis
587 2134 1030 2206 offendiculum,
1058 2139 1271 2195 Graecis
1294 2137 1564 2210 stultitia,
1598 2139 1986 2211 utApostolus

337 2216 504 2284 dixit:
530 2225 701 2284 nobis
714 2232 908 2283 autem
927 2227 1027 2299 qui
1045 2227 1341 2283 credimus
1356 2225 1416 2283 in
1430 2227 1743 2283 Dominum
1761 2230 1793 2282 J
1797 2245 1986 2297 esum,

334 2305 523 2382 virtus
551 2310 653 2372 Dei
679 2320 854 2389 atque
884 2315 1171 2389 sapientia
1200 2319 1291 2375 est
1331 2315 1377 2386 (I
1405 2316 1526 2374 Cor.
1564 2334 1602 2382 ι,
1634 2317 1727 2382 23,
1758 2317 1873 2388 24).

354 2400 360 2406 ’
412 2394 561 2477 ειμι
619 2402 675 2459 ’1.
707 2398 1088 2477 Exspectatus
1114 2407 1204 2459 est
1234 2404 1292 2459 in
1332 2404 1689 2476 Moyse,cum
1721 2405 1998 2460 siccasset

340 2470 842 2564 etpertransisset
896 2491 1086 2549 undas
1143 2492 1325 2549 maris
1382 2470 1480 2564 (2),
1530 2470 1598 2548 vet
1634 2492 1997 2565 impossibile

344 2572 569 2637 viribus
605 2576 905 2653 humanis,
939 2580 1225 2654 pedestris
1253 2580 1355 2636 viae
1377 2581 1704 2653 aperiretin
1723 2580 1998 2638 ﬂuctibus

340 2668 482 2739 iter:
517 2664 859 2742 Sequeretur
882 2672 1065 2741 petra,
1099 2672 1155 2724 et
1183 2673 1445 2724 vomeret
1472 2686 1657 2741 aquas
1683 2686 1696 2738 ;
1725 2673 1787 2725 ut
1803 2669 2003 2727 sitien.

342 2757 492 2814 tium
522 2746 756 2831 patrum
784 2757 845 2813 in
875 2756 1067 2813 medio
1098 2757 1314 2812 deserti
1351 2757 1576 2813 viscera
1618 2756 1850 2815 interna
1903 2774 1996 2814 sa-

342 2840 538 2902 tiaret.

418 2930 886 3004 8.‘EXspectatus
916 2934 1005 2991 est
1032 2934 1089 2987 et
1132 2931 1193 2988 in
1242 2916 1434 2987 Aaron
1492 2931 1753 3004 principe
1804 2950 1999 2990 sacer-

349 3019 579 3089 dotum,
610 3017 711 3092 qui
748 3017 901 3075 inter
929 3020 1089 3075 vivos
1119 3036 1184 3077 ac
1216 3024 1476 3076 mortuos
1508 3020 1737 3077 medius
1805 3023 1998 3080 stetit:

2080 464 2175 519 nio
2204 465 2301 536 (4).
2335 464 2397 519 In
2430 464 2617 536 capite
2649 463 2805 520 Libri
2853 462 3140 538 scriptum
3173 464 3266 518 est
3295 460 3368 516 de
3419 473 3545 527 me,
3579 461 3650 513 ut
3676 458 3748 513 fa-

2078 553 2229 607 ciam
2260 551 2621 607 voluntatem
2663 555 2825 606 tuam
2853 569 2866 606 :
2906 552 3058 607 Deus
3092 566 3285 617 meus,
3319 546 3501 603 volui.
3542 569 3574 595 n
3608 547 3745 614 Quid

2078 639 2403 696 evidentius
2433 656 2609 712 quam
2644 640 2797 712 quod
2826 657 2960 696 cum
2992 637 3294 711 Evangelii
3352 637 3450 693 sui
3506 652 3749 691 munere

2080 728 2250 784 nobis
2277 727 2450 784 Jesus
2469 745 2640 784 verus
2670 728 2950 784 advenit?
2982 728 3111 801 ipse
3140 726 3380 782 locutus
3411 728 3519 791 est,
3579 730 3641 779 et
3669 724 3747 779 in-

2082 815 2311 871 numeri
2342 817 2703 873 credentium
2736 816 2936 889 populi
2970 816 3308 895 congregati
3327 818 3490 882 sunt,
3522 814 3639 886 qui
3668 815 3749 867 vix

2082 904 2299 978 singuli
2330 908 2463 961 ante
2494 905 2825 961 credebant.
2858 905 2990 977 Ipse
3021 903 3180 960 venit
3208 904 3268 959 in
3300 919 3500 966 carne,
3531 906 3599 957 et
3628 919 3749 957 ceso

2083 993 2232 1051 savit
2260 993 2613 1048 sacrificium
2651 993 3011 1048 Judaeorum.
3042 992 3307 1049 Cessavit
3361 990 3592 1047 oblatio
3657 1008 3751 1062 pro

2083 1084 2337 1155 peccato,
2372 1081 2510 1153 quia
2540 1085 2908 1153 peccatorum
2940 1080 3227 1136 remissor
3251 1080 3597 1135 advenerat.
3630 1080 3751 1134 Non

2086 1174 2210 1226 erat
2238 1168 2561 1225 remedium
2595 1169 2995 1225 necessarium
3026 1167 3197 1241 legis,
3217 1167 3321 1223 ubi
3350 1166 3500 1240 legis
3530 1169 3752 1222 Auctor

2086 1258 2339 1317 astabat.

2158 1344 2247 1399 11.
2280 1366 2309 1395 ‹‹
2344 1344 2407 1401 In
2440 1343 2626 1417 capite
2660 1344 2811 1400 Libri
2844 1345 3132 1417 scriptum
3161 1349 3254 1400 est
3281 1344 3354 1400 de
3383 1359 3502 1400 me.
3536 1365 3569 1392 »ι
3604 1342 3754 1397 Scri-

2088 1436 2257 1509 ptum
2291 1432 2544 1504 profecto
2575 1433 2647 1488 de
2677 1432 2903 1488 Christo
2936 1436 3028 1489 est
3057 1432 3116 1487 in
3174 1432 3471 1505 principio
3525 1431 3754 1487 Veteris

2089 1520 2448 1577 Testamenti
2481 1521 2636 1593 quod
2669 1525 2948 1577 venturus
2972 1524 3148 1587 esset,
3183 1526 3251 1576 ut
3272 1521 3332 1575 in
3353 1520 3757 1593 redemptione

2090 1609 2424 1677 hominum,
2457 1610 2554 1665 Dei
2584 1609 2772 1665 Patris
2801 1609 3018 1666 faceret
3055 1608 3450 1677 voluntatem,
3516 1609 3753 1682 quando

2092 1699 2378 1770 scriptum
2410 1702 2520 1765 est,
2550 1698 2689 1770 quia
2719 1699 2895 1754 Evam
2926 1696 2988 1753 in
3019 1697 3213 1772 specie
3244 1696 3520 1754 Ecclesiae
3554 1697 3635 1753 ad
3664 1697 3756 1752 ho-

2094 1786 2270 1843 minis
2302 1787 2643 1858 adjumenta
2664 1785 2951 1842 formavit.
2985 1786 3135 1852 Quid
3157 1787 3317 1842 enim
3353 1786 3528 1842 nobis
3557 1785 3622 1841 in
3656 1786 3753 1841 hac

2094 1874 2351 1947 corporis
2381 1873 2740 1942 inﬁrmitate,
2772 1877 2830 1930 et
2859 1873 3056 1930 seculi
3091 1873 3267 1929 istius
3315 1875 3756 1947 perturbatione

2096 1962 2365 2035 praesidio
2395 1965 2589 2036 potest
2618 1979 2767 2029 esse,
2798 1962 2911 2017 nisi
2940 1961 3085 2029 sola,
3118 1962 3390 2018 Ecclesia:
3409 1964 3628 2036 gratia,
3648 1980 3759 2035 qua

2099 2051 2482 2107 redimimur:
2535 2055 2593 2107 et
2650 2050 2791 2107 ﬁdes
2849 2054 3072 2117 nostra,
3108 2068 3227 2124 qua
3282 2049 3590 2107 vivimus?
3648 2052 3755 2105 «In

2100 2140 2287 2211 capite
2319 2139 2475 2195 Libri
2506 2139 2790 2211 scriptum
2821 2144 2909 2195 est
2935 2155 2950 2193 :
2982 2138 3060 2195 Os
3091 2140 3164 2195 de
3199 2138 3443 2196 ossibus
3504 2141 3678 2210 meis,
3709 2145 3758 2194 et

2101 2243 2234 2284 caro
2266 2228 2338 2283 de
2366 2244 2539 2283 carne
2585 2244 2733 2283 mea.
2785 2227 3030 2300 Propter
3075 2227 3185 2283 hoc
3229 2226 3535 2301 relinquet
3589 2228 3755 2284 homo

2104 2320 2327 2388 patrem
2375 2321 2433 2371 et
2481 2320 2750 2384 matrem,
2811 2319 2868 2371 et
2913 2315 3237 2372 adhaerebit
3294 2316 3462 2372 uxori
3506 2333 3651 2382 sua,
3710 2322 3756 2372 et

2103 2406 2276 2459 erunt
2300 2404 2415 2459 duo
2446 2403 2505 2458 in
2537 2420 2709 2460 carne
2738 2419 2856 2458 una
2886 2403 3039 2474 (Gen.
3073 2421 3136 2470 ιι,
3165 2405 3261 2471 23,
3289 2404 3406 2476 24).
3427 2425 3458 2453 ››
3484 2404 3633 2469 Quis
3658 2408 3754 2459 iste

2105 2492 2181 2547 sit
2206 2492 2306 2564 qui
2337 2491 2569 2547 locutus
2598 2497 2707 2562 est,
2739 2498 2841 2548 aut
2868 2493 2940 2548 de
2969 2508 3085 2564 quo
3122 2492 3286 2548 istud
3317 2493 3400 2548 sit
3428 2509 3752 2549 sacramen-

2105 2583 2254 2647 tum,
2277 2579 2413 2635 audi
2444 2578 2727 2636 dicentem
2757 2595 2769 2634 :
2805 2602 2835 2630 «
2867 2580 3313 2635 Sacramentum
3345 2580 3461 2637 hoc
3482 2598 3750 2655 magnum

2106 2672 2231 2724 est:
2257 2683 2362 2743 ego
2392 2656 2586 2724 autem
2609 2666 2736 2723 dico
2754 2667 2813 2723 in
2843 2667 3073 2724 Christo
3094 2672 3151 2725 et
3179 2668 3240 2725 in
3260 2669 3533 2726 Ecclesia
3554 2669 3749 2743 (Ephcs.

2106 2773 2163 2827 ν,
2191 2755 2303 2828 32).
2335 2777 2362 2805 »
2394 2754 2556 2812 Unde
2585 2760 2643 2812 et
2671 2756 2946 2812 admonet
2976 2757 3131 2828 (Ibid.
3163 2758 3258 2829 25)
3307 2761 3376 2812 ut
3422 2757 3512 2814 sic
3564 2757 3751 2833 diligat

2109 2844 2283 2900 homo
2332 2860 2571 2900 uxorem
2630 2861 2818 2901 suam.
2870 2846 3375 2916 quemadmodum
3445 2846 3749 2903 Ecclesiam

2108 2932 2396 2999 Christus,
2429 2933 2705 3005 quoniam
2738 2933 3005 2989 membra
3049 2950 3261 2991 sumus
3294 2934 3567 3007 corporis
3616 2935 3747 3007 ejus,

2110 3020 2181 3076 de
2212 3036 2384 3076 carne
2408 3021 2618 3094 ipsius,
2659 3027 2715 3076 et
2769 3022 2841 3078 de
2880 3022 3116 3079 ossibus
3182 3024 3334 3095 ejus.
3397 3025 3539 3090 Qum
3592 3024 3747 3097 igitur

349 3108 409 3165 et
445 3110 773 3181 serpentem
803 3108 1009 3164 statuit
1046 3107 1203 3165 luem
1236 3109 1442 3165 mortis
1471 3110 1579 3182 (3);
1616 3126 1686 3166 ne
1742 3127 1775 3164 ξι
1826 3111 1993 3167 cada-
2026 3095 2069 3163 C
2108 3110 2297 3181 major
2326 3109 2508 3177 salus,
2540 3125 2720 3181 quam
2749 3125 2877 3167 esse
2907 3126 3041 3165 cum
3072 3109 3323 3178 Christo,
3354 3115 3417 3166 et
3446 3111 3500 3167 ei
3550 3095 3745 3167 unitate

349 3194 585 3253 veribus
614 3186 1021 3253 defunctorum
1054 3197 1126 3252 ad
1145 3195 1461 3253 viventium
1495 3197 1772 3254 transiret
1800 3198 2001 3254 interi-

352 3289 501 3343 tum.
535 3278 684 3349 Quid
712 3280 869 3365 enim
883 3290 1005 3341 tam
1037 3284 1337 3365 proprium
1359 3284 1595 3355 Christi,
1620 3303 1798 3359 quam
1829 3287 2001 3344 advo-

350 3376 547 3429 catum
573 3373 729 3447 apud
759 3362 945 3430 Deum
977 3362 1207 3453 Patrem
1234 3378 1425 3453 astare
1438 3375 1812 3447 populorum,
1844 3393 2003 3432 mor-

341 3464 462 3517 tem
510 3454 691 3518 suam
720 3460 925 3518 offerre
964 3479 1067 3535 pro
1124 3450 1391 3533 cunctis,
1445 3462 1726 3535 repellere
1773 3480 2002 3540 necem,

339 3548 521 3606 vitam
547 3550 864 3607 reformare
892 3551 1168 3623 perituris
1186 3551 1216 3607 τ

408 3637 466 3692 9.
500 3638 882 3709 Exspectatus
913 3643 1003 3697 est
1032 3644 1090 3696 et
1118 3640 1177 3695 in
1207 3640 1347 3697 Jesu
1379 3641 1553 3707 Nave,
1597 3644 1653 3696 et
1701 3644 1855 3697 certe
1912 3658 2005 3701 ve.

338 3723 447 3792 nit,
480 3723 582 3796 qui
611 3728 669 3781 et
698 3729 1044 3796 potestatem
1072 3744 1241 3783 suam
1286 3733 1343 3783 et
1394 3744 1602 3783 nomen
1652 3729 1897 3803 accepit,
1930 3734 1998 3786 ut

336 3812 708 3886 et‘populum
767 3814 826 3869 in
881 3818 1097 3870 terram
1156 3815 1631 3889 repromissionis
1668 3817 1975 3875 induceret

333 3904 391 3958 et
419 3894 549 3959 vere
576 3901 717 3958 Jesu
766 3902 1004 3958 nomine
1061 3892 1382 3959 vocaretur.
1455 3904 1702 3959 Siccavit
1754 3905 1996 3963 ﬂuenta’

333 3986 616 4047 convertit
641 4006 875 4047 amnem
924 3991 986 4048 in
1017 4008 1192 4048 suum
1224 3981 1465 4059 fontem,
1519 3991 1707 4048 solem
1766 3981 1995 4080 statuit:

331 4073 513 4136 donec
545 4083 985 4136 censummaret
1005 4079 1063 4135 in
1081 4080 1300 4137 virtute
1316 4080 1644 4135 virtoriam.
1669 4081 1780 4136 Sed
1804 4073 1996 4139 adhuc

332 4160 523 4241 figura
552 4172 677 4224 erat
703 4164 824 4235 ille,
857 4185 973 4224 non
1004 4169 1235 4226 veritas.
1268 4169 1531 4242 Denique
1562 4185 1732 4225 verus
1763 4170 1813 4225 ei
1872 4171 1989 4227 dux

333 4250 554 4312 militiae
576 4250 827 4314 calcatis
857 4255 1096 4328 effulsit,
1124 4261 1183 4314 et
1203 4257 1462 4314 adoravit
1480 4274 1615 4313 eum
1638 4258 1669 4314 J
1676 4274 1781 4313 esu
1807 4258 1987 4327 Nave,

332 4345 602 4418 quamvis
633 4346 824 4402 adhuc
854 4348 1116 4402 nondum
1146 4346 1205 4401 in
1235 4360 1472 4419 corpore
1502 4361 1672 4402 verus
1701 4345 1992 4429 astiterat,

332 4429 654 4491 sed'adhuc
683 4439 919 4492 venerat
945 4436 1006 4491 in
1037 4437 1243 4508 figura.

394 4518 488 4579 10.
524 4520 765 4585 Quando
796 4521 977 4595 igitur
1020 4540 1139 4580 veri
1164 4541 1192 4578 s
1259 4522 1537 4579 advenit?
1593 4523 1744 4578 Audi
1784 4524 1982 4580 dicen-

327 4615 469 4678 tem;
494 4631 521 4659 ‹‹
547 4606 907 4666 Annuntiavi
927 4611 1230 4668 etlocutus
1251 4628 1405 4667 sum:
1432 4610 1806 4683 multiplicati
1841 4617 1983 4668 sunt

324 4694 505 4773 super
531 4713 869 4753 numerum.
887 4698 1253 4755 Sacrificium
1268 4704 1324 4754 et
1340 4698 1699 4755 oblationem
1717 4700 1978 4771 noluisti,

393 4826 471 4899 (2)
501 4822 628 4879 Vet.
662 4822 801 4899 edit.
835 4839 901 4879 ac
942 4839 1086 4899 mss.
1117 4822 1276 4899 Colb.
1310 4826 1369 4879 et
1397 4822 1572 4899 Vic_t.,
1615 4839 1739 4878 cum
1766 4826 1982 4880 sisteret

320 4892 500 4955 undas
530 4895 723 4950 maris.
752 4892 918 4950 Rom.
954 4894 1330 4966 eumgiisdem
1360 4892 1562 4966 vetLAin
1609 4910 1821 4966 marg,
1854 4913 1978 4952 cum

315 4965 585 5026 scinderet
613 4965 788 5039 undas
812 4969 1011 5039 ‘maris.
1049 4964 1155 5020 Alii
1191 4981 1334 5039 mss.
1386 4970 1451 5021 ut
1480 4964 1537 5019 in
1571 4964 1768 5039 textu;
1832 4966 1971 5039 Reg.

314 5043 552 5111 excepto
583 5037 679 5092 ubi
714 5036 1079 5111 legitur,cum
1106 5037 1349 5111 ccidisse!
1376 5040 1427 5091 et
1446 5036 1970 5111 pertransis.set,etin

342 5050 552 5111 acaprio
583 5050 679 5092 ubi
714 5050 1079 5163 legitumcum
1106 5050 1349 5093 semissel
1376 5050 1427 5091 et.
1446 5050 1970 5105 pertransts.set,etr.

342 5124 365 5149 V'
391 5110 752 5190 (3)0mnesg
778 5108 863 5190 _it.
880 5125 1015 5165 cum
1031 5108 1339 5190 mss._Yict.
1357 5108 1625 5190 etﬂColbq
1653 5117 1704 5161 et
1728 5124 1833 5190 per
1859 5126 1974 5165 ser-

309 5179 530 5254 pentem
554 5179 748 5254 statuit
770 5181 916 5254 litem
942 5182 1151 5254 mortis,
1179 5183 1313 5236 Mss.
1351 5179 1456 5254 alii
1488 5182 1819 5254 quatuor,et
1850 5196 1970 5254 scr-

310 5249 766 5325 jientemjtatut‘l,
800 5252 917 5325 lues
971 5253 1182 5325 mortis.
1245 5256 1351 5306 etc.
1413 5249 1688 5304 Omnium
1752 5251 1971 5325 optime

315 5321 666 5404 codexnﬂeg.
703 5326 767 5404 u‘t
797 5321 854 5376 in
887 5326 1070 5379 textu.
1095 5323 1315 5404 Sensus
1346 5325 1542 5404 autem
1602 5326 1714 5404 est,
1746 5323 1967 5404 ‘Aaron

317 5388 472 5466 stare
504 5388 708 5466 fecisse
732 5391 888 5449 luem
930 5409 1056 5465 quis
1097 5394 1386 5466 serpebat,
1435 5397 1572 5459 etc.,
1605 5392 1687 5446 uti
1728 5391 1970 5449 docetur
2072 5395 2282 5464 peccati
2308 5391 2591 5466 fortitudo,
2622 5409 2689 5447 eo
2719 5394 2871 5463 quod
2904 5411 2938 5450 a

319 5468 377 5521 n'.
412 5465 499 5529 16,
533 5462 645 5518 sub
674 5462 875 5519 ﬁnem.

390 5532 466 5604 (4)
496 5530 583 5585 Ab
612 5530 720 5589 hoe
748 5532 873 5592 loco
907 5550 1094 5606 usque
1123 5535 1194 5591 ad
1239 5550 1400 5591 num.
1452 5549 1573 5605 seq.
1628 5533 1793 5590 Rom.
1828 5534 1960 5592 edit.

2113 3197 2369 3269 quadam
2400 3197 2657 3270 corporis
2689 3198 3002 3269 adhaarere,
3046 3199 3106 3252 in
3138 3214 3255 3270 quo
3296 3215 3403 3255 nec
3433 3198 3661 3255 macula
3684 3199 3748 3254 sit

2110 3284 2249 3352 ulla,
2285 3300 2392 3341 nec
2434 3284 2717 3341 tortitudo
2750 3286 2972 3359 peccati
3006 3286 3080 3359 (5)
3102 3289 3127 3340 γ

2185 3373 2337 3430 862
2400 3375 2482 3429 12.
2541 3374 2838 3445 Scriptum
2890 3378 2979 3430 est
3034 3373 3094 3430 in
3127 3374 3323 3448 capite
3381 3375 3562 3441 Libri,
3611 3374 3744 3447 quod

2110 3461 2253 3517 Abel
2302 3461 2451 3534 justi
2507 3460 2728 3534 placuit
2768 3461 2962 3518 hostia
3012 3465 3148 3533 Deo,
3184 3460 3499 3534 displicuit
3555 3461 3743 3519 oblatio

2111 3548 2409 3622 parricidae
2443 3548 2592 3622 (Gen.
2624 3566 2700 3615 1v,
2733 3550 2784 3604 4.
2816 3550 2894 3621 5).
2955 3549 3156 3605 Nonne
3217 3554 3420 3623 aperte
3475 3551 3742 3626 signiﬁca-

2107 3638 2193 3694 vit
2219 3637 2502 3694 Dominus
2530 3638 2702 3694 Jesus
2732 3638 3096 3694 otl'erendum
3128 3655 3191 3694 se
3248 3655 3378 3695 esse
3440 3657 3545 3713 pro
3600 3639 3739 3695 nobis

2109 3731 2176 3782 ut
2204 3727 2261 3780 in
2296 3743 2405 3782 sua
2434 3726 2707 3799 passione
2738 3726 2868 3782 novi
2899 3726 3170 3783 sacriﬁcii
3191 3728 3450 3801 gratiam
3471 3745 3738 3786 consecra-

2107 3818 2213 3883 ret,
2248 3816 2424 3871 ritum
2452 3814 3032 3888 populiparricidalis
3064 3815 3376 3872 aboleret?
3407 3818 3558 3885 Quid
3573 3822 3735 3873 autem

2105 3903 2461 3975 expressius.
2494 3920 2673 3976 quam
2705 3904 2863 3976 quod
2889 3921 2922 3959 a
2952 3908 3152 3960 sancto
3183 3904 3526 3977 patriarcha
3540 3906 3737 3962 oblatus

2104 3996 2195 4047 est
2226 3990 2403 4058 illius,
2446 3993 2495 4046 ei
2546 3992 2698 4047 aries
2754 3991 3096 4047 immolatus
3128 3992 3266 4048 est?
3317 3993 3526 4050 Nonne
3570 3999 3733 4066 aperte

2105 4080 2361 4135 ostendit
2392 4078 2650 4134 hominis
2707 4094 2963 4147 carnem,
3024 4096 3151 4152 qua;
3200 4080 3487 4137 omnibus
3518 4082 3733 4138 terrenis

2103 4173 2195 4224 est
2232 4167 2562 4224 communis
2575 4167 3000 4234 animantibus,
3019 4184 3135 4224 non
3161 4168 3536 4227 divinitatem
3564 4170 3729 4243 unige-

2104 4256 2210 4311 niti
2245 4255 2367 4311 Filii
2396 4256 2498 4311 Dei
2528 4255 2838 4312 obnoxiam
2879 4256 3140 4313 futuram
3173 4274 3356 4313 sacrae
3387 4258 3609 4316 vulneri
3628 4275 3729 4332 pas-

2103 4345 2288 4405 sionis
2314 4345 2343 4401 ?

2021 4457 2067 4523 Β
2172 4435 2258 4495 13,
2292 4433 2589 4523 Scriptum
2627 4438 2716 4491 est
2746 4435 2804 4523 in
2836 4435 3026 4508 capite
3054 4435 3233 4504 Libri,
3281 4441 3595 4493 venturum
3644 4435 3725 4492 bo-

2099 4524 2320 4579 minem
2354 4522 2454 4594 qui
2488 4521 2880 4578 Potestatibus
2912 4522 3246 4581 coelestibus
3269 4524 3721 4597 imperaret(Gcn.

2090 4628 2284 4682 xxvm,
2318 4610 2429 4682 12).
2466 4608 2775 4687 Impletum
2814 4615 2924 4680 est,
2959 4613 3189 4685 quando
3234 4612 3531 4669 Dominus
3578 4612 3721 4669 Jesus

2089 4700 2246 4755 venit
2277 4700 2336 4755 in
2368 4704 2576 4767 terras,
2630 4704 2687 4755 et
2745 4700 2940 4773 angeli
3002 4701 3427 4758 ministrabant
3472 4703 3547 4770 ei,
3598 4700 3719 4758 sicut

2088 4842 2202 4897 non
2236 4841 2420 4897 pauca
2458 4825 2520 4879 in
2578 4822 3005 4897 versiculorum
3062 4825 3484 4882 distributione
3537 4825 3714 4897 partim

2086 4894 2452 4970 immutaret,
2494 4894 2707 4970 partim
2743 4894 3093 4970 inseruerat,
3125 4913 3253 4970 quae
3284 4912 3357 4970 ex
3385 4894 3637 4970 ejusdem
3662 4912 3713 4951 ac

2087 4973 2302 5042 nostrae
2316 4966 2454 5042 edit.
2489 4964 2797 5021 collatione
2825 4966 2986 5042 nullo
3018 4964 3249 5042 negotio
3283 4964 3680 5042 deprehendes.

2157 5039 2233 5108 (5)
2265 5037 2412 5091 Edit.
2443 5042 2653 5109 vetsac
2685 5052 2827 5109 mss.
2857 5036 3017 5093 Colb.
3053 5036 3314 5107 erict.,
3362 5036 3467 5094 hec
3518 5041 3706 5109 fortitu—

2080 5107 2169 5165 «ιο
2198 5111 2433 5182 peccati,
2489 5108 2624 5163 edit.
2689 5107 2746 5162 in
2805 5110 3090 5182 margine,
3146 5111 3312 5181 forte,
3379 5107 3701 5182 ite/mm:

2078 5179 2485 5253 cuti/omitto.
2548 5182 2712 5253 Rom.
2792 5179 2964 5247 sola,‘
2981 5197 3080 5237 nec
3148 5179 3451 5237 cardinato
3511 5182 3699 5253 peccati.

2081 5249 2295 5325 Latin.,
2316 5249 2738 5325 _nec_turpitudo
2761 5254 2989 5321 peccati.
3048 5254 3123 5325 At
3162 5269 3307 5309 mss.
3345 5249 3600 5325 quinque
3630 5250 3698 5305 di-

2080 5321 2288 5378 stincte
2316 5320 2625 5377 lectionem
2650 5320 2910 5379 nostram
2942 5324 3272 5380 praeferunt.
3298 5320 3692 5379 Dicitur‘autem

3034 5398 3249 5451 eterna
3308 5394 3508 5467 regula
3559 5392 3695 5450 deﬂe-

2076 5468 2196 5521 ctat
2221 5481 2287 5521 ac
2317 5465 2753 5536 detorqueatur.
