3860 6206
159 312 303 384 1113

1175 304 1634 370 ENARRATIO
1677 306 1756 370 IN
1802 304 2186 370 PSALMUM
2231 307 2510 372 XXXIX.

3396 309 3553 374 MM

158 449 274 523 ipse
303 443 573 517 dignatus
599 443 690 498 est
720 440 911 500 dicere
943 459 957 500 :
985 463 1012 494 «
1044 441 1125 498 Ex
1166 441 1276 498 hoc
1304 441 1577 498 videbitis
1609 439 1784 497 ceelos
1814 440 1869 509 Α
1901 441 2112 500 ductus
2160 458 2292 498 sum
2317 442 2422 516 (6),
2465 446 2522 500 et
2567 441 2786 502 nescivi
2835 441 3050 517 (larem.
3092 461 3172 515 χι,
3209 443 3316 519 19).
3341 467 3368 498 ››
3403 444 3553 512 Quid

162 538 396 608 apertos,
417 535 472 588 et
493 530 729 604 angelos
751 531 848 588 Dei
873 532 1252 588 ascendentes
1285 535 1340 587 et
1371 531 1792 588 descendentes

162 623 226 680 ad
252 621 459 676 Filium
489 619 748 675 hominis
776 623 956 690 (Joan.
993 638 1032 689 ι,
1063 619 1176 690 51).
1206 642 1232 669 η

230 712 302 764 Ui.
336 707 630 782 Scriptum
678 713 767 764 est
796 709 854 763 in
888 709 1076 781 capite
1127 709 1284 764 Libri
1319 728 1385 765 :«
1416 711 1617 782 Agnus
1671 709 1796 764 sine

160 797 397 862 macula,
441 797 719 862 mundus,
769 801 1058 863 maturus,
1110 798 1432 866 masculus,
1485 796 1798 853 anniculus

159 887 258 944 erit
281 885 460 953 vobis,
495 889 552 941 et
591 886 814 942 occidet
854 903 989 952 eum
1024 887 1217 942 omnis
1269 905 1570 961 synagoga
1601 884 1795 958 (Exod.

158 993 249 1042 χιι,
279 975 352 1045 5).
381 997 406 1023 ››
437 974 577 1038 Quis
625 974 734 1029 iste
784 975 862 1029 sit
909 992 1119 1048 agnus,
1152 976 1401 1031 audistis
1453 977 1742 1030 dicentem
1783 996 1796 1034 :

160 1064 347 1118 «Ecce
377 1078 562 1134 agnus
591 1063 713 1129 Dei,
749 1079 878 1119 ecce
918 1063 1019 1136 qui
1072 1064 1222 1119 tollit
1253 1068 1557 1137 peccatum
1590 1050 1801 1118 mundi

155 1153 319 1222 (Joan.
357 1169 394 1218 1,
427 1151 540 1222 29).
564 1173 592 1200 »
626 1151 729 1206 Hic
758 1157 846 1207 est
875 1153 974 1223 qui
1017 1153 1245 1209 occisus
1275 1157 1364 1210 est
1394 1154 1465 1208 ab
1499 1153 1658 1208 omni
1693 1169 1806 1224 po-

155 1239 282 1312 pulo
311 1239 644 1296 Judzeorum
679 1257 691 1294 :
726 1257 902 1313 quem
947 1241 1137 1297 adhuc
1185 1241 1381 1298 hostili
1415 1243 1546 1299 odio
1595 1257 1800 1314 perse—

154 1331 423 1398 quuntur.
458 1328 528 1383 Et
566 1327 732 1384 illum
766 1329 1002 1400 quidem
1047 1332 1350 1403 oportebat
1382 1348 1485 1404 pro
1518 1331 1761 1386 omnibu

153 1416 311 1483 mori,
342 1421 406 1472 ut
435 1417 496 1472 in
526 1419 653 1488 ejus
691 1433 860 1473 cruce
892 1419 1054 1474 ﬁeret
1096 1419 1363 1476 remissio
1396 1424 1796 1492 peccatorum,

152 1510 203 1562 et
230 1505 467 1578 sanguis
493 1505 682 1578 ipsius
711 1507 912 1562 mundi
938 1507 1384 1580 inquinamenta
1414 1508 1634 1564 lavaret
1657 1528 1669 1564 :
1695 1509 1799 1565 sed

149 1610 224 1650 vae
255 1593 370 1648 illis
403 1595 505 1666 qui
535 1599 831 1650 auctorem
865 1595 1073 1652 salutis
1118 1598 1364 1670 propriae
1398 1599 1794 1670 negaverunt!

152 1705 178 1730 «
209 1682 467 1751 Fecistis,
499 1683 712 1754 inquit,
747 1684 1079 1753 consilium,
1114 1688 1214 1741 sed
1261 1703 1376 1742 non
1408 1703 1512 1758 per
1545 1704 1636 1741 me
1670 1688 1796 1759 (lsa.

1906 537 1994 587 est
2023 532 2176 603 quod
2211 532 2434 588 nesciat
2464 533 2761 606 Sapientia
2790 533 2914 605 Dei,
2947 551 3073 608 qua
3105 535 3166 591 in
3198 552 3410 594 arcano
3440 536 3552 592 Pa-

1906 621 2015 676 tris
2047 637 2277 693 semper
2324 621 2453 677 est?
2481 622 2550 678 Et
2579 621 2710 678 ideo
2769 624 3060 680 enarravit
3115 625 3316 681 omnia
3377 624 3557 684 Filius

1908 710 2030 776 Dei,
2064 710 2203 781 quia
2254 710 2354 765 Dei
2408 711 2596 768 Patris
2628 712 2753 784 ipse
2782 712 3070 784 sapientia
3115 717 3222 770 est.
3257 714 3556 778 Quomodo

1909 798 2195 871 praescivit
2226 816 2287 854 se
2317 799 2470 854 sicut
2506 817 2724 873 agnum
2770 818 2898 857 esse
2945 802 3304 868 ducendum,
3338 807 3394 858 et
3440 819 3556 874 quo

1910 888 2222 943 duceretur
2268 889 2524 944 nescisse
2565 906 2628 944 se
2659 890 2840 944 dicit?
2888 891 3002 945 Aut
3049 890 3342 961 quomodo
3373 889 3432 946 in
3465 909 3558 947 su-

1912 975 2241 1048 perioribus
2275 993 2377 1048 per
2425 993 2489 1031 os
2541 977 2729 1048 ipsius
2771 978 2950 1034 David
2983 979 3062 1032 ait
3095 996 3159 1032 :«
3195 979 3371 1044 Deus,
3403 979 3558 1036 Deus

1913 1081 2099 1130 meus,
2136 1065 2356 1136 respice
2387 1065 2444 1119 in
2479 1081 2571 1119 me
2601 1083 2612 1120 :
2647 1083 2828 1136 quare
2859 1083 2951 1121 me
2981 1067 3346 1138 dereliquisti
3377 1069 3558 1139 (P-sat.

1911 1171 2025 1219 χχι,
2057 1155 2206 1223 2)?»
2237 1155 2536 1219 Quomodo
2581 1154 3008 1227 derelinquitur
3057 1173 3090 1210 a
3138 1156 3303 1211 Patre
3353 1156 3557 1223 Filius,

1913 1242 2011 1314 qui
2045 1241 2124 1298 ait
2157 1260 2168 1298 :
2201 1265 2220 1290 «ι
2256 1244 2323 1298 Et
2363 1260 2476 1297 non
2529 1261 2658 1298 sum
2712 1242 2896 1310 solus,
2929 1244 3067 1315 quia
3114 1243 3281 1300 Pater
3329 1260 3556 1300 mecum

1912 1336 2002 1387 est
2031 1332 2207 1402 (Joan.
2237 1349 2352 1399 xv1,
2383 1331 2518 1404 32)"?
2543 1355 2569 1380 »
2601 1333 2671 1388 Et
2719 1332 2857 1388 alibi
2893 1351 2905 1387 :
2933 1356 2959 1381 «
2995 1333 3272 1388 Traditus
3321 1349 3475 1399 sum,
3506 1337 3564 1389 et

1912 1436 2029 1475 non
2085 1420 2422 1490 egrediebar
2479 1422 2651 1492 (Psat.
2714 1439 2962 1486 Lxxxvu,
3021 1423 3119 1491 9)?
3161 1444 3187 1469 ››
3235 1422 3301 1478 Et
3352 1421 3492 1478 alibi
3544 1439 3556 1476 :

1916 1530 1942 1557 α
1971 1509 2294 1575 Exsurrexi,
2337 1513 2393 1565 et
2440 1509 2629 1564 adhuc
2680 1514 2873 1565 tecum
2920 1526 3050 1566 sum
3082 1511 3558 1583 (Psat.cxxxv111,

1915 1597 2044 1668 l8)?
2068 1619 2094 1646 »
2127 1597 2240 1653 nisi
2271 1602 2335 1653 ut
2363 1598 2630 1654 advertas
2661 1599 2814 1670 quod
2849 1598 3159 1654 hominum
3189 1613 3432 1656 sensum
3463 1615 3558 1655 ex-

1911 1685 2130 1757 primit,
2156 1685 2254 1757 qui
2286 1690 2495 1757 putant
2545 1705 2605 1742 se
2638 1704 2671 1743 a
2700 1687 2946 1742 Domino
2984 1704 3112 1756 suo,
3147 1688 3382 1757 quando
3423 1690 3563 1744 sunt

149 1788 272 1835 xxx,
309 1771 381 1843 1).
412 1794 432 1819 ιι
461 1772 770 1873 ‘Quomodo
820 1778 1047 1844 poterat
1094 1776 1339 1846 probare
1389 1775 1790 1848 parricidium,
1825 1808 1872 1873 Β
1911 1773 1969 1828 in
2003 1773 2299 1873 periculis,
2334 1773 2664 1873 derelictos.
2709 1775 2970 1873 Denique
3003 1776 3138 1831 audi
3186 1776 3565 1873 quod-sequi-

151 1857 244 1930 qui
293 1857 608 1914 consilium
667 1877 782 1916 non
841 1863 1163 1931 probabat?
1192 1864 1262 1918 Et
1317 1867 1513 1918 tamen
1571 1868 1792 1934 quanta
1825 1857 1871 1873 ⁵’
1900 1863 1998 1914 tur
2032 1879 2044 1915 :
2075 1884 2100 1910 «
2139 1861 2354 1933 Longe,
2390 1862 2604 1934 inquit,
2638 1881 2671 1919 a
2703 1863 2892 1920 salute
2927 1881 3078 1929 mea,
3112 1865 3287 1920 verba
3318 1863 3563 1922 delicto-

149 1946 364 2019 pietas!
397 1948 764 2004 Abborrebat
811 1951 1049 2021 quidem
1080 1968 1113 2006 a
1143 1951 1406 2021 consilio,
1440 1953 1540 2008 sed
1573 1952 1624 2008 si
1655 1969 1792 2008 con-

148 2039 525 2103 verterentur,
553 2039 880 2093 remedium
913 2056 1027 2094 non
1059 2041 1328 2112 negabat.

217 2125 298 2179 15.
335 2124 634 2197 Scriptum
665 2130 753 2181 est
775 2127 972 2193 etiam,
999 2145 1114 2183 non
1146 2129 1339 2184 solum
1370 2129 1426 2183 in
1460 2131 1668 2201 capite,
1692 2131 1793 2186 sed

147 2212 202 2267 in
234 2212 394 2268 omni
423 2213 572 2286 legis
602 2215 1025 2287 complexione,
1049 2222 1362 2272 venturum
1390 2217 1690 2274 hominem
1724 2220 1794 2274 ad

149 2302 611 2358 conservandum
661 2303 970 2359 hominum
1018 2321 1224 2377 genus,
1257 2307 1357 2378 qui
1390 2306 1588 2362 omnia
1626 2306 1798 2363 vellet

149 2405 269 2460 quae
294 2390 453 2447 Deus
475 2390 664 2447 vellet.
690 2392 851 2448 Unde
875 2393 1152 2466 intelligis
1175 2395 1449 2466 quoniam
1474 2396 1797 2451 divinitatis

149 2477 409 2549 ejusdem
459 2484 573 2546 est,
621 2482 724 2553 qui
790 2483 1054 2552 ejusdem
1111 2487 1201 2539 est
1246 2484 1584 2540 voluntatis.
1633 2485 1794 2541 Unde

146 2566 320 2622 etiam
352 2568 425 2636 ad
449 2569 807 2625 sacriﬁcium
829 2571 1122 2643 passionis
1143 2572 1507 2629 voluntarius
1528 2574 1794 2644 accessit,

148 2653 470 2727 meritoque
524 2658 789 2729 praedixit
817 2676 829 2713 :
861 2682 881 2708 α
915 2658 1255 2735 Voluntarie
1303 2661 1642 2717 sacriﬁcabo
1690 2662 1796 2718 tibi

148 2742 316 2813 (Psal.
352 2762 473 2811 Lm,
507 2747 585 2818 8).
614 2769 642 2794 υ

219 2832 300 2885 16.
346 2833 460 2889 Sed
524 2834 670 2890 forte
726 2835 957 2892 dicas:
1014 2839 1312 2904 Quomodo
1371 2839 1431 2895 in
1490 2839 1796 2912 Evangelio

149 2918 288 2975 dixit
319 2937 387 2976 :«
422 2923 614 2989 Pater,
647 2923 697 2978 si
730 2925 1006 2996 possibile
1050 2931 1156 2994 est,
1191 2927 1444 2982 transfer
1474 2923 1507 2982 εἰ
1537 2944 1629 2983 me
1660 2927 1797 2982 cali-

149 3023 269 3064 cem
301 3009 485 3079 hunc,
520 3012 621 3067 sed
654 3029 768 3068 non
801 3013 954 3068 sicut
981 3030 1085 3086 ego
1123 3013 1274 3080 volo,
1308 3015 1408 3072 sed
1439 3015 1590 3072 sicut
1619 3020 1681 3072 tu
1710 3017 1798 3072 vis

148 3097 349 3168 (Matth.
401 3117 566 3166 XXVI,
613 3102 725 3172 39).
756 3125 778 3152 ι
817 3103 885 3158 Et
939 3102 1170 3158 videtur
1226 3104 1465 3175 quidem
1525 3121 1652 3161 esse
1709 3105 1795 3161 di-

1902 1965 2035 2003 rum
2084 1965 2348 2011 meorum
2381 1952 2549 2021 (Psal.
2588 1969 2704 2019 xxx,
2737 1954 2829 2024 2);
2861 1976 2888 2001 »
2920 1953 3030 2008 hoc
3081 1957 3189 2019 est,
3225 1952 3341 2008 alia
3385 1953 3564 2010 verba

1906 2042 2045 2093 sunt
2075 2038 2442 2107 delictorum,
2479 2040 2592 2096 alia
2643 2047 3010 2098 sacramenta
3054 2042 3264 2098 salutis
3312 2045 3558 2100 aeterna.

1906 2127 2032 2181 Non
2076 2127 2460 2198 praeiudicant
2507 2130 2683 2184 verba
2713 2130 2909 2185 virtuti
2948 2147 2960 2184 :
2998 2129 3122 2186 suis
3151 2130 3375 2186 viribus
3423 2131 3562 2187 sub-

1906 2218 2128 2270 stantia
2159 2216 2357 2272 divina
2398 2215 2657 2272 fulcitur.
2693 2218 2876 2273 Homo
2906 2219 3154 2285 videtur,
3187 2219 3363 2278 homo
3395 2217 3564 2276 audi-

1907 2307 2022 2373 tur,
2055 2304 2209 2360 Deus
2241 2304 2299 2360 in
2333 2305 2609 2377 operibus
2641 2307 2998 2378 agnoscitur.
3035 2309 3101 2362 Et
3126 2312 3322 2364 tamen
3355 2307 3426 2363 de
3455 2307 3564 2364 hoc

1906 2391 2145 2448 homine
2175 2393 2397 2449 dictum
2444 2398 2533 2450 est
2565 2411 2577 2448 :
2609 2416 2637 2444 ‹‹
2667 2395 2736 2449 Et
2765 2394 2939 2450 homo
2973 2399 3062 2450 est
3092 2401 3148 2452 et
3178 2396 3310 2468 quis
3355 2411 3565 2468 cogno-

1906 2486 1997 2536 cet
2025 2498 2160 2536 eum
2190 2485 2412 2550 (Jerem.
2444 2500 2583 2553 xvu,
2606 2482 2659 2554 9)
2680 2483 2752 2538 ?»
2784 2483 2932 2547 Quid
2967 2489 3075 2549 est,
3099 2486 3263 2556 quis?
3290 2487 3416 2542 Non
3446 2501 3562 2555 quo

1907 2586 2100 2638 nemo,
2152 2571 2251 2627 sed
2305 2589 2421 2642 quo
2471 2589 2660 2639 rarus,
2695 2588 2811 2644 quo
2857 2573 3111 2645 sapiens,
3163 2572 3316 2628 sicut
3365 2571 3558 2628 illud:

1907 2680 1935 2707 ‹‹
1970 2658 2110 2724 Quis
2157 2661 2433 2715 ascendet
2480 2661 2539 2715 in
2574 2664 2833 2716 montem
2894 2659 3125 2716 Domini
3174 2661 3346 2732 (Psal.
3394 2678 3562 2727 χχιιι,

1905 2745 2190 2813 3)?»—-«
2219 2748 2360 2813 Quis
2419 2749 2656 2819 sapiens
2708 2752 2764 2804 et
2823 2747 3108 2820 intelliget
3152 2765 3220 2804 ea
3268 2747 3409 2820 (Ose.
3441 2766 3562 2816 xxv,

1909 2834 2041 2904 10)?
2066 2857 2093 2884 ››
2125 2835 2384 2908 Denique
2415 2837 2552 2894 alibi
2589 2854 2635 2893 ;‹‹
2664 2837 2764 2892 Vir
2795 2836 3080 2909 insipiens
3112 2853 3226 2892 non
3257 2835 3560 2908 cognoscit

1907 2939 1993 2990 ea,
2028 2926 2084 2978 et
2112 2924 2328 2981 stultus
2359 2942 2474 2981 non
2506 2925 2782 2998 intelligit
2821 2926 2944 2981 hac
2973 2926 3148 2996 (Psat.
3180 2942 3298 2993 xei,
3327 2927 3404 2995 7).
3430 2947 3460 2974 ν)
3491 2925 3561 2980 Et

1906 3013 1970 3065 tu
2003 3027 2137 3083 ergo
2191 3029 2325 3069 cum
2371 3013 2518 3086 legis
2568 3012 2971 3085 Evangelium,
3008 3012 3178 3085 quasi
3223 3013 3459 3086 sapiens
3505 3016 3564 3068 et

1909 3114 2024 3153 non
2065 3099 2282 3156 stultus
2330 3117 2613 3174 cognosce
2645 3103 2721 3174 (7)
2752 3118 2882 3173 quae
2935 3101 3080 3173 legis
3114 3117 3127 3156 :
3163 3099 3458 3156 illuminet
3505 3105 3560 3158 te

149 3165 361 3242 stantia
390 3165 716 3244 voluntatis
753 3208 764 3244 :
799 3207 1000 3246 verum
1045 3165 1432 3264 intelligimus
1481 3193 1640 3250 aliud
1673 3211 1800 3250 esse
1826 3165 1870 3234 α
1909 3187 2215 3260 Sapientia
2248 3165 2441 3262 fulgo;
2478 3165 2722 3244 meritas:
2759 3165 2949 3244 verba
2977 3165 3217 3260 (ibidem
3263 3193 3421 3257 sunt,
3455 3189 3556 3247 Sed

149 3275 298 3346 quod
341 3277 675 3333 secundum
723 3279 1009 3336 unitatem
1060 3280 1390 3337 divinitatis
1439 3281 1804 3354 exprimitur,

148 3362 243 3418 ubi
289 3365 436 3420 dicit
471 3383 484 3420 :
514 3389 543 3417 «
578 3367 694 3439 Ego
744 3372 800 3423 et
849 3367 1016 3424 Pater
1064 3385 1250 3424 unum
1301 3386 1509 3425 sumus
1537 3371 1713 3442 (Joan.
1746 3389 1804 3437 χ,

146 3449 322 3530 3Ο)τ»
359 3452 528 3510 aliud
563 3456 716 3527 quod
763 3458 1088 3513 secundum
1137 3457 1393 3514 hominis
1441 3462 1530 3515 est
1574 3459 1805 3515 locutus

146 3541 446 3612 affectum,
481 3559 663 3615 quem
718 3544 915 3600 innuit
971 3550 1208 3602 cautum
1258 3563 1387 3603 esse
1435 3548 1665 3616 debere,
1699 3565 1804 3604 nec

145 3643 504 3700 praesumere
540 3633 694 3703 quod
730 3632 896 3689 facile
928 3633 1170 3707 implere
1191 3653 1307 3691 non
1340 3637 1544 3708 possit,
1569 3654 1640 3692 ne
1662 3639 1804 3692 dum

145 3719 461 3791 praemium
510 3721 738 3792 quaerit,
772 3723 993 3778 incidat
1039 3723 1428 3798 sacrilegium.
1465 3725 1625 3781 Unde
1674 3727 1754 3781 ait
1788 3744 1800 3781 :

149 3827 176 3854 «
206 3805 352 3862 Cum
386 3803 822 3881 persequentur
867 3828 964 3867 vos
997 3813 1058 3867 in
1088 3811 1197 3868 hac
1246 3814 1495 3880 civitate,
1531 3814 1712 3886 fugite
1745 3815 1803 3870 in

145 3893 320 3950 aliam
351 3895 571 3968 (Matth.
603 3915 657 3963 x,
687 3900 799 3969 23).
827 3921 854 3948 »
888 3899 1095 3955 Merita
1123 3916 1258 3972 ergo
1292 3905 1348 3955 et
1378 3901 1468 3956 hic
1497 3902 1802 3958 subiturus

144 3983 407 4054 corporis
454 3986 817 4057 passionem,
851 3987 1022 4058 coepit
1070 3987 1420 4056 contristari,
1455 3995 1511 4046 et
1559 3994 1801 4045 moestus

146 4085 273 4127 esse
309 4089 322 4128 :
349 4077 409 4128 et
439 4068 772 4146 assumptis
800 4075 962 4131 Petro
993 4079 1050 4130 et
1079 4076 1309 4132 duobus
1338 4075 1474 4131 ﬁliis
1507 4078 1758 4132 Zebedei
1785 4094 1798 4130 :

141 4178 167 4206 ‹‹
198 4158 413 4216 Tristis
462 4165 559 4217 est
614 4161 808 4218 anima
867 4179 996 4218 mea
1025 4164 1234 4234 (Matth.
1268 4181 1419 4232 xxvx,
1465 4165 1578 4235 38),
1608 4187 1636 4213 »
1668 4169 1802 4221 ante

136 4248 427 4326 pramisit
464 4266 476 4305 :
514 4252 574 4306 et
616 4251 866 4322 subjecit
895 4256 1098 4324 postea
1131 4271 1196 4308 :<<
1228 4252 1476 4324 Vigilate
1517 4257 1574 4309 et
1618 4258 1796 4320 orate,

138 4351 206 4388 ne
236 4336 480 4395 intretis
516 4337 578 4393 in
619 4339 1022 4396 tentationem.
1056 4339 1309 4412 Spiritus
1354 4345 1658 4414 promptus
1689 4346 1796 4407 est,

134 4439 265 4481 caro
324 4432 539 4483 autem
605 4428 842 4482 inﬁrma
897 4429 1055 4498 (Ibid.
1116 4431 1226 4500 41).
1278 4451 1298 4479 »
1349 4429 1524 4486 Vides
1584 4431 1797 4503 ubique

1917 3279 1973 3331 et
2002 3275 2133 3348 ipsa
2163 3277 2472 3345 mundant,
2505 3281 2562 3333 et
2593 3278 2718 3349 ipsa
2747 3275 3107 3342 illuminant,
3129 3280 3185 3333 et
3205 3277 3335 3348 ipsa
3363 3277 3570 3334 conﬁr-

1915 3369 2101 3433 mant,
2128 3370 2185 3420 et
2210 3365 2340 3436 ipsa
2366 3365 2678 3421 viviﬁcant.
2703 3366 2867 3422 Unde
2887 3365 2971 3421 ait
2992 3364 3195 3421 Petrus
3222 3381 3270 3419 :«
3297 3364 3564 3433 Domine,

1915 3453 1986 3508 ad
2019 3470 2193 3525 quem
2227 3453 2487 3510 ibimus?
2513 3454 2702 3509 Verba
2743 3453 2872 3508 vitae
2917 3457 3140 3508 aeternae
3172 3453 3354 3511 habes
3388 3454 3563 3526 (Joan.

1915 3559 1993 3611 v1,
2024 3543 2138 3614 69),
2171 3545 2228 3598 et
2257 3559 2372 3598 non
2403 3541 2805 3614 relinquemus
2835 3547 2910 3598 te.
2940 3565 2968 3592 ››

1990 3633 2074 3686 17.
2117 3629 2377 3704 Denique
2423 3635 2488 3687 ut
2533 3632 2988 3699 adverteremus,
3034 3631 3188 3704 quod
3238 3632 3565 3688 secundum

1914 3718 2215 3775 hominem
2253 3719 2486 3776 locutus
2540 3725 2716 3786 esset,
2753 3720 2924 3791 paulo
2971 3724 3103 3792 post
3149 3719 3295 3774 dixit
3325 3737 3338 3775 :
3368 3741 3395 3771 ‹‹
3426 3721 3569 3776 Ecce

1914 3808 2349 3880 appropinquat
2398 3807 2563 3876 hora,
2598 3813 2664 3863 ut
2696 3807 2877 3864 Filius
2907 3807 3165 3862 hominis
3213 3808 3478 3864 tradatur
3508 3807 3567 3864 in

1915 3913 2125 3952 manus
2159 3903 2529 3968 peccatorum
2563 3896 2775 3968 (Matth.
2808 3914 2962 3962 xxvx,
3001 3897 3113 3964 45»).
3142 3917 3169 3944 »
3202 3894 3451 3950 EtJudae
3474 3912 3567 3951 os-

1913 3985 2129 4040 culanti
2158 3986 2240 4040 ait
2273 4004 2284 4040 :
2312 4008 2338 4036 ‹‹
2369 3986 2542 4053 Juda,
2575 3985 2774 4041 osculo
2821 3984 3032 4040 Filium
3083 3983 3338 4038 hominis
3379 3983 3566 4039 tradis

1912 4074 2062 4144 (Luc.
2095 4091 2232 4138 xxii,
2267 4073 2392 4144 48)!
2423 4096 2449 4121 ››
2490 4073 2598 4128 hoc
2659 4077 2766 4140 est,
2816 4088 3104 4127 venenum
3153 4070 3418 4127 infundis
3471 4089 3565 4126 os-

1911 4162 2061 4229 culo,
2087 4179 2201 4234 quo
2231 4163 2418 4235 gratia
2442 4161 2749 4218 charitatis
2781 4161 3147 4218 infunditur:
3173 4159 3374 4215 osculo
3408 4163 3565 4232 quod

1910 4268 2086 4308 sacrae
2137 4251 2292 4324 pacis
2325 4251 2554 4324 insigne
2585 4255 2673 4306 est
2707 4268 2718 4305 :
2754 4248 2954 4308 osculo
2986 4265 3099 4320 quo
3145 4249 3410 4304 amicitia
3448 4249 3565 4304 fida

1910 4340 2178 4394 firmatur
2209 4357 2220 4394 :
2257 4338 2474 4405 osculo,
2509 4355 2624 4410 quo
2657 4339 2802 4394 ﬁdes
2848 4342 3053 4393 sancta
3101 4337 3419 4410 signatur?
3449 4337 3565 4394 Hoc

1909 4443 2044 4500 ergo
2079 4426 2276 4483 osculo
2325 4427 2505 4483 tradis
2556 4427 2836 4498 periculo,
2869 4443 3044 4498 quem
3095 4431 3330 4497 propter
3378 4426 3562 4482 osculi

130 4529 263 4570 eum
296 4516 643 4572 secundum
694 4515 992 4573 hominem
1042 4517 1222 4590 loqui,
1255 4518 1576 4574 secundum
1607 4519 1796 4576 homi-
1826 4534 1875 4600 D
1907 4518 2322 4572 commercium
2353 4516 2614 4571 venerari
2660 4515 2948 4572 deberes?
2997 4516 3067 4570 Et
3119 4513 3303 4570 tradis
3351 4513 3564 4569 Filium

130 4618 261 4658 nem
294 4621 494 4672 orare,
523 4606 851 4662 secundum
885 4605 1035 4668 863
1068 4606 1364 4662 hominem
1396 4607 1618 4664 tristem
1645 4625 1794 4676 esse,

125 4695 465 4749 secundum
531 4693 833 4750 hominem
893 4695 1108 4751 dixisse
1159 4679 1234 4751 εἷς(
1285 4696 1452 4752 Pater
1507 4714 1694 4763 meus,
1747 4698 1795 4753 si

123 4781 414 4850 possibile
445 4785 562 4838 est.
591 4804 617 4829 μ
650 4784 814 4848 Quod
863 4783 1069 4855 utique
1114 4800 1230 4850 non
1261 4784 1625 4856 impossibile
1655 4786 1792 4853 Deo,

121 4869 220 4925 sed
262 4869 547 4927 hominis
603 4876 693 4928 est
747 4871 1035 4939 dubitare,
1086 4873 1184 4928 Dei
1233 4872 1598 4930 conﬁrmare.
1663 4876 1794 4932 Ideo

120 4961 536 5031 promptiores
588 4959 930 5033 assumpsit,
981 4961 1149 5033 quasi
1194 4961 1408 5017 electos
1460 4961 1652 5019 ultimi
1694 4964 1792 5035 ju-

117 5044 254 5103 dicii
308 5049 408 5108 sui
462 5052 669 5114 testes,
703 5050 802 5121 qui
858 5051 1168 5107 verborum
1227 5052 1354 5122 ejus
1413 5057 1795 5124 agnoscerent

115 5141 600 5210 sacramentum.
650 5138 912 5210 Denique
955 5139 1053 5194 alii
1097 5141 1486 5210 dormiebant,
1539 5141 1632 5198 isti
1684 5143 1789 5196 soli

113 5223 232 5282 ﬁda
264 5231 479 5282 mente
511 5225 854 5298 vigilabant.
889 5228 1052 5284 Unde
1083 5234 1139 5284 et
1167 5247 1270 5302 per
1297 5230 1608 5285 Jeremiam
1646 5249 1790 5285 non-

1906 4606 2166 4664 hominis
2197 4605 2394 4675 homo,
2429 4605 2529 4676 qui
2563 4608 2797 4676 propter
2832 4603 3140 4661 hominum
3175 4601 3426 4658 salutem
3460 4603 3564 4658 de-

1909 4695 2133 4750 scendit
2165 4694 2235 4748 de
2265 4693 2451 4749 c0310?
2483 4693 2575 4748 Sic
2619 4692 2775 4748 enim
2827 4692 3112 4764 scriptum
3162 4696 3250 4748 est
3283 4709 3348 4746 ;‹‹
3383 4690 3565 4746 Filius

1905 4783 2163 4839 hominis
2193 4783 2290 4854 qui
2347 4787 2435 4838 est
2467 4781 2526 4836 in
2559 4781 2725 4848 coelo,
2758 4781 2884 4854 ipse
2915 4785 3004 4836 est
3052 4780 3150 4851 qui
3201 4778 3503 4834 descendit
3534 4795 3565 4833 e

1905 4871 2046 4928 coelo
2092 4873 2266 4942 (Joan.
2300 4889 2384 4938 ιιι,
2424 4871 2528 4941 13).
2558 4892 2583 4918 ›ι
2619 4869 2828 4924 Filium
2883 4868 3143 4923 hominis
3203 4866 3407 4931 tradis,
3460 4865 3562 4936 qui

1903 4965 1960 5017 te
1990 4978 2057 5016 ex
2088 4963 2391 5032 peccatore
2439 4956 2772 5028 apostolum
2823 4955 2958 5012 fecit
2993 4973 3004 5010 :
3041 4955 3251 5010 Filium
3303 4952 3562 5009 hominis

1901 5049 2108 5116 tradis,
2133 5049 2233 5119 qui
2265 5047 2440 5111 venit,
2466 5051 2530 5101 ut
2572 5045 2632 5100 in
2665 5044 2951 5116 sanguine
2983 5059 3089 5098 suo
3123 5041 3388 5097 omnium
3426 5056 3560 5112 pec-

1901 5143 2029 5192 cata
2060 5135 2350 5192 dilueret?
2381 5136 2496 5206 Ego
2545 5133 2811 5190 osculum
2844 5149 2956 5187 non
3005 5147 3152 5202 nego
3188 5147 3200 5184 :
3231 5130 3356 5202 ipse
3404 5129 3560 5186 vide~

1901 5227 2003 5292 ris,
2029 5226 2126 5297 qui
2154 5223 2458 5280 violaveris
2492 5223 2674 5279 osculi
2721 5220 3110 5276 sanctitatem.
3145 5220 3231 5273 An
3266 5234 3382 5273 non
3415 5217 3556 5291 legi-

109 5312 250 5370 dum
287 5318 590 5388 suscepto
624 5332 880 5387 corpore,
915 5315 1040 5389 ipse
1070 5317 1150 5373 ait
1178 5334 1191 5372 :
1220 5339 1247 5367 «
1273 5319 1390 5390 Ego
1421 5318 1572 5372 sicut
1602 5335 1789 5392 agnus
1898 5316 1972 5372 sti
2007 5315 2162 5388 quod
2195 5313 2435 5369 utiliora
2486 5315 2624 5368 sunt
2654 5311 2893 5366 vulnera
2924 5307 3120 5377 amici,
3145 5323 3321 5380 quam
3350 5304 3556 5363 volun-

174 5471 251 5543 (6)
287 5473 473 5552 Rom.
528 5471 691 5552 edit,
732 5475 838 5544 Ego
886 5476 1248 5552 sicutagnus
1283 5477 1554 5552 innocens
1587 5475 1788 5552 ductus

2012 5477 2221 5552 duaeea}.
2804 5545 2813 5552 ἡ
2976 5543 2984 5552 ⁸
3170 5548 3179 5552 Δ
3237 5541 3246 5552 ο

99 5557 244 5620 sum,
303 5549 369 5600 ut
414 5543 812 5620 δας-τέθεικεν)
842 5545 1064 5603 scilicet
1110 5543 1225 5620 quo
1275 5547 1538 5602 Graecum
1587 5547 1783 5604 locum
1969 5549 2043 5620 (7)
2093 5547 2361 5617 Quinque
2422 5560 2589 5610 mss.,
2653 5545 2813 5614 quasi
2863 5543 3081 5614 sapiens
3128 5548 3180 5598 et
3218 5543 3404 5612 justus
3460 5555 3553 5594 co-

98 5615 401 5684 redderet,
440 5614 554 5672 ubi
584 5613 832 5688 legimus
868 5634 880 5672 ε
913 5623 1032 5690 Ἐγὼ
1062 5613 1314 5691 6);-ipviov
1328 5627 1511 5675 ἄκακον
1544 5626 1782 5692 ἀγόμενον

1990 5613 2110 5677 iace.
