3860 6206
360 346 514 413 1118
1817 356 1881 420 S.
1927 355 1990 419 Α]

2175 358 2305 425 )sn
3585 364 3705 431 me
3805 346 3807 434 l

357 484 511 542 taria
552 483 752 544 oscula
797 484 1014 546 inimici
1048 486 1228 560 (Prov.
1262 503 1415 557 xxvi,
1445 485 1540 561 6)?
1567 486 1682 545 Nec
1711 486 2003 547 immerito
2036 488 2087 557 Α
2117 489 2293 549 homo
2343 491 2576 563 dicitur,
2608 491 2894 555 mediator
2941 492 3044 555 Dei
3095 499 3153 555 et
3206 494 3531 568 hominum,
3567 498 3701 559 homo

358 576 620 648 graviore
649 576 761 634 telo
807 582 981 634 tanta:
1012 577 1370 650 dignationis
1419 595 1739 651 percussus
1790 582 1878 636 est
1906 579 2010 635 Ju-
2121 581 2388 640 Christus
2413 583 2609 642 Jesus.

359 664 484 731 das,
519 682 694 736 quam
747 667 794 722 si
847 683 979 722 eum
1036 666 1282 722 fulmine
1338 667 1701 740 perculisset.
1757 667 2013 740 Denique
2133 675 2151 688 ‘
2194 671 2278 726 19.
2315 671 2620 745 Propterea
2665 674 3129 748 incorruptibilis
3158 676 3415 748 suscepit
3454 677 3591 733 hanc
3614 693 3701 733 car-

358 754 700 823 patientiam
733 755 963 811 Domini
996 755 1142 810 ferre
1173 772 1287 810 non
1321 756 1528 827 potuit,
1563 755 1719 812 864
1752 755 1852 826 qui
1889 772 2011 811 ma-
2123 774 2278 827 nem,
2312 763 2376 815 ut
2406 760 2617 818 faceret
2643 762 3144 836 incorruptibilem
3181 769 3278 821 :et
3305 765 3643 831 immortalis,
3659 769 3704 820 ut

352 845 628 915 jestatem
679 843 955 914 prodidit,
989 844 1132 900 adeo
1166 849 1227 898 ut
1261 844 1371 899 sibi
1417 844 1525 916 ipsi
1582 844 1728 900 tanti
1779 843 2013 900 sceleris
2124 847 2336 904 faceret
2383 849 2794 907 immortalem.
2830 851 2888 908 Si
2929 851 3062 925 quis
3109 869 3246 926 ergo
3292 869 3426 910 eum
3473 853 3704 925 sequitur,

358 937 554 989 reatus
578 933 655 1004 (8)
687 949 801 987 non
836 936 1034 1004 posset
1063 932 1243 988 ablui.
1274 933 1475 1004 Itaque
1509 932 1670 1000 abiit,
1703 932 2011 1005 pecuniam
2120 934 2323 992 induet
2369 936 2890 997 immortalitatem.
2933 939 2994 996 Si
3043 941 3177 1013 quis
3224 940 3572 998 voluntatem
3610 943 3704 1011 ejus

356 1021 592 1091 refudit,
623 1021 736 1078 hoc
767 1025 875 1088 est,
901 1020 1311 1077 condemnavit
1345 1020 1649 1076 avaritiam
1683 1037 1852 1076 suam
1883 1025 2012 1077 tan-
2115 1024 2278 1090 facit,
2313 1041 2425 1080 non
2458 1027 2742 1084 morietur
2779 1029 2839 1085 in
2870 1033 3178 1097 aeternum;
3212 1025 3486 1087 sed'dicit
3511 1029 3556 1085 ei
3582 1029 3705 1086 Chri-

356 1114 428 1166 ιω
459 1110 782 1182 impietatis
826 1114 1146 1176 auctorem,
1177 1109 1430 1181 pretium
1462 1109 1716 1181 perﬁdiae
1764 1125 2010 1182 synago-
2121 1117 2248 1170 stus
2283 1133 2295 1170 :
2323 1138 2350 1164 ‹‹
2381 1114 2563 1172 Hodie
2593 1132 2823 1172 mecum
2855 1117 2969 1174 eris
3008 1119 3068 1174 in
3117 1118 3391 1191 paradiso
3416 1119 3558 1189 (Luc.
3583 1134 3707 1183 nm,

360 1215 444 1271 gis
477 1198 752 1255 reddidit.
783 1199 908 1254 Non
943 1202 1258 1253 excusatur
1288 1198 1569 1270 proditor,
1598 1197 1696 1270 qui
1728 1199 2010 1270 poeniten-
2120 1202 2231 1273 43).
2269 1226 2290 1254 ι
2329 1202 2476 1268 Quid
2507 1207 2614 1272 est,
2638 1204 2849 1261 hodie?
2874 1205 2993 1262 Hoc
3035 1211 3144 1274 est,
3178 1207 3250 1263 de
3280 1210 3448 1263 nocte
3475 1206 3708 1274 transisti,

359 1287 450 1342 tiae
517 1287 712 1342 locum
782 1287 1041 1342 invenire
1107 1303 1221 1342 non
1279 1285 1489 1357 potuit,
1547 1286 1648 1342 sed
1710 1290 2014 1342 acervatur
2120 1307 2352 1346 mecum
2383 1291 2500 1348 eris
2544 1292 2603 1348 in
2654 1291 2896 1349 lumine.
2930 1293 3057 1350 Noli
3107 1296 3381 1351 tenebras
3428 1292 3712 1360 formidare,

356 1375 728 1447 sacrilegium
771 1375 1256 1447 Judaaorum,qui
1288 1375 1462 1431 etiam
1515 1373 1831 1447 proditoris
1859 1375 2009 1430 voci-
2123 1395 2298 1451 quem
2355 1383 2573 1436 aeterna
2625 1379 2727 1436 lux
2763 1382 3038 1455 suscepit.
3090 1382 3339 1439 Pulchre
3395 1381 3561 1438 etiam
3607 1382 3712 1438 sub-

352 1467 466 1522 bus
496 1468 847 1539 arguuntur.
885 1463 986 1520 Ille
1036 1480 1210 1520 suum
1253 1465 1473 1520 crimen
1525 1463 1758 1536 agnovit
1787 1463 2008 1532 dicens,
2113 1467 2312 1539 junxit
2344 1485 2356 1521 ;
2385 1491 2412 1517 ‹‹
2445 1468 2672 1524 Mecum
2702 1469 2818 1526 eris
2849 1469 2909 1526 in
2951 1471 3247 1543 paradiso;
3277 1493 3304 1523 ››
3343 1470 3452 1527 hoc
3497 1475 3598 1534 est,
3623 1469 3713 1525 noli

353 1555 511 1626 quod
543 1553 850 1610 tradiderit
873 1553 1224 1626 sanguinem
1245 1554 1478 1624 justum
1504 1570 1516 1608 :
1543 1551 1642 1607 isti
1672 1555 1729 1606 et
1757 1551 2010 1624 pretium
2120 1555 2390 1613 dubitare
2420 1557 2492 1612 de
2540 1573 2734 1626 carne,
2760 1563 2818 1614 et
2861 1575 2955 1615 me
3011 1559 3071 1614 in
3128 1574 3304 1615 carne
3361 1557 3554 1615 vidisti
3581 1575 3593 1614 :
3623 1556 3714 1614 noli

352 1642 588 1701 sceleris
632 1647 999 1714 receperunt,
1033 1647 1088 1698 et
1138 1641 1462 1698 acrioribus
1509 1640 1722 1696 studiis
1762 1639 2012 1710 justitiaa
2118 1643 2345 1712 timere,
2380 1661 2452 1700 ne
2505 1649 2562 1701 et
2609 1651 2673 1702 tu
2731 1647 2905 1702 cadas
2947 1646 3016 1703 de
3046 1647 3196 1704 805
3256 1647 3547 1720 paradiso,
3598 1647 3716 1702 sicut

352 1732 677 1805 principem
712 1729 1003 1803 persecuti
1028 1734 1184 1786 sunt.
1213 1730 1344 1786 Ideo
1369 1731 1438 1785 ad
1470 1729 1716 1784 istorum
1743 1728 2008 1784 omnium
2117 1732 2328 1788 cecidit
2371 1733 2588 1803 Adam;
2621 1735 2722 1791 sed
2771 1734 2908 1790 audi
2962 1735 3100 1807 quia
3154 1752 3392 1792 mecum
3448 1735 3575 1805 eris,
3625 1749 3713 1807 quo

349 1824 693 1894 perpetuam
727 1818 1273 1875 condemnationem
1309 1818 1458 1874 latro
1489 1816 1802 1874 cruciﬁxus
1824 1816 2008 1873 absol-
2036 1855 2083 1920 B
2119 1826 2424 1893 praesente,
2455 1823 2661 1878 cadere
2713 1840 2829 1879 non
2878 1823 3088 1895 possis.
3120 1823 3343 1880 Cecidit
3372 1841 3500 1880 caro
3544 1825 3597 1879 in
3637 1841 3713 1896 pa-

347 1909 537 1964 vitur:
565 1908 702 1981 quia
733 1907 827 1964 ille
848 1907 1142 1964 Christum
1176 1909 1233 1963 in
1268 1907 1577 1980 suppliciis
1601 1907 1837 1980 agnovit
1858 1906 2001 1977 suis,
2036 1906 2083 1920 ⁵’
2114 1911 2330 1977 radiso,
2375 1915 2690 1983 antequam
2735 1912 3132 1984 susciperetur
3160 1929 3194 1968 a
3221 1911 3472 1969 Christo.
3507 1911 3582 1968 Ibi
3625 1911 3712 1968 eris

349 2013 524 2070 quem
557 1997 655 2053 isti
689 1997 746 2051 in
779 1997 1077 2053 beneﬁciis
1107 2014 1222 2052 non
1273 2001 1635 2069 agnoverunt
1667 2014 1679 2051 :
1714 1999 1772 2050 et
1803 2011 2003 2068 pecca-
2113 2004 2450 2072 susceptus,
2482 1999 2582 2055 ubi
2609 2004 2665 2056 et
2695 1999 2791 2056 ille
2823 2001 2924 2073 qui
2971 2003 3264 2074 suscepit;
3300 2001 3402 2075 qui
3434 2018 3544 2057 non
3586 2017 3713 2056 men-

347 2091 472 2142 tum
505 2103 679 2142 suum
713 2087 1018 2142 confessus
1069 2090 1160 2142 est
1205 2085 1456 2150 Christo,
1490 2085 1587 2156 qui
1635 2084 1810 2139 sciret
1838 2084 2002 2156 igno-

348 2192 530 2242 scere,
561 2176 700 2248 quia
751 2177 809 2231 in
859 2192 1029 2231 cruce
1077 2191 1186 2230 sua
1232 2191 1477 2246 regnum
1526 2173 1759 2228 Domini
1810 2177 2002 2229 mente

347 2265 670 2336 conspexit,
703 2264 858 2335 quod
909 2263 968 2318 in
1022 2262 1280 2318 convivio
1314 2262 1529 2318 Christi
1579 2261 1763 2318 Judas
1807 2261 2002 2318 videre

347 2368 462 2408 non
495 2353 702 2424 potuit.
741 2352 873 2407 Ideo
924 2351 1319 2423 precationem
1369 2348 1617 2406 latr'onis
1647 2367 1755 2406 vox
1803 2356 2003 2406 secuta

347 2445 436 2498 est
467 2440 718 2496 ccelestis
766 2440 1111 2511 hujusmodi
1148 2458 1160 2494 :
1194 2462 1215 2491 ι
1248 2443 1454 2508 Amen,
1487 2457 1678 2507 amen,
1712 2440 1842 2496 dico
1871 2440 1999 2506 tibi,

239 2565 243 2568 -
347 2529 520 2586 hodie
566 2545 796 2584 mecum
851 2529 966 2584 eris
1020 2529 1077 2584 in
1132 2529 1404 2601 paradiso
1459 2529 1606 2601 (Luc.
1639 2546 1800 2595 xxm,
1835 2529 2000 2600 45).»

346 2617 758 2691 Tripudiabas,
801 2619 998 2684 draco,
1032 2619 1188 2690 quod
1239 2617 1568 2689 apostolum
1625 2617 1998 2674 subtraxeras

344 2707 577 2763 Christo
611 2722 624 2760 :
659 2706 794 2778 plus
836 2707 1087 2762 amisisti
1120 2723 1296 2779 quam
1331 2706 1645 2770 sustulisti,
1680 2705 1778 2777 qui
1821 2705 1998 2760 latro-

345 2812 478 2852 nem
505 2796 668 2851 vides
699 2795 758 2849 in
791 2795 1129 2866 paradisum
1151 2811 1279 2851 esse
1300 2794 1675 2852 translatum.
1702 2794 1881 2849 Nemo
1909 2798 1999 2850 est

347 2884 447 2956 qui
478 2883 666 2955 possit
705 2883 956 2950 excludi,
991 2883 1225 2955 quando
1256 2887 1523 2955 receptus
1553 2886 1641 2938 est
1681 2882 1850 2949 latro,
1885 2882 1994 2937 mi-

347 2973 528 3028 nister
561 2975 699 3026 tuus
754 2975 810 3026 et
857 2987 924 3026 eo
957 2970 1238 3042 pervenit,
1263 2972 1417 3027 unde
1460 2971 1586 3044 ipse
1618 2972 1878 3042 dejectus
1908 2988 1991 3027 es.

419 3062 506 3116 18.
541 3058 959 3116 Subtexuimus
990 3059 1104 3115 ista
1141 3068 1376 3132 propter
1403 3058 1569 3115 illum
1615 3058 1990 3127 versiculum,

349 3148 487 3223 quia
530 3148 674 3204 dixit
708 3165 774 3203 :«
811 3147 884 3204 Ut
932 3148 1141 3204 faciam
1193 3147 1550 3204 voluntatem
1599 3153 1761 3204 tuam
1793 3146 1812 3204 τ
1841 3148 1994 3204 Deus

2111 2087 2258 2143 titus
2287 2091 2376 2144 est
2403 2088 2605 2144 dicens
2641 2106 2653 2144 :
2679 2111 2707 2140 ‹‹
2734 2088 2877 2145 Volo
2908 2093 2974 2145 ut
3002 2089 3100 2146 ubi
3133 2105 3239 2163 ego
3266 2107 3424 2158 sum,
3450 2093 3504 2146 et
3530 2088 3605 2144 illi
3625 2088 3718 2144 sint

2113 2193 2344 2232 mecum
2377 2178 2552 2247 (Joan.
2583 2193 2724 2244 xvu,
2746 2178 2857 2250 24).
2886 2200 2914 2227 ››
2937 2178 3062 2234 Non
3094 2179 3322 2234 recedet
3353 2182 3547 2250 pastor
3572 2195 3602 2234 a
3621 2193 3717 2250 gre-

2109 2264 2283 2338 gibus
2313 2265 2457 2337 suis,
2480 2265 2613 2321 licet
2630 2267 2758 2337 jam
2787 2265 2994 2338 lupum
3026 2266 3085 2322 in
3112 2266 3385 2339 paradiso
3414 2267 3608 2323 timere
3626 2283 3713 2321 non

2111 2355 2323 2428 possis,
2357 2355 2450 2410 cui
2482 2355 2705 2410 dictum
2750 2359 2839 2411 est
2870 2372 2884 2411 :
2912 2378 2940 2405 ‹‹
2972 2354 3259 2412 Videbam
3300 2359 3571 2411 Satanam
3596 2355 3717 2410 sicut

2108 2442 2308 2516 fulgur
2335 2443 2407 2498 de
2446 2442 2587 2498 coelo
2629 2443 2935 2500 cadentem
2967 2445 3117 2515 (Luc.
3153 2461 3208 2511 x,
3245 2445 3353 2512 18).
3381 2466 3410 2492 ››
3449 2444 3571 2500 Ideo
3613 2447 3714 2497 ante

2107 2531 2674 2587 consummationem
2723 2531 3092 2588 adversarius
3134 2531 3407 2602 dejicitur
3453 2531 3511 2585 in
3553 2531 3714 2586 incen-

2106 2619 2295 2690 dium,
2325 2619 2546 2676 catenis
2589 2636 2822 2692 quoque
2869 2620 3166 2693 perpetuis
3221 2618 3522 2691 alligatur;
3571 2623 3626 2674 ut
3665 2624 3708 2672 tu

2099 2710 2225 2780 jam
2257 2707 2450 2763 nullas
2480 2707 2729 2764 insidias
2760 2708 3164 2781 pertimescas.

2175 2797 2262 2851 20.
2295 2796 2367 2851 Et
2394 2796 2577 2852 Adam
2610 2799 2676 2851 ut
2703 2797 2957 2863 caderet,
2981 2813 3015 2852 a
3045 2800 3314 2868 serpente
3337 2797 3604 2869 deceptus
3628 2802 3709 2860 est,

2103 2888 2160 2941 et
2189 2883 2371 2940 ﬂexus
2401 2886 2491 2940 est
2518 2884 2590 2940 ab
2621 2900 2816 2940 uxore.
2849 2884 2982 2940 Ideo
3005 2885 3134 2955 jam
3168 2883 3341 2939 nullae
3372 2884 3435 2940 in
3484 2883 3708 2957 paradiso

2104 2972 2339 3046 nuptiae,
2373 2973 2476 3029 sed
2510 2989 2715 3029 omnes
2754 2976 2926 3028 erunt
2973 2973 3102 3029 sine
3153 2971 3586 3028 celebritatibus
3625 2987 3709 3025 nu.

2103 3063 2382 3135 ptiarum,
2414 3061 2560 3117 sicut
2610 3061 2800 3134 angeli
2844 3061 2904 3117 in
2956 3060 3119 3117 cmlo.
3150 3061 3275 3117 Non
3305 3060 3530 3117 dixerat
3569 3059 3706 3115 Ade:

2103 3174 2132 3201 ‹‹
2165 3151 2394 3207 Mecum
2423 3149 2572 3217 eris;
2603 3173 2631 3199 »
2664 3149 2803 3221 quia
2832 3149 3055 3205 sciebat
3083 3148 3252 3204 illum
3290 3165 3425 3206 esse
3456 3163 3706 3214 casurum,

346 3217 534 3295 meus.
584 3236 742 3293 volui
793 3259 822 3288 »
876 3237 984 3293 hoc
1035 3241 1143 3308 est,
1193 3237 1517 3293 divinitatis
1574 3237 1718 3292 mihi
1773 3241 1989 3304 tecum,
2022 3217 2065 3284 Ο
2102 3245 2167 3295 ut
2195 3239 2580 3295 redimeretur
2610 3254 2644 3292 a
2670 3217 2918 3293 Christo.
2944 3236 3102 3292 Felix
3141 3237 3332 3300 ruina.
3361 3253 3488 3309 qua
3517 3251 3703 3308 repara-

344 3327 538 3396 Pater,
596 3344 714 3383 una
769 3325 1037 3382 voluntas
1069 3331 1175 3382 est.
1211 3327 1279 3381 Et
1328 3327 1468 3398 quia
1522 3343 1640 3382 una
1697 3324 1990 3392 voluntas,

345 3434 464 3472 una
493 3415 827 3472 substantia
857 3420 966 3481 est,
996 3415 1135 3487 quia
1166 3418 1221 3470 et
1250 3414 1658 3487 inseparabilis
1692 3415 1991 3485 majestas,

2098 3331 2195 3384 tur
2225 3327 2284 3382 in
2316 3326 2547 3383 melius.
2573 3327 2847 3398 Ideojam
2867 3325 3003 3398 pius
3031 3328 3250 3398 pastor,
3274 3325 3470 3382 bonus
3496 3321 3707 3397 negotia-

2097 3420 2190 3472 tor
2203 3431 2440 3488 gregem
2462 3431 2659 3481 suum,
2679 3417 2736 3470 et
2758 3430 3008 3470 mercem
3029 3414 3328 3487 prOpriam
3353 3431 3470 3470 non
3492 3410 3703 3482 reliquit.

345 3509 403 3560 et
431 3504 689 3576 potentia
709 3503 1033 3560 Trinitatis.
1069 3504 1180 3560 Sed
1205 3502 1320 3559 alia
1337 3521 1445 3558 vox
1474 3503 1688 3568 carnis,
1712 3507 1770 3558 et
1796 3505 1992 3558 tamen
2100 3504 2225 3560 Erit
2252 3503 2492 3576 quidem
2522 3505 2579 3559 et
2607 3503 2799 3559 adhuc
2829 3503 2889 3558 in
2919 3503 3192 3575 paradiso
3217 3519 3356 3558 cum
3388 3500 3602 3575 angelis
3625 3515 3707 3572 pu-

347 3593 419 3649 ad
449 3591 809 3646 voluntatem
838 3592 939 3647 Dei
971 3597 1028 3647 et
1055 3592 1182 3663 ipsa
1213 3591 1511 3648 consensit
1539 3591 1739 3647 dicens
1774 3607 1834 3646 :«
1869 3591 1993 3647 Non

347 3680 504 3752 quod
547 3695 653 3752 ego
701 3679 852 3747 volo,
886 3679 986 3735 sed
1037 3681 1192 3750 quod
1240 3685 1302 3735 tu
1347 3679 1436 3734 vis
1467 3680 1795 3748 (Marc.x1v,
1827 3679 1992 3749 36).»

347 3770 415 3825 Et
444 3767 585 3824 alibi
617 3783 676 3822 ;‹‹
712 3767 768 3822 Si
823 3784 939 3822 non
989 3772 1179 3838 potest
1221 3767 1331 3823 hoc
1383 3767 1654 3833 transire,
1687 3767 1801 3823 nisi
1852 3766 1996 3822 illud

349 3857 572 3922 bibam,
608 3857 710 3911 ﬁat
755 3853 1027 3911 voluntas
1078 3860 1179 3911 tua
1209 3855 1414 3926 (Matth.
1444 3873 1599 3922 xxvr,
1630 3856 1742 3926 42).
1767 3878 1794 3905 ››
1830 3855 1996 3911 Com-

349 3944 547 4001 munis
578 3944 822 4000 afl‘ectus
854 3947 944 3998 est
987 3948 1232 3999 mortem
1277 3945 1503 4011 timere,
1532 3961 1708 4016 quam
1740 3943 2001 4015 suscepit

348 4033 644 4098 Christus;
688 4036 754 4088 ut
801 4031 1184 4104 cruciﬁgeret,
1233 4033 1386 4088 sicut
1429 4033 1734 4099 cruciﬁxit,
1769 4037 1826 4088 et
1873 4049 1998 4088 car-

349 4139 512 4188 nem;
555 4121 700 4176 mihi
749 4120 906 4176 enim
960 4126 1050 4177 est
1099 4120 1376 4189 luctatus,
1409 4125 1476 4176 ut
1523 4120 1669 4177 mihi
1723 4121 1997 4177 vinceret.

348 4209 468 4266 Etsi
521 4226 654 4264 caro
704 4209 917 4264 Christi
963 4208 1151 4276 fortis,
1208 4226 1315 4264 nec
1362 4214 1597 4281 peccato
1643 4210 1893 4265 obnoxia
1914 4214 1998 4264 ta—

349 4314 482 4353 men
531 4305 766 4369 peccata
811 4297 1114 4368 suscepit:
1154 4297 1529 4353 inﬁrmitates
1579 4297 1854 4370 suscepit,
1891 4297 1999 4353 etsi

349 4385 496 4442 nihil
529 4385 736 4440 habuit
767 4386 920 4457 quod
953 4384 1193 4441 doleret.
1222 4386 1487 4457 Denique
1514 4386 1650 4442 audi
1684 4387 1998 4453 dicentem,

352 4496 380 4525 ι(
413 4475 553 4547 quia
607 4490 709 4545 pro
770 4473 937 4528 nobis
996 4473 1153 4529 dolet
1203 4475 1326 4544 (Isa.
1376 4493 1499 4541 Lm,
1546 4476 1665 4546 4)...
1695 4495 1722 4524 ››
1758 4499 1784 4523 ‹‹
1818 4475 2002 4531 donec

2103 3609 2219 3666 gna
2247 3591 2522 3663 serpenti,
2555 3590 2736 3646 dones
2767 3589 3078 3660 dejieiatur
3111 3607 3122 3646 :
3160 3590 3261 3645 sed
3289 3589 3394 3661 qui
3425 3605 3552 3645 cum
3579 3584 3710 3642 Chri-

2105 3685 2193 3737 sto
2223 3683 2334 3746 est,
2354 3679 2562 3734 timere
2592 3695 2708 3733 non
2739 3677 2968 3749 poterit.
2989 3678 3175 3733 Adam
3205 3693 3342 3733 cum
3376 3677 3596 3733 Christo
3623 3688 3711 3729 non

2105 3768 2235 3833 fuit,
2284 3767 2518 3840 quando
2567 3766 2846 3838 deceptus
2901 3769 3009 3821 est.
3045 3765 3190 3820 Nam
3251 3766 3301 3822 si
3358 3783 3497 3823 cum
3526 3764 3713 3821 Christo

2105 3855 2334 3923 fuisset,
2363 3859 2422 3910 et
2441 3855 2504 3910 in
2525 3855 2654 3925 ejus
2686 3853 3070 3926 praeceptione
3099 3855 3542 3924 permansisset,
3563 3849 3715 3924 perire

2107 3944 2310 4016 utique
2349 3959 2465 3998 non
2507 3942 2798 4014 potuisset
2827 3942 2923 4013 (9).
2948 3941 3072 3997 Non
3127 3943 3348 3997 mansit
3394 3943 3453 3997 in
3502 3939 3714 3999 Christo,
3806 3981 3807 3990 χ

2107 4031 2245 4104 quia
2268 4047 2385 4086 non
2409 4031 2470 4085 in
2493 4031 2621 4102 ejus
2650 4045 2919 4085 sermone
2939 4029 3284 4102 permansit.
3309 4030 3568 4102 Denique
3591 4023 3715 4088 audi,

2107 4118 2208 4191 qui
2240 4121 2475 4174 maneat
2519 4118 2578 4172 in
2609 4117 2862 4174 Christo.
2889 4138 2918 4166 «
2951 4117 3011 4172 Si
3061 4117 3420 4185 manseritis,
3454 4115 3646 4189 inquit,
3673 4111 3716 4166 in

2109 4223 2202 4264 me
2251 4211 2308 4262 et
2356 4207 2533 4262 verba
2583 4221 2714 4262 mea
2742 4205 2802 4260 in
2831 4205 2994 4261 vobis
3048 4205 3400 4275 manserint;
3463 4204 3717 4278 quodcun-
3806 4233 3807 4252 η

2109 4312 2220 4368 que
2248 4293 2568 4362 volueritis,
2612 4292 2848 4366 petetis;
2880 4297 2936 4348 et
2967 4293 3067 4348 ﬁet
3112 4294 3278 4351 vobis
3309 4296 3485 4366 (Joan.
3516 4311 3600 4359 xv,
3627 4293 3714 4358 7).»

2109 4384 2178 4440 Et
2236 4383 2390 4438 infra
2434 4399 2503 4438 :«
2550 4381 2612 4438 Si
2662 4384 2950 4454 praecepta
3007 4398 3138 4437 mea
3195 4383 3574 4449 servaveritis,
3621 4392 3717 4433 ma-

2111 4471 2322 4529 nebitis
2374 4471 2432 4526 in
2477 4486 2608 4526 mea
2652 4469 2959 4526 dilectione
3013 4470 3194 4541 (Ibid.,
3245 4471 3353 4542 10).
3380 4493 3408 4520 ››
3440 4470 3539 4525 Vis
3582 4465 3719 4528 scire,

349 4561 546 4633 ejiciat
579 4561 662 4650 Ain
722 4561 963 4618 veritate
1014 4561 1307 4632 judicium
1366 4563 1491 4634 (Isa.
1539 4580 1674 4629 XLII,
1716 4563 1790 4634 4).
1815 4585 1843 4613 ››
1876 4562 2000 4619 Non
2032 4583 2080 4650 Ι)
2113 4560 2250 4634 quia
2279 4575 2413 4615 cum
2446 4557 2676 4615 Christo
2703 4558 2900 4650 ‘Adam‘
2932 4574 3047 4613 non
3096 4559 3265 4614 erat?
3294 4558 3449 4614 Dixit
3478 4557 3528 4614 ei
3554 4553 3718 4650 Domi-

348 4651 508 4707 enim
543 4648 786 4705 alteram
818 4666 1082 4719 carnem,
1109 4651 1208 4706 sed
1242 4651 1392 4706 hanc
1425 4651 1686 4722 suscepit
1721 4668 1732 4706 :
1769 4655 1834 4706 ut
1860 4653 2006 4724 Apo-

2114 4667 2226 4707 nus
2263 4665 2326 4704 ;‹‹
2359 4647 2566 4715 Adam,
2618 4646 2717 4702 ubi
2772 4663 2834 4703 es
2883 4646 3035 4717 (Gen.
3077 4665 3161 4714 ιιι,
3199 4648 3299 4719 9)?
3331 4670 3359 4699 »
3389 4646 3497 4714 Qui
3553 4643 3722 4714 utique
3806 4687 3807 4700 χ

350 4737 542 4794 stolus
594 4737 760 4793 docet
808 4737 1006 4792 dicens
1041 4754 1105 4790 ;‹‹
1142 4737 1380 4809 Oportet
1427 4739 1582 4794 enim
1633 4739 2009 4811 corruptibile
2115 4737 2283 4811 quasi
2311 4737 2615 4792 absentem
2650 4733 2915 4807 requirit,
2951 4753 3067 4792 non
3106 4737 3326 4792 diceret
3360 4755 3427 4792 :«
3461 4734 3564 4792 Ubi
3592 4730 3720 4788 esi“
3806 4769 3807 4784 η

349 4828 459 4885 hoc
506 4826 748 4883 induere
782 4825 1301 4896 incorruptionem,
1336 4831 1394 4882 et
1443 4825 1686 4882 mortale
1738 4827 1845 4883 hoc
1896 4827 2006 4883 im-
2117 4827 2166 4883 si
2196 4841 2332 4882 eum
2363 4825 2424 4881 in
2464 4840 2527 4880 se
2573 4840 2810 4880 manere
2851 4829 3250 4896 cognosceret.
3284 4825 3394 4881 Sed
3441 4823 3571 4896 quis
3615 4831 3722 4875 eum
3806 4849 3807 4876 ι

349 4915 768 4973 mortalitatem
825 4917 875 4985 (ι
935 4914 1055 4970 Cor.
1097 4932 1190 4982 xv,
1219 4915 1335 4986 53).
1388 4938 1414 4964 ››
1466 4914 1587 4970 Etsi
1644 4915 1716 4971 de
1770 4915 2009 4989 Virgine
2117 4915 2421 4972 absentem
2451 4912 2666 4980 fecerit,
2690 4911 3019 4970 audiamus.
3049 4934 3074 4962 ‹‹
3097 4913 3540 4970 Absconderunt
3563 4926 3635 4976 se,
3656 4908 3726 4961 in-

348 5009 520 5062 natus
546 5008 638 5060 est
669 5009 725 5059 et
759 5002 976 5076 Spiritu
1029 5009 1251 5072 sancto,
1286 5009 1481 5060 tamen
1516 5003 1774 5060 hominis
1821 5010 1911 5062 est
1941 5006 2007 5060 ﬁ-
2120 5002 2266 5074 quit,
2301 5001 2474 5056 ambo
2507 5016 2541 5056 a
2571 4999 2718 5056 facie
2746 4999 2978 5056 Domini
3010 5001 3172 5071 (Ibid.
3204 5003 3332 5071 8).»
3362 4999 3573 5057 Omnes
3599 4993 3723 5050 videt

347 5092 498 5160 lius;
533 5091 673 5163 quia
725 5090 902 5146 homo
932 5091 1128 5162 Virgo.
1164 5093 1234 5148 Et
1279 5092 1408 5147 ideo
1459 5092 1614 5162 quod
1665 5095 1869 5147 natum
1923 5098 2013 5149 est
2121 5089 2387 5147 Christus
2423 5106 2435 5144 :
2471 5089 2571 5145 sed
2605 5087 2705 5160 qui
2735 5105 2796 5144 se
2826 5089 3151 5157 abscondit,
3184 5089 3583 5154 absconditur;
3608 5097 3721 5156 quo-
3806 5093 3807 5124 ι

349 5198 418 5237 ex
467 5197 660 5248 carne,
695 5197 828 5236 caro
863 5186 983 5250 est;
1017 5187 1074 5237 et
1119 5182 1220 5254 qui
1271 5186 1443 5236 natus
1492 5184 1582 5236 est
1626 5180 1699 5235 de
1749 5179 2009 5270 homine,
2123 5179 2280 5235 niam
2329 5177 2430 5249 qui
2477 5177 2727 5250 ignorat,
2761 5177 3082 5250 ignoratur.
3115 5177 3422 5251 Cognoscit
3463 5176 3609 5231 enim
3647 5183 3722 5226 eos

420 5304 496 5374 (8)
527 5303 622 5358 Sic
654 5304 792 5359 edit.
827 5308 884 5359 et
929 5322 1072 5360 mss.
1105 5305 1252 5360 Vict.
1286 5309 1342 5362 et
1373 5304 1557 5373 Colb.,
1592 5303 1914 5377 nisiuquod
1949 5296 2008 5360 hi
2120 5305 2228 5361 sibi
2255 5303 2364 5375 ipsi
2390 5319 2425 5377 ᾳ
2449 5302 2578 5377 Deo)
2611 5302 3008 5377 tantisceleris
3034 5311 3218 5377 reatus
3246 5319 3355 5377 non
3379 5305 3552 5374 posset
3578 5295 3720 5377 ablui.
3806 5309 3807 5377 ᾖ

345 5369 649 5449 legunt",
680 5377 824 5430 tanti
865 5379 1084 5449 sceleris
1128 5393 1272 5441 reus,
1309 5381 1419 5433 etc.
1456 5369 1821 5449 Romseditl,
1853 5377 2012 5449 cujus
2120 5369 2306 5446 Itaque
2361 5375 2519 5449 abiit,
2562 5369 2866 5444 'pecuniam
2918 5376 3200 5449 refutauit,
3241 5375 3337 5449 hoc
3379 5369 3470 5428 est
3520 5372 3719 5449 contem-
3806 5369 3807 5396 ‘

317 5444 682 5519 .mizjestulem
717 5517 724 5519 _
737 5445 1008 5519 prodidit,
1071 5457 1130 5502 ut
1181 5450 1290 5503 sibi
1348 5449 1492 5502 tanti
1548 5447 1767 5502 sceleris
1817 5444 2013 5519 reatus
2115 5444 2242 5519 ptas
2279 5447 2574 5501 avaritiam
2613 5461 2772 5500 suam
2820 5444 2985 5501 tanta
3029 5447 3329 5518 impietatis
3373 5444 3586 5499 auctori
3617 5451 3720 5510 pre-

348 5522 516 5593 posset
570 5514 770 5593 ablui“:
812 5517 1122 5593 seductiit,
1185 5519 1758 5593 etc_.__TotumAvero
1816 5517 2012 5593 locum
2115 5514 2424 5593 tiam,§tc.

352 5583 478 5636 00d.
533 5583 794 5666 quinque
843 5586 1042 5666 Celtic.
1078 5583 1159 5666 ita
1200 5590 1523 5666 exhibent:
1561 5590 1674 5666 Quo
1725 5592 1787 5666 in
1832 5591 2012 5663 majo-
2193 5583 2277 5662 (9)
2301 5589 2450 5645 Edit.
2495 5589 2612 5644 ant.
2663 5603 2797 5646 cum
2846 5602 2988 5646 mss.
3022 5586 3166 5644 Vict.
3200 5591 3258 5644 et
3299 5585 3478 5652 Colb.,
3511 5583 3715 5653 demptus

353 5667 469 5706 rem
496 5655 714 5706 reatum
742 5655 949 5724 prodiit
982 5673 994 5712 :
1028 5659 1159 5716 adeo
1206 5668 1268 5716 ut
1313 5661 1425 5716 sibi
1473 5655 1595 5732 ipsi
1626 5655 1933 5732 (quatuor;
1953 5671 2014 5719 ut
2120 5655 2232 5719 non
2253 5655 2416 5720 esset.
