3860 6206
41 259 131 325 H7
989 250 1444 316 ENAHRATIO
1486 249 1565 312 IN

1831 249 1986 315 ilUM
2032 246 2302 315 XXXIX.
3198 253 3355 322 1118

43 389 249 449 ominus
276 383 371 460 qui
401 388 541 442 sunt
564 382 881 458 ipsius.Ille
911 402 1116 443 omnes
1137 402 1275 442 suos
1297 383 1419 441 vult
1442 400 1590 452 esse,
1623 384 1677 452 Α
1707 382 1848 456 cipit
1873 400 2156 442 sensuum
2187 383 2300 459 (12)
2325 400 2339 454 ;
2372 383 2443 443 de
2473 401 2589 459 quo
2620 383 2800 445 Isaias
2831 386 2976 446 dixit
3002 406 3062 448 :«
3097 389 3160 448 In
3195 397 3357 449 utero

41 498 126 538 uos
152 476 391 535 condidit
419 479 474 532 et
504 476 737 532 creavit.
764 475 1019 543 Utinam,
1051 478 1114 530 tu
1145 475 1340 543 homo,
1360 491 1474 530 non
1507 474 1594 528 fu-
1708 473 2062 545 accepimus,
2143 480 2201 530 et
2277 475 2700 548 parturivimus
2794 478 3068 551 spiritum
3146 482 3358 556 salutis

41 573 179 636 ias,et
205 574 254 623 te
284 566 402 637 ipse
433 582 467 621 a
495 564 726 620 Christo
758 581 874 621 non
906 563 1264 620 abscondas!
1299 561 1400 618 Ille
1421 562 1597 618 etiam
1707 562 1832 632 (Isa.
1867 580 2022 630 xxvr,
2063 565 2167 631 18).
2224 586 2252 612 »
2304 563 2420 619 Hoc
2478 568 2642 620 utero
2687 567 2998 638 parturivit
3028 571 3086 624 et
3113 570 3358 638 Paulus,

41 657 248 730 igientes
272 653 530 726 requirit,
563 657 622 710 et
651 653 1025 710 absconditos
1057 670 1173 708 non
1212 651 1340 708 vult
1389 651 1597 723 perire,
1708 649 1807 719 qui
1840 649 1918 704 ait
1953 668 1965 704 :
2002 673 2028 699 ‹‹
2065 649 2251 707 Filioli
2300 651 2436 718 mei,
2479 667 2629 723 quos
2690 669 2795 725 ego
2856 656 3117 726 parturio
3174 656 3359 713 donec

41 746 82 800 sd
109 744 302 799 clamat
328 742 525 798 dicens
561 759 574 797 :
610 765 638 792 «
675 742 882 810 Adam,
932 741 1033 796 ubi
1081 741 1183 797 es?
1234 763 1261 792 »
1312 741 1429 796 Hoc
1487 743 1597 806 est,
1707 737 1992 792 formetur
2033 738 2306 794 Christus
2354 739 2412 794 in
2443 739 2607 796 vobis
2638 739 2837 810 (Galut.
2873 759 2948 808 1v,
2982 743 3092 814 49).
3129 765 3156 794 ι»
3191 745 3357 800 Chri-

41 849 164 899 31110,
189 831 279 888 ubi
310 831 411 887 es?
446 830 559 903 Ego
588 834 644 886 te
673 830 733 886 in
764 829 986 886 lumine
1016 831 1208 901 posui,
1242 835 1303 884 tu
1329 829 1598 885 tenebras
1708 830 1834 880 stus
1862 841 1998 898 ergo
2049 843 2163 881 non
2216 827 2274 881 in
2325 832 2521 883 ventre
2553 845 2850 900 corporeo,
2886 832 2986 886 sed
3037 831 3098 888 in
3147 832 3355 888 animae

41 920 278 992 ,quisiaﬁ,
1709 915 1962 986 quodam
2013 918 2212 970 ventre
2272 915 2576 970 formatur.
2626 917 2744 972 Hoc
2792 922 2989 973 ventre
3043 920 3358 992 Apostolus

55 1008 130 1063 2i.
159 1007 408 1078 Denique
439 1007 497 1062 in
530 1008 821 1080 paradiso,
855 1007 954 1062 ubi
1004 1023 1234 1079 semper
1266 1007 1597 1062 matutinus
1707 1002 1930 1075 genuit,
1964 1002 2117 1058 sicut
2147 1003 2428 1074 scriptum
2476 1009 2564 1059 est
2600 1021 2611 1060 :
2647 1026 2674 1052 «
2706 1006 2824 1076 Ego
2871 1022 2973 1062 vos
3020 1023 3122 1078 per
3170 1008 3358 1063 Evan-

41 1101 100 1151 -at
126 1096 257 1160 dies,
287 1111 488 1166 vesper
519 1099 607 1150 est
650 1095 872 1163 factus;
919 1095 1197 1167 quoniam
1230 1095 1428 1151 omnia
1471 1110 1598 1166 pec-
1707 1091 1926 1164 gelium
1976 1093 2152 1164 genui
2185 1092 2230 1162 (I
2255 1092 2372 1148 Cor.
2409 1110 2482 1159 ιν,
2518 1093 2628 1164 15).
2667 1115 2693 1142 ››
2741 1093 2873 1149 Ideo
2922 1093 3017 1149 alii
3063 1095 3208 1152 bene
3255 1097 3361 1153 hac

41 1189 103 1240 ita
126 1183 416 1239 tenebrosa
462 1187 619 1239 sunt.
674 1184 925 1256 Ideoque
974 1184 1176 1249 habes,
1209 1183 1348 1254 quia
1395 1181 1597 1237 audie-
1709 1177 1848 1232 bent
1879 1193 1925 1231 ε·
1961 1183 2024 1232 In
2059 1178 2250 1234 medio
2281 1180 2500 1248 cordis;
2539 1179 2668 1235 »alii
2694 1197 2742 1234 :«
2781 1181 2838 1236 In
2872 1181 3062 1239 medio
3081 1184 3358 1251 ventris;»

41 1277 111 1327 mt
135 1287 317 1327 vocem
348 1271 577 1328 Domini
609 1273 708 1328 Dei
739 1271 1173 1328 deambulantie
1195 1273 1266 1327 ad
1297 1287 1597 1344 vesperam
1710 1269 1776 1319 ut
1829 1264 2127 1322 interioris
2183 1266 2441 1323 hominis
2498 1272 2757 1324 ventrem
2813 1269 3129 1343 intelligas,
3170 1273 3270 1345 qui
3299 1274 3358 1329 in

63 1361 311 1433 paradiso
341 1361 522 1429 (Ibid.,
554 1362 631 1429 8).
667 1360 853 1416 Simul
899 1377 1181 1433 cognosce
1231 1361 1595 1432 mysterium.
1709 1353 1899 1409 medio
1948 1372 2075 1410 esse
2121 1356 2310 1411 cordis
2358 1357 2642 1430 accipitur
2677 1374 2687 1410 :
2726 1359 2782 1412 in
2818 1376 2932 1430 quo
2963 1361 3250 1417 naturalis
3279 1361 3358 1418 le-

42 1466 136 1504 ane
162 1449 355 1504 errasti
390 1465 401 1504 :
437 1449 510 1504 ad
541 1465 842 1521 vesperam
892 1448 1253 1505 liberaberis.
1297 1449 1560 1514 Quomod

1832 1443 2166 1516 praescripta
2197 1461 2534 1514 servamus;
2572 1463 2697 1517 qua
2725 1464 2838 1502 non
2871 1448 3064 1504 solum
3098 1451 3356 1507 custodi-

41 1537 124 1592 lim
168 1553 420 1608 vespera,
455 1537 554 1592 ubi
584 1535 846 1593 Christus
891 1537 1020 1592 est?
1059 1538 1206 1593 Nam
1253 1537 1385 1593 licet
1431 1539 1599 1594 sedes
1707 1535 1822 1598 tur,
1857 1532 2165 1603 sedjetiam
2214 1533 2278 1588 ﬁt
2322 1534 2382 1588 in
2433 1535 2710 1590 cordibus
2754 1536 2991 1594 nostris.
3027 1536 3188 1593 Unde
3221 1539 3360 1595 scri-

42 1643 99 1680 us
126 1642 289 1696 supra
319 1625 531 1680 caelum
562 1624 860 1693 ccelorum,
893 1629 1091 1681 tamen
1123 1625 1181 1680 in
1213 1626 1433 1681 sanctis
1474 1627 1599 1682 suis
1708 1623 1875 1691 ptum
1905 1626 2014 1691 est,
2049 1622 2186 1694 quia
2217 1644 2243 1672 ‹‹
2279 1639 2394 1677 non
2446 1622 2636 1678 solum
2691 1625 2986 1681 auditores
3023 1624 3168 1699 legis
3209 1627 3358 1698 justi

41 1714 223 1769 iristus
276 1717 382 1769 est.
438 1713 738 1777 Quomodo
797 1729 933 1786 ergo
993 1730 1235 1786 vespera
1287 1714 1384 1769 ubi
1444 1715 1598 1770 Deus
1631 1752 1677 1818 Β
1709 1713 1847 1807 sunt
1877 1711 2030 1781 apud
2065 1711 2276 1778 Deum;
2313 1712 2411 1766 sed
2441 1711 2616 1766 etiam
2671 1712 2916 1769 factores
2947 1713 3092 1787 legis
3123 1715 3235 1788 (13)
3260 1717 3358 1788 ju-

44 1804 204 1868 t,cum
234 1800 385 1856 Deus
414 1799 516 1856 lux
545 1800 670 1856 sit?
698 1801 958 1872 Denique
981 1799 1157 1856 Saulo
1181 1800 1239 1855 in
1264 1801 1473 1858 itinere
1501 1802 1600 1857 lux
1631 1796 1677 1818 υ
1712 1796 2124 1854 stiiicabuntur
2151 1800 2324 1869 (Rom.
2358 1817 2419 1861 ιι.
2458 1802 2565 1870 13).
2600 1822 2628 1851 »
2664 1801 2811 1856 Sunt
2835 1802 2992 1858 enim
3043 1804 3144 1876 qui
3185 1809 3358 1862 natu-

44 1887 204 1955 fulsit,
254 1889 492 1960 quando
523 1889 572 1944 ei
603 1888 870 1944 Christus
918 1889 1192 1944 occurrit.
1229 1889 1391 1946 Unde
1421 1890 1596 1946 etiam
1709 1884 1911 1942 raliter
1935 1902 2002 1942 ea
2022 1904 2150 1958 quae
2183 1888 2328 1960 legis
2351 1894 2510 1955 sunt,
2539 1889 2787 1958 faciunt;
2821 1889 2973 1946 sicut
3001 1897 3206 1964 gentes
3232 1911 3358 1966 qua:

43 1976 178 2032 mine
206 1975 302 2032 Dei
334 1975 936 2050 refulgente,caecatus
959 1981 1312 2049 persecutor.
1332 1978 1447 2033 Cur
1463 1994 1598 2050 ergo
1709 1973 1898 2046 legem
1930 1992 2044 2030 non
2075 1977 2326 2032 audiunt
2351 1982 2407 2032 et
2436 1977 2543 2032 sibi
2577 1977 2669 2032 lex
2699 1981 2966 2052 sunt,qui
2988 1980 3222 2053 cognita
3243 1981 3355 2039 sibi

41 2071 228 2133 matus;
261 2066 373 2122 nisi
404 2067 546 2138 quia
588 2083 703 2121 non
747 2070 1060 2137 agnoverat
1087 2066 1423 2123 Christum?
1453 2067 1599 2122 Nam
1711 2061 1854 2135 legis
1885 2068 2170 2136 precepts
2201 2070 2547 2121 conservant
2576 2068 2707 2137 (14).
2742 2067 2890 2140 Ergo
2923 2070 3090 2140 quasi
3121 2070 3356 2143 gentilis

52 2154 392 2226 cognovisset
418 2155 572 2212 lucis
601 2155 1039 2223 arbitrum,non
1072 2154 1370 2211 amisisset
1401 2155 1598 2211 lumen
1709 2151 1906 2223 populi
1939 2158 2657 2226 congregator,personam
2681 2160 2944 2212 nostram
2968 2160 3227 2230 suscepit
3246 2159 3358 2216 hoc

45 2240 272 2297 ulorum.
303 2242 570 2314 Denique
617 2248 673 2298 et
721 2243 821 2298 ubi
870 2243 1024 2300 866
1073 2244 1325 2316 agnovit,
1360 2243 1595 2316 recepit.
1708 2239 1832 2295 loco
1865 2240 2165 2309 Christus;
2202 2246 2266 2296 ut
2295 2243 2514 2298 diceret
2546 2244 2732 2298 facere
2763 2261 2822 2300 se
2856 2243 3043 2317 legem
3073 2246 3133 2302 in
3165 2249 3357 2304 medio

43 2330 174 2388 dicio
201 2335 289 2387 est
316 2332 478 2403 quod
511 2349 625 2388 non
657 2331 954 2404 agnoverit
981 2332 1300 2398 Christum,
1342 2332 1444 2404 qui
1493 2350 1595 2388 au-
1707 2329 1896 2384 cordis
1927 2328 2344 2402 sui.Siquidom
2369 2330 2620 2402 populus
2639 2332 2943 2388 nationum
2965 2333 3153 2407 legem
3178 2351 3353 2408 quam

42 2422 90 2472 ta
124 2436 251 2476 voce
283 2439 296 2476 :
331 2443 359 2470 «
393 2419 592 2488 Saule,
644 2419 836 2488 Saulo,
887 2421 1026 2493 quid
1089 2437 1181 2477 me
1229 2422 1598 2492 persequeris
1708 2433 1823 2472 non
1890 2418 2132 2486 audivit,
2185 2419 2477 2490 implevit;
2528 2425 2594 2475 ut
2649 2426 2988 2494 agnosceret
3054 2423 3354 2481 Christum

41 2512 102 2562 ct.
133 2526 202 2576 1x,
235 2509 325 2578 4)?
358 2531 386 2559 ››
420 2508 727 2581 respondit
759 2526 771 2565 :
808 2531 835 2560 «
865 2509 1006 2574 Quis
1056 2526 1140 2576 es,
1164 2509 1408 2564 Domine
1438 2510 1592 2580 (Ibid.
1707 2522 1881 2577 quem
1916 2506 2166 2579 populus
2193 2507 2527 2564 Judaaorum
2562 2509 2658 2580 qui
2684 2509 2870 2583 legem
2903 2518 3352 2584 acceperat,non

42 2595 66 2647 ?
95 2619 118 2644 ››
137 2597 253 2652 Non
277 2596 589 2668 quaesisset
619 2595 751 2667 quis
782 2596 1012 2665 esset,si
1042 2596 1597 2668 cognovisset.Unde
1707 2595 1940 2666 recepit,
1972 2611 2076 2650 nec
2103 2597 2572 2668 cognoscendum
2605 2600 2862 2669 putavit;
2898 2600 3036 2673 quia
3066 2603 3350 2674 scriptum

53 2684 316 2742 Dominus
340 2685 516 2758 quasi
547 2684 844 2757 ignoranti
874 2685 1015 2740 dicit
1047 2686 1226 2758 :«Ego
1258 2703 1391 2742 sum
1421 2686 1596 2742 Jesus
1707 2685 1796 2736 est
1827 2699 1839 2736 :
1876 2705 1902 2732 «
1935 2683 2182 2755 Agnovit
2231 2685 2336 2740 bos
2384 2702 2780 2756 possessorem
2826 2704 3020 2757 suum,
3055 2693 3112 2746 et
3150 2691 3352 2748 asinus

41 2790 300 2843 marenus,
333 2791 516 2846 quem
546 2778 610 2829 tu
640 2774 1032 2845 persequeris.
1079 2774 1303 2829 Durum
1356 2775 1460 2829 tibi
1510 2780 1598 2831 est
1706 2786 1961 2842 praesepe
1991 2771 2210 2827 domini
2238 2773 2328 2828 sui
2364 2790 2378 2829 :
2415 2773 2588 2829 Israel
2641 2779 2835 2830 autem
2868 2793 2959 2832 me
2990 2761 3106 2833 non
3139 2796 3350 2852 cogno-

49 2877 225 2918 versus
277 2863 591 2918 stimulum
640 2862 941 2918 calcitrare
989 2863 1143 2934 (Ibid.
1176 2863 1276 2933 5.).
1311 2885 1338 2912 »
1387 2864 1453 2918 Et
1500 2863 1597 2920 ille
1707 2859 1786 2913 vit
1833 2860 1957 2930 (Isa.
1993 2877 2032 2930 ι,
2064 2861 2140 2930 3).
2177 2882 2204 2910 ››
2237 2861 2342 2916 Hic
2398 2878 2534 2935 ergo
2580 2863 2942 2920 credentium
2991 2870 3189 2923 venter
3237 2873 3352 2940 est,

41 2949 137 3006 rit:
169 2975 195 3000 «
227 2951 536 3018 Dominus,
592 2951 734 3022 quid
789 2967 880 3005 me
927 2953 1155 3022 oportet
1199 2951 1385 3006 facere
1434 2952 1590 3019 (Ibid.
1705 2945 1761 3000 in
1796 2963 1912 3018 quo
1943 2948 2198 3020 Spiritus
2230 2954 2470 3006 sanctus
2495 2955 2769 3023 Operatus
2801 2955 2976 3020 est,et
3002 2970 3138 3010 eum
3171 2955 3347 3011 semi-

41 3037 270 3094 1?»Vide
302 3038 687 3112 congruentia
719 3038 1013 3110 utrimque
1045 3039 1596 3112 magisteria.Medi-
1705 3050 1776 3089 ne
1803 3034 2048 3106 spiritali
2087 3036 2327 3109 implere
2360 3039 2696 3106 consuevit;
2732 3039 2885 3094 sicut
2909 3041 3261 3098 testiﬁcatur
3289 3043 3348 3098 in

46 3140 69 3178 s
97 3127 359 3194 minatur,
391 3111 459 3183 ut
503 3125 791 3198 corrigat;
842 3129 1038 3192 terret,
1093 3111 1165 3181 ut
1203 3130 1367 3182 curet
1399 3145 1411 3182 :
1448 3145 1597 3200 {eger
1626 3111 1668 3177 C
1705 3121 2016 3196 Evangelio
2046 3124 2330 3180 Dominus
2358 3126 2551 3195 Jesus,
2587 3127 2684 3198 qui
2718 3127 2794 3181 ait
2829 3145 2841 3182 :
2880 3150 2907 3177 ‹‹
2939 3128 3045 3193 Qui
3077 3130 3260 3186 credit
3287 3131 3346 3186 in

42 3211 143 3268 imo
172 3215 378 3270 medici
430 3230 745 3286 personam
793 3214 1058 3286 requirit,
1091 3214 1140 3269 si
1175 3215 1251 3270 sit
1281 3215 1524 3272 idoneus
1564 3235 1598 3272 ει
1707 3225 1820 3277 me,
1872 3211 2026 3266 sicut
2075 3213 2217 3267 dicit
2261 3214 2581 3286 Scriptura,
2616 3213 2860 3270 ﬂumina
2890 3215 2961 3270 de
2991 3222 3188 3273 ventre
3219 3220 3347 3289 ejus

41 3316 77 3354 ιο
120 3302 305 3358 sanari
336 3320 400 3358 se
430 3319 606 3375 posse
629 3307 974 3375 praesumat;
1019 3302 1118 3358 ubi
1165 3303 1468 3359 medicinae
1492 3322 1593 3360 au-
1705 3297 1887 3354 fluent
1907 3317 2070 3372 aqua:
2100 3301 2237 3356 vivae
2269 3302 2443 3372 (Joan.
2493 3320 2592 3368 VII,
2647 3303 2758 3373 38)-
2799 3325 2824 3351 »
2856 3305 2936 3359 Ex
2972 3303 3072 3360 illo
3103 3306 3345 3362 ﬂumine

41 3389 103 3443 vit
129 3394 443 3462 auctorem,
482 3392 802 3447 remedium
833 3390 1118 3464 poposcit,
1153 3390 1398 3447 salutem
1437 3391 1594 3449 inve-
1705 3385 1819 3442 ista
1850 3393 1989 3443 sunt
2019 3389 2359 3458 ﬂumina,de
2391 3407 2506 3462 quo
2539 3388 2790 3462 legimus
2825 3409 2836 3446 :
2869 3414 2896 3440 ‹‹
2930 3391 3345 3450 Fluminisim-

41 3493 63 3530 ι.
89 3478 336 3551 Denique
366 3481 441 3536 ab
474 3480 785 3536 accedente
815 3496 928 3535 non
963 3479 1154 3536 solum
1185 3480 1406 3552 expulit
1436 3482 1596 3537 ceci-
1701 3480 1871 3546 petus
1901 3475 2157 3532 laetificat
2188 3477 2474 3533 civitatem
2527 3479 2625 3534 Dei
2677 3480 2847 3548 (Psal.
2896 3498 3022 3548 xcv,
3053 3482 3131 3553 5).
3187 3504 3214 3532 ››
3264 3483 3345 3539 De

42 3581 126 3622 em
155 3569 264 3638 (10)
300 3585 313 3626 :
346 3569 452 3625 sed
485 3569 664 3624 etiam
697 3568 887 3625 lucem
919 3585 1096 3640 quam
1129 3586 1242 3624 non
1283 3569 1589 3639 habuerat,
1701 3565 1917 3636 quibus
1946 3582 2081 3639 ergo
2112 3567 2303 3621 ﬂuunt
2349 3566 2684 3636 hujusmodi
2743 3569 2987 3625 ﬂumina
3030 3571 3340 3643 spiritalia,

41 3656 191 3726 :epit;
225 3662 290 3713 ut
319 3657 625 3714 Christum
657 3656 895 3726 videret,
930 3673 1102 3729 quem
1136 3662 1306 3713 antea
1351 3675 1464 3714 non
1511 3659 1590 3712 vi-
1700 3654 1846 3710 807
1901 3656 1972 3711 de
2023 3655 2114 3711 his
2161 3655 2309 3711 bene
2349 3655 2563 3711 dicitur
2619 3657 2788 3727 (Psal.
2850 3676 2989 3728 xcn,
3034 3664 3069 3715 2
3115 3664 3172 3716 et
3219 3662 3272 3732 4)
3327 3679 3339 3716 :

41 3747 124 3797 rat.
1283 3744 1306 3762 ’
1698 3767 1724 3792 «
1756 3743 2135 3800 Elevaverunt
2165 3744 2428 3810 ﬂumina,
2462 3743 2725 3812 Domine,
2759 3745 3127 3803 elevaverunt
3147 3748 3340 3805 ﬂumi-

149 3832 330 3904 (Vers.
396 3835 486 3905 10,
551 3836 662 3903 11.)
730 3833 840 3890 Sed
871 3847 876 3852 ‘
907 3833 1212 3890 videamus
1285 3835 1588 3906 sequentia
1697 3848 1773 3887 na
1802 3847 1997 3887 vocem
2031 3849 2220 3888 suam.
2255 3831 2573 3889 Elevabunt
2603 3833 2847 3890 ﬂumina
2875 3835 3086 3892 ﬂuctus
3131 3854 3270 3894 suos
3309 3855 3343 3892 a

45 3919 170 3975 etito
196 3927 397 3979 tamen
430 3921 743 3990 versiculo,
775 3922 844 3977 de
875 3939 989 3994 quo
1021 3922 1249 3978 videtur
1295 3939 1423 3978 esse
1469 3928 1584 3978 tra-
1692 3936 1831 3975 voce
1879 3936 2187 3992 aquarum,
2242 3942 2270 3969 ››
2317 3919 2692 3992 spiritalium,
2746 3939 2873 3994 quae
2928 3940 3107 3995 supra
3164 3927 3340 3983 cmlos

41 4011 120 4064 tus
147 4011 302 4082 (11):
342 4034 371 4062 «
403 4012 556 4067 Ecce
603 4011 790 4079 venio,
849 4014 913 4065 ut
965 4009 1172 4065 faciam
1223 4010 1582 4068 voluntatem
1693 4008 1876 4064 Deum
1907 4007 2170 4063 laudant.
3159 4027 3161 4029 ί

42 4113 92 4150 m
123 4115 135 4152 :
167 4099 319 4156 Deus
350 4117 549 4167 meus,
582 4098 758 4165 volui,
791 4103 847 4154 et
876 4099 1064 4171 legem
1097 4103 1257 4155 tuam
1287 4099 1348 4155 in
1389 4101 1581 4157 medio
1757 4099 1847 4153 23.
1883 4097 1990 4161 Qui
2022 4095 2324 4152 elevaverit
2355 4113 2552 4152 vocem
2584 4113 2774 4166 suam,
2809 4097 2903 4153 hic
2952 4104 3146 4172 potest
3188 4103 3339 4160 dice-

41 4183 117 4240 dis
146 4187 275 4243 mei.
311 4189 474 4245 Bene
505 4187 772 4243 nuntiavi
813 4187 1108 4259 justitiam
1157 4192 1319 4243 tuam
1363 4187 1424 4243 in
1477 4189 1575 4245 Ec-
1689 4199 1795 4240 re:
1851 4206 1879 4234 (ί
1928 4186 2078 4240 Bene
2127 4183 2419 4239 nuntiavit
2439 4184 2736 4253 justitiam
2768 4190 2929 4241 tuam
2977 4187 3034 4243 in
3084 4190 3339 4248 Ecclesia

41 4273 102 4328 lia
153 4293 370 4350 magna
415 4294 428 4333 :
483 4293 617 4332 ecce
675 4275 829 4330 labia
884 4291 1014 4331 mea
1061 4292 1174 4331 non
1234 4275 1575 4348 prohibebo,
1688 4288 1918 4345 magna.
1951 4292 1976 4322 υ
2014 4272 2160 4337 Quid
2191 4276 2280 4327 est
2309 4273 2464 4343 quod
2496 4272 2742 4342 addidit,
2775 4291 3007 4346 magna;
3043 4277 3154 4333 nisi
3199 4280 3338 4352 quia

41 4361 182 4431 nine,
216 4368 277 4420 tu
307 4363 966 4439 cognovisti.Justitiam
998 4369 1160 4420 tuam
1193 4381 1306 4420 non
1332 4365 1576 4421 abscon-
1686 4361 1796 4416 fuit
1826 4367 1959 4417 ante
1989 4379 2103 4416 non
2136 4364 2389 4432 magna?
2419 4363 2552 4427 Quae
2585 4365 2674 4417 est
2706 4379 2939 4435 magna,
2976 4365 3090 4422 nisi
3132 4367 3202 4422 de
3252 4372 3337 4424 to-

41 4467 67 4503 n
95 4454 261 4510 corde
307 4471 466 4511 meo.
508 4477 537 4503 ››
570 4453 650 4509 De
698 4452 999 4525 superiore
1046 4453 1244 4525 itaque
1289 4454 1575 4511 versiculo
1605 4473 1653 4537 Β
1682 4449 1802 4505 tius
1844 4449 2002 4506 orbis
2029 4453 2316 4505 terrarum
2365 4449 2630 4521 partibus
2673 4456 3060 4525 congregata;
3095 4458 3332 4527 quando

47 4536 298 4612 lligimus
326 4561 339 4598 ε
369 4545 524 4599 Ecce
553 4541 720 4597 venio
751 4557 866 4596 non
897 4539 1088 4598 solum
1121 4546 1186 4596 ut
1212 4541 1568 4599 voluntatem
1609 4536 1636 4537 ί
1685 4539 1757 4594 ab
1785 4538 2005 4594 oriente
2034 4542 2089 4593 et
2117 4537 2433 4606 occidente,
2458 4540 2855 4611 septentrione
2885 4545 2943 4596 et
2974 4545 3216 4601 meridie
3240 4563 3336 4618 po-

42 4643 75 4682 u
128 4629 365 4701 faciam,
415 4631 523 4688 sed
575 4629 750 4686 etiam
808 4629 995 4702 legem
1044 4633 1207 4686 tuam
1265 4630 1322 4685 in
1379 4631 1570 4687 medio
1683 4626 1804 4698 puli
1853 4627 2116 4699 gentium
2165 4631 2303 4682 sunt
2347 4626 2577 4683 vocati?
2630 4627 2781 4684 Alibi
2830 4633 3030 4687 tamen
3085 4632 3336 4707 legimus

41 4715 101 4771 lis
154 4720 289 4776 mei.
351 4720 471 4776 Alii
534 4719 753 4775 habent
810 4734 823 4772 :
898 4739 925 4767 ‹‹
986 4718 1047 4772 In
1107 4717 1297 4774 medio
1353 4720 1570 4777 ventris
1681 4731 1953 4788 magnam
1981 4715 2297 4772 Ecclesiam
2333 4733 2344 4771 :
2379 4739 2406 4764 ‹‹
2439 4716 2770 4772 Couﬁtebor
2815 4717 2942 4785 tibi,
2975 4719 3240 4791 Domine,
3270 4723 3329 4779 in

41 4828 96 4858 .››
127 4807 222 4865 Est
249 4808 416 4866 enim
451 4811 657 4865 venter
684 4811 742 4863 et
772 4806 1006 4873 mentis,
1040 4805 1139 4878 qui
1171 4806 1398 4863 semina
1435 4825 1568 4864 con-
1682 4803 1934 4861 Ecclesia
1989 4820 2203 4877 magna
2264 4821 2275 4859 :
2338 4803 2396 4859 in
2458 4803 2672 4876 populo
2735 4807 2896 4878 gravi
2969 4807 3219 4866 laudabo
3272 4815 3328 4866 te

41 4983 82 5054 3)
106 4983 391 5044 Nonnulli
457 5002 630 5056 mss.,
689 4985 1022 5041 accedentem
1077 4985 1289 5057 expulit
1346 4987 1562 5044 excita-
1675 4983 2014 5057 niadventu
2048 4981 2440 5057 affirmaverat
2469 4981 2833 5057 Ambrosius.

1744 5054 1855 5134 (12)
1883 5054 2008 5134 Vat.
2041 5053 2196 5134 cod.,
2227 5055 2323 5123 qui
2334 5055 2560 5134 semine
2581 5055 3116 5134 concipitspiritum.
3137 5055 3317 5134 _Rom.

41 5125 78 5194 Ι)
108 5125 246 5184 Mss.
281 5128 548 5200 aliquot,
581 5127 647 5182 de
679 5127 784 5200 duo
815 5125 1030 5181 videtur
1073 5143 1184 5181 esse
1230 5136 1520 5200 tractatum
1540 5145 1560 5190 ;
1672 5125 1967 5200 edit.,_qui
1992 5126 2202 5200 semine
2231 5126 2381 5200 verbi
2407 5127 2640 5196 concipit
2669 5125 3152 5197 spiritumCeteri
3175 5142 3319 5183 mss.

41 5202 88 5260 ιι,
121 5201 221 5269 qui
248 5195 471 5256 versus
509 5199 638 5269 jam
689 5198 918 5252 videtur
961 5214 1090 5269 esse
1138 5199 1470 5269 expositus;
1504 5206 1562 5254 et
1670 5195 1918 5269 ac_edit._
1940 5200 2007 5250 ut
2037 5195 2094 5250 in
2126 5199 2420 5269 contextu.

41 5287 46 5314 ε
72 5265 258 5326 multa
280 5274 417 5341 jam
451 5265 683 5324 in'eum
714 5269 1028 5349 dicta-sunt
1050 5268 1109 5323 in
1133 5265 1553 5342 superioribus.
1739 5267 1854 5407 ἕως
1889 5266 2078 5333 Rom.,
2110 5265 2202 5322 sed
2230 5270 2464 5347 factores
2493 5266 2650 5348 togis.

41 5353 96 5394 us
127 5345 328 5398 tamen
393 5341 527 5406 alii,
575 5345 751 5407 atque
801 5340 1034 5406 edit.,...
1084 5355 1198 5396 esse
1243 5342 1504 5395 tractatus
1535 5357 1556 5394 ,ο
1764 5339 1828 5392 14
1883 5337 2070 5392 Codex
2112 5337 2277 5407 Reg,
2311 5346 2363 5392 et
2390 5336 2520 5402 διὸι,
2553 5352 2650 5406 qui

41 5353 96 5394 us
127 5336 328 5398 tamen
393 5341 527 5406 alii,
575 5345 751 5412 atque
801 5339 1034 5412 edit.,...
1084 5336 1504 5396 esse'tractatus
1535 5357 1556 5394 .·
1706 5336 1852 5412 (14)
1883 5337 2070 5412 Cedex
2112 5337 2277 5408 Reg,
2311 5346 2363 5392 et
2390 5336 2520 5412 sibi,
2553 5340 2685 5412 quia
2711 5353 2918 5412 nano
2948 5343 3073 5395 sunt
3103 5342 3322 5412 cognita

41 5416 246 5485 c_s_t,qui
283 5413 534 5485 videtur
564 5409 690 5467 esse
715 5410 1208 5485 hujustractatus
1241 5426 1553 5485 argumen-
1665 5409 1797 5485 sibi,
1831 5409 1963 5477 legis
2009 5414 2309 5485 prgcepfa,
2342 5409 2651 5485 conferunt.
2702 5410 2816 5485 Cui
2857 5409 3177 5467 concinunt
3221 5411 3320 5485 alii

62 5478 331 5557 Namque
363 5484 444 5541 ab
496 5483 633 5557 ipso
669 5478 1056 5557 expositionis
1099 5481 1271 5557 istius
1311 5478 1553 5557 exordio
1664 5482 1935 5557 quatuor,
1972 5478 2358 5557 praeterquam
2396 5478 2453 5531 in
2489 5495 2628 5532 voce
2658 5482 2892 5549 cognita,
2928 5499 3032 5553 pro
3063 5499 3182 5553 qua
3221 5483 3322 5538 ha.
3417 5521 3424 5526 .

68 5551 371 5626 psalmum
410 5551 637 5612 versari
669 5551 1097 5625 in'explicando
1120 5552 1331 5610 Christi
1367 5552 1554 5608 Domi-
1664 5551 1802 5606 bent
1831 5551 2127 5619 incognita.
