3860 6206
567 295 732 372 4119

2036 307 2103 372 S.
2151 307 2209 371 Αἶ

2323 309 2528 375 ROSII
3760 307 3817 386 illi

572 444 747 519 (Psal.
785 460 974 509 xxxiv,
1010 442 1116 515 18).
1153 463 1181 494 ‹‹
1210 439 1292 500 Ibi
1343 447 1479 516 ergo
1526 437 1788 500 Ecclesia
1834 455 2071 515 magna,
2120 437 2223 497 ubi
2251 446 2304 512 Α
2335 459 2451 501 non
2484 442 2762 502 abscondi
2810 440 2870 502 in
2920 439 3090 503 cordo
3136 458 3267 502 meo
3322 458 3337 502 :
3377 443 3662 504 veritatem
3683 448 3817 505 tum

570 533 822 606 populus
851 533 1075 605 gravis;
1112 532 1220 587 hoc
1250 535 1358 603 est,
1390 548 1506 587 non
1539 531 1840 604 inquietus
1865 535 1920 587 et
1952 529 2210 598 mobilis,

574 622 674 694 qui
707 621 857 677 sedit
886 621 1240 676 manducare
1271 624 1329 676 et
1358 621 1575 686 bibere,
1607 625 1664 675 et
1694 620 1946 676 surrexit
1988 620 2209 675 ludere.

573 711 776 768 Gravis
809 709 1056 782 populus
1105 715 1194 764 est
1246 710 1345 781 qui
1395 710 1570 765 ﬁdem
1620 713 1734 765 Deo
1777 725 1882 764 suo
1916 713 2124 774 servat,
2159 710 2216 761 et

572 801 672 871 qui
706 816 819 854 non
853 797 1050 870 aliqua
1096 797 1326 852 levitate
1383 801 1643 852 mutetur
1675 814 1688 852 :
1722 813 1908 868 neque
1950 800 2114 851 nutet
2159 801 2215 850 et

569 887 830 952 ﬂuctuet,
862 887 963 942 sed
993 887 1273 942 charitate
1318 886 1393 942 sit
1441 887 1719 941 fundatus
1751 886 1808 940 in
1841 885 2089 953 Christo,
2150 887 2215 938 ut

567 976 756 1048 possit
785 975 974 1030 dicere
1009 993 1021 1029 :
1057 975 1295 1029 Conﬁdo
1326 975 1503 1041 enim,
1538 975 1676 1046 quia
1706 990 1895 1044 neque
1928 989 2212 1039 mors,ne-

570 1081 683 1136 que
719 1063 970 1136 gladius,
1004 1080 1192 1134 neque
1231 1062 1528 1118 tribulatio
1577 1079 1846 1134 separare
1889 1078 1981 1118 me
2031 1061 2216 1132 possit

569 1169 603 1207 a
632 1152 910 1208 charitate
937 1151 1060 1218 Dei,
1095 1168 1221 1222 quas
1254 1157 1342 1206 est
1372 1151 1431 1205 in
1461 1151 1688 1206 Christo
1714 1151 1853 1206 Jesu
1882 1151 2054 1222 (Rom.
2087 1166 2209 1214 VIII,

568 1241 658 1306 38,
683 1241 793 1310 39).

638 1328 726 1383 2-1.
762 1327 869 1392 Qui
901 1331 1093 1383 autem
1129 1326 1402 1398 praedicat
1431 1328 1490 1382 in
1524 1326 1778 1382 Ecclesia
1821 1341 2054 1397 magna,
2089 1341 2204 1378 non

569 1416 878 1472 abscondit
909 1417 1203 1487 justitiam
1237 1415 1334 1470 Dei
1381 1415 1440 1470 in
1491 1417 1660 1471 corde
1691 1432 1832 1482 suo;
1867 1415 1968 1469 sed
2001 1411 2216 1468 exaltat

565 1504 791 1560 viribus
838 1521 1036 1560 vocem
1097 1520 1288 1571 suam,
1340 1505 1699 1560 annuntians
1731 1503 2050 1559 Christum.
2084 1501 2209 1555 Non

565 1594 732 1650 timet
762 1609 896 1648 eum
928 1609 1121 1648 coram
1155 1592 1368 1665 populo
1402 1593 1732 1664 praedicare,
1768 1609 1882 1648 non
1925 1588 2217 1646 erubescit

567 1699 799 1739 crucem
830 1683 978 1753 ejus,
1013 1683 1113 1737 sed
1147 1681 1432 1754 gloriatur
1479 1682 1536 1737 in
1585 1681 1687 1736 illa
1730 1680 1958 1736 Domini
1991 1677 2213 1751 passio-

567 1789 659 1828 ne.
693 1771 817 1826 Non
849 1770 1117 1842 sequitur
1145 1770 1398 1826 litteram
1430 1770 1594 1843 legis,
1631 1771 1730 1826 sed
1782 1770 1936 1824 eruit
1976 1767 2214 1841 profun-

541 1860 643 1916 ‘da
673 1859 970 1932 mysteria,
995 1860 1212 1931 quibus
1244 1859 1454 1914 revelet
1486 1859 1714 1914 Domini
1743 1858 1774 1914 J
1782 1875 1882 1914 esu
1917 1857 2162 1930 gloriam
2201 1871 2213 1908 :

569 1965 743 2021 quem
774 1947 867 2003 lex
896 1947 1246 2020 signiﬁcavit
1275 1965 1403 2004 esse
1433 1953 1746 2003 venturum
1772 1948 1844 2002 ad
1875 1945 2214 2015 Ecclesiam,

569 2038 722 2094 808
753 2053 879 2109 quea
929 2054 1145 2109 magna
1180 2041 1269 2093 est
1315 2037 1741 2108 congreganda.
1773 2036 2011 2091 Justitia
2040 2035 2220 2109 igitur

567 2127 714 2182 ﬁdes
745 2130 852 2182 est.
880 2125 1141 2198 Denique
1171 2149 1198 2175 «
1233 2125 1476 2180 credidit
1524 2124 1821 2179 Abraham
1870 2124 2006 2190 Deo,
2040 2130 2096 2180 et
2127 2143 2218 2181 re-

568 2219 840 2288 putatum
872 2219 962 2270 est
990 2215 1038 2270 ei
1073 2215 1143 2268 ad
1165 2214 1463 2284 justitiam
1487 2213 1869 2284 (Gen.xv,6);»
1891 2213 2032 2268 Ecce
2061 2213 2220 2270 labia

570 2319 701 2358 mea
728 2319 842 2358 non
872 2302 1210 2374 prohibebo,
1242 2301 1507 2366 Domine,
1540 2305 1603 2356 tu
1655 2301 1996 2373 cognovisti.
2048 2325 2076 2353 »
2126 2303 2219 2358 Sic

569 2395 626 2447 et
655 2389 792 2446 alibi
831 2408 842 2446 :
876 2414 904 2441 «
935 2392 1016 2446 Tu
1053 2390 1371 2462 cognovisti
1403 2390 1726 2446 sessionem
1774 2407 1965 2445 meam
2020 2396 2078 2446 et
2126 2407 2214 2447 re-

568 2480 991 2536 surrectionem
1023 2496 1214 2536 meam
1245 2479 1426 2551 (Psal.
1456 2496 1724 2544 cxxxvm,
1755 2480 1832 2548 2).
1869 2502 1896 2528 ››

638 2570 818 2625 25.Ad
848 2569 1077 2626 Patrem
1108 2567 1246 2624 dicit
1275 2569 1444 2640 (Vers.
1485 2569 1569 2636 11)
1602 2584 1651 2623 ;‹‹
1683 2567 1989 2625 Justitiam
2025 2585 2215 2626 meam

643 2765 754 2836 (15)

569 2835 731 2892 mihi.

841 2765 1007 2820 Rom.
1089 2763 1251 2830 edit.,
1329 2765 1460 2818 Ecce
1531 2779 1861 2833 corpus......
1938 2763 2218 2834 perfecistz'

2321 533 2578 590 salutare
2629 539 2799 590 tuum
2849 533 2989 590 dixi.
3041 556 3071 584 ››
3119 534 3302 592 Totus
3348 551 3419 592 ex
3468 550 3692 607 persona
3724 537 3818 592 ﬁmi

2322 622 2587 694 psalmus
2636 623 2745 679 iste
2805 627 2932 693 est;
2983 623 3116 680 ideo
3155 624 3465 695 justitiam
3520 640 3686 679 meam
3727 627 3800 679 die:

2318 712 2452 767 licet
2483 729 2596 766 non
2630 716 2970 785 arroganter
3005 716 3062 768 et
3104 713 3280 768 homo
3327 714 3526 784 possit
3568 713 3722 768 dicere
3743 715 3818 783 justi

2320 801 2463 855 tiam
2513 818 2702 871 suam,
2753 801 2851 874 qui
2906 803 3018 858 Deo
3065 800 3268 868 credit,
3301 807 3361 857 et
3415 802 3590 858 ﬁdem
3631 819 3754 857 suam

2321 890 2575 960 reputari
2609 890 2680 944 ad
2705 889 3001 961 justitiam
3028 890 3358 945 conﬁtetur.
3410 891 3693 945 Veritatem
3729 893 3818 944 et

2323 977 2698 1033 sericordiam
2729 977 2936 1050 diligit,
2971 979 3070 1050 qui
3123 979 3298 1033 ﬁnem
3345 978 3616 1050 praedicat
3657 995 3818 1039 veram

2323 1071 2555 1137 peccata
2583 1067 2841 1122 dimittit.
2889 1067 3022 1122 Ideo
3070 1067 3227 1123 enim
3275 1067 3551 1123 Christus
3591 1068 3818 1124 advenita'

2321 1154 2496 1210 ﬁdem
2545 1154 2872 1226 statuerem
2894 1155 3303 1211 remissionem
3375 1155 3648 1210 tribueret
3691 1159 3818 1225 peccata

2323 1260 2476 1298 rum.

2391 1333 2481 1386 26.
2544 1331 2728 1401 (Vers.
2783 1332 2890 1401 l5.)
2940 1331 3008 1386 Et
3055 1332 3195 1404 quia
3243 1347 3312 1386 ex
3360 1347 3609 1402 persona
3649 1330 3818 1386 Salute-2

2323 1419 2697 1488 totumLhunc
2729 1436 2858 1475 esse
2888 1419 3144 1474 diximus
3188 1418 3527 1491 psalmum;
3576 1435 3640 1473 ne
3679 1417 3818 1472 forte-ﬁ

2324 1513 2457 1564 cant
2489 1507 2904 1579 apollinarista:
2937 1523 2950 1563 :
2991 1528 3019 1557 ‹‹
3068 1508 3214 1562 Ecce
3263 1524 3505 1579 corpus,
3553 1507 3695 1572 dixit,
3726 1523 3818 1577 prae

2324 1596 2465 1652 rasti
2516 1596 2659 1651 mihi
2691 1597 2806 1667 (15)
2836 1596 3014 1667 (Hebr.
3054 1613 3111 1663 x,
3161 1597 3240 1666 5),
3288 1613 3404 1650 non
3461 1596 3630 1651 etiam
3666 1596 3818 1650 animas

2325 1685 2567 1741 audiant
2596 1685 2656 1739 in
2698 1684 3070 1740 inferioribus
3122 1684 3366 1756 psalmis
3412 1684 3590 1755 hujus
3634 1684 3818 1738 dicentes

2328 1796 2356 1823 ‹‹
2388 1773 2836 1828 Confundantur
2865 1777 2920 1828 et
2949 1777 3324 1829 revereantur
3353 1771 3556 1840 simul,
3579 1772 3666 1844 qui
3691 1787 3818 1844 queis

2329 1862 2584 1918 animam
2619 1877 2831 1928 meam,
2864 1867 2931 1917 ut
2961 1863 3230 1918 auferant
3260 1878 3411 1917 eam.
3455 1883 3476 1910 ι

2398 1953 2484 2004 27.
2520 1951 2651 2006 Haec
2683 1954 2820 2006 sunt
2850 1967 2976 2021 quae
3009 1951 3066 2005 in
3098 1950 3206 2005 hoc
3239 1948 3471 2022 psalmo
3524 1947 3818 2004 difﬁciliora!

2329 2038 2524 2095 bitrati
2557 2055 2764 2110 sumus
2799 2055 2810 2092 :
2847 2037 3073 2110 reliqua
3091 2037 3267 2110 plana
3298 2041 3355 2092 et
3383 2035 3597 2103 incilia,
3626 2052 3714 2091 nec
3746 2035 3818 2104 inii

2329 2143 2455 2182 esse
2487 2125 2983 2199 interpretationis
3030 2127 3143 2196 (16)
3189 2124 3681 2192 existimavimus;
3720 2138 3803 2178 cur:

2329 2215 2388 2270 in
2421 2216 2756 2271 Tractatum
2785 2214 3047 2270 incidant
3071 2215 3129 2270 in
3153 2213 3268 2270 alio
3298 2212 3532 2285 psalmo
3562 2213 3616 2268 in
3644 2229 3737 2285 quo
3751 2212 3818 2265 vita

2327 2307 2424 2358 tur
2453 2320 2582 2359 esse
2612 2303 2873 2374 repetita,
2907 2301 3120 2358 rectius
3152 2317 3582 2373 prosequemur
3608 2301 3778 2357 favente
3803 2297 3818 2351 Ε

2328 2391 2486 2446 mino
2533 2390 2668 2446 Jesu
2705 2409 2718 2445 :
2753 2392 2844 2446 cui
2894 2394 2984 2446 est
3011 2389 3162 2456 laus,
3195 2390 3404 2458 honor,
3449 2390 3644 2462 gloria,
3673 2393 3818 2462 perpeti

2327 2481 2418 2536 tas
2441 2496 2476 2535 a
2505 2478 2755 2546 seculis,
2787 2483 2841 2535 et
2873 2495 3029 2535 nunc
3057 2482 3114 2534 et
3143 2495 3399 2551 semper,
3431 2483 3491 2535 et
3538 2479 3593 2534 in
3637 2477 3817 2534 omniss

2328 2567 2458 2624 cula
2488 2567 2854 2624 saeculorum.
2888 2570 3092 2624 Amen.

2397 2762 2507 2833 (16)
2537 2761 2676 2817 Mss.
2706 2759 2855 2816 Vict.
2891 2765 2947 2816 et
2977 2762 3139 2818 Colb.
3189 2766 3367 2832 atque
3415 2762 3554 2817 edit.
3587 2765 3698 2816 vet,
3722 2755 3818 2813 aerei

2325 2851 2436 2903 gna
2465 2834 2932 2905 interpretationi:

575 3011 3818 3043 WW—

1425 3205 1536 3291 IN
1603 3201 2153 3292 PSALMUM
2208 3202 2371 3288 XL
2428 3199 3121 3291 ENARRATIO.

639 3596 690 3651 1.
749 3594 932 3666 (Vers.
996 3596 1071 3665 1.)
1130 3595 1286 3650 Bono
1345 3595 1568 3663 ordine,
1631 3595 1728 3666 qui
1790 3594 1849 3650 in
1909 3590 2210 3664 superiore
2241 3595 2282 3662 (ς
2322 3605 2463 3646 num
2494 3594 2551 3646 et
2578 3604 2914 3662 pauperem.
2949 3609 2978 3640 »
3006 3587 3180 3661 Aperi
3211 3603 3389 3644 aures
3425 3592 3577 3652 tuas,
3607 3584 3694 3657 qui
3732 3576 3818 3666 lli-2:.)

567 3682 799 3740 Psalmo
849 3682 992 3738 dixit
1041 3700 1054 3736 :
1107 3706 1134 3732 «
1201 3683 1344 3738 Ecce
1393 3684 1558 3739 venio
1606 3684 1776 3750 (Psal.
1827 3698 2021 3746 xxxrx,
2046 3680 2139 3750 9);
2184 3698 2211 3726 »

566 3771 627 3828 in
682 3770 792 3826 hoc
838 3770 967 3841 jam
1025 3772 1198 3838 venit,
1259 3775 1316 3826 et
1372 3770 1593 3842 patitur
1625 3787 1638 3825 :
1671 3775 1728 3827 et
1769 3770 1898 3826 ideo
1957 3768 2213 3840 quadra-

566 3860 829 3933 gesimus
861 3857 1122 3930 psalmus
1150 3858 1668 3930 inscribitur,quia~
1687 3859 2072 3932 quadraginta
2092 3860 2210 3916 die-

567 3950 680 4005 bus
720 3947 1012 4020 jejunavit
1063 3947 1339 4002 Dominus
1391 3947 1587 4011 Jesus,
1620 3951 1682 4000 ut
1711 3963 1776 4001 eo
1807 3964 2052 4002 numero
2083 3965 2214 4004 con-

567 4040 894 4094 summaret
950 4035 1206 4091 hominis
1281 4036 1380 4107 qui
1451 4035 1719 4107 perierat,
1781 4035 2210 4106 perfectionem.

568 4126 732 4184 Sicut
760 4125 916 4180 enim
949 4141 1052 4196 per
1081 4124 1473 4196 appetentiam
1506 4123 1798 4179 interdicti
1831 4124 2054 4182 fructus
2076 4126 2216 4180 ami-

568 4219 725 4271 serat
753 4213 1023 4286 gratiam,
1056 4213 1135 4268 ita
1183 4230 1284 4284 per
1323 4211 1621 4284 jejunium
1656 4213 1909 4283 reparari
1943 4213 2070 4283 ejus
2099 4214 2212 4268 vir-

567 4305 753 4358 tutem
809 4303 1101 4373 oportuit;
1127 4307 1190 4356 ut
1221 4301 1320 4372 qui
1352 4300 1602 4370 perierat
1627 4300 1686 4356 in
1705 4301 2212 4372 Adam,reparare-

566 4395 665 4447 tur
715 4389 776 4445 in
829 4389 1218 4446 Christoneo
1249 4405 1408 4462 ergo,
1441 4412 1468 4439 «
1501 4389 1559 4443 in
1595 4389 1808 4456 ﬁnem;
1858 4409 1884 4440 ι)
1923 4389 2060 4462 quia
2089 4389 2214 4461 ipse

567 4479 703 4536 ﬁnis
733 4483 823 4534 est
849 4479 971 4551 spei
1006 4479 1314 4546 nostrae,ad
1348 4478 1544 4550 ipsum
1572 4477 1768 4533 studia
1823 4483 2025 4534 nostra
2075 4477 2212 4534 diri-

566 4567 861 4639 gimus,ad
893 4566 1089 4638 ipsum
1119 4571 1249 4622 vota
1278 4571 1480 4622 nostra
1529 4565 2068 4637 conferimus;quia
2089 4567 2213 4638 ipse

565 4659 654 4711 est
686 4653 1006 4726 plenitudo,
1038 4655 1164 4726 ipse
1191 4661 1279 4710 est
1309 4654 1738 4711 consummatio
1781 4654 2209 4722 universorum,

566 4744 692 4817 ipse
721 4742 988 4800 omnium
1041 4759 1276 4798 summa
1324 4743 1630 4800 virtutum.
1669 4743 1822 4809 Ideo,
1856 4745 1964 4814 ipsi
1997 4743 2211 4805 David;

567 4832 736 4905 quasi
766 4831 820 4888 ei
851 4831 950 4902 qui
984 4829 1146 4886 solus
1178 4847 1245 4886 ex
1274 4831 1549 4887 omnibus
1581 4832 1638 4886 in
1670 4849 1779 4887 sua
1807 4847 1980 4887 carne
2013 4835 2214 4887 nostra

564 4925 804 4994 peccata
833 4919 1112 4991 suscepit,
1152 4920 1251 4991 qui
1311 4919 1472 4975 solus
1519 4920 1620 4974 Dei
1673 4925 1878 4992 Agnus
1908 4925 2211 4992 peccatum

567 5009 748 5066 totius
780 5007 988 5063 mundi
1017 5007 1280 5073 abstulit,
1313 5008 1413 5081 qui
1445 5007 1609 5065 solus
1638 5007 2092 5080 chirographum
2113 5009 2212 5064 de-

567 5096 729 5166 creti,
765 5097 1072 5170 sanguinis
1118 5097 1209 5153 sui
1259 5098 1540 5153 eﬁ‘usione
1589 5096 1816 5161 delevit,
1851 5101 1908 5152 et
1959 5095 2096 5151 tulit
2142 5097 2213 5152 de

568 5187 782 5252 medio,
815 5190 991 5257 atque
1021 5187 1244 5241 sufﬁxit
1268 5187 1425 5242 cruci
1460 5205 1471 5242 :
1507 5187 1675 5258 quasi
1709 5185 1994 5258 sapientia
2024 5185 2213 5241 sciens

569 5276 862 5347 quomodo
891 5279 1057 5331 vetus
1087 5280 1392 5347 peccatum
1444 5275 1651 5332 mundi
1709 5273 1953 5331 solveret
1985 5292 1997 5330 :
2045 5274 2212 5346 quasi

568 5363 911 5435 redemptio,
943 5364 1235 5435 quomodo
1262 5364 1563 5421 hominem
1594 5367 1894 5420 renovaret
1923 5380 1957 5418 a
1991 5361 2163 5435 culpa
2197 5381 2210 5419 :

569 5452 737 5521 quasi
769 5452 1172 5517 sanctiﬁcatio,
1208 5454 1500 5523 quomodo
1531 5469 1666 5508 eum
1697 5452 2088 5508 sanctiﬁcaret
2139 5453 2212 5507 ad

568 5540 837 5607 gratiam.
872 5540 972 5595 Hic
997 5557 1132 5613 ergo
1163 5540 1389 5610 titulus,
1425 5541 1534 5597 hoc
1565 5541 1937 5612 principium.

639 5627 692 5678 2.
730 5624 911 5692 (Vers.
944 5628 1042 5698 2.).
1078 5651 1105 5680 «
1137 5630 1349 5684 Beatus
1397 5630 1497 5701 φὶ
1541 5627 1815 5700 intelligit
1861 5644 2040 5701 super
2079 5645 2209 5702 ege-

2241 4969 2288 5034 D

2322 3682 2690 3734 sacramenta
2731 3676 3048 3734 Dominicis
3097 3693 3452 3749 cognoscere
3497 3671 3769 3748 passionis.
3789 3663 3818 3720 Μ

2321 3767 2430 3822 tibi
2473 3767 2686 3824 dicitur
2717 3784 2730 3822 :
2765 3790 2793 3816 «
2826 3766 2933 3833 Qui
2987 3766 3164 3822 habet
3207 3782 3382 3822 aures
3432 3762 3708 3830 audiendi,
3748 3752 3817 3811 earl

2322 3857 2472 3927 (Luc.
2508 3873 2630 3921 vm,
2662 3857 2738 3924 8).
2774 3877 2801 3905 »
2834 3855 2964 3912 Ideo
2995 3855 3174 3910 surdo
3227 3854 3313 3909 illi
3367 3858 3425 3910 et
3468 3857 3625 3909 muto
3685 3859 3804 3903 aures

2323 3943 2478 4000 labia
2515 3944 2704 4017 tetigit
2737 3944 3016 4000 Dominus
3048 3942 3106 3999 in
3139 3941 3452 4015 Evangelia
3483 3943 3658 4009 (Marc.
3685 3928 3818 4017 vn,

2323 4036 2388 4088 ut
2418 4032 2592 4088 sciret
2620 4013 2761 4104 quid
2792 4031 3024 4088 audiret
3052 4032 3110 4085 in
3143 4013 3447 4104 mysterio,
3479 4030 3618 4102 quid
3660 4013 3818 4082 etiamI

2323 4127 2618 4192 queretur,
2638 4126 2696 4177 et
2725 4120 2959 4192 quando
2988 4119 3347 4191 loqueretur.
3376 4119 3570 4190 Neque
3599 4115 3734 4173 enim
3755 4105 3818 4162 otii

2323 4209 2610 4281 scriptum
2639 4213 2728 4266 est
2761 4226 2774 4263 :
2811 4230 2838 4259 ‹‹
2870 4208 3156 4264 Dominus
3186 4207 3335 4262 mihi
3367 4208 3527 4264 dedit
3553 4205 3818 4276 linguam?)

2324 4298 2584 4365 ditionis,
2617 4301 2679 4353 ut
2707 4298 2919 4353 scirem
2948 4296 3184 4368 quando
3215 4300 3481 4368 oporteat
3509 4303 3792 4352 sermonem

2324 4403 2453 4442 cere
2483 4388 2606 4458 (Isa.
2649 4403 2686 4453 ι,
2721 4387 2796 4455 4).
2851 4408 2879 4434 ››
2929 4385 3090 4441 Scire
3136 4401 3277 4457 ergo
3326 4385 3506 4441 debes
3548 4381 3682 4455 quid
3723 4376 3818 4432 and:

2324 4475 2472 4530 scire
2504 4474 2642 4546 quid
2670 4473 2829 4546 loqui
2859 4473 3092 4541 debeas,
3125 4473 3280 4530 scire
3308 4474 3485 4530 etiam
3533 4469 3745 4544 quando
3777 4463 3818 4516 11:4

2327 4563 2561 4619 debeas.

2393 4653 2450 4708 3.
2489 4651 2638 4707 Audi
2686 4665 2824 4724 ergo
2851 4649 3160 4722 ldicentem
3189 4666 3203 4705 :
3235 4672 3264 4700 ‹‹
3298 4650 3509 4713 Beatus
3553 4647 3654 4719 qui
3697 4633 3818 4698 intel‘J

2325 4757 2502 4812 super
2530 4754 2778 4812 egenum
2811 4741 2867 4795 et
2897 4753 3237 4810 pauperem.
3267 4761 3294 4787 η
3329 4743 3540 4793 Beatus
3583 4732 3818 4808 quidem!

2323 4828 2678 4901 compatitur
2708 4827 2969 4899 pauperi,
3002 4826 3103 4898 qui
3147 4826 3347 4884 haurit
3393 4827 3528 4896 ejus
3569 4817 3818 4879 necessitai

2324 4918 2434 4974 scit
2465 4916 2605 4988 quid
2637 4915 2774 4982 mali
2805 4913 3004 4986 inopia
3033 4915 3236 4971 afferat
3267 4913 3545 4986 indigenti
3609 4928 3622 4965 ε
3677 4906 3817 4992 sedili

2323 5006 2434 5062 sibi
2463 5005 2590 5061 vult
2618 5005 2777 5061 istud
2808 5002 3111 5060 exordium
3142 5003 3200 5058 in
3236 5003 3464 5058 Domini
3493 4991 3788 5074 passione?

2323 5111 2455 5150 rum
2516 5098 2603 5150 est
2659 5093 2892 5165 quidem
2951 5092 3108 5163 quod
3166 5096 3402 5163 prapter
3439 5100 3713 5162 pauperes
3739 5088 3818 5150 p331

2323 5187 2430 5250 est,
2464 5183 2562 5238 sed
2595 5185 2788 5237 tamen
2819 5181 2944 5252 ipse
2975 5179 3256 5252 corripuit
3305 5180 3338 5235 J
3347 5180 3518 5235 udam
3561 5175 3807 5232 dicentem

2322 5271 2422 5328 illo
2452 5274 2770 5344 unguento,
2805 5269 2960 5342 quod
3008 5269 3294 5326 effuderat
3325 5267 3516 5325 Maria
3566 5275 3733 5334 super
3769 5265 3818 5324 pr?!

2322 5360 2534 5417 Christi
2565 5377 2627 5415 zu
2652 5358 2844 5414 Potuit
2873 5357 2980 5414 hoc
3009 5357 3356 5414 venumdari
3385 5352 3650 5413 trecentis
3680 5347 3817 5401 demat1

2322 5454 2380 5505 et
2406 5448 2532 5505 dari
2581 5447 2940 5520 pauperibus
2960 5445 3150 5516 (Marc.
3203 5461 3324 5513 xw,
3370 5447 3445 5517 5).
3498 5466 3519 5494 ι
3569 5436 3818 5528 “3me

2320 5539 2427 5595 teri
2460 5516 2720 5611 apostoli
2757 5540 3082 5607 senserant,
3134 5536 3236 5593 sed
3285 5516 3412 5592 alio
3443 5531 3636 5589 aﬁ‘ectu
3667 5539 3682 5611 ξ
3710 5516 3818 5611 illi-31

2321 5602 2642 5695 avaritiam,
2666 5625 2762 5684 isti
2794 5642 2896 5698 per
2924 5621 3584 5694 misericordiam,Judas
3601 5609 3733 5670 enim
3760 5602 3818 5654 ﬁn
