3856 6206
31 363 138 426 1121
1078 350 1530 416 ENARRA'I‘IO
1573 348 1652 413 IN
1694 348 2072 414 PSALMUM
2113 350 2239 414 XL.
3208 355 3363 420 “2!

28 492 374 570 pmspiciebat,
403 487 680 562 discipuli
713 503 1039 562 pauperum
1070 485 1359 542 alimoniae
1391 501 1608 541 consu-
1637 485 1691 551 Α
1721 485 1996 540 dicuntur
2033 485 2247 542 habere
2295 485 2601 558 gentilium
2639 502 2652 542 :
2685 503 2799 543 non
2845 487 3141 546 hircorum
3189 495 3366 564 atque

29 585 197 640 labant.
217 579 430 646 Quibus
460 579 523 633 in
553 593 865 633 commune
893 575 1196 648 respondit
1226 592 1239 630 :
1267 599 1294 624 «
1328 574 1512 629 Sinite
1542 573 1609 628 il-
1722 574 1970 628 arietum
2003 590 2206 630 cruore
2236 580 2504 647 peccator
2530 575 2759 631 lavatur
2787 577 3000 650 (neque
3029 579 3186 634 enim
3211 580 3369 650 quis-

30 671 132 734 lam,
160 672 215 723 ut
240 668 296 722 in
337 667 429 722 die
472 666 783 738 sepulturae
833 681 974 722 mea:
1024 669 1212 720 servet
1259 663 1426 718 illud.
1460 663 1609 717 Pau-
1722 679 1898 732 quam
1930 662 2010 716 ita
2039 664 2410 734 puriﬁcatur;
2435 681 2568 720 caro
2593 666 2750 720 enim
2782 665 3030 736 lavatur,
3054 685 3170 725 non
3197 669 3371 742 culpa

32 775 155 831 peras
181 757 320 812 enim
369 771 602 827 semper
641 754 870 810 habetis
917 753 1241 821 vobiscum,
1274 767 1368 807 me
1414 755 1612 807 autem
1722 749 2010 820 diluitur),
2055 751 2155 805 sed
2207 752 2376 818 exiet,
2411 753 2602 824 inquit
2632 755 2756 823 (Isa.
2789 773 2889 819 xu,
2921 757 2998 827 3),
3030 774 3184 829 aqua
3231 775 3367 813 cum

31 864 116 902 non
139 860 342 916 semper
370 845 564 915 (Joan.
592 860 696 910 χιι,
725 844 780 910 7,
809 844 884 910 8).
913 863 942 892 »
1721 836 2103 893 delectatione
2137 839 2206 893 de
2255 839 2514 894 fontibus
2562 841 2871 897 Salvatoris
2904 859 2916 896 :
2952 849 3009 898 et
3036 849 3278 915 paratur
3306 845 3367 900 in

83 937 124 989 1.
150 934 276 1006 Ergo
308 931 458 988 alius
510 931 924 1003 intelligendus
970 928 1479 1002 est‘hicﬂbeatus,
1511 927 1612 999 qui
1721 929 2035 995 conspectu
2087 929 2188 980 tuo
2243 942 2448 982 mensa
2486 928 2734 984 ccclesiis
2767 947 2779 984 :
2813 934 2869 985 et
2912 931 3189 1002 poculum
3243 938 3366 988 ine-

31 1021 250 1093 intelligit
285 1036 460 1092 super
489 1035 826 1091 pauperem.
860 1019 963 1073 Hic
1002 1019 1075 1074 de
1116 1019 1256 1073 ﬁde"
1278 1018 1438 1084 dicit,
1473 1016 1612 1071 alibi
1721 1013 1922 1069 brians
1977 1030 2154 1085 quam
2213 1014 2558 1085 praeclarum
2617 1022 2707 1071 est
2751 1018 2923 1088 (Psal.
2969 1037 3108 1086 χχιι,
3137 1020 3222 1092 5)1
3271 1019 3366 1075 Has

31 1111 81 1165 de
104 1108 491 1164 misericordia.
517 1107 680 1163 Prior
716 1123 851 1179 ergo
892 1107 1059 1170 ﬁdes,
1093 1106 1352 1162 secunda
1381 1105 1616 1160 miseri-
1723 1105 1860 1157 sunt
1909 1101 2122 1156 divitia
2182 1103 2600 1174 simplicitatis,
2630 1105 2690 1158 in
2738 1107 2954 1177 quibus
3011 1113 3101 1164 est
3153 1109 3371 1166 Christi

31 1197 199 1252 cordia.
227 1199 362 1253 Cum
395 1197 531 1264 ﬁde,
564 1196 820 1268 pretiosa
850 1195 1292 1251 misericordia:
1320 1195 1445 1249 sine
1476 1194 1610 1260 ﬁde,
1723 1191 1980 1262 pretiosa
2029 1197 2364 1262 paupertas.
2398 1193 2498 1248 Est
2537 1199 2594 1248 et
2636 1195 2696 1248 in
2747 1196 3010 1252 moribus
3056 1203 3370 1270 paupertas

31 1285 164 1346 nuda.
205 1285 320 1341 sine
365 1285 502 1350 ﬁde,
542 1284 855 1340 instabilis;
902 1283 1070 1340 Fides
1124 1283 1278 1338 enim
1328 1282 1612 1337 virtutum
1723 1280 1903 1346 bona;
1949 1279 2103 1333 unde
2155 1285 2213 1335 et
2266 1281 2552 1337 Dominus
2601 1283 2744 1337 dixit
2777 1302 2844 1339 :«
2878 1285 3035 1341 Beati
3087 1303 3374 1360 pauperes

30 1373 236 1428 omnium
290 1372 497 1427 stabile
555 1373 1002 1429 fundamentum
1061 1377 1167 1427 est.
1203 1372 1417 1427 Beatus
1475 1385 1611 1442 ergo
1723 1367 1928 1438 spiritu
1963 1367 2165 1437 (Matth.
2190 1385 2246 1434 ν,
2271 1370 2344 1439 3).
2372 1391 2398 1418 ››
2424 1371 2491 1424 Et
2522 1371 2579 1424 in
2609 1371 2855 1428 Psalmis
2881 1358 3376 1448 invenimus‘quia

30 1462 101 1531 qui
124 1460 374 1533 intelligit
421 1478 599 1532 super
627 1461 841 1516 Christi
886 1461 1142 1533 inopiam
1192 1464 1250 1515 et
1301 1463 1610 1531 pauperta-
1723 1455 2008 1511 Dominus
2040 1456 2294 1512 humiles
2325 1459 2534 1529 spiritu
2567 1459 2816 1515 salvabit
2845 1464 3018 1531 (Psal.
3041 1465 3370 1536 xxxm,19).

29 1555 132 1614 tem,
159 1549 246 1620 qui
274 1554 508 1622 propter
538 1567 644 1606 nos
679 1566 901 1622 pauper
930 1551 1117 1604 factus
1148 1553 1256 1616 est,
1290 1565 1422 1604 cum
1452 1549 1612 1603 dives
1723 1545 1824 1599 Est
1847 1549 1904 1600 et
1932 1546 1988 1599 in
2023 1544 2329 1600 collatione
2362 1549 2473 1616 (l8)
2507 1549 2662 1602 tenui
2697 1555 3010 1620 paupertas
3041 1552 3372 1621 abundans,

27 1640 175 1691 esset:
205 1637 353 1693 dives
386 1638 444 1693 in
497 1654 695 1710 regno,
730 1653 952 1710 pauper
997 1638 1057 1693 in
1089 1654 1282 1705 carne,
1314 1639 1451 1710 quia
1481 1655 1610 1692 sus-
1723 1633 1770 1688 si
1805 1634 2063 1689 abundet
2093 1634 2258 1689 fides.
2285 1634 2445 1690 Unde
2468 1635 2777 1708 Apostolus
2806 1638 2886 1692 ait
2911 1655 2962 1693 :«
2983 1643 3054 1694 Et
3083 1640 3375 1711 profunda

28 1725 141 1796 cepit
163 1725 296 1782 hanc
321 1741 649 1798 pauperum
679 1743 934 1783 carnem.
970 1728 1260 1798 Pauperes
1289 1727 1446 1782 enim
1479 1726 1614 1782 facti
1724 1727 2036 1793 paupertas
2067 1739 2270 1777 eorum
2294 1725 2613 1779 abundavit
2644 1725 2702 1780 in
2728 1725 2947 1783 divitiis
2976 1727 3374 1801 simplicitatis

27 1828 187 1872 sumus
243 1814 446 1881 nimis,
519 1815 619 1886 qui
680 1815 962 1870 virtutum
1029 1815 1264 1870 exuvias
1330 1814 1614 1885 pretiosas
1645 1851 1694 1914 B
1723 1827 1925 1865 eorum
1960 1812 2031 1880 (Il
2061 1812 2181 1866 Cor.
2215 1829 2338 1874 vm,
2369 1817 2449 1880 2.)
2473 1836 2498 1862 ››

28 1901 182 1956 fraude
222 1903 505 1976 serpentis
559 1903 893 1972 amisimus,
934 1903 1152 1959 exolusi
1200 1904 1271 1958 de
1319 1903 1612 1974 paradiso,
1645 1898 1694 1914 "
1793 1901 1847 1953 6.
1873 1898 1946 1954 Ut
1969 1904 2162 1954 autem
2197 1905 2252 1955 et
2282 1917 2349 1955 ex
2381 1900 2512 1957 aliis
2533 1902 2772 1958 vocibus
2794 1905 2922 1974 ejus
2952 1905 3376 1979 intelligamus,

27 1990 154 2059 ejecti
180 1991 242 2046 de
277 1993 486 2063 patria,
521 1992 580 2046 in
625 1991 895 2047 exsilium
937 1991 1195 2063 relegati,
1224 1990 1352 2063 ipso
1383 2007 1616 2063 quoque
1727 1988 1866 2059 quia
1895 1987 2020 2059 ipse
2051 2003 2113 2044 se
2158 2005 2474 2060 pauperem
2509 1990 2672 2059 dixit,
2707 1992 2994 2050 habemus
3040 1994 3179 2050 alibi
3227 1996 3377 2051 scri-

28 2079 184 2135 nudati
210 2082 460 2154 corporis
503 2081 1102 2153 integumento,quod
1134 2084 1304 2136 antea
1331 2081 1613 2136 virtutum
1725 2081 1889 2147 ptum
1927 2093 1993 2130 :u
2023 2077 2247 2150 Pauper
2293 2084 2349 2133 et
2399 2079 2603 2136 dolens
2641 2097 2746 2153 ego
2795 2098 2928 2138 sum
2977 2084 3148 2155 (Psal.
3181 2101 3374 2152 vam,

29 2167 144 2223 800
184 2175 335 2242 septa
384 2170 752 2237 muniebant,
796 2174 999 2242 postea
1041 2169 1250 2224 delicta
1297 2169 1614 2223 nudarunt.
1725 2165 1892 2235 30),»
1925 2165 2034 2221 hoc
2083 2171 2193 2235 est,
2227 2167 2365 2239 quia
2423 2185 2526 2240 pro
2584 2169 2750 2226 nobis
2794 2170 2970 2240 dolet,
3003 2175 3070 2226 ut
3124 2171 3376 2244 legimus

27 2253 69 2307 Si
91 2272 201 2328 ergo
243 2274 458 2330 egenus
491 2263 547 2313 et
576 2274 798 2330 pauper
831 2258 890 2311 in
921 2272 1113 2324 carne,
1146 2255 1349 2328 utique
1396 2272 1616 2329 egenus
1727 2255 1852 2323 (lsa.
1885 2271 2001 2321 LIII,
2027 2256 2102 2324 4),
2129 2272 2316 2326 neque
2345 2257 2502 2311 enim
2533 2257 2592 2312 in
2625 2275 2686 2313 se
2711 2258 2917 2314 habuit
2947 2260 3101 2331 quod
3132 2260 3374 2317 doleret.

29 2347 68 2397 et
91 2359 279 2418 pauper
322 2347 381 2402 in
434 2347 632 2403 carnis
661 2346 834 2402 istius
871 2345 1161 2418 passione.
1196 2345 1321 2400 Non
1371 2361 1507 2416 ergo
1558 2345 1616 2399 in
1728 2342 1892 2396 Sicut
1920 2358 2056 2414 ergo
2087 2360 2189 2415 pro
2234 2345 2403 2400 nobis
2437 2345 2614 2415 dolet,
2647 2350 2711 2402 ut
2751 2348 2931 2404 Isaias
2961 2348 3378 2421 interpretatus

30 2431 201 2489 divitiis
235 2436 374 2503 suis,
406 2436 511 2492 sed
541 2436 600 2490 in
633 2439 834 2492 nostra
862 2451 1072 2508 passus
1118 2438 1206 2490 est
1252 2438 1616 2505 paupertate.
1727 2436 1834 2498 est,
1867 2432 1966 2502 qui
1999 2448 2131 2486 eum
2159 2432 2306 2488 vidit
2339 2434 2396 2488 in
2431 2435 2641 2506 spiritu
2672 2452 2684 2490 :
2711 2453 2815 2508 pro
2847 2438 3016 2493 nobis
3047 2439 3250 2510 utique
3280 2439 3380 2493 tri-

29 2519 232 2593 ldeoque
259 2541 367 2579 non
413 2525 715 2597 plenitudo
749 2523 1092 2594 divinitatis,
1111 2539 1238 2595 quae
1270 2523 1328 2577 in
1361 2521 1462 2578 illo
1493 2540 1616 2578 cor-
1728 2521 1836 2574 stis
1867 2525 2009 2587 erat,
2036 2521 2208 2590 juxta
2239 2523 2395 2592 quod
2430 2523 2688 2579 animam
2721 2542 2889 2580 suam
2920 2526 3150 2582 tristem
3181 2526 3380 2599 appel-

28 2609 253 2678 poraliter
293 2613 538 2678 habitat,
572 2618 637 2668 ut
674 2613 977 2684 Scriptura
1026 2616 1274 2669 testatur
1302 2611 1521 2683 (Coloss.
1555 2630 1614 2679 ιι,
1727 2607 1862 2661 lavit
1895 2625 2079 2680 usque
2128 2609 2199 2664 ad
2244 2614 2511 2678 mortem,
2547 2616 2742 2667 tamen
2795 2631 2910 2668 non
2961 2619 3195 2687 propter
3225 2631 3380 2671 mop-

26 2696 81 2766 9),
108 2700 189 2753 sed
235 2717 362 2757 caro
412 2717 591 2774 passa
637 2704 744 2756 est.
788 2699 904 2756 Hoc
952 2700 1233 2773 intellige,
1268 2700 1376 2755 hoc
1423 2715 1617 2771 perse-
1727 2701 1842 2751 tem
1876 2713 1887 2751 :
1916 2702 1972 2751 et
2003 2713 2238 2753 carnem
2261 2699 2407 2753 dixit
2437 2699 2754 2766 inﬁrmam,
2779 2718 2906 2772 quae
2939 2703 3145 2758 mortis
3175 2705 3375 2775 subja-

28 2801 180 2855 quere,
209 2788 262 2843 id
299 2793 447 2858 tene,
486 2807 557 2845 ne
601 2790 834 2845 dicatur
862 2789 967 2844 tibi
1001 2806 1014 2844 :
1051 2789 1248 2844 Noluit
1294 2787 1619 2860 intelligere
1726 2785 1848 2840 cuit
1877 2785 2225 2852 infirmitati,
2249 2792 2313 2842 ut
2333 2787 2602 2844 aculeum
2637 2790 2842 2845 mortis
2873 2791 3234 2864 infringeret,
3260 2809 3376 2865 quo

29 2888 165 2945 super
188 2879 512 2933 mendicum
538 2883 594 2932 et
619 2894 955 2950 pauperem.
980 2878 1128 2933 Nam
1164 2878 1211 2933 si
1244 2877 1336 2932 hic
1359 2878 1616 2946 dubitas,
1728 2890 1833 2928 nos
1865 2874 1922 2927 in
1952 2874 2045 2928 die
2068 2875 2278 2945 judicii
2311 2875 2602 2944 liberaret,
2627 2894 2806 2949 quam
2839 2896 2954 2936 non
2986 2879 3378 2952 perfunctorie

28 2967 142 3018 certe
165 2965 216 3020 in
247 2965 341 3023 illo
365 2967 596 3038 psalmo
619 2967 717 3038 qui
741 2967 1020 3022 adversus
1045 2966 1432 3038 proditionem
1454 2966 1616 3020 Judm
1727 2961 1943 3016 malam
1975 2963 2139 3018 dixit.

29 3065 77 3103 ex
100 3067 319 3122 persona
345 3056 566 3112 dicitur
601 3055 936 3123 Salvatoris,
962 3055 1033 3110 de
1063 3054 1162 3110 illo
1192 3054 1477 3110 versiculo
1509 3055 1615 3109 du-
1795 3054 1846 3106 7.
1873 3051 2055 3123 (Vers.
2079 3055 2159 3125 2.)
2183 3054 2276 3110 Sic
2331 3056 2489 3112 enim
2542 3057 2840 3113 subtexuit
2871 3075 2884 3114 :
2912 3080 2939 3108 «
2973 3059 3035 3114 In
3085 3057 3179 3114 die
3225 3057 3380 3114 mala

29 3135 169 3196 bitere
191 3159 298 3198 non
329 3145 570 3216 poteris,
603 3145 661 3200 in
696 3161 810 3216 quo
844 3144 925 3199 ait
957 3162 1022 3198 :«
1057 3144 1125 3198 Et
1156 3147 1497 3215 persecutus
1530 3145 1618 3198 est
1660 3214 1673 3216 Α
1727 3139 1997 3195 liberabit
2025 3157 2162 3196 eum
2192 3143 2497 3211 Dominus,
2530 3169 2552 3197 ι
2589 3146 2867 3216 quoniam
2901 3163 3102 3202 amara
3129 3147 3376 3214 videtur,

27 3223 270 3287 hominem
311 3214 545 3306 inopem
595 3239 650 3289 et
699 3214 1031 3289 mendicum
1063 3214 1232 3303 (Paul.
1263 3249 1417 3300 cvm,
1453 3233 1557 3303 17).
1586 3255 1614 3282 ››
1645 3214 1687 3281 C
1727 3245 1852 3300 qua;
1876 3229 2073 3301 plures
2109 3230 2266 3286 810
2297 3214 2817 3304 adiudicat—poma.
2843 3234 2946 3289 Via
2972 3235 3126 3290 enim
3147 3235 3380 3290 virtutis

27 3313 238 3392 lntellige
265 3337 398 3393 ergo
428 3321 490 3376 in
522 3325 923 3394 paupertatem
953 3321 1190 3386 Christi,
1223 3325 1287 3376 ut
1317 3321 1479 3376 dives
1515 3320 1620 3389 sis,
1727 3321 1980 3389 angusta
2029 3323 2137 3383 est,
2177 3317 2295 3373 lata
2345 3319 2563 3386 delicti,
2598 3320 2726 3375 ideo
2756 3322 3004 3376 rariores
3060 3321 3118 3376 in
3167 3323 3378 3377 virtute

30 3401 237 3479 intellige
263 3425 396 3484 ergo
428 3411 489 3465 in
521 3411 922 3466 inﬁrmitatem
968 3411 1115 3482 ejus,
1149 3413 1215 3464 ut
1246 3409 1496 3481 accipias
1527 3426 1617 3466 sa-
1728 3405 2053 3473 ambulant,
2089 3405 2284 3478 plures
2333 3407 2393 3462 in
2443 3408 2660 3480 ﬂagitio
2708 3413 3033 3464 versantur.
3066 3415 3187 3475 Quo
3219 3411 3284 3464 ﬁt
3314 3415 3380 3465 ut

27 3493 254 3564 nitatem;
288 3499 549 3571 intellige
579 3499 636 3553 in
673 3515 904 3555 crucem
953 3500 1102 3568 ejus,
1139 3502 1203 3554 ut
1241 3515 1355 3553 non
1389 3499 1622 3554 erubes-
1729 3493 1968 3548 inferior
1995 3511 2197 3550 eorum
2231 3496 2308 3550 sit
2337 3511 2641 3562 numerus,
2675 3497 2775 3568 qui
2819 3497 3058 3568 praemia
3102 3515 3377 3554 remune-

22 3593 120 3649 cas;
151 3584 392 3660 intelligo
423 3589 485 3642 in
516 3587 730 3644 vulnus
760 3588 907 3658 ejus,
934 3591 997 3642 ut
1026 3586 1268 3642 vulnera
1296 3587 1617 3655 tua'cures,
1729 3583 1971 3640 rationis
2018 3584 2322 3656 accipient,
2353 3601 2529 3656 quam
2563 3585 2662 3656 qui
2708 3585 2780 3640 ob
2813 3586 3065 3657 pretium
3109 3587 3376 3658 gravium

21 3665 232 3746 intelligo
257 3675 318 3732 in
361 3681 611 3734 mortem
643 3678 792 3749 ejus,
827 3681 892 3731 ut
924 3676 1195 3748 acquiras
1225 3676 1402 3731 vitam
1456 3681 1617 3732 mter-
1727 3676 2097 3743 peccatorum
2131 3678 2346 3728 sortem
2389 3674 2693 3730 adversam
2727 3674 2933 3744 judicii
2973 3676 3376 3747 reportabant.

23 3772 154 3828 nam;
183 3763 434 3838 intellige
474 3766 534 3820 in
568 3766 928 3838 sepulturam
961 3767 1112 3836 ejus,
1145 3769 1209 3819 ut
1238 3765 1498 3820 invenias
1528 3782 1614 3820 re-
1726 3761 1900 3824 Quasi
1933 3760 2135 3818 dolens
2165 3763 2348 3836 igitur
2368 3763 2513 3818 dixit
2543 3761 2759 3819 malam
2782 3763 2986 3835 judicii
3020 3765 3194 3820 diem.
3228 3764 3375 3820 Nam

21 3851 412 3910 surrectionem.
1726 3851 1775 3906 si
1808 3851 1998 3923 angeli
2029 3852 2088 3906 in
2121 3852 2298 3908 unius
2327 3853 2649 3924 peccatoris
2679 3851 3048 3909 absolutione
3077 3853 3371 3922 laetantur,

72 3937 116 3990 5.
143 3939 242 3997 Sed
273 3942 416 4000 forte
461 3944 660 3999 dicas:
695 3943 994 4008 Quomodo
1027 3945 1190 4000 dives
1217 3943 1277 3998 in
1309 3948 1616 4016 pauperta-
1725 3945 1946 4012 quanto
2012 3942 2200 4013 magis
2261 3941 2529 3996 homines
2577 3942 2636 3996 in
2670 3947 2962 3997 lautorum
3021 3943 3373 3996 condemna-

21 4025 370 4088 teChristus?
401 4033 521 4090 Etsi
574 4032 718 4088 mihi
773 4032 1074 4107 ingenium
1122 4033 1371 4099 deﬁciat,
1421 4037 1616 4090 tamen
1725 4029 1881 4084 tione
1923 4028 2231 4084 hominum
2273 4031 2757 4086 macerabuntur!
2787 4031 2855 4085 Et
2887 4031 3031 4085 bene
3081 4029 3237 4084 dolet
3266 4045 3371 4100 pro

18 4127 109 4166 non
135 4116 404 4178 deﬁciunt
429 4121 758 4178 divinarum
789 4121 1056 4178 subsidia
1080 4121 1446 4192 ilectionum;
1481 4139 1615 4178 cum
1725 4135 1793 4173 ea
1823 4133 1946 4183 ove,
1981 4135 2158 4189 quam
2191 4117 2456 4173 humeris
2502 4119 2627 4174 suis
2675 4118 2800 4189 ipse
2851 4117 3184 4190 reportavit,
3218 4121 3274 4173 et
3303 4119 3376 4174 ad

15 4199 190 4261 dixerit
221 4209 527 4282 Apostolus
552 4229 597 4265 :«
628 4200 913 4274 Quoniam
945 4209 1231 4266 Dominus
1267 4211 1439 4266 Jesus
1473 4228 1616 4281 pau-
1725 4206 1872 4262 ovile
1903 4223 2076 4261 suum
2111 4205 2395 4260 revocavit
2443 4211 2755 4261 errantem.
2789 4206 3009 4261 Atiectu
3060 4209 3258 4261 nostro
3287 4205 3380 4261 lo-

13 4304 95 4358 per
119 4292 287 4355 factus
317 4305 427 4366 est,
463 4317 596 4356 cum
629 4300 790 4355 dives
821 4303 1008 4367 esset;
1034 4304 1099 4355 ut
1127 4316 1229 4355 vos
1260 4299 1388 4370 ejus
1418 4299 1617 4370 inopia
1726 4295 1928 4366 quitur
1955 4294 2054 4349 Dei
2096 4293 2297 4362 Filius,
2332 4293 2470 4366 quia
2519 4295 2688 4350 nobis
2741 4295 2865 4349 dies
2910 4294 3122 4366 judicii
3170 4295 3379 4351 acerba

12 4376 300 4442 ditaremini
346 4389 422 4459 (II
465 4390 591 4444 Cor.
625 4406 747 4454 vm,
779 4388 857 4461 9).
886 4389 1070 4453 »Quae
1121 4403 1258 4459 ergo
1306 4387 1420 4442 ista
1471 4404 1613 4459 pau-
1724 4388 1833 4448 est,
1866 4401 2042 4456 quam
2092 4382 2386 4439 timemus.
2421 4383 2711 4439 Omnibus
2757 4383 2910 4439 mala
2957 4385 3205 4455 videtur,
3237 4385 3379 4456 quia

12 4472 329 4546 mitumque:
382 4477 590 4534 divites
641 4478 821 4533 facit?
851 4477 1301 4534 Considercmus
1341 4493 1490 4542 eam,
1526 4477 1614 4531 in-
1726 4473 1896 4545 plena
1927 4472 2164 4528 terroris
2206 4477 2295 4527 est
2327 4490 2339 4527 :
2375 4490 2492 4545 qua
2539 4473 2694 4528 Deus
2727 4490 2840 4528 non
2886 4472 3078 4528 solum
3124 4474 3378 4529 forensia

12 4555 275 4619 tendamus
307 4565 363 4621 in
395 4567 592 4638 ipsum
624 4565 952 4622 venerabile
975 4567 1437 4622 Sacramentum.
1467 4565 1614 4630 Quid
1649 4584 1693 4648 D
1726 4561 2004 4626 hominis,
2038 4561 2136 4616 sed
2169 4560 2345 4616 etiam
2378 4560 2605 4616 occulta
2635 4561 2919 4631 dijudicat
2954 4579 2966 4616 :
3000 4577 3116 4633 qua
3151 4561 3379 4633 cogitur

12 4645 180 4709 Purius
207 4656 390 4722 potest
419 4670 485 4710 eo
515 4671 642 4710 esse
693 4658 870 4727 atque
918 4653 1248 4726 simplicius
1270 4653 1298 4707 ‘?
1327 4653 1452 4709 Non
1487 4658 1616 4708 tau-
1649 4645 1681 4648 ﬁ
1726 4651 2136 4722 unusquisque
2168 4651 2392 4723 aperire
2424 4650 2578 4722 quod
2624 4651 2778 4717 fecit,
2814 4656 2916 4707 aut
2964 4653 3119 4724 quod
3171 4652 3374 4708 sensit.

12 4728 110 4787 rillo
137 4739 436 4812 quisquam
482 4743 854 4815 perfunditur
886 4743 1174 4815 sanguine
1196 4743 1332 4813 (17),
1357 4746 1421 4796 ut
1451 4758 1619 4797 sacra
1728 4741 1979 4812 Ideoque
2009 4739 2177 4794 multi
2227 4741 2602 4806 damnantur,
2639 4741 2807 4812 pauci
2855 4746 3229 4798 coronantur.
3264 4741 3377 4798 Sed

64 4873 159 4947 (17)
200 4879 439 4940 Innuere
486 4884 718 4940 videtur
764 4885 982 4939 fmdum
1036 4883 1181 4938 illud
1236 4884 1612 4951 sacriﬁcium,

11 4956 103 5061 3υο
127 4927 269 5029 έρυά
307 4955 600 5038 Βοωίιηοε
631 4957 887 5037 pontifex
940 4956 1254 5022 maximus.
1286 4960 1348 5008 υι
1377 4973 1444 5009 ex
1471 4927 1613 5010 Pw:
1880 4927 2114 5048 ξῖιῗίῗῖξξ
2140 4930 3022 5061 5.3.3311”Et‘l‘li!“§§é§.“§£32§e'

40 5020 172 5061 enim
207 5025 372 5061 Domo:
418 5027 592 5061 kumn
642 5030 706 5061 4n
735 5027 957 5061 Amnon:
987 5033 1071 5061 an}
1141 5027 1592 5061 nnnaonnakohun
1881 5053 1910 5061 η
2108 5053 2139 5061 .-
2361 5030 2372 5048 ’
2401 5055 2410 5061 .
2453 5055 2465 5061 -
2859 5055 2887 5061 ..
2927 5030 2984 5061 ..ν

1881 4991 2020 5048 Quin
2050 5006 2110 5038 os
2140 4993 2372 5052 supiuut,
2406 4991 2591 5041 obvias
2621 4993 2774 5042 oﬁ‘ert
2802 4991 2984 5052 genas,

12 5019 135 5069 nent.
164 5019 177 5020 κ
314 5027 324 5038 ,
631 5019 646 5027 σ
778 5027 787 5037 ,
1244 5019 1249 5022 τ
1881 5019 2020 5048 uuln
2050 5019 2110 5038 ua
2140 5019 2372 5052 aupnuue,
2406 5019 2591 5041 uunaa
2621 5019 2774 5042 uno".
2839 5019 2984 5050 cuna,

25 5082 54 5095 Ἠ
127 5037 172 5074 ιο
205 5025 391 5082 Perist.
418 5027 616 5099 hymn.
642 5030 706 5082 10
726 5027 1098 5110 discereest,
1141 5027 1608 5108 consecrabatur.
1880 5053 2148 5115 Supponit
2175 5067 2364 5102 aures.
2400 5055 2562 5112 mna,
2597 5067 2754 5104 nares
2783 5019 2995 5118 οἳῇοης

12 5079 120 5134 blus
172 5099 354 5134 autem
416 5102 577 5134 ανον-14
638 5097 974 5134 ᾘιιιηαησὶηιῖι
1028 5113 1383 5134 βωτιοντὶηηιω
1419 5114 1430 5126 ο
1467 5097 1608 5134 num
1878 5115 1978 5134 at..-
2013 5114 2114 5134 :.._...
2151 5115 2318 5134 ..-Ι-ι-
2351 5090 2518 5134 1-..-31.
2578 5120 2619 5134 ,ι
2651 5116 2880 5134 ‘:_.____,-_
2919 5117 2995 5134 _:_

26 5099 124 5178 1"}
162 5099 356 5178 ,αυιρᾳι
415 5097 582 5153 erant
608 5097 976 5178 _hujusmo<_li
1027 5097 1612 5178 caeremonize_=_Cum
1877 5097 1981 5178 131.36
1997 5097 2330 5176 ‘jéfn'pltiaifd
2351 5097 3068 5178 ᾖεὶῖιέἷιῖεῐῖῐιῖῥιέέῖὦἲῖέιιῑ,

11 5154 213 5242 terrajn
252 5166 424 5242 altam
473 5154 747 5242 scrobem,
795 5174 991 5242 egesta
1047 5173 1221 5242 esset,
1255 5185 1320 5242 eo
1379 5168 1612 5225 futurus
1877 5154 2331 5226 565632166138}.
2353 5154 3025 5226 iEiGi"at"r'u}‘£'éBEEii;§£

11 5233 224 5319 Esptifex
253 5238 670 5319 demittebatur
700 5233 862 5296 vittis
911 5245 1085 5319 atque
1130 5233 1334 5319 infulis
1365 5257 1613 5319 exorna-
1723 5309 1760 5319 ﬁ
1841 5313 1849 5319 .
2131 5309 2146 5319 ‘
2235 5313 2243 5319 ⁸
2385 5309 2395 5319 _
2464 5310 2478 5319 _
2577 5309 2587 5319 _
2649 5308 2685 5319 η
2948 5309 3020 5319 Δ.-
3240 5309 3251 5319 .

11 5299 278 5368 ius:mox
332 5311 596 5367 tabulato
654 5299 1417 5366 innumeris‘foraminibus
1463 5317 1610 5368 tere-
1723 5309 2020 5364 Postremo
2079 5309 2325 5364 eductus
2382 5309 2516 5363 inde
2576 5308 2765 5365 bellus
2825 5309 3083 5368 pontifex
3138 5309 3373 5365 eminus

11 5363 142 5456 ἒζῖξιο
169 5363 996 5456 scrqbé"ié§éb§td£‘§“dahae
1028 5363 1611 5456 ith?d‘é_'ib'i"j'ugﬁié-
1723 5363 2135 5456 adora‘haturia
2166 5363 2423 5456 populo;
2437 5381 2570 5456 Quae
2591 5363 2800 5456 omnia
2825 5363 2956 5435 fuse
2986 5397 3052 5436 ac
3074 5363 3374 5453 eleganter

11 5436 164 5527 Pfﬁuf,
182 5436 361 5527 pujus
391 5436 1424 5527 sagguisiubertimiperrtabularum
1446 5436 1610 5510 ine;-
1724 5451 2002 5527 describit
2020 5450 2152 5527 loco
2168 5436 2356 5527 'citato
2388 5436 2760 5527 Prudentius.

11 5510 82 5566 tus
109 5510 386 5579 deﬂuébat
419 5543 432 5581 :
502 5510 537 5527 υ
952 5510 972 5526 ⁵
1792 5523 1904 5596 (18)
1936 5523 2210 5598 Collatia:
2243 5521 2337 5580 hic
2388 5521 2544 5579 idem
2576 5526 2685 5592 est,
2721 5538 2787 5578 ac
2835 5522 3091 5598 pecunias
3121 5521 3376 5584 collecta

130 5605 543 5680 Qefossusjntus
572 5627 731 5680 quem
764 5613 1255 5680 sacerdosgexcipit,
1310 5679 1317 5680 γ
1721 5608 1752 5654 ο
1784 5593 2030 5670 rogatio.

133 5668 306 5726 Gutta:
333 5675 398 5727 ad
429 5668 619 5732 omne}
645 5681 802 5747 turpe
831 5674 1140 5745 subjectum
1160 5668 1343 5744 caput,
