3860 6206
417 336 571 395 1123

1869 335 1934 394 S.
1982 333 2358 394 AMBROSll

3695 338 3816 400 1124

410 468 589 524 etiam
635 467 744 538 ipsi
797 466 895 538 qui
942 470 1316 534 coronantur,
1367 465 1669 529 dolebunt,
1710 464 1858 534 justi
1907 464 2061 520 enim
2095 465 2146 530 Α
2177 466 2304 533 ejus
2333 466 2576 520 vcrsasti
2608 465 2666 520 in
2713 465 3050 524 inﬁrmitate
3079 471 3234 540 ejus.
3262 491 3291 517 n
3322 469 3476 534 Quis
3521 471 3617 524 est
3663 465 3824 522 lectus

410 557 849 612 coronabuntur
884 574 896 610 :
934 557 1138 625 justus
1196 559 1392 610 autem
1446 553 1616 625 quasi
1669 569 1837 609 suam
1895 556 2063 624 putat
2171 551 2411 621 doloris,
2443 552 2556 608 nisi
2586 569 2720 610 caro
2767 555 3169 613 inﬁrmitatis?
3200 557 3269 612 Et
3317 558 3475 614 bene
3497 556 3692 612 lectus
3737 557 3824 611 do-

407 645 609 700 fratris
639 660 981 698 erumnam.
1015 644 1080 698 Et
1110 643 1245 714 quis
1294 659 1400 714 ego
1443 659 1576 698 sum
1609 642 1708 713 qui
1740 643 1812 696 de
1842 640 1942 696 illa
1962 642 2060 711 ju-

409 733 618 800 dicem,
652 749 768 804 qua
810 731 986 786 homo
1019 731 1361 803 angelorum
1414 731 1675 786 conciliis
1723 730 2062 785 inseratur?

405 821 599 892 Ipsius
631 818 858 875 Domini
889 819 1202 876 audiamus
1235 820 1584 875 sententiam
1620 835 1686 873 ;‹‹
1716 818 1942 883 Veniet,
1975 818 2060 872 in-

403 909 554 980 quit,
578 909 740 975 hora,
764 908 823 963 in
858 925 975 980 qua
1005 925 1208 964 omnes
1239 907 1337 980 qui
1372 908 1429 962 in
1462 907 1862 963 monumentis
1894 912 2056 973 sunt,

401 997 647 1052 audient
684 1013 884 1053 vocem
938 996 1062 1052 Filii
1119 996 1411 1063 hominis;
1473 999 1530 1052 et
1588 995 1904 1067 precedent
1955 1011 2055 1065 qui

401 1087 555 1141 bona
599 1086 883 1151 fecerunt,
915 1086 973 1139 in
1026 1085 1514 1141 resurrectionem
1562 1085 1690 1138 vitae
1725 1099 1737 1139 :
1775 1083 1876 1154 qui
1922 1100 2054 1138 vero

400 1173 556 1229 mala
603 1178 867 1246 egerunt,
902 1173 961 1226 in
1005 1173 1488 1228 resurrectionem
1529 1171 1740 1244 judicii
1787 1173 1964 1242 (Joan.
1997 1189 2051 1239 ν,

395 1264 466 1316 28
491 1265 549 1316 et
577 1261 690 1332 29).
715 1283 744 1309 »
774 1260 1210 1316 Judicabuntur
1257 1277 1393 1332 ergo
1423 1260 1523 1332 qui
1556 1259 1712 1315 mala
1758 1265 2004 1331 egerunt
2035 1277 2048 1315 :

396 1355 454 1404 et
483 1350 613 1404 ideo
645 1348 802 1404 mala
835 1350 958 1404 dies
988 1354 1042 1404 et
1073 1364 1280 1420 aspera
1311 1349 1383 1403 ab
1416 1349 1543 1420 ipso
1584 1347 1787 1418 judice
1819 1363 2050 1402 nuncu-

397 1441 596 1510 patur;
633 1441 696 1491 ut
725 1438 876 1492 scias
901 1437 1040 1506 quia
1067 1437 1190 1508 ipso
1216 1436 1384 1490 nobis
1407 1436 1760 1507 compatitur
1791 1435 1846 1490 in
1872 1435 2050 1490 Evan-

394 1525 565 1598 gelio,
600 1526 702 1596 qui
733 1541 1080 1596 compassus
1113 1529 1203 1579 est
1230 1524 1287 1578 in
1322 1523 1643 1596 prophetis.

463 1615 518 1668 8.
555 1614 666 1670 Sed
720 1614 896 1668 etiam
955 1613 1038 1667 sic
1090 1629 1408 1684 possumus
1464 1612 1724 1684 accipere
1757 1627 1768 1665 :
1800 1634 1828 1661 «
1863 1612 1924 1665 In
1958 1611 2050 1667 die

393 1703 572 1772 mala,
594 1725 624 1753 ι»
657 1702 767 1759 hoc
813 1707 924 1769 est,
954 1703 1011 1756 in
1046 1705 1308 1772 tempore
1339 1699 1526 1767 malo;
1582 1700 1840 1754 mundus
1889 1698 2047 1754 enim

392 1793 449 1847 in
482 1791 636 1846 malo
668 1791 898 1863 positus
925 1795 1033 1845 est.
1061 1789 1126 1843 Et
1155 1788 1308 1843 idem
1343 1787 1480 1842 mali
1506 1788 1630 1843 dies
1663 1788 1837 1842 istius
1870 1803 2047 1842 mun-

391 1883 472 1948 di,
504 1883 561 1936 et
593 1880 854 1934 abundat
883 1877 999 1934 diei
1033 1877 1260 1933 malitia
1287 1894 1415 1933 sua.
1449 1877 1574 1932 Non
1613 1877 1903 1932 mediocre
1933 1880 2041 1941 est,

392 1974 456 2024 ut
485 1969 580 2023 hic
607 1968 925 2024 liberemur
967 1967 1040 2022 ab
1084 1966 1318 2022 insidiis
1349 1965 1688 2038 peccatoris.
1714 1964 1822 2030 Qui
1872 1964 2047 2020 fuerit

391 2057 486 2113 hic
517 2055 664 2112 liber
694 2073 728 2110 a
757 2055 1022 2121 crimine,
1057 2055 1135 2109 ibi
1185 2054 1294 2109 erit
1340 2053 1488 2108 liber
1516 2070 1551 2108 a
1579 2069 1768 2126 paena,
1800 2057 1858 2109 et
1887 2069 2043 2110 seve-

391 2146 621 2202 ritatem
644 2143 855 2216 judicii
888 2143 1086 2198 subire
1118 2158 1232 2196 non
1261 2142 1488 2212 poterit.

458 2236 512 2288 9.
548 2234 733 2304 (Vers.
764 2233 844 2302 3.)
879 2232 946 2285 Et
977 2231 1104 2284 ideo
1138 2230 1284 2284 votis
1333 2246 1480 2300 opus
1530 2234 1620 2284 est
1667 2234 1724 2284 et
1771 2231 2048 2302 precibus

390 2321 777 2395 quotidianis,
848 2325 904 2373 et
968 2319 1346 2373 advocatione
1421 2317 1709 2390 Principis
1775 2320 2042 2374 sacerdo-

391 2416 515 2465 tum
540 2410 675 2480 (19).
697 2408 767 2463 de
798 2424 913 2478 quo
945 2407 1085 2460 dicit
1104 2406 1364 2460 Joannes
1399 2405 1765 2477 Evangelista
1788 2423 1838 2460 :«
1862 2406 2045 2460 Advo-

388 2503 586 2555 catum
617 2497 906 2552 habemus
935 2495 1089 2566 apud
1126 2494 1350 2548 Patrem
1384 2493 1698 2548 Dominum
1729 2493 1953 2561 Jesum,
1986 2498 2043 2548 et

391 2590 513 2662 ipse
543 2591 631 2643 est
660 2585 992 2658 deprecatio
1029 2600 1129 2655 pro
1175 2581 1430 2655 peccatis
1461 2582 1678 2637 nostris
1711 2583 1759 2652 (1
1784 2584 1940 2638 Joan.
1975 2599 2037 2648 ιι,

389 2675 732 2746 1,2).››Ηὶο
783 2690 918 2745 ergo
972 2673 1289 2727 advocatus
1343 2675 1559 2737 noster,
1604 2675 1661 2725 et
1709 2671 2038 2742 deprecatio

389 2783 490 2838 pro
521 2763 772 2837 peccatis
805 2763 984 2818 totius
1015 2759 1208 2816 saeculi
1240 2765 1367 2815 orat
1399 2776 1500 2831 pro
1533 2775 1598 2814 eo
1631 2760 1729 2829 qui
1763 2757 2040 2831 intelligit

384 2861 445 2912 et
475 2854 658 2910 credit
687 2854 744 2906 in
777 2850 1101 2916 Christum,
1133 2853 1190 2903 et
1219 2849 1362 2903 dicit
1391 2865 1403 2901 :
1433 2869 1460 2898 ‹‹
1492 2846 1778 2903 Dominus
1809 2863 2039 2902 conser-

384 2947 479 2998 vet
509 2957 664 3007 eum,
697 2943 753 2995 et
781 2938 1032 2992 viviﬁcet
1063 2953 1218 3002 eum,
1255 2941 1311 2990 et
1348 2936 1586 2990 beatum
1619 2935 1794 2990 faciat
1823 2951 1980 2990 eum.
2009 2957 2036 2982 ››

385 3032 696 3086 Conservet
730 3042 765 3081 a
795 3023 1090 3098 periculis,
1123 3022 1371 3079 viviﬁcet
1423 3027 1703 3096 tanquam
1739 3025 1797 3078 in
1830 3023 2036 3079 mortis

387 3117 644 3176 tenebris
675 3114 1081 3181 constitutum,
1108 3113 1345 3168 beatum
1371 3112 1556 3168 facere
1587 3113 1874 3168 bonorum
1906 3129 2034 3184 ope-

390 3225 521 3264 rum
553 3203 883 3263 accessione
913 3203 1204 3274 dignetur.

455 3299 540 3352 10.
571 3319 599 3346 ‹‹
626 3296 695 3350 Et
713 3292 1012 3356 emundet,
1047 3291 1259 3360 inquit,
1287 3290 1344 3344 in
1373 3296 1527 3345 terra
1546 3290 1722 3344 vitam
1745 3291 1872 3360 ejus
1897 3288 2030 3361 (20).

384 3388 535 3442 Bene
565 3383 811 3450 addidit,
846 3381 905 3436 in
938 3386 1119 3446 terra;
1145 3379 1284 3450 quia
1306 3378 1418 3432 nisi
1452 3378 1545 3433 hic
1569 3379 1887 3433 mundatus
1918 3380 2036 3432 fue-

384 3477 477 3543 rit,
512 3475 590 3530 ibi
643 3472 903 3528 mundus
954 3485 1082 3524 esse
1140 3484 1254 3523 non
1305 3467 1537 3538 poterit.
1560 3466 1661 3522 Vel
1712 3473 1864 3522 certe
1925 3470 2032 3525 hoc

384 3565 554 3620 modo
587 3580 652 3618 :«
690 3559 978 3616 Emundet
1018 3559 1076 3612 in
1123 3565 1296 3612 terra.
1327 3580 1352 3606 υ
1377 3555 1676 3622 Quomodo
1709 3558 1865 3611 enim
1899 3560 2033 3629 quis

384 3655 639 3706 mundus
687 3650 745 3703 in
795 3649 947 3714 luto;
981 3663 1115 3700 cum
1177 3652 1333 3700 terra
1373 3661 1505 3700 eum
1568 3643 1854 3699 obliniat?
1885 3648 2034 3718 Ergo

381 3739 610 3796 Domini
643 3753 856 3792 manus
903 3741 987 3790 est
1038 3729 1540 3804 necessaria,quén
1577 3732 1705 3786 fecit
1758 3737 1828 3787 de
1880 3739 2034 3789 terra

380 3843 622 3899 corpus;
656 3829 722 3880 ut
754 3825 880 3896 ipsa
911 3823 1199 3876 mundare
1229 3822 1522 3893 dignetur.

451 3916 598 3972 871
638 3915 724 3968 11.
759 3912 945 3982 (Vere.
978 3911 1056 3979 3.)
1084 3932 1110 3956 ‹‹
1145 3910 1209 3963 Et
1240 3925 1353 3963 non
1384 3908 1577 3963 tradat
1616 3924 1750 3963 eum
1800 3911 1856 3964 in
1909 3928 2030 3967 ma-

381 4022 495 4062 nus
523 4001 748 4059 inimici
779 4003 906 4072 ejus
939 3999 1073 4070 (2U).
1100 4019 1128 4047 ιι
1162 3997 1303 4062 Quis
1333 4001 1422 4053 est
1453 3996 1762 4066 inimicus;
1799 3999 1908 4054 nisi
1944 3999 2032 4056 leo

303 4150 306 4153 .
381 4097 478 4152 ille
513 4095 612 4168 qui
662 4092 871 4150 circuit
917 4089 1180 4161 rugiens,
1213 4103 1479 4158 querens
1528 4101 1702 4157 quem
1752 4088 2033 4142 devoret?

379 4185 488 4241 Alii
520 4184 740 4240 habent
767 4179 947 4236 Graeci
986 4195 1053 4233 :u
1088 4177 1158 4232 Et
1208 4193 1324 4230 non
1372 4175 1566 4229 tradat
1614 4191 1748 4230 eum
1797 4175 1857 4230 in
1907 4177 2030 4230 ani-

386 4291 510 4329 mas
543 4271 917 4328 inimicorum
959 4267 1107 4338 ejus.
1136 4288 1163 4313 ››
1193 4264 1434 4319 Animas
1466 4279 1569 4335 pro
1603 4263 1877 4319 manibus
1924 4282 2028 4336 po-

381 4363 522 4427 suit,
547 4378 613 4417 eo
646 4359 801 4431 quod
828 4357 1202 4412 inimicorum
1227 4353 1434 4408 animae
1457 4352 1625 4407 bouis
1657 4352 2030 4420 insidientur,

379 4457 435 4506 et
473 4447 930 4522 cogitationibus
981 4443 1104 4498 suis
1147 4445 1378 4513 justum
1428 4447 1712 4495 conentur
1755 4447 2028 4498 evertere.

381 4541 668 4594 Dicuntur
697 4540 753 4592 et
783 4534 990 4590 anima:
1043 4547 1145 4602 pro
1196 4528 1555 4584 hominibus.
1580 4551 1606 4576 ‹‹
1642 4528 1858 4584 Omnes
1905 4530 2023 4584 ani-
2063 4559 2106 4622 D

380 4644 484 4681 mae
533 4624 933 4696 septuaginta,
967 4637 1094 4692 qua:
1128 4617 1557 4673 descenderunt
1611 4615 1668 4669 in
1715 4621 2027 4689 ASgyptum

378 4714 534 4784 (Gen.
568 4729 716 4781 XLVI,
749 4713 862 4781 27),
887 4732 914 4759 »
953 4710 1083 4762 ldco
1117 4714 1174 4760 et
1204 4705 1380 4760 David
1417 4703 1621 4758 maluit
1651 4703 1750 4760 Dei
1785 4721 1846 4759 se
1876 4723 2029 4760 com-

380 4804 609 4858 mittere
657 4798 952 4873 potestati,
993 4811 1171 4868 quam
1216 4792 1449 4847 insidiis
1498 4791 1893 4860 inimicorum,
1928 4794 2026 4864 qui

378 4907 612 4965 parcere
644 4905 753 4945 sua
782 4884 1080 4942 voluntate
1108 4883 1420 4938 nescirent.

452 4983 537 5038 12.
574 4978 759 5052 (Vere.
794 4977 873 5048 4.)
921 4973 1197 5044 Sequitur
1231 4989 1242 5025 :
1277 4997 1302 5018 «ι
1342 4969 1622 5024 Dominus
1671 4987 1837 5042 opem
1885 4973 2028 5027 ferat

377 5070 461 5124 illi
494 5085 675 5141 supra
705 5068 919 5122 lectum
951 5061 1166 5117 doloris
1196 5062 1360 5132 ejus:
1397 5059 1736 5114 universum
1776 5065 2026 5116 stratum

450 5212 562 5283 (19)
598 5211 772 5283 Rom.
799 5207 938 5263 edit.
987 5204 1130 5272 sola,
1165 5203 1458 5283 Pontiﬁcis
1507 5202 1871 5283 {na-(luimus!
1916 5205 2029 5283 ipse

379 5273 804 5354 est‘prOpitiatio
848 5293 961 5354 pro_
990 5277 1253 5354 peccatis:
1280 5274 1443 5354 haud
1493 5273 1668 5354 dubie
1698 5273 1838 5342 quia
1878 5273 2024 5354 allu-

379 5345 514 5409 sum
562 5345 862 5425 putarunt'
896 5349 966 5403 ad
990 5345 1158 5425 illud
1209 5345 1380 5425 Hebr.
1415 5361 1489 5415 ιν,
1524 5345 1586 5399 14
1621 5354 1894 5425 ςηἜγοντες
1941 5353 2027 5403 οὖν

376 5417 612 5497 ἀρχιιρὲα
658 5430 837 5492 μέγανς
871 5426 928 5474 et
970 5418 1041 5474 ad
1091 5417 1248 5471 istud
1272 5417 1488 5497 ‘Joan...
1515 5431 1577 5482 ιι,
1621 5419 1716 5497 ‘2‘:
1750 5428 1839 5472 Καὶ
1865 5425 2025 5497 ιιιύεοςξ

381 5486 580 5565 ίΧᾶξμῦς
610 5486 711 5549 ἐσίτι
731 5486 849 5562 ⁷*περὶ
865 5501 962 5546 τῶν
982 5497 1232 5568 ἁμαρτιῶν
1259 5493 1419 5568 ἡμῶνἶ
1442 5486 2028 5568 verumtamennihil

379 5558 627 5635 est,'cgur
671 5558 974 5635 propterea
1020 5558 1345 5618 versionem
1391 5558 1684 5618 Ambrosii
1734 5560 2026 5632 existime-

381 5649 517 5695 mus
547 5632 1007 5692 inimutandam.

2170 639 2332 706 loris,
2361 641 2500 712 quia
2544 657 2758 713 corpus
2815 647 2906 698 est
2961 645 3186 712 mortis,
3219 647 3296 700 de
3324 662 3447 716 quo
3489 661 3558 700 se
3603 643 3825 700 liberari

2169 729 2514 800 deprecatur
2558 730 2869 801 Apostolus
2916 733 3087 802 (Rom.
3119 751 3222 799 vn,
3255 735 3372 803 24),
3427 738 3497 790 ut
3546 737 3824 805 tanquam

2168 817 2241 871 de
2269 816 2500 873 tumulo
2530 818 2784 889 quodam
2829 820 3016 890 possit
3055 821 3399 892 adsurgere,
3435 821 3502 875 in
3533 837 3656 891 quo
3685 837 3826 892 aegra

2159 905 2318 975 jacet
2349 905 2564 972 anima,
2587 909 2644 960 et
2672 906 2839 976 quasi
2873 908 3125 978 quodam
3159 908 3468 964 decumbit
3497 909 3559 963 in
3593 908 3820 964 lectulo.

2169 993 2579 1064 Symmachus,
2613 1017 2642 1044 «
2686 993 2902 1050 lectum
2960 996 3208 1052 miseria:
3248 1020 3277 1048 ››
3330 997 3486 1052 dixit
3529 1014 3544 1053 :
3597 997 3821 1069 Aquila,

2168 1104 2196 1130 ι(
2225 1082 2538 1154 grabatum
2563 1082 2812 1140 miseria
2836 1101 2850 1139 :
2874 1107 2896 1133 ι
2922 1085 3258 1156 expressius
3280 1086 3682 1158 Septuaginta
3701 1087 3819 1151 viri,

2164 1194 2190 1219 «
2225 1169 2438 1226 lectum
2472 1170 2711 1238 doloris,
2739 1195 2762 1223 ι
2795 1177 3148 1244 putaverunt
3175 1189 3308 1230 esse
3337 1175 3693 1230 dicendum.
3730 1175 3822 1229 His

2161 1275 2297 1331 ergo
2327 1259 2630 1315 versiculis
2679 1261 2960 1317 utendum
2991 1265 3080 1317 est
3118 1263 3273 1333 apud
3305 1279 3407 1318 eos
3439 1262 3546 1334 qui
3602 1263 3822 1318 diutius

2160 1347 2500 1403 inﬁrmitate
2531 1348 2790 1422 corporis
2836 1349 3191 1415 detinentur,
3225 1355 3292 1405 ut
3323 1350 3586 1406 habeant
3640 1350 3822 1406 medi-

2161 1435 2352 1490 cinam
2388 1435 2507 1502 Dei,
2537 1453 2656 1507 qua
2700 1436 2828 1491 sani
2857 1453 2986 1493 esse
3035 1443 3391 1494 mereantur.
3427 1439 3649 1494 Lectus
3691 1454 3825 1511 ergo

2160 1523 2368 1576 anima
2400 1539 2533 1578 caro
2581 1523 2816 1578 inﬁrma
2861 1528 2970 1588 est,
3005 1526 3174 1596 cujus
3221 1525 3567 1597 aegritudini
3624 1526 3824 1581 anima

2160 1615 2360 1664 nostra
2388 1611 2758 1682 compatitur,
2784 1628 2909 1682 quas
2942 1612 2990 1666 si
3018 1611 3229 1668 habeat
3259 1614 3598 1684 adjutorem
3637 1615 3821 1669 Domi-

2160 1715 2324 1767 num,
2356 1698 2496 1752 dicit
2524 1699 2574 1754 ei
2609 1715 2668 1753 :u
2705 1701 2909 1772 Surge,
2937 1699 3073 1756 tolle
3103 1699 3321 1756 lectum
3355 1707 3550 1767 tuum,
3587 1706 3650 1757 et
3681 1703 3818 1758 vade

2159 1787 2216 1840 in
2266 1787 2507 1842 domum
2556 1791 2718 1842 tuam
2767 1792 2923 1855 (Luc.
2969 1806 3024 1854 v,
3073 1791 3240 1859 24).»
3274 1792 3398 1855 Quo
3448 1790 3817 1846 confortatus

2155 1875 2256 1930 Dei
2308 1876 2481 1930 verbo
2529 1876 2629 1946 qui
2680 1892 2831 1948 aeger
2875 1883 3018 1945 erat,
3051 1878 3242 1949 surgit
3286 1885 3344 1932 et
3392 1878 3550 1933 tollit
3599 1879 3816 1935 lectum

2154 1980 2328 2018 suum
2362 1964 2420 2018 in
2452 1980 2566 2035 quo
2587 1964 2843 2034 jacebat,
2875 1970 2933 2020 et
2962 1967 3114 2021 redit
3144 1966 3200 2021 in
3235 1971 3456 2022 statum
3493 1968 3815 2039 pristinum

2153 2051 2444 2107 sanitatis.
2477 2052 2595 2108 Hoc
2623 2058 2713 2108 est
2741 2052 2800 2108 in
2833 2054 3073 2109 domum
3109 2071 3278 2110 suam
3336 2058 3595 2128 regredi,
3617 2061 3686 2111 ut
3717 2057 3815 2112 ha-

2149 2140 2292 2196 bitet
2319 2141 2376 2194 in
2399 2140 2694 2197 domicilio
2713 2141 3137 2198 robustissima;
3166 2141 3547 2199 valetudinis.
3573 2144 3690 2208 Qui
3721 2145 3816 2201 ha-

2153 2229 2322 2295 bitat,
2347 2229 2494 2302 regit
2527 2247 2540 2285 :
2576 2231 2677 2301 qui
2713 2231 2883 2303 regit,
2914 2231 3149 2286 virtutis
3177 2231 3355 2286 habet
3397 2231 3512 2287 sibi
3560 2235 3813 2305 gratiam

2153 2318 2593 2390 suﬁ‘ragantem.
2643 2319 2753 2374 Sed
2804 2319 2978 2374 etiam
3031 2324 3282 2374 stratum
3330 2337 3571 2376 omnem
3623 2331 3812 2378 versat

2151 2406 2438 2462 Dominus
2466 2406 2527 2462 in
2565 2407 2906 2463 inﬁrmitate
2950 2407 3304 2479 languentis,
3337 2409 3432 2464 cui
3479 2410 3695 2466 adesse
3724 2413 3808 2466 di-

2149 2499 2384 2565 gnatur.
2419 2495 2583 2558 Quod
2629 2501 2914 2563 versatur,
2947 2503 3165 2551 statum
3210 2502 3423 2562 mutat,
3457 2503 3564 2554 aut
3592 2516 3666 2555 ex
3711 2518 3806 2556 sa-

2150 2583 2331 2638 nitate
2359 2582 2418 2637 in
2451 2583 2880 2655 aegritudinem,
2912 2590 3016 2641 aut
3053 2603 3120 2642 ex
3160 2586 3512 2657 aegritudine
3543 2589 3619 2643 ad
3653 2590 3800 2644 sani-

2150 2675 2348 2726 tatem.
2385 2671 2487 2725 Hic
2517 2686 2653 2742 ergo
2702 2672 2801 2742 qui
2843 2677 3106 2744 aegrotat,
3136 2679 3327 2730 versat
3374 2690 3439 2730 se
3491 2675 3564 2730 ad
3617 2692 3799 2732 reme-

2150 2758 2312 2813 dium
2347 2758 2636 2814 sanitatis.

2223 2848 2304 2903 13.
2341 2848 2434 2902 Sic
2464 2864 2600 2919 ergo
2645 2848 2929 2904 Dominus
2973 2849 3168 2916 Jesus,
3199 2851 3308 2906 etsi
3339 2851 3688 2919 vulneratus
3712 2858 3798 2909 est

2147 2942 2383 3008 propter
2409 2941 2646 3008 peccata
2694 2944 2914 3004 nostra,
2946 2943 3140 2994 tamen
3176 2956 3292 2994 non
3323 2939 3384 2993 in
3417 2939 3524 2994 illa
3553 2942 3794 2997 inﬁrmi-

2146 3031 2262 3080 tate
2301 3026 2644 3096 permansit,
2675 3025 2775 3080 sed
2822 3041 2886 3081 se
2935 3027 3058 3098 ipse
3086 3028 3339 3082 versavit
3366 3027 3430 3082 in
3464 3028 3676 3085 melius
3722 3032 3793 3086 ad

2145 3113 2549 3168 universorum
2594 3111 2864 3167 salutem.
2917 3113 3116 3185 Itaque
3160 3114 3436 3186 passione
3484 3117 3790 3173 inﬁrmitas

2064 3192 2106 3259 C
2144 3208 2233 3258 est
2263 3201 2474 3266 soluta,
2511 3217 2669 3256 mors
2707 3202 3148 3258 resurrectione.
3180 3203 3344 3259 Sicut
3391 3220 3529 3277 ergo
3563 3221 3625 3262 se
3672 3207 3788 3278 ipse

2143 3291 2392 3346 versavit
2439 3291 2508 3345 ad
2553 3289 2900 3362 populorum
2933 3291 3423 3363 redemptionem,
3455 3310 3561 3349 nec
3608 3294 3788 3350 sensit

2142 3378 2410 3434 aculeum
2470 3379 2694 3446 mortis,
2727 3383 2829 3433 aut
2884 3378 3142 3436 vulneris
3196 3380 3606 3438 inﬁrmitatem
3649 3401 3663 3438 :
3708 3384 3785 3439 sic

2143 3485 2275 3522 eum
2309 3466 2407 3543 qui
2439 3467 2494 3520 in
2529 3483 2590 3520 se
2628 3465 2832 3533 credit,
2865 3468 2974 3522 etsi
3003 3469 3260 3540 graviter
3289 3475 3694 3543 aegrotantem,
3729 3478 3784 3526 ut

2143 3574 2176 3609 a
2233 3540 2416 3609 morte
2476 3554 2698 3620 liberet,
2746 3561 2939 3611 versat
2988 3557 3061 3611 ad
3110 3557 3308 3612 vitam.
3346 3540 3599 3614 Dmnem
3659 3576 3783 3630 ergo

2143 3650 2411 3708 stratum,
2439 3643 2546 3697 hoc
2577 3648 2686 3709 est,
2709 3644 3114 3700 universorum
3146 3644 3456 3701 hominum
3491 3647 3788 3703 inﬁrmita-

2141 3738 2256 3787 tem
2292 3733 2344 3785 in
2382 3748 2489 3786 sua
2531 3731 2872 3786 infirmitate
2921 3732 3187 3789 versavit.
3215 3734 3486 3806 Suscepit
3517 3737 3674 3792 enim
3705 3738 3785 3791 in-

2141 3822 2451 3876 ﬁrmitates
2481 3819 2744 3874 omnium
2775 3820 2856 3874 ~in
2887 3837 2996 3876 sua
3045 3837 3238 3890 carne,
3271 3823 3455 3878 erexit
3482 3841 3547 3880 se
3576 3825 3635 3880 in
3667 3842 3788 3881 cru-

2142 3927 2288 3978 cem,
2313 3913 2369 3964 et
2399 3909 2650 3964 versavit
2678 3908 2943 3964 omnium
2977 3909 3353 3967 inﬁrmitates
3384 3913 3446 3967 in
3480 3915 3572 3968 sui
3601 3931 3790 3986 corpo-

2142 4000 2222 4054 ris
2254 3997 2614 4052 inﬁrmitate.
2635 3995 2798 4052 Unde
2826 3997 2968 4052 dicit
2997 3999 3179 4054 Isaias
3204 4016 3217 4053 :
3241 4024 3267 4048 ‹‹
3295 4000 3499 4057 Livore
3529 4004 3659 4073 ejus
3690 4020 3787 4058 nos

2141 4088 2328 4142 sanati
2379 4103 2588 4141 sumus
2636 4087 2760 4156 (Isa.
2796 4103 2914 4154 LIII,
2947 4088 3080 4156 5).»
3113 4088 3338 4144 Habent
3384 4089 3498 4145 hoc
3546 4091 3783 4147 luctato-

2143 4193 2254 4243 res,
2290 4180 2351 4230 ut
2385 4192 2446 4230 se
2493 4174 2813 4246 subjiciunt
2841 4175 2914 4230 iis
2954 4176 3172 4248 quibus
3216 4179 3681 4250 congrediuntur
3707 4187 3782 4235 at-

2141 4282 2254 4337 que
2284 4263 2601 4334 luctantur,
2635 4269 2701 4318 ut
2728 4264 2982 4335 opprimi
3026 4281 3198 4337 posse
3248 4266 3574 4336 videantur,
3604 4273 3663 4324 et
3693 4286 3779 4323 su-

2141 4355 2260 4409 bito
2291 4370 2423 4408 cum
2469 4352 2727 4424 superati
2771 4353 3140 4408 estimantur
3167 4353 3416 4424 elidunt,
3451 4362 3507 4410 et
3537 4358 3777 4428 quadarn

2141 4447 2261 4498 arte
2293 4443 2404 4513 (2t)
2437 4457 2498 4497 se
2528 4445 2781 4510 versant,
2815 4445 2880 4496 ut
2922 4442 3226 4497 etl‘undant
3269 4445 3652 4515 superiorem.
3685 4446 3775 4500 Ca-

2139 4533 2225 4586 dit
2254 4531 2356 4602 qui
2390 4531 2749 4602 portabatur,
2784 4533 2841 4585 et
2873 4531 2922 4586 is
2952 4531 3052 4602 qui
3086 4532 3374 4602 portabat,
3409 4533 3673 4606 superior
3702 4535 3775 4588 in-

2137 4619 2390 4684 venitur,
2423 4624 2487 4672 ut
2519 4622 2740 4674 sternet
2789 4625 3116 4691 urgentem.
3153 4619 3413 4692 Spiritali
3463 4624 3660 4694 itaque
3689 4640 3774 4694 pa-

2137 4707 2315 4763 lestra
2344 4707 2630 4762 Dominus
2672 4705 2846 4761 Jesus
2899 4723 3076 4762 onera
3124 4714 3326 4764 nostra
3372 4711 3698 4783 suscipiens
3725 4710 3774 4762 in

2136 4795 2234 4851 illa
2265 4813 2326 4851 se
2367 4794 2659 4867 passionis
2709 4811 2828 4849 sua;
2879 4796 3288 4868 congressione
3339 4798 3610 4869 subjecit,
3640 4802 3697 4854 et
3725 4799 3772 4851 in

2137 4883 2501 4938 inﬁrmitatis
2549 4882 2764 4954 specie,
2797 4889 2862 4938 ut
2888 4900 3023 4938 eum
3071 4885 3441 4940 adversarius
3491 4886 3771 4941 hominem

2137 4990 2337 5045 parem
2369 4973 2590 5026 caeteris
2627 4972 2939 5042 judicarct,
2967 4989 3138 5044 quem
3175 4973 3340 5028 facile
3371 4980 3571 5045 posset
3591 4973 3770 5046 oppri-

2138 5078 2314 5128 mere,
2337 5060 2660 5116 divinitatis
2697 5076 2861 5116 arma
2889 5061 3184 5133 deposuit,
3213 5061 3599 5119 humanitatis
3629 5061 3766 5118 ειη

2209 5206 2318 5276 (20)
2351 5203 2651 5276 Habentur
2679 5219 2747 5258 ea
2784 5203 2959 5276 verba
3001 5202 3060 5258 in
3110 5203 3284 5260 Psalt.
3306 5221 3464 5276 mss.
3498 5205 3683 5261 Germ.
3713 5207 3762 5256 et

2137 5274 2307 5332 Carn.
2342 5291 2566 5330 necnon
2598 5274 2764 5328 Rom.
2791 5274 2943 5330 edito
2969 5292 3066 5330 an.
3096 5277 3264 5343 1583;
3299 5275 3356 5332 in
3388 5277 3655 5332 omnibus
3675 5290 3760 5328 au-

2137 5353 2254 5403 tem
2286 5345 2416 5401 aliis
2449 5345 2880 5402 desiderantur.

2208 5418 2319 5501 (21)
2351 5417 2436 5472 Ita
2481 5416 2770 5501 cod._.Vat-.
2818 5421 2875 5472 et
2923 5421 3178 5501 quatuor
3224 5418 3428 5501 Gallic.
3467 5418 3582 5501 .Alii
3617 5430 3754 5501 vero,

2137 5487 2309 5558 edit.,'
2344 5503 2469 5546 cum
2522 5490 2838 5549 aestimatur
2887 5487 3058 5554 elidi;
3109 5490 3301 5561 Rom.,
3352 5491 3496 5560 elisi,
3543 5487 3753 5564 quadam

2135 5569 2274 5638 arte,
2306 5564 2416 5621 ato.
