3860 6206
235 285 393 346 “25
1346 276 1805 345 ENARRATIO
1846 282 1872 345 Ι

2071 284 2344 350 ALMUM
2391 286 2517 350 XL.
3483 289 3640 350 H26

235 420 474 489 tegmen
505 411 1406 488 assumpsit.8ecurrusvictorias
1431 416 1670 487 propius
1692 420 1876 471 tcnta-
1909 419 1964 484 Α
1996 418 2211 474 moriar
2257 437 2382 492 ego,
2435 437 2560 491 qua!
2611 425 2666 476 te
2713 420 2843 477 novi
2887 419 3016 478 vitae
3072 419 3380 489 arbitrum,
3430 420 3640 477 salutis

233 509 330 562 tor
361 502 710 561 accessit:in
737 506 898 560 costa
925 519 1059 560 eum
1088 502 1202 560 telo
1233 502 1438 558 militis
1466 504 1650 560 voluit
1676 503 1883 558 vulne-
1958 496 1973 506 ’
1993 511 2310 562 auctorem.
2345 508 2627 565 Novimus
2657 509 2814 565 enim
2848 509 3002 582 quod
3032 513 3296 582 tempore
3347 509 3641 582 passionis

239 609 391 662 rare,
435 596 716 666 reputans
759 595 817 648 et
869 591 1026 647 hunc
1075 591 1228 648 sicut
1271 591 1455 646 Adam
1515 608 1618 664 per
1662 595 1884 648 costam
1992 598 2050 650 et
2107 596 2552 653 resurrectionis
2604 598 2853 654 orabant
2899 598 3172 671 discipuli
3241 597 3574 672 congregati
3627 615 3640 654 :

238 697 414 756 posse
453 680 764 755 prosterni.
815 681 927 737 Sed
983 678 1323 736 vulneratus
1369 679 1548 735 latere
1600 680 1885 736 Dominus

236 771 415 828 Jesus
445 770 626 826 vitam
656 769 930 842 produxit
974 783 1006 824 e
1055 767 1314 836 vulnere,
1366 767 1666 824 evacuavit
1713 784 1887 823 omne

237 862 571 933 peccatum,
602 857 813 929 dejeeit
839 855 1260 923 adversarium,
1292 855 1386 912 cui
1416 861 1664 913 mortem
1707 855 1886 912 latro-

239 949 336 1005 nis
367 946 602 1020 eripuit,
633 951 692 1002 et
738 946 797 1000 in
828 943 928 1001 illa
956 945 1048 1001 sui
1098 945 1357 1017 corporis
1409 943 1712 1018 sepultura
1750 961 1884 1000 cum

241 1035 631 1093 astimaretur
657 1051 998 1106 oppressus,
1030 1032 1212 1089 elisus
1255 1050 1364 1090 sua
1416 1051 1479 1090 se
1525 1035 1738 1090 virtute
1767 1050 1889 1090 ver-

243 1124 414 1191 savit,
447 1122 655 1179 cecidit
682 1121 1074 1191 adversarius,
1106 1122 1392 1177 Dominus
1419 1122 1756 1178 resurrexit.

321 1213 405 1268 14.
439 1213 626 1284 (Vers.
657 1211 736 1282 5.)
767 1209 1042 1282 Sequitur
1092 1226 1106 1265 :
1161 1230 1188 1263 α
1237 1210 1386 1283 Ergo
1426 1210 1543 1265 dixi
1573 1227 1586 1264 :
1621 1210 1887 1278 Domine,

244 1301 524 1357 miserere
553 1299 668 1355 mei
701 1316 714 1354 :
749 1316 896 1355 sana
925 1299 1182 1354 animam
1226 1315 1438 1366 meam,
1474 1298 1614 1371 quia
1661 1298 1890 1371 peccavi

242 1389 374 1445 tibi.
407 1411 436 1440 »
468 1387 663 1445 Potest
702 1392 759 1444 et
803 1404 872 1443 ex
920 1403 1168 1460 persona
1207 1388 1360 1460 regis
1409 1387 1588 1443 David
1614 1387 1724 1442 hoc
1755 1386 1890 1453 dici,

248 1478 349 1551 qui
381 1478 586 1534 videns
615 1477 676 1531 in
706 1476 916 1548 spiritu
947 1480 1172 1532 tantam
1202 1475 1504 1530 victoriam
1536 1478 1592 1530 et
1643 1474 1894 1547 gratiam

248 1566 489 1632 Christi,
547 1564 693 1638 petit
737 1568 803 1619 ut
860 1565 918 1618 in
974 1563 1073 1620 illa
1124 1563 1468 1620 remissione
1523 1567 1894 1634 peccatorum

249 1655 517 1712 omnium
549 1657 606 1710 et
635 1653 726 1709 sui
748 1654 1132 1720 misereatur;
1166 1652 1443 1724 quoniam
1477 1651 1739 1725 ipse,etsi
1761 1650 1899 1724 legi-

1995 685 2229 754 quando
2270 685 2353 740 eis
2398 685 2580 741 Maria
2614 686 2956 760 Magdalena
3005 687 3392 744 resurrexisse
3449 685 3645 742 Domi-

1995 788 2136 827 num
2170 773 2480 843 nuntiavit,
2509 779 2566 830 et
2595 775 2828 846 quando
2859 776 2966 845 eis,
2998 775 3200 831 clausa
3222 777 3433 847 janua,
3453 773 3645 831 Domi-

1997 877 2110 916 nus
2135 877 2197 916 se
2227 861 2287 916 in
2315 879 2555 935 corpore
2601 864 3045 919 resurrectionis
3091 863 3366 930 ostendit,
3411 863 3646 936 quando

1998 947 2255 1004 Thomas
2287 949 2530 1006 vulnera
2561 952 2688 1022 ejus
2722 951 2943 1020 vidit,et
2977 951 3243 1007 credidit.
3278 951 3649 1007 Insultabant

1998 1050 2134 1108 ergo
2177 1037 2363 1093 Judaei
2412 1039 2581 1109 quasi
2629 1046 2879 1108 mortuo,
2912 1041 3009 1094 sed
3043 1041 3327 1096 Dominus
3355 1039 3646 1095 viventem

1999 1141 2061 1181 se
2094 1124 2372 1196 apostolis
2413 1126 2875 1183 revelabat.Cum
2930 1144 3064 1200 ergo
3114 1128 3371 1183 dicerent
3407 1127 3592 1184 Judazi
3631 1145 3643 1183 :

2004 1234 2031 1262 «
2064 1214 2206 1268 Ecce
2254 1215 2512 1270 mundus
2565 1220 2723 1271 totus
2772 1219 2904 1288 post
2952 1233 3084 1272 eum
3131 1217 3275 1271 abiit
3317 1216 3495 1287 (Joan.
3544 1233 3647 1282 xu,

2004 1300 2120 1372 19);
2155 1318 2330 1356 neum
2366 1302 2626 1358 dicerent
2651 1305 2788 1375 quia
2821 1304 3191 1359 mirabilibus
3221 1303 3495 1376 cperibus
3525 1303 3650 1358 suis

2003 1389 2230 1444 seducit
2255 1390 2702 1462 pepulum;quid
2739 1392 2895 1446 aliud
2920 1391 3329 1456 dicebant,nisi
3357 1391 3652 1456 :«Quando

2005 1477 2307 1547 morietur,
2345 1501 2373 1529 »
2405 1486 2462 1535 et
2493 1480 2706 1551 peribit
2737 1497 2948 1535 nomen
2981 1480 3152 1552 ejus?
3184 1481 3254 1535 Et
3283 1480 3412 1536 ideo
3432 1480 3493 1534 in
3525 1479 3655 1551 ejus

2005 1566 2278 1640 passione
2319 1567 2654 1626 clamabant
2687 1585 2700 1623 τ
2737 1593 2763 1617 κ
2798 1568 2978 1635 Tolle,
3010 1568 3148 1624 tolle
3196 1585 3230 1624 a
3274 1571 3432 1624 terra
3475 1566 3654 1623 talem

2005 1655 2162 1711 hunc
2195 1675 2206 1711 :
2243 1657 2640 1729 cruciﬁgatur,
2675 1658 3052 1730 crucifigatur
3096 1659 3270 1727 (Joan.
3301 1673 3421 1724 xrx,
3471 1656 3580 1725 15).
3626 1676 3654 1704 ››

249 1745 382 1842 bus,
416 1743 585 1842 quasi
617 1757 736 1808 rex,
768 1759 880 1797 non
908 1745 1205 1842 teneretur
1231 1741 1528 1810 humanis,
1558 1745 1895 1842 motarum
1933 1778 1979 1842 B
2011 1745 2248 1800 Factum
2278 1751 2366 1801 est
2397 1748 2549 1818 quod
2585 1747 2735 1803 878
2768 1747 3064 1818 petebant,
3099 1745 3369 1801 sublatus
3417 1761 3451 1800 a
3499 1747 3658 1799 terra

249 1833 570 1890 obnoxium
603 1847 665 1888 se
691 1848 796 1904 pro
829 1831 1081 1903 peccatis
1109 1830 1234 1887 suis
1264 1847 1393 1887 esse
1422 1829 1893 1904 cognoscit.Con-

253 1922 458 1978 ﬁtetur
485 1935 623 1993 ergo
653 1923 955 1992 peccatum
987 1936 1196 1988 suum;
1227 1924 1292 1975 ut
1320 1919 1568 1992 accipiat
1597 1919 1896 1975 remissio-

255 2025 412 2077 nem,
462 2012 521 2064 et
576 2007 865 2081 generalis
916 2007 1292 2080 indulgentias
1350 2024 1568 2063 munus
1620 2006 1895 2063 inveniat.

254 2099 470 2166 Potest,
504 2101 560 2154 et
587 2113 656 2154 ex
691 2112 941 2170 persona
987 2094 1302 2152 Salvatoris
1349 2094 1459 2152 hoc
1499 2095 1765 2168 exprimi,
1799 2095 1896 2167 qui

256 2186 431 2243 nobis
471 2184 932 2242 misericordiam
989 2185 1090 2240 Dei
1118 2183 1396 2257 postulat,
1427 2189 1484 2240 et
1539 2199 1810 2257 peccasse
1841 2199 1902 2239 se

258 2275 426 2342 dixit,
462 2274 599 2346 quia
646 2289 750 2346 pro
805 2272 973 2328 nobis
1032 2276 1305 2344 pecatum
1361 2272 1548 2328 factus
1575 2277 1680 2328 est.
1715 2270 1903 2327 Simul

259 2380 368 2420 nos
399 2363 567 2420 docet
597 2379 732 2418 cum
762 2361 822 2417 in
857 2361 1052 2433 aliquo
1083 2376 1292 2417 sumus
1324 2360 1602 2416 adversus
1632 2359 1905 2416 inimicos

257 2452 362 2509 Dei
393 2450 711 2508 certamine
741 2449 1135 2512 constituti.ut
1161 2449 1262 2504 Dei
1309 2448 1692 2521 imploremus
1741 2447 1904 2504 auxi-

257 2540 407 2597 lium
441 2559 453 2596 :
486 2540 599 2612 ipsi
632 2543 867 2612 peccata
913 2543 1115 2595 nostra
1166 2538 1473 2606 fateamur,
1508 2541 1564 2594 et
1591 2541 1733 2592 tunc
1785 2553 1908 2592 ma-

258 2631 416 2686 xime
458 2645 593 2684 cum
640 2645 920 2702 urgemur
976 2632 1032 2702 et
1089 2627 1352 2695 terimur,
1409 2644 1543 2682 cum
1596 2625 1796 2682 dolore
1852 2630 1909 2681 et

260 2718 658 2776 amaritudine
685 2733 790 2772 nos
822 2721 1285 2789 prosternamus,
1317 2733 1390 2771 ne
1421 2715 1675 2770 tacuisse
1721 2715 1909 2770 videa-

260 2823 429 2877 mur;
463 2823 578 2879 quo
611 2805 902 2862 medicina
948 2804 1120 2861 citius
1169 2804 1386 2861 nostris
1431 2803 1773 2860 vulneribus
1819 2804 1910 2859 dc-

262 2897 506 2966 feratur,
539 2898 608 2951 ut
635 2894 824 2951 sanati
857 2893 1186 2949 adversario
1219 2893 1585 2948 resistamus.
1609 2891 1910 2956 Quomodo

262 2984 423 3042 enim
452 2987 641 3057 potest
671 2982 943 3056 congredi
985 2980 1366 3038 vulneratus?
1417 2981 1580 3037 Unde
1626 2979 1912 3036 discimus

264 3073 408 3146 quia
435 3074 806 3146 peccatorum
847 3074 1180 3127 nostrorum
1227 3068 1446 3126 aculeis
1490 3068 1913 3125 vulneramur?

2009 1838 2119 1900 est,
2180 1835 2515 1905 resurrexit,
2573 1837 2643 1890 ad
2702 1836 2911 1890 coelum
2972 1834 3255 1901 ascendit,
3304 1837 3364 1889 et
3409 1847 3657 1905 regnum

2008 1939 2182 1977 suum
2216 1923 2286 1978 de
2319 1924 2487 1979 nobis
2519 1924 2773 1995 paradisi
2803 1923 3041 1979 sedibus
3073 1921 3409 1978 reformavit
3437 1921 3570 1993 (22).

2084 2011 2168 2066 16.
2204 2011 2388 2082 (Vers.
2411 2014 2493 2080 7.)
2523 2011 2601 2067 De
2631 2013 2786 2068 Juda
2816 2027 3048 2085 quoque
3100 2011 3397 2083 proditore
3425 2009 3660 2065 evidens

2011 2098 2313 2170 prophetia
2342 2100 2674 2155 subtexitur
2704 2102 2761 2156 in
2792 2100 2884 2157 his
2915 2099 3243 2165 versiculis,
3269 2097 3370 2170 qui
3396 2113 3659 2169 sequun-

2009 2193 2108 2241 tur
2142 2204 2155 2241 :
2193 2208 2221 2237 «
2253 2187 2322 2241 Et
2351 2189 2757 2260 egrediebatur
2796 2194 2862 2244 ut
2904 2189 3126 2244 videret
3156 2188 3290 2260 (23),
3321 2203 3472 2243 vana
3499 2185 3658 2242 locu-

2011 2280 2108 2331 tus
2143 2293 2154 2330 :
2190 2291 2288 2330 cor
2318 2277 2447 2347 ejus
2479 2277 2850 2349 congregavit
2896 2276 3268 2348 iniquitatem
3321 2274 3453 2331 sibi.
3485 2275 3661 2347 Egre-

2014 2364 2285 2419 diebatur
2333 2364 2507 2432 foras,
2567 2369 2624 2420 et
2681 2364 3050 2437 loquebatur.
3105 2386 3130 2410 ~
3182 2365 3274 2419 Sic
3321 2361 3662 2418 distinctum

2015 2453 2227 2510 Graecis
2259 2453 2316 2508 in
2350 2454 2650 2510 codicibus
2681 2454 3033 2510 invenimus.
3057 2453 3499 2526 Ingrediebatur
3527 2467 3663 2524 ergo

2012 2543 2198 2598 Judas
2259 2559 2527 2614 quaerens
2584 2544 2825 2616 prodere
2883 2543 3264 2610 Salvatorem,
3321 2546 3387 2597 ut
3447 2541 3666 2597 videret

2016 2631 2152 2702 quid
2206 2636 2423 2703 ageret,
2475 2633 2685 2703 quidve
2735 2632 3102 2705 loqueretur;
3136 2636 3202 2687 ut
3252 2647 3385 2686 eum
3435 2632 3666 2703 caperet

2018 2720 2076 2774 in
2119 2736 2404 2788 sermone,
2457 2725 2514 2776 et
2552 2721 2773 2777 Judzeis
2815 2722 3192 2777 annuntiaret
3221 2737 3234 2776 :
3265 2720 3366 2775 sed
3394 2718 3538 2773 nihil
3569 2718 3664 2772 in-

2017 2807 2302 2875 veniebat,
2337 2808 2438 2879 qui
2471 2809 2617 2864 nihil
2649 2808 3033 2881 intelligebat.
3069 2810 3222 2864 Bene
3255 2809 3335 2864 ait
3365 2806 3666 2879 Scriptura

2020 2896 2196 2968 (Joan.
2229 2897 2351 2968 xm)
2383 2898 2521 2969 quia
2549 2898 2710 2954 intus
2734 2915 2866 2954 cum
2897 2897 3033 2954 Jesu
3067 2915 3182 2953 non
3223 2900 3347 2952 erat
3385 2896 3522 2968 (25),
3565 2895 3667 2966 qui

2021 2985 2092 3040 de
2141 2985 2403 3041 doctrina
2448 2987 2576 3056 ejus
2625 2991 2970 3054 recesserat,
3003 2990 3060 3042 et
3089 2984 3491 3041 institutiones
3539 2985 3668 3054 ejus

2022 3072 2354 3145 reliquerat.
2388 3074 2633 3131 Volebat
2660 3076 2896 3144 intrare,
2930 3075 3029 3132 sed
3063 3078 3365 3147 penetrare
3407 3089 3522 3128 non
3567 3089 3668 3144 po-

267 3160 498 3218 Vulnus
546 3159 839 3216 medicum
891 3159 1118 3231 querit,
1169 3158 1430 3215 medicus
1486 3157 1912 3214 confessionem
1942 3140 1985 3208 (Σ
2023 3140 2200 3229 terat;
2235 3163 2374 3234 quia
2419 3181 2553 3219 eum
2609 3182 2714 3222 sua
2764 3140 3105 3220 excludebat
3151 3162 3414 3235 perfidia.
3464 3140 3668 3217 Omnis

270 3249 470 3323 exigit.

346 3340 432 3394 15.
467 3338 655 3410 (Vers.
687 3339 766 3406 6.)
798 3337 944 3392 Hinc
977 3353 1208 3409 quoque
1241 3335 1430 3409 magis
1463 3351 1528 3391 ac
1557 3334 1746 3407 magis
1786 3351 1914 3406 ape-

272 3428 388 3484 rire
417 3426 675 3484 Salvator
703 3430 1134 3483 sacramentum
1183 3440 1302 3480 suae
1350 3423 1554 3495 incipit
1600 3423 1913 3496 passionis,

271 3517 428 3590 quod
459 3532 594 3573 cum
624 3514 935 3587 Evangelio
959 3513 1312 3570 concordare
1357 3529 1472 3568 non
1520 3511 1764 3566 dubium
1805 3518 1911 3566 est.

270 3606 417 3662 Nam
451 3603 876 3660 maledicebant
903 3603 954 3657 ei
985 3602 1195 3668 Judaei,
1231 3606 1475 3656 mortem
1515 3602 1645 3670 ejus
1694 3605 1917 3672 expete-

269 3697 435 3761 bant,
464 3692 883 3756 insidibantur,
915 3691 1220 3763 urgebant,
1254 3697 1608 3745 crescentem
1655 3688 1918 3761 quotidie

269 3781 518 3855 gloriam
548 3782 676 3852 ejus
707 3781 900 3853 Operis
932 3797 1047 3834 non
1080 3777 1475 3834 ferentes.Hoc
1504 3793 1639 3849 ergo
1673 3777 1912 3850 prophe-

267 3871 354 3928 tia
383 3869 712 3936 annuntiat,
745 3869 897 3940 quod
928 3867 989 3922 in
1020 3865 1329 3938 Evangelio
1375 3865 1731 3938 completum
1779 3869 1867 3921 est
1899 3883 1912 3922 :

271 3984 300 4010 ››
335 3959 562 4016 Inimici
611 3957 724 4014 mei
776 3957 1048 4012 dixerunt
1101 3955 1258 4010 mala
1289 3954 1433 4010 mihi
1467 3972 1479 4011 :
1516 3954 1757 4019 Quando
1790 3971 1912 4009 mo-

268 4049 474 4113 rietur,
519 4051 576 4104 et
607 4046 818 4119 peribit
875 4061 1086 4101 nomen
1129 4043 1295 4116 ejus?
1328 4066 1354 4093 »
1385 4047 1660 4100 Amentes
1700 4043 1804 4114 qui
1833 4043 1912 4098 vi-

268 4143 342 4193 tae
391 4141 691 4192 auctorem
745 4134 895 4190 mori
925 4150 1095 4207 posse
1141 4133 1456 4189 credebant
1487 4150 1499 4189 :
1534 4133 1637 4189 sed
1665 4136 1797 4188 vota
1828 4149 1917 4188 eo-

269 4243 402 4282 rum
468 4223 722 4282 Ecclesia
791 4223 1147 4290 destruebat,
1221 4222 1462 4278 credens
1521 4221 1675 4292 quod
1739 4220 1915 4277 etiam

269 4320 540 4372 mortuus
597 4313 924 4370 secundum
982 4309 1241 4384 corporis
1292 4309 1683 4367 conditionem
1740 4326 1914 4365 suum

271 4419 485 4460 nomen
509 4405 779 4475 augeret;
814 4406 869 4457 et
897 4401 1026 4456 ideo
1058 4399 1345 4472 psallebat
1374 4399 1425 4455 ei
1457 4399 1656 4455 dicens
1693 4415 1705 4453 :
1738 4419 1766 4448 ‹‹
1796 4398 1913 4454 Me-

2023 3251 2178 3308 enim
2224 3251 2581 3325 impudicus,
2613 3258 2714 3308 aut
2747 3255 3082 3317 avarus,aut
3113 3249 3459 3304 immundus
3491 3248 3670 3319 (quod

2023 3345 2112 3396 est
2142 3339 2429 3396 idolorum
2461 3340 2733 3411 servitus)
2776 3357 2892 3395 non
2941 3339 3115 3394 habet
3164 3335 3565 3392 hereditatem
3610 3336 3669 3390 in

2025 3445 2202 3502 regno
2232 3429 2442 3484 Christi
2477 3434 2535 3484 et
2567 3428 2684 3484 Dei.
2717 3429 2842 3483 Non
2875 3426 3066 3484 solum
3099 3441 3234 3498 ergo
3274 3422 3498 3497 ingredi
3547 3439 3669 3479 mo-

2023 3516 2292 3584 liebatur,
2327 3522 2384 3572 et
2415 3535 2528 3572 non
2561 3516 3031 3590 ingrediebatur;
3084 3515 3185 3570 sed
3221 3514 3396 3569 etiam
3444 3511 3674 3568 volebat

2022 3606 2237 3676 videre,
2269 3610 2325 3662 et
2355 3623 2468 3661 non
2500 3607 2752 3661 videbat.
2806 3605 3063 3676 Denique
3103 3602 3453 3675 loquebatur
3498 3600 3672 3656 Jesus

2024 3695 2083 3750 in
2136 3694 2450 3766 parabolis,
2483 3695 2584 3750 sed
2643 3711 2757 3750 non
2817 3693 3089 3750 audiebat
3145 3692 3350 3748 Judas.
3411 3690 3673 3761 Denique

2025 3783 2221 3839 divina
2249 3801 2364 3839 non
2395 3784 2626 3840 videbat
2655 3784 2963 3857 mysteria;
3001 3800 3113 3837 non
3147 3781 3301 3836 enim
3328 3795 3531 3835 omnes
3564 3795 3671 3833 au-

2025 3872 2195 3930 diunt
2224 3875 2462 3929 verbum
2493 3873 2614 3940 Dei,
2648 3872 2746 3946 qui
2800 3872 2908 3928 sibi
2954 3871 3226 3926 videntur
3262 3869 3481 3923 audire.
3523 3867 3670 3922 Nam

2026 3964 2075 4019 si
2107 3979 2311 4018 omnes
2363 3963 2651 4030 audirent,
2685 3979 2799 4018 non
2847 3960 3065 4016 diceret
3093 3959 3265 4014 Jesus
3300 3974 3311 4011 :
3344 3981 3370 4005 ‹‹
3406 3956 3511 4020 Qui
3561 3955 3672 4010 ha-

2026 4052 2121 4108 bet
2173 4068 2341 4107 aures
2389 4051 2686 4118 audiendi,
2722 4049 2921 4106 audiat
2961 4050 3111 4120 (Luc.
3161 4048 3310 4118 vui).
3368 4069 3395 4094 »
3446 4047 3513 4100 Et
3542 4045 3671 4100 ideo

2025 4140 2163 4212 quia
2205 4157 2320 4194 non
2364 4141 2659 4206 audiebat,
2712 4155 2899 4210 neque
2949 4138 3142 4192 videre
3191 4139 3434 4208 poterat,
3468 4134 3669 4206 loque-

2025 4229 2196 4284 batur
2242 4246 2386 4283 vana
2435 4245 2539 4300 pro
2581 4227 2752 4296 veris,
2786 4231 2844 4282 et
2874 4225 3117 4299 putabat
3148 4222 3304 4295 quod
3336 4222 3538 4278 Jesum
3570 4219 3672 4276 fal-

2024 4316 2167 4372 leret
2197 4317 2396 4371 dicens
2432 4334 2444 4371 :
2479 4339 2506 4366 α
2541 4315 2733 4370 Potuit
2762 4314 2870 4370 hoc
2898 4310 3242 4378 venundari,
3273 4314 3330 4366 et
3361 4309 3486 4365 dari
3526 4326 3669 4382 pau-

2024 4405 2261 4477 peribus
2291 4406 2498 4476 (Matth.
2539 4421 2691 4470 xxvx,
2721 4404 2871 4475 9);»
2926 4418 3056 4457 cum
3120 4399 3290 4455 furtis
3350 4399 3493 4465 suis,
3553 4413 3670 4452 non

268 4510 400 4550 mor
429 4509 526 4550 ero
556 4491 813 4547 nominis
843 4490 926 4545 tui
961 4491 1018 4544 in
1050 4489 1209 4544 omni
1239 4487 1612 4561 generatione
1641 4491 1697 4542 et
1741 4503 1912 4559 gene-
1943 4507 1991 4572 Β
2025 4494 2379 4566 pauperibus
2412 4492 2757 4566 provideret,
2793 4489 3095 4563 appellans
3127 4489 3314 4544 rabbi,
3347 4487 3492 4542 Nam
3525 4503 3670 4558 quo-

267 4583 557 4638 rationem
589 4581 759 4653 (Psal.
793 4595 945 4647 XLIV,
973 4579 1092 4649 18).
1115 4599 1142 4626 »
1170 4576 1488 4648 Repetebat
1519 4594 1537 4629 :
1568 4597 1595 4625 «
1628 4575 1910 4647 Unguen-

269 4675 400 4727 tum
447 4669 811 4726 exinanitum
860 4672 950 4723 est
1003 4681 1216 4740 nomen
1265 4671 1434 4720 tuum
1464 4663 1648 4733 (Cant.
1683 4680 1721 4731 ι,
1754 4664 1832 4735 2).
1881 4685 1911 4712 ››

269 4759 594 4817 Morientur
617 4756 726 4826 illi,
759 4756 858 4828 qui
893 4760 945 4812 te
975 4755 1121 4810 mori
1161 4769 1332 4826 posse
1357 4756 1720 4824 praesumunt
1749 4770 1762 4807 :
1799 4768 1914 4808 non

363 4955 456 5025 22)
505 4952 860 5025 Romtiedit.
914 4950 1057 5017 sola,
1103 4949 1172 5025 de
1221 4951 1374 5025 nouis
1421 4948 1672 5025 paradisi
1699 4949 1915 5025 sedibus

267 5021 609 5095 reforntavit.
670 5023 858 5095 Magis
909 5023 1235 5095 commode,
1285 5023 1350 5075 de
1399 5023 1589 5095 nobis;
1639 5037 1775 5095 cum
1822 5021 1915 5095 hic

269 5091 483 5152 sensus
513 5095 642 5150 elici
668 5111 736 5150 ex
764 5091 894 5150 istis
913 5093 1105 5150 verbis
1155 5109 1324 5164 posse
1371 5091 1638 5147 videatur
1671 5107 1684 5146 :
1712 5091 1913 5164 Chris-

265 5174 364 5224 tus
396 5167 455 5222 in
488 5167 743 5237 paradisi
776 5167 1016 5221 sedibus
1048 5162 1290 5237 regnum
1324 5179 1498 5237 suum
1531 5164 1603 5217 de
1632 5162 1803 5237 nobis
1832 5178 1916 5217 re-

268 5233 566 5303 formavit,
617 5237 772 5309 quod
821 5233 1538 5309 nimirum—perduellium
1572 5233 1914 5306 angelorum

269 5326 409 5366 casu
470 5306 659 5364 fuerat
687 5307 1123 5379 quodammodo
1139 5306 1566 5379 deformatum.

342 5381 455 5453 (23)
485 5372 880 5453 Eadem-edit.
906 5379 1099 5444 Rom.,
1129 5377 1193 5432 Et
1245 5375 1656 5453 digrediebatur
1685 5380 1747 5429 ut
1775 5372 1914 5453 uide-

268 5445 386 5508 ret:
411 5445 471 5506 in
502 5467 618 5508 auo
650 5467 765 5505 non
797 5449 988 5506 solum
1020 5465 1154 5504 cum
1187 5445 1461 5502 omnibus
1481 5446 1745 5502 omnium
1778 5445 1920 5499 idio-

268 5527 497 5580 matum
519 5517 826 5578 Psalteriis
850 5520 1139 5585 convenit,
1160 5519 1263 5574 sed
1295 5517 1470 5574 etiam
1501 5534 1636 5590 cum
1665 5517 1920 5590 ipsemet

266 5593 576 5678 Ambrosio
642 5593 796 5654 infra
844 5609 858 5652 :
918 5590 1300 5669 Ingediobatur
1334 5605 1468 5668 ergo
1529 5588 1719 5662 ludas}
1782 5590 1916 5660 etc.,

2025 4584 2197 4638 modo
2231 4583 2525 4639 doctorem
2559 4580 2887 4654 appellabat
2915 4597 2949 4635 a
2974 4579 3146 4648 cujus
3178 4578 3289 4648 (25)
3334 4574 3670 4648 magisterio

2025 4673 2330 4740 deviabat;
2365 4673 2650 4743 cujusque
2698 4687 2797 4726 cor
2847 4670 2927 4742 (in
2979 4668 3131 4740 quod
3185 4684 3245 4722 se
3298 4667 3671 4721 immerserat

2024 4761 2314 4831 diabolus)
2346 4760 2737 4834 congregabat
2767 4759 2878 4814 sibi
2910 4763 2967 4813 et
3003 4757 3257 4830 augebat
3287 4755 3624 4827 iniquitates
3644 4752 3673 4808 ?

2025 4943 2125 4998 sed
2156 4942 2227 4997 ab
2257 4940 2532 4996 omnibus
2579 4940 2840 5011 ejusdem
2893 4936 3099 5011 Patris
3124 4953 3266 4990 mss.
3315 4938 3487 5011 atque
3519 4932 3667 5011 edit.

2025 5015 2262 5070 recedit.
2295 5014 2455 5075 Quod
2490 5001 2625 5066 verd
2651 5018 2802 5082 post,
2833 5019 2882 5064 et
2917 5009 3259 5082 loquebatur,
3293 5001 3474 5082 addit,
3507 5006 3567 5057 in
3613 5001 3671 5057 id

2024 5088 2205 5156 ipsum
2235 5102 2254 5137 :
2285 5084 2342 5137 in
2377 5084 2492 5156 hoc
2516 5075 2702 5156 neque
2727 5096 2859 5156 cum
2896 5075 3037 5156 mss.
3072 5082 3128 5132 et
3157 5076 3287 5156 aliis
3312 5075 3451 5130 edit.
3482 5090 3670 5144 neque

2025 5147 2157 5210 cum
2191 5156 2321 5226 ipsa
2352 5147 2631 5226 orationis
2658 5152 2806 5226 serie
2835 5150 2986 5226 satis
3011 5147 3297 5226 congruit.

2097 5218 2372 5295 (24)'Mss.
2409 5224 2554 5278 Vict.
2584 5228 2642 5278 et
2670 5221 2855 5285 Colb.,
2890 5222 3021 5292 quia
3049 5218 3198 5274 intus
3227 5234 3352 5274 eum
3385 5218 3536 5273 Iesus
3566 5231 3669 5270 no-

2024 5305 2194 5352 verat.

2097 5369 2207 5440 (25)
2239 5365 2388 5440 Edit.
2424 5380 2630 5420 omnes
2661 5379 2727 5440 ac
2756 5379 2900 5440 mss.
2933 5359 3177 5440 aliquot,
3201 5359 3481 5440 appellans
3513 5357 3672 5440 raboi

2025 5430 2571 5512 ataue'doctorem,_a
2599 5437 2794 5512 cujus,
2825 5439 2934 5512 etc.
2982 5431 3318 5512 Elegantius
3367 5431 3495 5489 cod.
3544 5430 3667 5486 Vat.

2027 5504 2161 5569 cum
2193 5507 2484 5584 plerisque
2513 5504 2715 5564 Gallic.
2739 5509 2804 5566 ut
2833 5504 2896 5562 in
2915 5509 3096 5564 textu.
