3860 6206
249 309 404 372 1197

1693 311 1756 371 S.
1806 304 2178 370 AMBROSII

3506 283 3679 369 uss

249 444 371 500 Sibi
418 444 574 498 enim
622 448 747 498 erat
797 442 1055 515 iniquus,
1099 441 1210 497 sibi
1253 441 1533 512 injustus,
1567 441 1678 496 sibi
1711 440 1896 495 delin-
1928 445 1982 506 Α
2012 441 2286 496 besccbat
2327 441 2594 513 ingratus
2623 439 3000 514 deprehendi,
3031 441 3420 500 erubescebat
3451 457 3678 498 avarus

245 533 589 605 queb_at,qui
625 532 780 587 intra
826 547 887 588 se
917 530 1116 586 dolum
1141 529 1554 597 meditabatur,
1591 528 1691 600 qui
1720 528 1900 584 latere

247 638 361 676 non
395 625 638 702 poterat.
663 619 784 674 Non
814 620 967 674 enim
1001 618 1569 673 circumveniebatur
1596 615 1899 687 Jesus,qui

248 709 603 780 prodebatur
630 707 850 773 volens,
884 712 940 762 et
969 708 1394 763 testiﬁcabatur
1428 723 1439 760 :
1476 729 1504 756 «
1541 706 1700 760 Unus
1721 723 1787 760 ex
1807 722 1899 760 vo-

245 797 336 852 bis
368 814 459 853 me
490 798 677 852 tradet
708 799 893 866 (Joan.
927 813 1053 861 xm,
1083 797 1196 866 21).
1234 817 1261 844 κ
1302 794 1564 866 Denique
1594 794 1896 850 confessus

244 889 332 940 est
378 886 582 952 Judas,
627 886 826 941 dicens
879 901 891 938 :
947 908 973 934 «
1028 883 1326 956 Numquid
1385 899 1490 954 ego
1542 899 1698 949 sum,
1731 882 1894 938 rabbi

242 975 450 1042 (Malm.
484 991 635 1038 xxvr,
666 974 801 1043 25)?
853 995 880 1022 »
933 974 998 1028 Et
1051 973 1332 1027 Dominus
1380 972 1462 1027 ait
1512 988 1524 1026 :
1567 994 1586 1019 ι
1625 972 1712 1026 Tu
1747 971 1894 1025 dixi-

243 1062 316 1117 sti
365 1062 522 1133 (Ibid.
557 1085 584 1111 ››
617 1063 732 1117 Nec
781 1062 865 1118 sic
917 1060 1202 1116 intellexit
1246 1061 1430 1115 Judas
1480 1060 1635 1130 quod
1685 1075 1892 1130 cogno-

242 1155 523 1206 sceretur.
601 1151 748 1205 Nam
821 1149 869 1203 si
939 1149 1342 1216 intellexisset,
1408 1165 1522 1203 non
1603 1147 1892 1218 prodidis-

243 1243 349 1294 set.

315 1329 399 1381 17.
434 1326 545 1384 Sed
586 1325 994 1392 nihilominus,
1024 1349 1051 1375 ‹‹
1088 1330 1146 1381 et
1176 1325 1588 1396 egrediebatur
1617 1324 1792 1390 foras,
1837 1328 1894 1380 et

241 1415 609 1487 loquebatur.
646 1437 673 1462 »
707 1417 891 1486 Aptus
939 1413 1265 1470 versiculus
1320 1413 1630 1468 adversum
1662 1429 1760 1468 eos
1791 1413 1890 1483 qui

240 1496 527 1558 secretum
579 1502 828 1572 alicujus
869 1503 1142 1573 produnt.
1193 1500 1441 1557 Pulchre
1472 1501 1552 1556 ait
1587 1517 1597 1555 :
1634 1524 1660 1550 ‹‹
1712 1501 1887 1571 Egre-

239 1592 504 1646 diebatur
535 1591 724 1656 foras;
764 1614 791 1639 »
824 1590 964 1646 foris
989 1592 1149 1646 enim
1180 1590 1324 1662 lupi,
1361 1590 1502 1645 foris
1537 1589 1838 1662 praedones
1871 1605 1884 1642 :

238 1681 399 1735 intus
431 1673 658 1752 Moyses
690 1679 748 1733 in
781 1679 935 1734 nube
967 1694 1102 1734 cum
1123 1679 1284 1746 Jesu,
1310 1678 1450 1733 foris
1481 1678 1668 1732 Judaei
1695 1678 1888 1733 :intus

237 1768 544 1824 Zacharias
591 1768 865 1824 sacerdos
911 1767 970 1823 in
1021 1767 1264 1838 templo,
1317 1767 1458 1821 foris
1502 1766 1819 1821 multitudo
1870 1783 1884 1822 :

237 1856 395 1912 intus
423 1855 668 1927 spiritus
699 1859 939 1912 sanctus
989 1855 1047 1910 in
1095 1855 1369 1911 cordibus
1415 1856 1631 1911 nostris
1681 1853 1893 1909 clamat

237 1945 307 2001 ad
335 1943 733 2010 Patrem,foris
757 1943 1126 1999 adversarius
1150 1948 1347 2000 noster
1368 1943 1522 1998 sicut
1548 1942 1637 1999 leo
1686 1942 1895 2014 pevigi-

237 2032 320 2088 lat
351 2033 421 2088 ad
456 2032 720 2104 rapinam
747 2049 759 2085 :
789 2032 929 2087 foris
962 2032 1416 2097 inﬁdeles,intus
1449 2031 1743 2086 ﬁdeles.Et
1762 2031 1890 2086 ideo

236 2137 333 2178 eos
366 2121 466 2194 qui
499 2122 641 2178 foris
673 2125 830 2188 sunt,
857 2120 1150 2191 judicabit
1182 2126 1333 2175 Deus
1369 2136 1380 2173 :
1416 2135 1514 2174 eos
1543 2123 1739 2174 autem
1791 2122 1888 2190 qui

236 2211 396 2265 intus
426 2227 493 2264 su
505 2209 860 2276 at,Christus
879 2207 1576 2279 absolvit.Egrediebatur
1591 2207 1772 2278 igitur
1793 2207 1889 2262 Ju-

235 2297 340 2352 das
371 2301 429 2351 et
459 2295 1260 2366 loquebatur.Egrediebatur
1289 2295 1360 2349 de
1393 2294 1524 2361 ﬁde;
1555 2295 1888 2365 egredieba-

236 2388 333 2438 tur
352 2385 422 2438 de
445 2383 691 2438 concilio
715 2389 770 2437 et
791 2399 1036 2438 numero
1055 2382 1890 2455 apostolorum;egrediebatur

235 2473 305 2528 de
335 2471 596 2528 convivio
625 2472 838 2527 Christi
857 2473 927 2527 ad
950 2472 1319 2527 latrocinium
1345 2472 1563 2527 diaboli
1587 2491 1599 2539 ;
1633 2472 1888 2544 egredie-

235 2559 408 2617 batur
436 2561 506 2616 de
537 2560 722 2634 gratia
752 2560 1235 2616 sanctiﬁcationis
1257 2562 1327 2616 ad
1354 2561 1631 2633 laqueum
1654 2561 1883 2628 mortis,

235 2651 334 2722 qui
393 2667 542 2704 vana
595 2651 664 2704 ad
721 2649 972 2722 perﬁdos
1045 2647 1425 2722 loquebatur;
1481 2651 1886 2722 egrediebatur

235 2739 410 2806 foras,
445 2740 543 2810 qui
571 2739 694 2792 vitae
727 2745 952 2794 aeterna:
985 2739 1263 2809 mysteria
1286 2739 1681 2810 relinquebat;
1716 2753 1882 2810 egre-

234 2827 524 2892 diebatur,
557 2827 654 2898 qui
688 2828 1001 2898 Scriptura:
1043 2826 1322 2882 interiora
1370 2843 1484 2882 non
1533 2832 1786 2882 noverat.
1823 2826 1882 2882 Si

236 2913 390 2970 874
419 2915 576 2969 enim
607 2913 834 2980 scisset,
868 2912 1248 2970 intellexisset
1278 2915 1566 2970 dicentem
1593 2932 1605 2968 ε
1644 2917 1670 2964 ἱ(
1700 2914 1880 2969 Num-

235 3003 376 3073 quid
408 3001 508 3073 qui
539 3001 775 3068 dormit,
808 3018 920 3055 non
954 3002 1189 3071 adjiciet
1210 3006 1275 3058 ut
1302 3003 1620 3076 resurgat?
1654 3025 1680 3051 ››
1713 3003 1882 3057 Intel-

235 3089 471 3146 lexisset
499 3090 674 3144 etiam
707 3088 847 3143 illud
883 3089 1020 3144 :«Tu
1053 3107 1184 3145 vero
1216 3091 1389 3146 homo
1423 3091 1740 3158 unanimis,
1762 3093 1880 3146 dux

2007 529 2217 597 videri;
2251 547 2384 586 cum
2416 546 2519 601 pro
2550 530 2798 601 pecunia
2826 530 3078 586 auctoris
3110 531 3202 585 sui
3233 529 3496 586 salutem
3527 546 3674 602 pro-

2007 617 2168 673 deret
2214 618 2643 674 :erubescebat
2694 618 2876 674 videri
2930 620 3208 691 perﬁdus.
3261 617 3556 678 Similiter
3615 623 3676 674 et

2004 706 2192 763 Judaei
2223 707 2322 779 qui
2355 707 2633 763 adversus
2677 708 2810 763 ﬁdei
2852 708 3197 779 magistrum
3249 706 3436 764 falsos
3482 712 3671 763 testes

2005 795 2209 866 perﬁdi
2241 796 2664 862 subornabant,
2695 799 2760 856 ut
2787 795 3047 852 dicerent
3072 813 3139 852 eo
3161 797 3320 868 quod
3352 795 3674 867 pradicas-

2005 889 2093 938 set
2121 884 2406 956 templum
2435 883 2535 939 Dei
2558 885 2713 956 quod
2744 884 3017 940 Salomon
3039 884 3324 954 condidit,
3351 884 3666 939 destruen-

2003 972 2174 1038 dum;
2208 989 2342 1027 cum
2373 971 2469 1026 ille
2512 973 2584 1027 de
2629 971 2843 1043 templo
2893 972 2987 1028 sui
3028 972 3292 1044 corporis
3321 971 3669 1043 signiﬁcas-

2003 1065 2091 1115 set
2122 1077 2133 1113 :
2173 1083 2200 1110 «
2234 1060 2448 1116 Solvite
2477 1060 2919 1132 hocztemplum,
2953 1066 3010 1116 et
3038 1062 3096 1115 in
3126 1061 3324 1116 triduo
3356 1060 3666 1117 suscitabo

2001 1149 2146 1204 illud
2179 1151 2355 1220 (Joan.
2391 1167 2452 1217 ιι,
2490 1149 2607 1220 19);
2643 1171 2669 1199 η
2703 1165 2834 1205 vere
2864 1151 3004 1206 foris
3048 1156 3232 1217 erant,
3269 1149 3414 1222 quia
3455 1149 3662 1222 cogni-

2001 1239 2159 1293 tione
2185 1238 2356 1292 Verbi
2389 1237 2640 1294 coeleatis
2669 1243 2834 1294 erant
2861 1238 3100 1294 exclusi.

2071 1327 2157 1381 19.
2190 1327 2374 1397 (Vers.
2407 1327 2484 1398 9.)
2525 1349 2552 1376 ‹‹
2593 1327 2872 1394 Verbum,
2920 1327 3129 1398 inquit.
3181 1327 3462 1397 iniquum
3513 1343 3662 1398 pro-

1999 1419 2325 1486 posuerunt
2353 1415 2661 1471 adversum
2693 1431 2806 1484 me,
2839 1436 2868 1465 »
2900 1415 2956 1469 id
2989 1418 3097 1481 est,
3129 1413 3496 1481 illicitum,et
3523 1431 3661 1470 con-

2001 1510 2088 1559 tra
2110 1504 2214 1574 jus
2243 1507 2299 1557 et
2328 1503 2414 1558 fas
2445 1519 2775 1559 sermonem
2802 1503 3408 1574 proposuerunt,mihi
3442 1503 3664 1558 facien-

1998 1597 2084 1647 tes
2115 1592 2184 1646 de
2215 1591 2473 1646 humano
2523 1592 2810 1664 sanguine
2849 1593 3166 1664 pactiones,
3199 1609 3380 1664 quem
3411 1591 3660 1648 scelera-

2003 1681 2230 1736 tissime
2257 1679 2519 1735 vendidit
2553 1681 2740 1736 Judas
2773 1699 2786 1736 :
2817 1680 2999 1735 Judai
3044 1697 3280 1752 quoque
3331 1681 3657 1737 emendum

2005 1786 2119 1824 non
2153 1769 2378 1824 minore
2408 1769 2624 1825 scelere
2665 1769 3058 1836 crediderunt,
3099 1769 3414 1826 vanissimi
3461 1767 3655 1824 homi-

2005 1873 2140 1923 nes;
2176 1856 2343 1928 quasi
2375 1880 2402 1904 ‹‹
2440 1857 2540 1928 qui
2589 1857 2824 1924 dormit,
2875 1858 3089 1929 inquit,
3141 1875 3259 1913 non
3310 1857 3558 1928 adiiciat
3590 1861 3656 1912 ut

2004 1952 2271 2015 resurgat
2325 1943 2529 2014 (Ibz'd.).
2575 1966 2602 1991 »
2651 1944 2798 2007 Quid
2859 1945 2935 2000 sit
2991 1945 3261 2016 adjectio,
3317 1943 3651 2001 considere-

2002 2049 2154 2087 mus.

2070 2123 2158 2175 20.
2193 2120 2468 2176 Naturale
2499 2125 2588 2177 est
2617 2121 2890 2178 omnibus
2921 2123 3169 2178 terrenis
3216 2122 3649 2186 animantibus,

2000 2215 2057 2266 et
2085 2209 2417 2265 volatilibus
2442 2209 2651 2276 caeli,et
2685 2211 2945 2280 piscibus
2974 2211 3155 2266 maris
3186 2210 3352 2266 nasci
3385 2215 3445 2267 et
3464 2211 3647 2278 mori;

1999 2297 2220 2353 homini
2254 2314 2386 2352 vero
2415 2313 2585 2368 quem
2623 2299 3022 2369 pretiosiorem
3054 2299 3280 2354 caeteris
3319 2303 3490 2354 terrae
3521 2299 3650 2353 ani-

1999 2387 2301 2441 mantibus
2359 2387 2512 2442 Deus
2572 2387 2803 2452 fecerat,
2839 2387 2988 2441 hanc
3045 2387 3336 2459 praecipue
3398 2387 3649 2442 contulit

1995 2475 2266 2548 gratiam,
2299 2479 2364 2529 ut
2394 2479 2665 2530 mortuus
2697 2475 3018 2530 reviviscat.
3051 2475 3185 2530 Haec
3223 2491 3361 2547 ergo
3394 2475 3648 2546 adjectio

1995 2564 2228 2628 dicitur,
2260 2563 2331 2618 ad
2363 2563 2792 2618 renovationem
2825 2563 2952 2618 vitae
3005 2562 3347 2636 superioris.
3382 2563 3649 2636 Denique

1993 2656 2050 2707 et
2079 2651 2331 2708 Ezechiaa
2363 2651 2484 2722 regi
2519 2668 2654 2706 cum
2677 2653 3132 2724 praescripsisset
3153 2652 3464 2721 Dominus,
3490 2653 3646 2725 quod

1991 2741 2119 2796 vita:
2168 2758 2286 2796 sua
2336 2745 2570 2811 tempus
2613 2739 2916 2810 implesset
2948 2758 2960 2795 :
2995 2745 3051 2795 et
3078 2757 3183 2812 per
3210 2741 3425 2797 Isaiam
3479 2757 3648 2814 man-

1991 2830 2281 2894 dasset,ut
2310 2827 2608 2882 ordinaret
2637 2827 2877 2882 domum
2907 2845 3111 2896 suam;
3146 2827 3284 2901 quia
3315 2829 3648 2887 moriturus

1991 2921 2146 2972 esset
2173 2922 2347 2987 atque
2378 2914 2473 2970 ille
2504 2919 2725 2970 orasset
2766 2915 2838 2970 ad
2889 2915 3226 2982 Dominum,
3280 2920 3338 2971 et
3389 2916 3647 2973 ﬂevisset

1991 3005 2126 3060 ﬁetu
2188 3020 2428 3075 magno;
2490 3003 2767 3058 misertus
2824 3003 3109 3059 Dominus
3166 3004 3473 3060 mandavit
3518 3005 3572 3061 ei
3624 3022 3639 3061 ε

1992 3118 2018 3142 ‹‹
2055 3095 2195 3148 Ecce
2225 3091 2437 3162 adjicio
2483 3091 2554 3145 ad
2596 3094 2831 3162 tempus
2861 3096 3031 3146 tuum
3072 3109 3257 3147 annos
3298 3092 3638 3165 quindecim

237 3195 401 3234 meus
431 3183 487 3233 et
518 3185 691 3233 notus
732 3194 920 3248 meus,
974 3178 1073 3250 qui
1124 3195 1355 3251 semper
1402 3197 1628 3234 mecum
1680 3179 1880 3235 dulces
1912 3165 1953 3230 C
1994 3184 2114 3251 (Ιςιι.
2176 3197 2406 3245 xxxvm,
2454 3181 2528 3246 5).
2575 3201 2602 3228 ››
2636 3179 2701 3233 Et
2758 3178 2896 3234 alibi
2955 3185 3195 3235 sanctus
3252 3181 3437 3235 David
3489 3181 3572 3236 ait
3620 3199 3634 3235 :

234 3267 505 3340 capiebas
527 3267 706 3334 cibos,
743 3267 800 3321 in
825 3267 996 3322 domo
1034 3267 1258 3322 Domini
1288 3268 1721 3323 ambulavimus
1743 3285 1879 3324 cum

233 3371 523 3412 consensu
554 3357 727 3425 (Psal.
764 3373 873 3422 LIV,
907 3356 995 3423 14,
1032 3357 1138 3425 15).
1181 3376 1207 3407 ιο
1246 3356 1367 3411 Νοιι
1420 3357 1700 3412 intellexit
1745 3373 1880 3427 ergo

234 3445 388 3500 hunc
418 3444 740 3511 Psalmum,
774 3461 889 3499 non
919 3443 1301 3500 centesimum
1365 3451 1539 3516 atque
1587 3450 1878 3506 octavum,

233 3551 346 3588 non
396 3532 564 3596 alios,
599 3550 713 3587 non
764 3532 879 3587 alia
926 3532 1264 3588 testimonia
1312 3535 1765 3604 Scripturarum.
1804 3533 1880 3586 De

235 3638 347 3692 quo
378 3621 522 3676 bene
553 3620 906 3692 evangelista
933 3620 1072 3675 dicit
1098 3622 1377 3686 Joannes,
1411 3628 1466 3676 et
1498 3621 1717 3676 caeteris
1752 3624 1878 3676 inli-

233 3708 461 3764 delibus
483 3705 622 3762 :«Ex
654 3708 822 3762 nobis
854 3709 1136 3776 exierunt,
1173 3711 1271 3764 sed
1303 3727 1416 3764 non
1449 3715 1612 3764 erant
1661 3727 1728 3762 ex
1780 3728 1879 3764 no-

234 3795 343 3850 bis.
378 3796 437 3850 Si
482 3795 638 3850 enim
671 3812 738 3850 ex
770 3795 936 3850 nobis
986 3796 1253 3863 fuissent,
1288 3797 1594 3852 nobiscum
1631 3797 1879 3852 mansis-

235 3889 369 3940 sent
396 3883 442 3956 (I
468 3887 624 3941 Ιοαη.
655 3902 716 3952 ιι,
753 3884 863 3952 19.)
898 3908 919 3935 ι

306 3973 393 4028 18.
428 3973 612 4046 (Vers.
644 3974 722 4044 8.)
760 3973 882 4030 Non
917 3974 1189 4028 manebat
1234 3991 1371 4046 ergo
1420 3993 1553 4029 cum
1603 3974 1882 4047 apostolis

235 4061 514 4135 proditor,
548 4062 647 4134 qui
681 4062 834 4116 foras
865 4061 1141 4126 exibat,et
1171 4079 1302 4117 cum
1334 4063 1572 4134 perﬁdis
1613 4081 1882 4118 susurra-

234 4152 349 4206 bat.
385 4151 506 4214 Quo
537 4151 712 4206 verbo
745 4168 852 4206 usa
899 4155 988 4206 est
1039 4151 1340 4223 Scriptura
1387 4151 1604 4220 divina,
1640 4153 1883 4206 demon-

235 4245 430 4294 strans
459 4239 585 4294 sine
615 4239 957 4294 auctoritate
1008 4255 1137 4294 esse
1185 4240 1514 4312 perﬁdiam,
1550 4258 1675 4312 quze
1723 4241 1885 4294 timet

235 4327 391 4400 quod
423 4327 688 4399 loquitur
716 4327 1092 4399 deprehendi.
1152 4327 1328 4382 Fideli
1384 4332 1574 4384 autem
1623 4328 1880 4384 dicitur:

238 4438 264 4465 α
317 4413 521 4471 Exalta
567 4415 788 4471 viribus
837 4433 1036 4471 vocem
1073 4420 1237 4471 tuam
1270 4419 1395 4488 (Isa.
1432 4435 1585 4479 Lvm,
1620 4419 1691 4487 1).
1730 4441 1755 4465 ››
1803 4419 1882 4472 En

237 4521 352 4596 quo
384 4505 679 4596 deciderat
708 4504 1008 4596 apostolus
1034 4504 1372 4596 Judas,‘qui
1413 4507 1631 4596 missus
1663 4511 1786 4561 erat
1817 4507 1881 4560 ﬁ-
1916 4531 1964 4596 Β

237 4592 370 4647 dem
400 4593 674 4664 gentibus
707 4593 875 4663 pleno
925 4593 1295 4648 auctoritatis
1344 4595 1632 4665 praeconio
1689 4596 1889 4666 praedi-

239 4696 399 4748 care;
451 4683 515 4734 ut
561 4678 620 4732 in
671 4697 873 4734 aurem
917 4681 1247 4735 insurraret
1288 4681 1732 4736 insidiatoribus
1771 4699 1891 4736 ma-

239 4766 407 4841 gistri
437 4767 550 4836 sui,
585 4768 739 4837 quod
774 4768 1007 4821 timeret
1036 4767 1246 4821 audiri.
1281 4768 1481 4823 Nonne
1523 4769 1744 4838 judicio
1783 4787 1889 4826 suo

240 4857 456 4929 seipse
496 4855 838 4911 damnavit?
885 4855 991 4909 Sed
1045 4855 1425 4909 erubescebat
1473 4857 1682 4921 audiri,
1734 4858 1889 4930 quod

240 4945 428 5002 facere
487 4962 604 5000 non
664 4945 943 5010 timebat;
993 4944 1404 5012 erubescebat;
1448 4946 1588 5016 quia
1615 4948 1892 5003 adversus

240 5035 370 5090 vitae
405 5051 546 5099 suas,
579 5032 1087 5100 sanctiﬁcationis,
1121 5039 1177 5088 et
1207 5033 1445 5090 honoris
1477 5039 1772 5091 auctorem
1803 5053 1895 5092 co-

241 5123 470 5194 gitabat
499 5123 654 5179 mala
688 5142 702 5180 :
735 5139 840 5180 nec
870 5122 1119 5195 gratiam
1169 5123 1468 5178 beneﬁciis
1516 5125 1892 5196 rependebat,

243 5211 344 5266 sed
375 5211 530 5267 mala
561 5230 663 5285 pro
696 5213 866 5268 bonis
898 5212 1050 5267 bono
1082 5213 1365 5267 referebat
1394 5213 1704 5286 magistro;
1739 5216 1893 5286 quod

244 5300 418 5355 etiam
452 5301 648 5356 saeculi
680 5301 949 5356 homines
981 5301 1261 5356 damnare
1293 5308 1748 5358 consueverunt:
1769 5320 1895 5358 eru-

318 5457 554 5533 (26)_Sic
580 5476 722 5533 mss.
757 5460 887 5516 Vat.
934 5464 992 5533 et
1021 5464 1273 5532 quatuor
1302 5460 1451 5533 Gall.
1487 5463 1638 5518 Edit.
1673 5468 1891 5533 autem,

251 5528 384 5614 gum
430 5528 604 5614 igitur
651 5532 796 5610 tegas
851 5528 1204 5614 qqodfetc”
1235 5532 1480 5614 .quibus
1539 5528 1895 5614 suﬁ‘ragatur

249 5597 388 5672 Reg.
424 5598 577 5670 cod.,
608 5597 723 5659 nisi
771 5597 926 5676 quod
972 5597 1395 5679 vocem'igitur
1441 5620 1557 5662 non
1607 5597 1890 5682 agnEscit.

1991 3294 2016 3319 ‹‹
2052 3269 2181 3325 Dies
2211 3285 2387 3339 super
2417 3268 2542 3323 dies
2582 3267 2734 3340 regis
2783 3268 3023 3339 adjicies
3071 3284 3257 3324 annos
3304 3269 3436 3340 ejus
3467 3269 3634 3342 (Psal.

1991 3377 2078 3424 1.x,
2111 3359 2186 3428 7).
2226 3380 2251 3405 ››
2298 3358 2598 3411 Inventum
2646 3372 2782 3428 ergo
2831 3355 3056 3412 homini
3105 3357 3261 3428 quod
3318 3358 3572 3413 addatur
3619 3374 3634 3412 :

1996 3449 2104 3501 [leo
2131 3452 2324 3500 autem
2358 3444 2492 3499 addi
2524 3444 2668 3499 nihil
2701 3449 2916 3517 potest;
2966 3445 3106 3516 quia
3151 3445 3440 3518 scriptum
3490 3453 3577 3501 est
3621 3463 3635 3499 :

1996 3558 2016 3583 ι
2053 3537 2176 3589 Non
2210 3538 2299 3589 est
2329 3534 2601 3603 adjicere,
2653 3549 2840 3604 neque
2887 3534 3176 3599 minuere,
3211 3533 3362 3591 815
3417 3533 3476 3588 in
3527 3550 3640 3606 quo

1994 3628 2242 3694 perlecta
2290 3627 2346 3677 et
2392 3621 2565 3693 plena
2613 3627 2754 3676 sunt.
2802 3623 3001 3677 omnia
3048 3624 3238 3692 (Eccli.
3285 3639 3449 3690 xvm,
3493 3625 3569 3695 5).
3611 3644 3640 3673 ››

1993 3713 2112 3767 Etsi
2143 3711 2408 3766 Christus
2433 3710 2768 3772 resurrexit,
2808 3711 3008 3782 utique
3040 3711 3098 3765 in
3131 3728 3198 3766 eo
3230 3714 3384 3784 quod
3418 3728 3640 3768 assum-

1993 3804 2205 3872 pserat,
2255 3798 2590 3863 resurrexit,
2641 3799 2699 3854 in
2755 3816 2870 3871 quo
2918 3799 3269 3870 plenitudini
3319 3799 3642 3864 divinitatis

1991 3891 2119 3961 ejus
2151 3887 2296 3943 nihil
2330 3886 2417 3943 vel
2448 3888 2724 3943 decedere
2773 3889 2984 3959 potuit,
3015 3887 3103 3943 vel
3153 3889 3451 3944 accedere.
3491 3888 3640 3943 Deus

1992 3978 2148 4032 enim
2180 3977 2557 4048 incorporeus
2587 3981 2644 4030 et
2672 3975 3023 4032 immortalis
3048 3981 3156 4044 est,
3191 3978 3362 4048 cujus
3410 3992 3643 4033 summa

1993 4072 2223 4129 natura,
2257 4070 2314 4120 et
2344 4064 2647 4136 plenitudo
2676 4064 2957 4120 virtutum
2987 4065 3113 4122 sine
3161 4065 3282 4120 ulla
3318 4065 3516 4122 carnis
3544 4082 3640 4120 ac-

1994 4155 2256 4210 cessione
2306 4154 2593 4226 signatur.
2626 4157 2767 4208 Caro
2817 4156 3011 4208 autem
3067 4153 3526 4225 dispensationis
3580 4152 3637 4208 in

1995 4243 2221 4298 Christo
2254 4246 2362 4310 est,
2405 4258 2583 4313 quam
2634 4241 3028 4298 miserationis
3073 4243 3271 4309 titulo,
3302 4246 3360 4298 et
3406 4241 3636 4316 pietatis

1986 4333 2120 4402 jure
2151 4330 2436 4402 suscepit;
2471 4334 2536 4384 ut
2574 4329 2856 4402 captivam
2892 4330 3496 4398 redimeret,ablueret
3515 4346 3637 4385 con-

1994 4419 2363 4486 taminatam,
2393 4423 2685 4473 mortuam
2718 4419 3112 4474 resuscitaret.
3146 4419 3216 4474 Et
3245 4418 3491 4490 pulchre
3520 4419 3632 4473 ait:

1996 4533 2020 4559 ‹‹
2056 4507 2352 4579 Numquid
2387 4506 2487 4577 qui
2517 4507 2752 4572 dormit,
2787 4523 2901 4561 non
2933 4507 3169 4579 adjiciet
3201 4511 3267 4561 ut
3294 4506 3632 4582 resurgat?»

2001 4597 2124 4652 Non
2156 4595 2321 4661 dixit,
2352 4611 2464 4649 non
2498 4593 2802 4665 adjicitur;
2834 4596 2956 4662 sed,
2996 4617 3015 4643 α
3051 4612 3166 4650 non
3199 4595 3436 4666 adjiciet
3465 4600 3527 4649 ut
3556 4611 3635 4649 re-

1998 4690 2232 4756 surgat;
2270 4706 2298 4733 »
2329 4699 2395 4740 eo
2425 4685 2579 4754 quod
2607 4683 2730 4754 ipse
2775 4699 2839 4738 se
2887 4683 2986 4738 Dei
3027 4683 3207 4738 Filius
3240 4682 3633 4750 resuscitavit;

2001 4775 2152 4830 sicut
2182 4789 2361 4844 supra
2391 4772 2648 4827 diximus
2679 4771 2893 4827 dixisse
2923 4787 3055 4827 eum
3085 4771 3306 4827 Judaais
3342 4791 3397 4828 :«
3434 4771 3635 4827 Solvite

2001 4863 2109 4917 hoc
2136 4862 2444 4932 templum,
2478 4861 2620 4915 etin
2653 4861 2850 4916 triduo
2895 4861 3155 4916 excitabo
3186 4860 3336 4916 illud
3370 4863 3544 4933 (Joan.
3577 4877 3633 4927 ιι,

2003 4951 2109 5022 19).
2147 4974 2175 4999 ››
2205 4950 2605 5020 Adjectionem
2646 4949 2866 5021 accepit
2913 4965 3067 5017 caro,
3103 4950 3274 5021 quasi
3307 4953 3545 5022 sumpta
3570 4947 3634 5002 de

2002 5039 2258 5106 homine,
2320 5042 2592 5109 suscepta
2647 5038 2717 5093 de
2773 5037 3040 5110 Virgine;
3099 5039 3202 5094 sed
3265 5038 3434 5108 quasi
3493 5037 3633 5091 Deus

2004 5127 2388 5197 adjectionem
2420 5125 2610 5197 ipsam
2641 5131 2914 5198 operatus
2951 5129 3059 5193 est,
3103 5126 3205 5197 qui
3251 5126 3463 5180 virtute
3509 5140 3634 5196 pro-

2003 5217 2128 5288 pria
2178 5214 2513 5281 resurrexit,
2549 5219 2612 5269 ut
2654 5220 2808 5272 esset
2852 5231 2968 5270 sua:
3019 5212 3467 5269 resurrectionis
3512 5227 3631 5284 cpe-

2003 5309 2176 5361 rator.
2213 5305 2285 5360 Ut
2333 5309 2528 5359 autem
2578 5303 2872 5376 intelligas
2920 5302 3074 5375 quod
3103 5303 3218 5374 (26)
3251 5306 3309 5359 et
3358 5301 3523 5357 Pater
3551 5298 3627 5354 Fi-

2002 5463 2325 5594 AttEColbet
2352 5462 2498 5520 Vict.
2531 5463 2612 5522 ita
2640 5464 2858 5538 legunt,
2892 5467 2952 5522 in
2979 5481 3080 5539 quo
3105 5466 3289 5538 ipsum
3310 5463 3458 5536 legas
3485 5458 3626 5536 quod,

2005 5554 2035 5594 e
2101 5579 2114 5594 .

2005 5554 2114 5596 θιο.
