3860 6206
146 271 285 356 uae

1235 263 1688 332 ENARRATIO
1733 265 1808 330 ΙΝ
1853 263 2232 334 PSALMUM
2276 267 2404 329 XL.

3365 272 3525 348 uso

143 407 292 469 lium,
325 405 377 456 et
407 399 584 455 Filius
616 395 738 481 ipse
767 415 829 456 se
859 402 1311 470 resuscitaveril,
1346 417 1596 472 agnosce
1627 416 1757 471 Ope-
1793 403 1842 466 Α
1875 400 2121 471 gratiam
2155 400 2492 465 custodiret,
2514 404 2569 453 et
2601 399 3276 458 sinceritatisinbaereret
3295 404 3525 462 ofﬁciis.

145 495 405 551 rationem
437 489 596 544 illam
628 488 836 544 divinae
869 490 1050 545 fuisse
1079 491 1311 545 virtutis
1347 509 1358 555 ;
1413 491 1551 561 quia
1610 491 1759 544 Patri

142 587 193 639 et
217 580 349 635 Filio
380 593 495 634 una
522 579 730 646 virtus,
761 579 1094 633 communis
1136 579 1392 651 operatio
1426 597 1439 644 ;
1501 577 1761 649 quando-

143 665 356 742 quidem
384 661 500 724 una
529 670 705 739 atque
737 667 940 723 eadem
971 668 1304 723 substantia
1342 666 1647 724 Trinitatis
1677 670 1766 722 est

201 757 281 816 2i.
312 755 492 826 (Vers.
528 756 636 826 10.)
670 755 781 810 Sed
815 755 956 827 quid
988 772 1094 828 ego
1125 761 1360 832 cateros
1392 771 1571 828 arguo
1603 754 1766 826 (dicit

141 832 402 901 Dominus
432 843 626 914 Jesus)
657 842 685 897 ?
741 843 882 916 quid
915 843 1132 898 mirum
1164 844 1212 900 si
1240 842 1492 916 populus
1524 859 1615 899 me
1648 859 1762 897 non

139 931 400 1005 cognovit,
459 935 515 987 et
584 931 743 987 cruci
803 931 1207 1002 adjudicavit;
1270 949 1402 989 cum
1465 929 1764 1005 apostolus

143 1023 290 1077 meus
321 1021 644 1080 mercedem
678 1019 1028 1092 proditionis
1060 1021 1334 1094 exegerit,
1368 1037 1500 1076 cum
1533 1019 1766 1075 conviva

139 1127 287 1165 meus
317 1114 562 1164 mortem
594 1124 786 1165 meam
828 1109 1154 1165 vendiderit
1183 1109 1211 1162 ?
1269 1132 1295 1158 ‹‹
1331 1109 1556 1164 Etenim
1590 1109 1764 1164 homo

135 1195 276 1269 pacis
308 1212 466 1264 meai,
497 1197 558 1252 in
619 1214 794 1270 quem
856 1198 1104 1269 speravi,
1166 1197 1265 1270 qui
1321 1198 1532 1253 edebat
1585 1213 1764 1269 panes

136 1301 300 1350 meos,
331 1285 631 1357 ampliavit
661 1302 840 1358 super
872 1302 961 1341 me
994 1285 1550 1358 supplantationem.
1588 1308 1614 1333 ››
1646 1285 1762 1339 Ali-

133 1373 221 1446 qui
249 1373 458 1430 Judam
487 1376 888 1431 excusandum
917 1379 1156 1447 putant;
1187 1374 1323 1447 quia
1350 1373 1563 1431 retudit
1591 1388 1763 1446 pecu-

133 1463 280 1518 niam
345 1479 520 1535 quam
579 1457 699 1536 pro.
743 1463 1009 1519 mercede
1067 1462 1411 1536 proditionis
1466 1465 1768 1534 acceperat

132 1551 353 1622 (27);sed
377 1567 508 1608 ecce
540 1551 678 1624 quia
698 1551 854 1609 ultra
873 1552 1208 1607 Judworum
1233 1551 1658 1608 condemnatur
1675 1551 1765 1605 in-

136 1629 485 1707 ﬁdelitatem;
522 1639 616 1695 cui
648 1639 805 1696 enim
832 1631 970 1712 plus
1000 1641 1202 1696 datum
1234 1644 1340 1706 est,
1366 1639 1498 1712 plus
1517 1639 1769 1710 exigitur

1875 489 2046 555 Bene,
2081 489 2180 556 ait,
2221 509 2242 536 ι
2278 489 2523 560 speravi,
2560 510 2585 538 ››
2621 489 2760 560 quia
2799 489 3023 546 homini
3057 491 3218 546 dedit
3275 491 3529 568 eligendi

1875 577 2183 645 arbitrum,
2218 577 2317 648 qui
2353 581 2653 649 sequatur.
2691 601 2717 627 ‹‹
2750 577 2972 645 Posuit,
3032 581 3246 652 inquit,
3307 586 3442 644 ante
3470 581 3528 640 te

1873 665 2091 720 bonum
2125 671 2181 720 et
2213 666 2432 720 malum
2467 667 2641 736 (Deut.
2677 683 2806 734 xxx,
2843 669 2949 738 15).
2986 690 3014 716 ››
3046 668 3105 724 Si
3125 669 3359 725 malum
3408 667 3526 726 ele-

1873 753 2046 824 geris,
2081 771 2195 809 non
2229 760 2437 810 natura
2467 753 2775 826 delinquit,
2807 755 2907 811 sed
2939 755 3210 829 eligentis
3254 753 3519 816 affectus.

1875 842 1933 895 Si
1970 843 2375 914 unusquisque
2409 841 2714 898 hominum
2763 843 3184 900 condemnatur
3239 845 3338 918 qui
3397 837 3519 903 ma-

1874 929 1997 984 lum
2031 929 2268 1001 elegerit
2301 947 2311 986 :
2349 930 2487 1002 quid
2521 931 2590 986 de
2621 931 2774 986 Juda
2805 931 3076 998 dicimus,
3113 933 3212 1004 qui
3261 923 3523 1007 prodidit

1873 1034 2008 1073 eum
2041 1019 2134 1074 cui
2167 1018 2551 1091 copulabatur
2580 1019 2862 1074 suavitate
2893 1019 3192 1078 convivii?

1941 1108 2030 1160 23.
2072 1129 2090 1155 ι
2129 1107 2235 1172 Qui
2261 1097 2486 1174 edebat,
2521 1106 2733 1178 inquit,
2778 1123 2958 1180 panes
3005 1125 3186 1175 meos,
3220 1111 3521 1184 ampliavit

1874 1211 2050 1266 super
2080 1211 2172 1250 me
2198 1194 2753 1267 supplantationem.
2782 1219 2810 1245 »
2843 1196 2989 1260 Quid
3017 1201 3106 1253 est
3138 1197 3292 1270 quod
3351 1197 3516 1256 addi-

1872 1283 1975 1337 dit.
2005 1305 2031 1332 «
2064 1300 2242 1356 panes
2265 1284 2472 1339 meos?
2504 1305 2531 1333 ››
2563 1283 2757 1339 Potuit
2785 1283 2976 1342 dicere
3011 1304 3023 1342 :
3053 1281 3164 1351 Qui
3195 1283 3401 1346 edebat
3418 1305 3521 1362 pa-

1873 1389 1972 1428 nes
1989 1390 2238 1440 mecum,
2272 1369 2385 1430 nisi
2416 1373 2576 1428 illam
2610 1373 2923 1448 intelligas,
2957 1391 3084 1448 qua
3131 1375 3402 1450 specialis
3432 1383 3523 1438 est

1874 1461 2111 1529 Christi,
2144 1462 2252 1517 hoc
2277 1467 2385 1529 est,
2423 1462 2582 1517 verbi
2616 1462 2866 1519 caelestis
2919 1464 3278 1534 alimoniam,
3341 1489 3367 1517 «
3401 1484 3516 1524 non

1873 1547 2028 1607 enim
2063 1551 2121 1604 in
2150 1550 2273 1607 solo
2305 1567 2451 1622 pane
2480 1551 2616 1605 vivit
2653 1551 2848 1618 homo,
2881 1553 2979 1608 sed
3037 1552 3095 1608 in
3127 1556 3288 1611 omni
3342 1555 3516 1613 verbo

1873 1639 1969 1694 Dei
2002 1638 2206 1705 (Matth.
2243 1657 2314 1704 iV,
2345 1640 2418 1708 4).
2456 1663 2481 1686 ››
2515 1639 2774 1711 Denique
2801 1639 2939 1696 alibi
2971 1642 3148 1697 dicit:
3184 1640 3209 1693 ει
3245 1643 3349 1707 Qui
3369 1657 3518 1701 sem-

126 1726 187 1782 ab
214 1742 292 1783 eo.
315 1721 497 1795 Quid,
529 1729 744 1801 inquit,
780 1729 849 1784 de
881 1728 1012 1786 aliis
1045 1729 1302 1800 querar?
1333 1749 1358 1780 «
1391 1727 1571 1783 Homo
1602 1728 1761 1800 pacis
1790 1761 1837 1825 Β
1873 1734 2231 1825 permeeum
2263 1727 2462 1825 dulces
2493 1729 2773 1825 capiebas.
2790 1727 2949 1786 cibos
3001 1732 3170 1801 (Psavt.
3207 1749 3312 1799 LIV,
3372 1734 3448 1824 5).
3487 1757 3516 1784 »

127 1831 269 1884 mese,
297 1839 323 1865 ››
371 1816 464 1871 cui
495 1833 699 1889 pacem
741 1832 933 1872 meam
968 1817 1266 1884 dederam,
1302 1832 1502 1886 pacem
1564 1832 1754 1872 meam

126 1903 431 1976 relinquere
479 1898 801 1970 velueram,
838 1904 1310 1977 persecutoribus
1366 1905 1634 1960 deductis
1666 1922 1758 1961 me

124 1991 366 2057 tradidit,
399 1998 456 2047 et
487 1989 690 2050 fefellit
707 2009 819 2057 me,
852 2017 880 2042 ‹‹
915 1994 970 2048 in
1005 2011 1176 2066 quem
1211 1994 1459 2066 speravi.
1499 2016 1520 2042 »
1583 1992 1758 2048 Num-

123 2076 247 2146 quid
277 2078 568 2150 ignoravit
596 2079 954 2150 proditorem
978 2081 1070 2136 sui
1103 2081 1468 2145 futurum,de
1492 2098 1607 2152 quo
1626 2085 1756 2136 ante

121 2164 400 2234 praedixit:
427 2189 453 2216 α
474 2160 644 2223 Unas
664 2184 731 2223 ex
755 2168 917 2223 vobis
943 2185 1034 2224 me
1066 2171 1252 2224 tradet
1273 2171 1430 2240 (Joan
1453 2187 1579 2235 x111,
1599 2169 1754 2241 21)?»

122 2252 243 2321 (Hoc
266 2259 459 2310 autem
485 2253 718 2311 dicebat
764 2257 834 2312 de
863 2257 1036 2327 Juda,
1070 2258 1224 2312 sicut
1253 2257 1541 2329 scriptum
1576 2263 1666 2313 est
1695 2259 1751 2312 in

119 2341 459 2415 Evangelio.)
481 2343 609 2400 Non
633 2345 836 2417 utique
864 2363 877 2412 ;
929 2346 1028 2401 sed
1053 2362 1168 2418 quo
1198 2345 1452 2418 amplius
1481 2347 1755 2402 condem—

119 2435 268 2486 naret
299 2449 457 2498 eum,
490 2433 563 2489 de
594 2432 707 2489 fide
727 2434 856 2506 ejus
905 2451 1174 2507 sperasse
1208 2452 1268 2490 se
1298 2435 1459 2490 dixit.
1522 2436 1754 2508 Aquila,

117 2541 141 2565 ‹‹
163 2520 410 2578 confisus
433 2538 620 2589 eram,
650 2545 675 2571 ››
699 2522 846 2578 dixit
871 2541 882 2578 :
908 2523 1298 2595 Symmachus
1332 2524 1546 2595 posuit,
1573 2547 1599 2573 ‹‹
1620 2541 1754 2579 con-

118 2606 410 2664 ﬁdebam.»
435 2607 580 2665 Plus
622 2610 778 2665 enim
810 2626 1126 2683 gravamus
1167 2628 1299 2667 eum
1333 2612 1391 2666 in
1424 2629 1540 2683 quo
1572 2612 1757 2684 pluri-

122 2711 272 2752 mum
319 2698 446 2771 spei
476 2697 568 2754 vel
629 2700 855 2756 fiduciae
915 2700 1195 2756 habuisse
1240 2717 1346 2756 nos
1376 2700 1629 2757 dicimus
1663 2719 1674 2757 :
1709 2702 1757 2756 si

116 2789 303 2854 postea
333 2801 500 2860 spem
537 2793 796 2844 nostram
825 2789 1278 2861 opinionemque
1310 2790 1595 2845 destituit.

176 2866 268 2929 22.
296 2871 492 2932 Simul
525 2877 782 2932 ostendit
811 2882 1032 2949 quanta
1059 2878 1147 2933 vis
1177 2878 1385 2935 divinae
1430 2879 1759 2934 sanctiﬁca-

115 2961 278 3020 tionis
309 2965 408 3034 sit,
445 2981 574 3037 quaa
606 2965 880 3021 excludat
927 2965 1235 3032 malitiam,
1269 2971 1326 3021 et
1378 2967 1756 3038 depravatum

116 3043 377 3108 emendet
405 3053 762 3126 ingenium;
815 3053 864 3109 si
921 3055 1109 3110 forma
1160 3054 1440 3127 propositi
1500 3056 1759 3111 melioris

1873 1816 2096 1882 Quibus
2141 1815 2442 1872 versiculis
2501 1818 2646 1872 bene
2693 1817 2916 1873 utimur
2945 1820 3224 1876 adversus
3257 1837 3355 1878 eos
3412 1821 3516 1895 qui

1868 1905 2160 1960 necandos
2191 1921 2319 1960 esse
2349 1905 2721 1972 crediderint,
2785 1921 2917 1962 cum
2976 1907 3192 1980 quibus
3245 1905 3517 1968 videntur

1868 1991 2106 2065 epulati.
2139 1993 2393 2049 Gentiles
2422 1993 2528 2048 hoc
2560 1995 2851 2051 custodire
2875 2000 3292 2068 memorantur,
3318 1998 3516 2057 bestes

1865 2081 2233 2153 plerumque,
2267 2082 2522 2138 latrones
2554 2083 2775 2149 etiam;
2830 2089 2894 2138 ut
2951 2089 3193 2153 parcant
3249 2085 3321 2143 iis
3379 2075 3513 2144 cum

1867 2170 2084 2242 quibus
2114 2171 2494 2226 recordentur
2523 2187 2583 2226 se
2614 2171 2816 2227 iniisse
2847 2173 3175 2230 convivium
3211 2176 3352 2248 (29);
3385 2175 3512 2233 fetae

1867 2275 2100 2330 quoque
2129 2257 2253 2330 ipse
2283 2259 2630 2330 pabulorum
2663 2258 2933 2315 societate
2964 2261 3291 2318 mitescunt.
3351 2259 3516 2321 Unde

1867 2351 2100 2418 propter
2141 2347 2479 2417 hujusmodi
2539 2336 2808 2412 allectum
2839 2347 3035 2420 gratiis
3079 2350 3413 2421 convivalis,
3467 2353 3515 2408 si

1870 2435 2536 2502 verbaconsideremus,
2569 2453 2683 2490 non
2711 2437 2895 2492 otiose
2927 2437 3128 2494 dulces
3160 2439 3320 2496 cibos
3351 2437 3512 2498 dixit.

1867 2523 2167 2587 Quomodo
2215 2523 2371 2578 enim
2429 2523 2649 2590 dulces,
2683 2525 2779 2595 qui
2836 2525 2950 2580 cito
3003 2530 3518 2600 corrumpuntur?

1868 2612 1979 2666 Sed
2010 2612 2144 2666 vide
2175 2627 2245 2666 ne
2274 2611 2493 2676 dulces,
2544 2612 2703 2668 cibos
2728 2613 2938 2668 dixerit
2989 2617 3166 2671 verba
3215 2616 3364 2673 vitae.
3397 2618 3514 2694 Hos

1867 2699 2021 2754 enim
2109 2699 2270 2754 cibos
2327 2699 2485 2755 nulla
2569 2701 2898 2756 amaritudo
2954 2704 3296 2776 corrumpit,
3352 2706 3516 2764 nulla

1869 2788 2073 2843 mortis
2105 2788 2433 2859 corruptela
2463 2788 2840 2844 contaminat.
2876 2789 3038 2847 Unde
3068 2797 3126 2847 et
3163 2809 3395 2866 semper
3423 2794 3514 2850 di‘-

1866 2876 1967 2930 xit.
2000 2877 2126 2930 Non
2159 2876 2314 2930 enim
2349 2892 2578 2948 semper
2634 2877 2801 2933 edere
2862 2879 2995 2950 quis
3043 2884 3286 2951 poterat.
3348 2882 3512 2938 Sem-

1869 2980 1971 3035 per
2001 2968 2198 3019 autem
2229 2964 2402 3019 verbo
2431 2964 2531 3020 Dei
2568 2980 2888 3036 possumus
2927 2967 3227 3038 inhaerere,
3260 2974 3316 3026 et
3373 2987 3516 3028 noc-

1867 3053 2028 3107 tibus
2057 3056 2113 3106 et
2144 3051 2369 3119 diebus,
2403 3053 2451 3107 si
2481 3051 2699 3128 in’leg‘e
2735 3054 2830 3110 Dei
2863 3055 2958 3110 die
2988 3060 3045 3111 et
3073 3062 3244 3114 nocte
3273 3058 3514 3115 medite-

116 3141 357 3196 accedat.
393 3121 662 3206 Qu'antos
693 3141 915 3199 scimus
940 3156 1069 3199 esse
1101 3159 1406 3199 conversos
1435 3144 1462 3198 ?
1499 3144 1758 3200 Mutatus
1786 3121 1830 3188 (ί
1867 3157 2019 3196 mur.

117 3231 195 3284 est
219 3230 498 3287 Zachaeus
529 3229 626 3286 ille
655 3231 1030 3303 publicanus,
1062 3236 1119 3286 et
1149 3233 1217 3287 ad
1252 3238 1541 3304 quaestum
1583 3249 1754 3289 avaro

116 3316 365 3374 intentus
396 3320 633 3386 affectu,
667 3320 768 3391 qui
801 3324 1004 3392 postea
1033 3320 1362 3393 quadrupla
1416 3322 1756 3378 redhibitio-

116 3421 179 3459 ne
207 3406 379 3463 solvit
410 3424 695 3471 errorem,
739 3409 1147 3464 condemnavit
1202 3409 1260 3462 in
1319 3425 1381 3464 se
1433 3410 1756 3477 avaritiam,

116 3495 392 3567 temporis
421 3496 752 3568 superioris
782 3497 1074 3568 abjuravit
1123 3497 1306 3564 lucra,
1367 3500 1765 3572 compensavit

114 3580 164 3635 in
187 3599 500 3656 pauperes,
531 3582 582 3640 si
613 3586 843 3642 deesset
874 3589 1122 3642 exactor.
1179 3587 1346 3642 Latro
1376 3587 1500 3658 ipse
1557 3588 1760 3660 nequi-

112 3670 242 3727 tiam
267 3690 441 3730 suam
468 3674 766 3747 proposito
800 3673 1038 3730 meliore
1096 3676 1364 3741 mutavit,
1425 3676 1657 3748 agnovit
1703 3677 1761 3730 in

115 3775 274 3817 cruce
293 3763 622 3830 Christum,
645 3763 949 3820 confessus
971 3767 1059 3820 est
1088 3765 1181 3820 87
1195 3765 1242 3820 θ
1275 3765 1375 3820 Dei
1402 3765 1635 3833 Filium,
1676 3783 1765 3821 re-

113 3864 236 3920 gem
258 3868 400 3908 voce
418 3852 662 3925 propria
684 3853 1192 3924 nuncupavit.Quo
1214 3857 1474 3926 tempore
1488 3856 1634 3926 justi
1653 3855 1769 3927 ple.

113 3938 272 4010 rique
291 3942 610 4007 nutabant,
636 3941 746 4012 ipsi
771 3944 927 3996 certe
954 3939 1215 3998 latebant
1240 3941 1486 4014 apostoli
1515 3959 1526 3998 :
1580 3944 1767 3998 carni-

112 4025 194 4081 fex
227 4029 355 4100 ipse
388 4029 660 4085 centurio
692 4046 806 4085 non
869 4030 1118 4102 negavit.
1177 4031 1324 4095 Quid
1385 4032 1456 4087 de
1511 4036 1770 4104 tempore

113 4115 408 4189 Evangelii
444 4117 658 4190 loquor
683 4119 712 4172 ‘I
743 4119 947 4174 Rahab
977 4119 1248 4174 meretrix
1277 4125 1418 4187 erat,
1442 4137 1569 4192 qua
1602 4121 1770 4192 perti-

114 4203 217 4258 diae
248 4209 433 4277 atque
465 4205 932 4279 intemperantiae
961 4223 1022 4263 se
1055 4206 1246 4263 alebat
1278 4208 1588 4280 stipendiis
1621 4226 1632 4263 :
1686 4214 1772 4265 ta-

120 4305 248 4348 men
307 4294 414 4349 ubi
480 4293 853 4366 explorantes
906 4295 1052 4350 vidit
1109 4313 1258 4367 quos
1315 4296 1559 4352 miserat
1602 4298 1774 4354 Jesus

120 4378 287 4450 Nave,
322 4382 512 4439 ﬁdem
545 4383 757 4449 induit,
790 4389 847 4439 et
875 4383 1132 4456 periculo
1180 4385 1544 4454 imminente,
1598 4388 1777 4458 justi-

1931 3229 2020 3282 24.
2056 3227 2201 3293 Quid
2234 3231 2322 3283 est
2350 3228 2526 3284 etiam
2575 3231 2863 3299 ampliavit
2898 3235 2924 3283 ἵ
2976 3233 3211 3290 Graecus
3255 3235 3496 3298 ὶμσγάλυ·

1866 3333 1948 3364 νεν
2005 3316 2167 3383 dixit,
2202 3317 2309 3371 hoc
2339 3321 2447 3383 est,
2482 3318 2895 3389 magniﬁcavit.
2959 3320 3282 3392 Utrumque
3339 3322 3514 3380 nobis

1865 3404 2133 3478 exposuit
2160 3405 2446 3460 Dominus
2477 3404 2630 3476 quod
2664 3421 2893 3462 movere
2924 3424 3030 3465 nos
3059 3415 3276 3480 posset,
3309 3409 3510 3484 dicens

1869 3497 1929 3550 in
1989 3492 2336 3565 Evangelio:
2400 3494 2558 3556 «Qui
2613 3497 2953 3552 manducat
2992 3513 3225 3554 mecum
3269 3493 3511 3574 panem,

1870 3583 2078 3640 levavit
2106 3599 2282 3654 super
2311 3599 2405 3638 me
2452 3583 2786 3639 calcaneum
2822 3587 2994 3656 (Joan.
3027 3603 3154 3656 xm,
3200 3589 3308 3660 18).
3345 3611 3373 3639 ››
3407 3589 3518 3647 Un-

1873 3674 1944 3728 de
1974 3676 2317 3743 assumptus
2346 3672 2437 3726 hic
2465 3688 2655 3728 sermo
2687 3674 2787 3740 sit,
2815 3674 3275 3734 consideremus.
3328 3703 3356 3729 «
3391 3680 3521 3735 Fui-

1875 3777 2029 3828 mus,
2059 3759 2272 3831 inquit,
2318 3760 2601 3816 increduli
2661 3767 2943 3826 erran‘tes.
3000 3766 3315 3823 servientes
3366 3766 3519 3824 desi-

1875 3849 2053 3905 deriis
2084 3855 2142 3904 et
2169 3847 2572 3920 voluptatibus
2598 3852 2722 3919 (Tit.
2757 3868 2841 3916 ιιι,
2887 3853 2960 3923 3).
2989 3875 3018 3901 ››
3074 3854 3384 3910 Fateamur
3436 3873 3523 3912 er-

1877 3953 2091 4004 rorem,
2127 3942 2192 3992 ut
2230 3937 2547 3992 diluamur.
2609 3941 2678 3994 Et
2732 3956 2837 4012 ego
2888 3940 3003 3995 vidi
3060 3941 3313 4012 aliquem
3373 3962 3522 4016 puer

1880 4027 2182 4094 athletam,
2213 4043 2345 4080 cum
2378 4025 2631 4082 elisisset
2683 4029 3101 4098 adversarium,
3161 4031 3409 4088 frontem
3457 4028 3520 4089 ei

1881 4115 2242 4188 percussisse
2273 4113 2542 4169 calcaneo
2577 4130 2589 4168 :
2623 4115 2778 4185 quod
2810 4115 3045 4187 signum
3079 4117 3208 4185 fuit,
3242 4135 3308 4175 eo
3365 4121 3522 4192 quod

1883 4202 2250 4259 insultaverit
2279 4202 2446 4256 victo.
2483 4203 2597 4257 Hoc
2628 4207 2716 4258 est
2747 4205 2901 4274 quod
2935 4205 3016 4260 ait
3047 4221 3059 4260 :
3125 4230 3151 4256 ‹‹
3185 4207 3520 4284 Magnifica-

1882 4292 1962 4347 vit
1983 4307 2159 4362 super
2179 4307 2271 4346 me
2293 4289 2827 4362 supplantationem
2862 4310 2875 4359 ;
2923 4293 2950 4343 ››
2987 4310 3102 4365 quo
3133 4297 3306 4352 verbo
3334 4296 3524 4354 insul-

1887 4379 2066 4436 tantis
2089 4379 2435 4450 jactantiam
2466 4379 2800 4436 declaravit.
2826 4382 3054 4461 Levavit
3087 4399 3222 4456 ergo
3244 4388 3300 4440 et
3339 4386 3528 4443 Judas

115 4467 257 4552 tiam
292 4470 641 4538 reservavit,
677 4486 781 4526 nec
812 4475 1120 4542 susceptos
1149 4473 1429 4544 prodidit,
1464 4475 1565 4530 sed
1624 4475 1778 4532 ﬁdeli
1809 4487 1856 4552 Ι)
1887 4485 2063 4540 super
2099 4468 2394 4524 Christum
2440 4468 2776 4524 calcaneum
2827 4487 3023 4537 suum,
3077 4488 3210 4529 cum
3261 4473 3531 4546 proderet

115 4550 495 4612 humanitate
551 4557 822 4628 protexit.
859 4557 990 4613 Ideo
1029 4574 1166 4631 ergo
1197 4576 1466 4632 sperasse
1495 4579 1558 4618 se
1615 4565 1777 4632 dicit,
1810 4550 1842 4552 ί
1887 4575 2021 4614 eum
2043 4576 2055 4625 ;
2080 4557 2181 4612 sed
2195 4574 2308 4612 non
2333 4557 2538 4613 levavit
2560 4557 3037 4628 impune.Adhuc
3061 4563 3245 4618 Adam
3273 4563 3535 4621 calcane-

112 4644 275 4711 quasi
304 4645 451 4716 jure
496 4647 962 4719 praesumpserit,
996 4653 1063 4704 ut
1119 4649 1421 4720 apostolus
1477 4653 1782 4723 superiora
1890 4663 1990 4701 um
2013 4645 2184 4712 levat,
2207 4647 2358 4716 quod
2392 4653 2712 4718 aserpente
2732 4648 3226 4708 estvulneratum.
3263 4653 3410 4709 877
3463 4653 3536 4710 Et

111 4728 457 4802 deponeret,
494 4735 739 4792 meliora
769 4740 1114 4808 sequeretur
1143 4737 1276 4808 (28),
1303 4743 1360 4792 et
1398 4739 1498 4809 qui
1531 4741 1786 4796 sanctiﬁ-
1893 4734 2093 4806 utique
2116 4735 2166 4789 ei
2199 4735 2376 4806 pedes
2407 4733 2624 4790 laverat
2653 4735 2940 4792 Christus.
3001 4741 3281 4796 Audierat
3335 4741 3534 4797 dicen-

111 4820 280 4875 candi
313 4821 476 4879 alios
507 4838 726 4880 munus
756 4829 1082 4897 acceperat,
1115 4826 1241 4898 ipse
1271 4826 1329 4881 in
1362 4844 1424 4884 se
1456 4829 1784 4886 sanctitatis
1889 4827 2008 4878 tem
2045 4841 2057 4878 ε
2093 4846 2119 4873 α
2156 4823 2261 4888 Qui
2295 4822 2451 4878 Ῑοῖυδ
2480 4828 2590 4889 θεῖν
2625 4841 2740 4879 ηοη
2792 4825 3032 4897 indiget.
3066 4829 3180 4884 Πίεί
3238 4833 3302 4883 ut
3357 4829 3535 4900 Ρθάθσ

179 4976 297 5063 (27)
327 4979 549 5036 Plures
583 4999 750 5051 mss.,
780 5001 883 5055 pro
912 4987 1164 5042 mercede
1219 4990 1510 5058 emptionis
1567 5007 1789 5063 accepe-

114 5057 222 5102 rat.

339 5120 521 5199 Rom.
555 5124 718 5199 edi_t.,
746 5128 1025 5199 anteriora
1054 5136 1391 5199 sequeretur.

164 5191 798 5271 .(29)-M_an_uscri‘ptus
831 5197 1072 5271 aliquot,
1102 5191 1455 5256 fecordentur
1507 5206 1787 5260 contuber-

112 5264 276 5321 nium
308 5264 598 5320 habuisse.
632 5264 1003 5324 Gestorum-in
1059 5264 1334 5326 confesso
1364 5277 1453 5327 est
1473 5273 1614 5329 olim
1674 5293 1789 5331 non

113 5334 354 5416 tantum
387 5335 550 5406 apud
587 5336 816 5416 Graecos
847 5356 913 5395 ac
945 5341 1203 5410 Latinos,
1238 5343 1338 5416 sed
1368 5347 1426 5398 et
1453 5346 1605 5416 apud
1649 5347 1792 5402 Bar-

108 5402 290 5460 baros
331 5402 564 5478 magna
594 5405 875 5482 religione
907 5428 972 5467 ac
995 5402 1328 5468 reverentia
1391 5402 1608 5470 cultam
1667 5434 1795 5474 esse

111 5489 388 5549 mense_
441 5482 622 5549 atque
680 5482 1074 5540 conviviorum
1133 5484 1492 5540 societatem.
1566 5487 1792 5544 Etenim

108 5553 326 5623 gentes
360 5547 495 5605 fere
525 5547 727 5608 omnes
759 5569 893 5609 cum
925 5553 1151 5628 privata
1167 5555 1538 5628 fcedera,tum
1561 5557 1797 5634 publica

459 5673 728 5747 Pareat.
771 5679 935 5746 XIV.

1896 5016 1995 5069 per
2026 4999 2166 5054 salis
2198 5016 2263 5054 ac
2289 5000 2462 5124 lpanis
2492 5001 2967 5058 communionem
3009 5004 3337 5086 jungebant
3369 5021 3382 5060 :
3439 5007 3539 5063 Jo-

1896 5087 2022 5124 vem
2053 5071 2281 5124 hosnita
2308 5087 2397 5124 em
2440 5087 2657 5124 mensas
2687 5073 2987 5124 praesidem
3021 5079 3079 5124 et
3105 5076 3390 5124 vindicem
3420 5080 3539 5124 mi-

1895 5087 2022 5144 vem
2053 5071 2397 5144 hospitalem
2440 5087 2657 5144 mensa;
2687 5073 2987 5144 praesidem
3012 5071 3079 5130 et
3105 5071 3390 5132 vindicem
3420 5080 3539 5134 exi-

1898 5141 2218 5220 stimabant
2251 5142 2597 5220 :_jura_bant
2643 5141 2749 5220 (per
2805 5162 3086 5220 mensam
3126 5147 3478 5220 hospitalem
3522 5168 3536 5218 ;

1895 5218 1952 5267 et
1981 5213 2030 5268 si
2091 5212 2225 5290 quis
2253 5211 2569 5290 _hospit_es_
2599 5211 2774 5285 atque
2824 5218 3184 5290 ομοτρᾳτςέζους
3238 5211 3536 5290 violasset,

1897 5299 2010 5359 non
2033 5285 2219 5359 modo
2250 5283 2374 5359 ipse
2395 5283 2730 5340 habebatur
2755 5287 3147 5359 exsecrabilis,
3183 5291 3280 5346 sed
3315 5295 3372 5346 et
3389 5283 3543 5348 uades

1899 5354 2000 5432 ubi
2032 5354 2141 5432 hoc
2170 5354 2404 5432 sceleris
2433 5359 2731 5432 patratum
2762 5364 2936 5426 esset,
2967 5354 3246 5432 tanquam
3279 5363 3543 5431 funesta,

1899 5425 2194 5481 interdum
2223 5424 2652 5481 habitatoribus
2684 5424 2932 5484 desertae
2952 5424 3355 5493 remanebant.
3398 5424 3543 5495 Vide

1899 5495 2222 5568 Btrukium,
2254 5496 2377 5553 Ant.
2410 5498 2619 5554 conviv.
2644 5496 2744 5556 lib.
2778 5516 2820 5570 1,
2850 5515 2978 5576 cap.
3009 5503 3061 5560 3.

3147 5702 3228 5790 .316
