3856 6206
121 322 245 385 1133

1174 312 1624 378 ENARRATIO
1668 314 1745 375 ΙΝ
1792 311 2173 377 PSALMUM
2215 313 2339 376 XL.

3304 323 3460 381 1134

126 447 662 526 ciderit,emundabit
692 465 824 506 eum
851 451 1002 520 (Luc.
1026 467 1119 515 xx,
1144 451 1252 519 18).
1278 473 1303 497 ››
1334 449 1440 503 Alii
1474 450 1708 513 habent,
1740 453 1792 514 Α
1823 447 2071 502 habetur
2104 464 2166 501 :u
2202 447 2482 501 Abierant
2533 450 2876 515 retrorsum,
2909 453 2967 505 et
3019 451 3352 508 ceciderunt
3405 455 3461 508 in

114 567 132 591 ‹‹
160 539 424 596 ventilabit
472 555 626 606 eum,
655 561 681 587 ››
717 538 837 605 alii,
864 560 894 588 ‹‹
926 537 1306 594 comminuet.
1337 559 1363 585 ››
1398 537 1502 602 Qui
1555 535 1708 591 enim

117 629 316 685 ventilat
350 628 592 700 frugem,
624 627 875 681 mundat
904 643 936 680 a
965 624 1182 697 paleis:
1218 625 1319 695 qui
1366 623 1715 679 comminuit

113 716 311 788 aliquid,
340 716 396 771 in
443 714 735 787 pulverem
770 714 1012 786 redigit;
1046 718 1110 768 ut
1141 712 1388 768 mollitia
1433 711 1709 783 pulveris,

115 805 177 859 vel
205 803 386 875 poculo
417 802 659 872 salubri,
691 803 780 858 vel
832 802 1058 873 reliquo
1090 801 1391 857 medicinae
1423 801 1553 856 usui
1587 801 1712 855 sine

113 892 202 946 ulla
222 891 632 962 perturbatione
661 890 943 962 proﬁciat.
974 890 1136 945 Unde
1158 888 1488 962 colligimus
1510 905 1710 944 caven-

112 982 240 1046 dum,
267 997 330 1036 ne
361 979 487 1052 quis
537 978 717 1035 semel
769 995 873 1050 per
924 979 1288 1050 baptismum
1337 981 1647 1049 susceptus
1678 994 1711 1032 a

114 1067 317 1133 Christo,
346 1084 411 1123 ex
438 1069 562 1139 ejus
612 1067 845 1124 decidat
889 1083 1148 1138 corpore,
1179 1065 1296 1142 hoc.
1318 1071 1425 1132 est,
1457 1064 1709 1121 excutia-

111 1162 184 1211 tur
207 1157 270 1211 ab
298 1155 574 1225 Ecclesia;
609 1157 739 1228 ipsa
767 1159 857 1211 est
887 1155 1041 1211 enim
1076 1155 1284 1209 mortis
1315 1154 1484 1208 ruina
1515 1170 1711 1225 perpe-

109 1249 213 1299 tuae.
251 1244 405 1300 Illum
455 1250 650 1300 autem
702 1245 802 1316 qui
857 1244 1016 1300 venit
1063 1242 1390 1297 crediturus
1437 1242 1494 1296 in
1545 1242 1709 1296 Chri-

107 1338 253 1403 stum,
282 1337 341 1388 ut
369 1349 499 1389 eum
532 1350 694 1388 mors
735 1334 862 1402 ejus
909 1331 1183 1399 inveniat,
1217 1347 1355 1385 crux
1386 1332 1512 1401 ejus
1543 1347 1708 1386 assu-

107 1427 216 1487 mat,
260 1420 445 1477 clavus
496 1422 724 1493 infigat,
780 1420 1022 1492 sanguis
1065 1419 1355 1486 infundat,
1409 1418 1713 1490 sepultura

111 1524 302 1580 quoque
323 1511 445 1580 ejus
478 1508 756 1576 involvat,
781 1506 968 1580 gratia
990 1507 1432 1562 resurrectionis
1461 1506 1708 1572 attollat,

113 1596 232 1652 879
258 1597 321 1652 de
350 1614 551 1653 somno
603 1596 867 1660 suscitet,
896 1613 929 1650 a
961 1600 1146 1650 morte
1195 1594 1467 1661 viviﬁcet;
1518 1593 1706 1661 illum,

100 1682 328 1756 inquam,
360 1703 392 1742 a
420 1685 631 1742 saculo
663 1684 888 1752 liberat,
915 1701 948 1739 a
979 1687 1216 1755 peccato
1250 1684 1516 1749 mundat,
1542 1687 1711 1737 sanat

107 1788 131 1824 a
155 1772 379 1838 vulnere,
412 1791 445 1829 a
483 1773 698 1827 duritia
751 1770 1073 1842 impietatis
1122 1769 1388 1835 inﬂectit,
1420 1770 1491 1824 ad
1543 1785 1706 1822 man-

108 1861 428 1917 suetudinem
461 1861 692 1933 pietatis
743 1858 983 1925 emollit,
1020 1862 1085 1912 ut
1133 1857 1480 1912 circumciso
1511 1858 1702 1926 corde,

105 1945 630 2021 incircumscriptum
704 1947 869 2002 illum
932 1951 988 2001 et
1052 1945 1704 2017 incomprehensibilem

104 2033 295 2092 hauriat
324 2038 620 2110 spiritum,
651 2038 815 2092 bibat
863 2034 1138 2107 poculum
1194 2033 1401 2089 salutis
1455 2038 1702 2088 aeterna}.

101 2123 281 2180 Cecidit
309 2142 438 2198 ergo
469 2142 649 2198 eques
685 2129 1026 2181 retrorsum.

153 2212 224 2265 29.
255 2213 450 2286 Accipe
482 2221 541 2270 et
569 2213 751 2279 aliud,
783 2229 888 2267 cur
939 2217 1263 2266 retrorsum
1319 2216 1375 2266 et
1427 2229 1540 2266 non
1573 2214 1707 2267 ante

100 2299 347 2356 ceciderit.
381 2303 517 2359 Post
570 2302 766 2375 ipsum
822 2317 1047 2367 omnes,
1081 2317 1250 2355 nemo
1304 2305 1436 2354 ante
1490 2301 1702 2371 ipsum.

102 2384 280 2444 Cecidit
307 2407 437 2464 ergo
491 2408 608 2447 non
663 2390 797 2456 sibi,
833 2389 933 2444 sed
976 2389 1278 2456 omnibus;
1315 2394 1377 2444 ut
1431 2389 1706 2443 duritiam

101 2477 258 2533 cordis
285 2480 464 2535 nostri
511 2496 692 2550 super
720 2496 828 2534 nos
881 2478 1140 2533 cadendo
1185 2476 1456 2532 molliret.
1491 2477 1710 2532 Cecidit

104 2579 250 2635 super
274 2569 472 2634 Adam,
505 2585 678 2640 quem
737 2567 1052 2638 quaerebat,
1086 2570 1149 2620 ut
1202 2566 1504 2620 inveniret.
1537 2567 1711 2621 Retro

101 2667 210 2708 eum
239 2656 522 2726 quasivit;
560 2659 624 2711 ut
671 2672 850 2726 supra
880 2653 1159 2708 humeros
1205 2671 1342 2709 suos
1389 2655 1578 2710 bonus
1609 2672 1709 2726 pa-

101 2744 200 2794 stor
245 2743 583 2816 imponeret,
612 2759 930 2814 secumque
963 2742 1233 2814 paradiso
1290 2744 1349 2796 in
1411 2743 1568 2798 illius
1623 2760 1711 2798 re-

101 2827 392 2902 demptione
421 2833 669 2889 latronis
701 2832 1014 2887 inveherct.

146 2919 220 2972 30.
253 2921 356 2976 Sed
407 2923 576 2989 forte,
607 2921 767 2976 dicas
798 2938 810 2974 :
841 2921 911 2975 Et
950 2924 1350 2991 persecutores
1381 2921 1713 2978 ceciderunt

92 3010 394 3065 retrorsum.
417 3011 516 3067 Sic
565 3009 720 3066 enim
778 3007 1058 3079 scriptum
1093 3012 1181 3063 est
1233 3010 1406 3078 (Joan.
1439 3027 1599 3077 xvm,
1629 3010 1707 3081 6).

91 3095 201 3162 quia
251 3099 540 3172 principes
601 3098 972 3155 sacerdotum
1007 3098 1140 3168 (30),
1188 3114 1334 3168 quos
1392 3100 1712 3154 adduxerat

1819 541 2033 590 terram
2067 537 2251 605 (Joan..
2284 553 2447 600 XVIII,
2477 536 2555 607 6).
2585 559 2605 584 ιο
2643 536 2751 600 Qui
2783 541 3048 596 terrenus
3079 545 3186 610 est,
3236 542 3296 596 in
3347 545 3464 598 ter-

1819 640 1943 678 ram
1989 623 2146 678 cadit
2177 642 2189 678 :
2224 623 2323 694 qui
2377 623 2646 692 caelestis,
2680 624 2820 680 coelo
2851 625 3111 684 inhaeret.
3145 631 3212 684 Et
3242 630 3292 686 si
3335 647 3461 686 cor-

1818 728 1956 783 pore
2003 711 2178 780 cadit,
2214 712 2423 767 virtute
2475 729 2589 767 non
2649 713 2988 770 caditznec
3045 717 3118 772 iis
3171 734 3301 790 quae
3355 735 3464 776 sua

1819 803 1974 865 sunt,
2009 801 2109 855 sed
2141 816 2266 870 qum
2300 817 2536 855 sursum
2579 817 2810 873 semper
2851 803 3096 859 intendit
3125 806 3268 877 (31);
3302 824 3462 863 sema
3509 820 3515 825 '

1818 904 1920 958 per
1947 887 2103 941 enim
2131 888 2201 942 ad
2234 889 2463 942 Patrem
2495 889 2749 960 respicit,
2782 894 2845 944 ut
2873 892 3000 963 ejus
3030 893 3183 949 circa
3212 911 3318 951 nos
3349 895 3458 951 im-

1818 974 1975 1046 pleat
2003 975 2385 1030 voluntatem.
2423 977 2650 1031 Utinam
2681 982 2738 1032 et
2773 978 2872 1033 isti
2911 997 3025 1035 non
3058 981 3340 1040 abiissent
3369 999 3460 1040 re-

1819 1067 2100 1131 trorsum,
2155 1064 2256 1119 sed
2299 1063 2597 1118 Christum
2628 1066 3027 1136 excepissent!
3088 1071 3240 1126 sicut
3297 1088 3461 1128 exce-

1819 1151 1903 1222 pit
1929 1151 2169 1222 Joseph,
2203 1155 2260 1206 et
2289 1151 2555 1222 sepelivit
2583 1169 2716 1208 eum
2756 1154 2815 1208 in
2865 1162 3243 1214 monumento
3293 1176 3458 1216 novo.

1820 1239 1924 1301 Qui
1958 1239 2145 1293 ﬁdelis
2176 1244 2283 1308 est,
2323 1240 2380 1292 in
2422 1245 2638 1295 terram
2671 1258 2785 1296 non
2818 1243 3010 1298 cadit:
3044 1245 3144 1316 qui
3187 1246 3460 1314 inﬁdelis,

1821 1326 1974 1380 cadit
2025 1331 2080 1381 et
2136 1327 2437 1382 descendit
2493 1328 2550 1381 in
2608 1329 2887 1385 inferiora
2936 1337 3270 1390 terrarum:
3313 1336 3465 1392 sicut

1819 1414 2101 1484 scriptum
2134 1419 2222 1469 est
2255 1431 2266 1468 :
2299 1439 2318 1464 (ι
2355 1415 2720 1471 Descendant
2757 1417 2816 1471 in
2866 1418 3158 1475 infernum
3205 1422 3462 1481 viventes

1821 1503 1989 1567 (Psal.
2024 1519 2137 1569 LIV,
2175 1504 2280 1570 16).
2311 1525 2332 1553 ι
2371 1503 2517 1574 Ergo
2548 1509 2883 1574 persecutor
2924 1524 3102 1579 super
3135 1513 3371 1577 terram,
3407 1516 3463 1567 et

1821 1590 1877 1644 in
1910 1589 2204 1645 infernum
2250 1591 2404 1645 cadit
2437 1607 2449 1645 :
2483 1591 2750 1648 Christus
2794 1611 2970 1665 super
3011 1603 3458 1668 resurrecturos,

1818 1678 2083 1733 Christus
2113 1695 2290 1750 super
2319 1684 2566 1750 petram,
2600 1680 2868 1738 Christus
2915 1701 3091 1756 super
3121 1686 3456 1745 Ecclesiam.

1819 1766 1962 1820 Audi
1995 1769 2286 1838 quomodo
2319 1785 2492 1838 super
2542 1769 2861 1826 Ecclesiam
2895 1773 3084 1829 cadat.
3120 1775 3288 1832 Retro
3337 1781 3462 1834 erat

1817 1855 2038 1920 Petrus,
2068 1859 2124 1909 et
2153 1856 2508 1925 sequebatur
2557 1874 2691 1912 eum
2744 1876 2878 1914 cum
2911 1879 2945 1918 a
2973 1862 3194 1918 Judaais
3223 1867 3295 1920 ad
3327 1866 3460 1921 Cai—

1817 1943 1942 2014 phae
1975 1944 2212 1997 domum
2265 1945 2581 2016 Synagogas
2637 1947 2921 2020 principis
2969 1952 3296 2008 duceretur.
3331 1955 3460 2025 Ipse

1815 2037 1904 2086 est
1933 2031 2137 2086 Petrus
2168 2032 2261 2085 cui
2292 2032 2436 2087 dixit
2461 2050 2510 2087 ;‹‹
2543 2035 2628 2088 'l‘u
2661 2052 2722 2091 es
2751 2037 2976 2107 Petrus,
3009 2044 3066 2094 et
3103 2057 3279 2112 super
3307 2042 3459 2099 hanc

1816 2124 2036 2190 petram
2071 2119 2366 2174 adiﬁcabo
2390 2121 2701 2178 Ecclesiam
2727 2141 2914 2180 meam
2941 2128 3147 2198 (Matth.
3171 2148 3285 2199 xvr,
3313 2131 3459 2202 18).»

1818 2207 1924 2260 Ubi
1974 2224 2110 2279 ergo
2163 2208 2388 2274 Petrus,
2443 2209 2522 2264 ibi
2573 2210 2870 2267 Ecclesia:
2917 2215 3014 2269 ubi
3067 2218 3343 2284 Ecclesia,
3377 2220 3460 2276 ibi

1818 2293 1980 2349 nulla
2012 2313 2190 2362 mors,
2225 2297 2326 2351 sed
2359 2297 2474 2351 vita
2503 2303 2736 2355 aterna.
2771 2301 2838 2356 Et
2876 2302 3005 2358 ideo
3037 2306 3263 2362 addidit
3297 2326 3360 2362 :u
3393 2308 3462 2363 Et

1817 2387 1992 2455 portae
2024 2384 2193 2438 inferi
2227 2402 2341 2440 non
2373 2387 2766 2456 praevalebunt
2808 2390 2857 2444 ei
2893 2410 2904 2446 :
2937 2397 2993 2448 et
3028 2395 3133 2450 tibi
3164 2397 3313 2452 dabo
3344 2397 3458 2452 cla-

1817 2487 1914 2528 ves
1946 2473 2099 2528 880
2130 2473 2290 2544 regni
2323 2475 2600 2530 caelorum
2634 2477 2789 2547 (Ibid.
2815 2479 2900 2547 18,
2934 2482 3040 2552 19).
3061 2505 3088 2530 ››
3115 2485 3326 2542 Beatus
3358 2487 3458 2542 Pe-

1816 2566 1964 2631 trus,
1997 2561 2089 2615 cui
2120 2578 2233 2616 non
2275 2563 2592 2619 inferorum
2636 2571 2803 2636 porta
2830 2569 3149 2640 pmvaluit,
3183 2590 3297 2629 non
3331 2576 3458 2630 cceli

1817 2655 1982 2721 porta
2018 2667 2080 2705 se
2130 2649 2367 2716 clausit;
2403 2652 2501 2706 sed
2533 2668 2563 2706 e
2595 2656 2882 2712 contrario
2935 2659 3218 2717 destruxit
3249 2662 3460 2719 inferni

1818 2737 2132 2806 vestibula,
2165 2739 2434 2810 patefecit
2475 2739 2750 2797 ccelestia.
2788 2745 2845 2798 ln
2876 2747 3048 2804 terris
3076 2749 3272 2822 itaque
3302 2751 3458 2824 posi-

1819 2833 1914 2881 tus
1945 2827 2154 2882 cmlum
2185 2827 2429 2898 aperuit,
2463 2828 2679 2885 inferos
2709 2831 2938 2889 clausit.

1890 2918 1976 2970 31.
2011 2916 2204 2971 Potest
2256 2920 2311 2970 et
2367 2915 2510 2972 illud
2569 2921 2874 2978 convenire
2931 2923 3070 2981 huic
3125 2925 3274 2996 loco,
3305 2930 3460 3000 quod

1821 3004 2222 3060 Samaritanus
2278 3005 2726 3062 descendentem
2765 3009 2837 3064 de
2878 3012 3106 3070 Jericho
3159 3015 3461 3075 hominem

1819 3093 2188 3148 vulneratum
2237 3091 2403 3146 illum
2452 3111 2485 3148 a
2544 3095 2871 3153 latronibus
2933 3118 3047 3156 non
3113 3107 3457 3176 praeterivit;

91 3185 317 3250 proditor
342 3168 554 3257 Judas,
588 3193 646 3244 et
709 3186 896 3242 caeteri
928 3186 1025 3257 qui
1085 3185 1156 3240 ad
1214 3187 1706 3258 comprehenden-
1738 3168 1780 3235 C
1819 3181 1918 3238 sed
1952 3181 2208 3251 suscepit
2251 3196 2406 3245 eum,
2440 3186 2496 3236 et
2531 3181 2769 3239 vulnera
2815 3188 2943 3256 ejus
2991 3168 3234 3260 curavit,
3269 3168 3460 3250 infun;

97 3269 214 3328 dum
250 3276 602 3332 advenerant
658 3275 971 3330 Dominum
1027 3275 1252 3342 Jesum,
1297 3276 1564 3331 abierunt
1619 3295 1708 3333 re-

95 3362 338 3431 trorsum,
375 3371 429 3421 et
462 3365 803 3420 ceciderunt
829 3363 889 3418 in
921 3367 1157 3418 terram.
1194 3363 1309 3418 Hoc
1354 3368 1440 3419 est
1470 3367 1622 3436 quod
1657 3374 1713 3422 et

98 3463 183 3518 ego
213 3452 352 3519 dico,
379 3453 523 3526 quia
562 3470 738 3526 super
782 3455 1110 3524 peccatores
1134 3450 1317 3506 voluit
1343 3454 1569 3521 cadere,
1599 3471 1714 3510 non

101 3551 253 3608 super
273 3541 502 3612 justos;
528 3543 726 3614 justus
757 3541 914 3596 enim
947 3539 1170 3595 medico
1203 3557 1317 3595 non
1348 3540 1588 3615 indiget.
1618 3544 1718 3599 sed

99 3633 426 3693 peccatores.
454 3632 512 3686 Si
541 3629 937 3703 apostolorum
963 3629 1173 3686 umbra
1202 3631 1477 3698 sanabat;
1505 3637 1723 3704 quanto

101 3717 268 3787 magis
295 3736 425 3777 caro
461 3719 675 3774 Christi
708 3735 855 3790 quos
897 3716 1102 3789 tangit,
1136 3735 1168 3772 a
1200 3723 1382 3773 morte
1429 3720 1723 3776 defendit!

93 3803 333 3876 Denique
366 3808 672 3882 leprosum
705 3805 912 3878 tetigit,
937 3811 994 3861 et
1024 3806 1152 3861 sine
1172 3805 1460 3862 delatione
1492 3809 1734 3864 munda-

96 3891 181 3946 vit.
206 3893 273 3949 Ut
300 3897 456 3954 scias
491 3901 686 3952 autem
735 3895 833 3968 qui
885 3894 1050 3967 legis,
1085 3894 1223 3966 quia
1252 3900 1308 3949 et
1339 3902 1736 3966 persecutores

93 3995 214 4037 suos
246 3985 428 4041 voluit
459 3985 735 4052 liberare,
761 3987 968 4039 testem
997 3981 1207 4038 Christi
1241 3983 1556 4058 interroga.
1591 3986 1736 4041 Nam

98 4084 215 4124 cum
246 4072 623 4130 inveberetur
668 4072 875 4127 Petrus
925 4071 981 4124 in
1033 4071 1286 4140 Judaeos,
1321 4074 1474 4144 quod
1527 4073 1738 4144 princi-

107 4172 223 4227 pem
257 4161 384 4218 vitae
417 4162 877 4225 interfecissent,
921 4159 1242 4215 remedium
1277 4162 1697 4218 demonstravit
1730 4165 1742 4202 ε

110 4251 164 4299 ut
195 4257 427 4321 agerent
452 4250 878 4323 paenitentiam,
898 4247 1109 4304 remitti
1133 4248 1241 4302 sibi
1265 4254 1567 4319 peccatum
1593 4252 1747 4323 quod

113 4335 498 4407 admiserant,
573 4343 953 4394 mererentur.
1007 4335 1150 4399 Quid
1221 4342 1414 4392 autem
1496 4339 1749 4409 dubitas,

102 4427 244 4492 quod
280 4429 412 4485 ideo
448 4428 692 4496 cedidit,
726 4431 790 4482 ut
838 4425 1229 4494 resuscitaret,
1263 4443 1393 4480 cum
1441 4427 1565 4498 ipse
1594 4430 1752 4486 dixe-

1817 3271 1960 3326 dens
2007 3268 2200 3324 oleum
2233 3273 2289 3323 et
2317 3269 2514 3324 vinum
2553 3288 2564 3324 :
2599 3277 2655 3325 et
2685 3272 2964 3344 imposuit
3000 3295 3178 3349 supra
3219 3281 3455 3351 jumen-

1820 3366 1945 3415 tum
1979 3373 2176 3424 suum,
2209 3363 2265 3412 et
2295 3359 2459 3412 duxit
2490 3360 2559 3412 ad
2595 3361 2910 3418 stabulum.
2945 3365 3090 3428 Quid
3121 3368 3356 3426 dubitas
3388 3373 3458 3427 de

1823 3464 1971 3520 equo
2003 3449 2174 3513 bono,
2198 3462 2329 3500 cum
2366 3447 2580 3500 bonum
2605 3455 2662 3504 et
2682 3450 3018 3519 jumentum
3047 3456 3296 3530 legeris?
3317 3465 3463 3522 Cum

1828 3537 2037 3610 legeris
2093 3537 2150 3590 in
2207 3535 2530 3590 Jerusalem
2589 3536 2780 3604 illam,
2839 3546 2897 3596 et
2963 3549 3192 3617 equites
3251 3553 3471 3611 multos

1833 3633 1890 3684 et
1919 3625 2202 3698 plurimos
2249 3640 2381 3678 cum
2414 3625 2718 3698 quadrigis
2774 3633 2831 3684 et
2881 3636 3154 3693 curribus
3185 3639 3474 3700 introire?

1837 3718 1952 3773 Nec
1985 3720 2039 3770 te
2071 3717 2297 3767 moveat
2327 3714 2478 3784 quod
2512 3712 2702 3785 legisti
2741 3734 2790 3771 :u
2823 3717 2890 3772 Ili
2923 3720 2982 3775 in
3013 3727 3304 3797 curribus,
3337 3735 3392 3786 et
3418 3732 3480 3787 hi

1840 3807 1900 3861 in
1931 3803 2099 3875 cquis
2131 3819 2143 3856 :
2181 3819 2286 3856 nos
2319 3807 2513 3856 autem
2548 3803 2605 3856 in
2638 3806 2872 3862 nomine
2925 3811 3148 3868 Domini
3178 3818 3273 3872 Dei
3305 3821 3488 3876 nostri

1847 3889 2376 3965 magnificabimur.
2427 3891 2541 3960 Ipsi
2584 3891 2823 3964 obligati
2870 3903 3026 3965 sunt,
3059 3907 3110 3955 et
3157 3906 3491 3964 ceciderunt

1850 3983 2018 4054 (Psal.
2054 3997 2168 4044 xxx,
2201 3981 2254 4045 8,
2284 3980 2361 4049 9).
2389 4001 2415 4027 »
2447 3979 2552 4032 Sed
2586 3979 2738 4035 Elias
2787 4000 2900 4037 non
2932 3987 3156 4054 cecidit,
3191 3995 3291 4062 qui
3319 4010 3494 4052 curru

1853 4069 2139 4133 introivit;
2174 4066 2271 4120 ubi
2306 4067 2462 4121 enim
2495 4067 2594 4121 Dei
2626 4084 2836 4124 nomen
2870 4078 2976 4139 est,
3010 4075 3090 4130 ibi
3122 4078 3322 4136 nullus
3353 4083 3498 4138 obli-

1855 4164 2044 4234 gatur,
2079 4156 2178 4212 sed
2211 4154 2592 4209 absolvuntur
2633 4157 2906 4214 universi.
2945 4162 3004 4217 In
3039 4167 3272 4224 nomine
3302 4176 3496 4230 autem

1861 4250 1959 4306 Dei
1995 4245 2177 4301 nostri
2209 4248 2264 4298 et
2294 4260 2515 4314 pauper
2543 4249 2632 4299 est
2669 4250 2831 4302 tutus
2862 4249 2970 4322 (32)
3002 4258 3059 4308 et
3086 4255 3274 4327 dives;
3307 4265 3364 4316 et
3396 4279 3498 4318 no-

1866 4338 2022 4404 bilis,
2057 4339 2111 4389 et
2140 4330 2442 4404 ignobilis;
2504 4337 2559 4387 et
2617 4334 2906 4405 infirmus,
2963 4346 3018 4394 et
3075 4349 3300 4413 potens.
3343 4350 3500 4406 Fidei

1863 4444 1979 4484 non
2033 4421 2412 4496 praejudicant
2443 4437 2608 4492 opes;
2661 4423 2707 4478 si
2742 4428 2934 4481 tamen
2969 4430 3052 4484 uti
3092 4433 3300 4503 opibus
3332 4455 3500 4495 nove-

99 4510 259 4606 ςξῐεα
310 4517 650 4573 Percutiam
713 4521 771 4571 et
829 4513 1046 4569 sanabo
1105 4515 1274 4584 (Dent.
1338 4532 1513 4584 XXXII,
1573 4516 2069 4606 39)?)iDrimus.

103 4597 421 4662 Verborum
496 4611 694 4662 tamen
752 4603 944 4659 videto
1007 4601 1367 4658 distantiam.
1429 4605 1490 4659 In
1552 4597 1763 4664 Genesi

114 4687 401 4749 habetur:
439 4715 461 4742 ι
528 4695 706 4750 Carlet
743 4708 922 4764 eques
972 4696 1316 4758 retrorsum,
1365 4693 1614 4749 salutem
1663 4713 1764 4752 ex-

109 4785 378 4848 spectans
428 4801 462 4838 a
516 4783 762 4838 Domino
810 4780 961 4852 (Cen.
994 4797 1140 4845 xux,
1173 4781 1346 4848 17);»
1379 4780 1488 4836 hoc
1544 4789 1652 4851 est,
1702 4791 1766 4840 ut

99 4867 288 4926 oculos
340 4889 454 4927 non
525 4875 772 4936 avertat,
807 4869 956 4925 actio
989 4874 1241 4924 mentem
1297 4870 1588 4940 propriam
1649 4891 1763 4930 non

95 4956 370 5024 reﬂectat,
415 4959 873 5016 resurrectionis
923 4975 1041 5013 sua:
1094 4959 1528 5029 praerogativam
1579 4962 1765 5017 vindi-

98 5049 203 5111 cet,
252 5053 308 5103 et
347 5048 548 5105 divina
597 5065 657 5104 sc
715 5047 1025 5103 resuscitat
1084 5050 1388 5118 potestate.
1426 5047 1525 5103 Hic
1574 5055 1767 5108 autem

163 5185 286 5262 (30)
323 5189 494 5245 Rom.
529 5191 690 5256 edit.,
727 5166 860 5262 quia
898 5189 1172 5260 principis
1219 5188 1549 5245 sacerdotum
1598 5195 1773 5251 mini-

97 5259 222 5322 stri,
261 5276 422 5329 quos,
456 5267 566 5317 etc.

174 5329 295 5408 (31)
329 5331 474 5387 Cod.
508 5332 655 5408 Vict.
708 5337 764 5387 et
811 5330 978 5408 ‘Colb.
1043 5346 1307 5408 cumque
1353 5331 1467 5408 illis
1524 5335 1776 5407 antiqua:
1819 5336 1831 5342 ’

98 5397 414 5476 edit.,non
444 5403 614 5472 cadit,
646 5419 747 5476 nec
796 5405 866 5458 iis
899 5417 1020 5472 quae
1048 5419 1151 5456 sua
1179 5397 1329 5476 sant,
1363 5404 1463 5476 sed
1509 5397 1776 5476 operfin-

99 5471 300 5526 tendit.
339 5471 607 5536 Quatuor
637 5474 734 5530 alii
785 5471 1097 5545 mss’.,7non
1145 5473 1310 5545 cadit,
1344 5475 1436 5529 scd
1484 5471 1609 5545 qua:
1652 5495 1777 5533 sur-

95 5555 220 5596 sum
258 5549 399 5599 sunt
428 5561 639 5616 semper
671 5545 930 5601 intendit.
954 5544 1106 5616 Reg.
1143 5543 1460 5616 solus,_non
1489 5543 1658 5615 cadit,
1690 5549 1781 5606 sed

95 5627 225 5688 quae
257 5630 365 5673 sua
389 5622 518 5678 sunt
539 5614 750 5694 temper
775 5615 1030 5679 intendit.
1052 5615 1186 5683 Quae
1210 5614 1380 5677 lectio
1403 5614 1776 5696 nequaquam

1941 4607 2029 4659 3‘2.
2060 4603 2242 4672 (Vers.
2283 4601 2390 4670 11.)
2422 4602 2490 4655 Et
2519 4600 2646 4657 ideo
2697 4619 2907 4660 nomen
2939 4607 3039 4664 Dei
3069 4609 3128 4666 in
3176 4630 3238 4670 se
3285 4616 3508 4676 habens

1875 4695 2017 4749 dicit
2051 4711 2062 4747 :
2092 4716 2116 4739 ‹‹
2154 4692 2240 4745 Tu
2293 4694 2508 4754 autem,
2541 4691 2805 4761 Domine,
2841 4697 3115 4756 miserere
3147 4705 3282 4772 mei,
3316 4711 3373 4761 et
3423 4725 3509 4764 re-

1877 4781 2098 4838 suscita
2124 4797 2238 4850 me,
2271 4785 2325 4834 et
2377 4779 2695 4836 retribuam
2729 4781 2917 4838 illis.»
2950 4786 3108 4850 Quod
3166 4793 3365 4863 utique
3394 4811 3511 4850 non

1877 4871 2041 4941 quasi
2077 4870 2145 4923 de
2197 4874 2617 4924 resurrectione
2656 4871 2932 4928 dubitans
2963 4875 3121 4944 dicit,
3155 4881 3254 4948 qui
3303 4881 3360 4936 in
3411 4899 3511 4954 po-

1879 4963 2087 5014 testate
2142 4957 2390 5010 habebat
2423 4956 2613 5012 dicere
2646 4974 2694 5010 ;‹‹
2724 4958 2936 5015 Solvite
2974 4963 3258 5035 templum
3297 4968 3426 5037 hoc,
3457 4975 3516 5028 et

1882 5049 1939 5101 in
1998 5045 2192 5101 triduo
2251 5043 2610 5099 resuscitabo
2664 5045 2809 5100 illud
2869 5049 3042 5118 (Joan.
3094 5055 3310 5125 11,19);
3347 5080 3375 5106 ››
3413 5060 3514 5115 sed

1882 5191 2109 5246 videtur
2129 5187 2573 5272 contemnenda.
2591 5187 2886 5272 Etenim-si
2909 5190 3084 5249 homo
3111 5195 3361 5272 caelestis
3391 5216 3518 5272 quae

1884 5279 1991 5338 sua
2022 5263 2160 5338 sunt
2189 5274 2418 5338 semper
2452 5260 2733 5338 intendit,
2765 5260 2973 5338 utique
3015 5281 3246 5338 semper
3275 5260 3526 5328 intendit

1884 5331 2158 5388 ccclestia.
2193 5329 2505 5384 Commode
2536 5335 2730 5384 tamen
2761 5329 2903 5387 edit.
2939 5333 3104 5391 Rom.
3143 5329 3202 5394 et
3232 5343 3357 5397 cod.
3391 5343 3519 5400 Vat.

1885 5420 2032 5475 quos
2072 5417 2146 5475 eo
2171 5402 2510 5475 _sequimur,
2536 5401 2689 5471 quod
2749 5401 2959 5458 melius
3018 5416 3225 5465 sonent
3283 5414 3527 5473 auribus

1886 5471 2234 5532 christianis.

1958 5544 2070 5613 (32)
2102 5543 2270 5599 Rom.
2301 5542 2462 5612 edit.,
2495 5545 2553 5602 In
2605 5545 2827 5609 nomine
2846 5545 3067 5606 Domini
3111 5552 3208 5613 Dei
3234 5558 3414 5615 nostri
3441 5559 3528 5616 in.

1885 5616 2212 5678 vocabimus.
