3856 6206
330 334 491 403 1133

1804 337 1873 401 8.
1918 333 2299 401 mnosn

3592 324 3735 398 me

322 462 578 529 {ormam
608 473 709 528 dat
754 471 998 537 homini,
1038 474 1103 526 ut
1153 470 1612 526 misericordiam
1666 488 1701 525 a
1746 470 1885 531 Deo,
1916 470 2059 537 etA
2088 473 2367 525 Dominus
2427 476 2577 525 Deus
2638 469 2812 526 [smel
2842 488 2879 527 a
2912 468 3121 526 seculo
3176 472 3235 525 et
3286 468 3351 523 in
3408 466 3732 524 naculum:

330 561 817 620 resurrectionem
852 562 924 616 de
971 564 1085 616 Deo
1136 564 1349 631 speret.
1385 559 1599 613 Deinde
1652 576 1771 614 non.
1820 577 1988 613 resu-

330 652 533 708 scitari
564 668 627 708 se
658 651 802 724 petit
834 668 849 706 :
880 650 979 706 sed
1029 648 1366 705 resuscitari
1398 649 1508 701 sibi
1552 647 1812 719 postulat
1841 648 1985 701 Mat-

332 739 521 795 thiam
576 740 636 795 in
695 740 888 795 locum
944 738 1137 803 Iudae;
1174 742 1239 792 ut
1296 736 1649 808 apostolicus
1706 752 1987 790 numerus

339 826 678 900 Inpleatur.
734 829 961 883 Etenim
1010 828 1150 898 quia
1206 841 1439 881 necesse
1494 825 1745 879 habebat
1802 826 1990 895 perire

341 916 501 973 ﬁlius
549 917 920 990 perditionis,
950 922 1019 971 ut
1070 916 1373 987 Scriptura
1420 913 1790 983 impleretur;
1822 930 1989 984 opor-

332 1003 495 1058 tabat
536 1003 597 1058 in
650 1002 850 1058 locum
913 1003 1099 1074 ipsius
1154 1001 1459 1073 subrogari
1513 1001 1701 1055 ﬁlium
1760 1001 1989 1056 salutis.

331 1091 597 1147 Tertium
661 1092 877 1163 accipe.
936 1090 1291 1146 Resuscitari
1349 1108 1433 1154 se,
1473 1090 1581 1145 hoc
1638 1094 1748 1155 est,
1780 1106 1991 1161 corpus

338 1195 539 1245 suum,
574 1180 765 1250 poscit
796 1195 810 1232 :
842 1196 1053 1251 corpus
1094 1186 1291 1234 autem
1324 1178 1560 1243 Christi,
1590 1178 1849 1233 Ecclesia
1879 1183 1988 1232 est.

338 1265 407 1320 Et
439 1266 579 1335 quia
606 1266 791 1321 Judas
832 1267 1023 1337 figura
1052 1274 1173 1321 erat
1227 1266 1480 1320 inﬁdelis
1516 1265 1709 1335 populi
1758 1265 1990 1318 Judreo-

344 1368 498 1419 rum,
532 1354 630 1424 qui
679 1355 925 1424 pecunia
954 1353 1039 1409 vel
1097 1354 1258 1419 emit,
1290 1353 1377 1408 vel
1411 1354 1667 1408 vendidit
1697 1354 1991 1407 Christum

340 1441 515 1511 (quod
550 1441 770 1495 faciunt
800 1441 899 1512 qui
953 1440 1139 1513 pluris
1172 1441 1393 1496 ducunt
1446 1443 1777 1513 pecuniam,
1814 1457 1992 1512 quam

338 1528 701 1601 religionem)
734 1546 836 1601 pro
880 1530 1117 1584 interitu
1174 1530 1360 1601 plebis
1413 1529 1469 1583 in
1528 1531 1639 1584 fide
1672 1532 1773 1597 ‘33,
1814 1530 1991 1601 signi-

338 1618 475 1673 ficat
526 1618 793 1673 Ecclesia
845 1619 955 1673 sibi
1010 1618 1258 1690 gratiam
1315 1624 1795 1673 resurrecturam.
1834 1617 1994 1672 L'nde

342 1711 399 1761 et
432 1707 558 1778 ipsa
603 1707 742 1761 dicit
778 1708 833 1761 in
865 1707 1117 1761 Canticis
1152 1725 1220 1761 ται
1256 1707 1313 1762 Si
1371 1707 1792 1761 suscitaveritis
1822 1710 1878 1761 et
1907 1722 1995 1760 re-

342 1796 767 1852 auscitaveritis
806 1796 1149 1852 charitatem
1182 1796 1360 1851 (Cant.
1400 1814 1461 1860 ll,
1490 1798 1523 1847 7
1567 1814 1580 1859 ;
1614 1820 1633 1843 ι
1671 1812 1804 1850 cum
1837 1811 1995 1865 que-

344 1890 499 1941 reret
525 1885 598 1940 de
619 1885 954 1956 juveoculis
984 1884 1303 1952 Christum,
1339 1886 1475 1956 quia
1505 1884 1774 1940 Christus
1805 1884 1991 1938 chari-

344 1978 437 2029 tas
459 1977 569 2029 est.

416 2062 509 2117 33.
537 2062 703 2127 Quod
737 2068 933 2119 autem
966 2064 1047 2119 ait
1080 2080 1131 2118 τα
1162 2064 1501 2119 Retribuam
1535 2062 1680 2127 illis;
1710 2086 1734 2109 η
1768 2063 1875 2117 hoc
1906 2062 1993 2116 in-

342 2149 705 2223 telligimus,
763 2152 902 2225 quia
971 2153 1233 2208 ﬂorentis
1300 2152 1566 2207 Ecclesiae
1627 2152 1998 2223 processibus

345 2239 768 2296 cruciabuntur
803 2258 817 2295 :
850 2248 907 2295 et
935 2246 1077 2295 tunc
1120 2246 1469 2312 cognoscent
1501 2257 1627 2311 qua:
1672 2256 1843 2312 poena
1870 2256 1997 2311 per-

350 2326 505 2380 ﬁdia
530 2326 636 2393 ait;
666 2342 803 2381 eum
855 2326 1209 2382 adverterint
1241 2328 1340 2398 qui
1374 2327 1507 2381 ﬁdei
1567 2328 1647 2381 sit
1702 2326 2000 2398 splendor,

350 2417 408 2470 et
434 2413 657 2487 gratia.
688 2413 791 2469 Vel
840 2415 980 2486 quia
1011 2415 1202 2471 bonus
1234 2414 1521 2470 Dominus
1551 2419 1660 2481 est,
1692 2415 1789 2486 qui
1837 2418 2004 2487 pote-

350 2501 657 2559 ratdlcere
689 2520 747 2558 τι(
782 2503 1203 2560 Hetribuebant
1263 2503 1406 2559 mihi
1464 2503 1619 2557 mala
1676 2520 1781 2575 pro
1834 2503 2006 2559 bonis

351 2590 533 2664 (Pal.
564 2608 755 2664 xxxiv,
788 2594 898 2663 12).
924 2614 953 2643 η
978 2594 1047 2647 Et
1076 2593 1337 2649 medium
1367 2594 1610 2647 verbum
1642 2598 1731 2647 est
1756 2591 2005 2648 retribu-

352 2680 561 2748 tionis,
586 2680 676 2737 vel
709 2681 768 2737 in
799 2681 973 2746 bono,
1000 2682 1087 2736 vel
1142 2682 1201 2736 in
1254 2680 1408 2737 malo
1442 2699 1455 2736 :
1490 2681 1914 2736 retributurum
1946 2680 2007 2735 in

350 2770 509 2828 bono
537 2785 671 2828 esse
703 2785 767 2826 se
795 2770 940 2826 dicit
973 2788 987 2825 :
1020 2770 1159 2841 quia
1205 2770 1316 2825 etsi
1364 2770 1593 2825 caecitas
1623 2768 1682 2824 in
1732 2768 1906 2824 Israel
1942 2786 2011 2824 ex

359 2862 525 2931 parte
554 2859 876 2931 continget,
906 2862 1103 2914 tamen
1133 2873 1267 2913 cum
1301 2858 1605 2930 plenitudo
1635 2858 1895 2931 gentium
1928 2858 2012 2912 in-

355 2945 620 3015 traverit,
642 2949 783 3002 tunc
811 2946 1007 3002 omnis
1040 2945 1214 3001 Israel
1242 2946 1457 3001 Christi
1490 2946 1865 3003 miseratione
1893 2945 2011 3002 sal-

357 3034 609 3092 rabitur.

435 3122 526 3180 34.
562 3123 751 3194 (Vers.
778 3126 888 3197 12.)
914 3125 983 3181 Et
1011 3125 1279 3196 subjecit.
1305 3148 1333 3175 «
1370 3126 1431 3181 ln
1466 3126 1573 3181 hoc
1603 3124 1841 3197 cognovi
1873 3141 2014 3197 quo-

362 3212 524 3270 niam
556 3212 789 3270 voluisti
823 3229 945 3282 me;
980 3215 1259 3286 quoniam
1318 3231 1433 3270 non
1491 3215 1769 3287 gaudebit
1814 3213 2011 3268 inimi-

363 3317 471 3358 cus
522 3317 691 3359 meus
746 3319 922 3376 super
965 3319 1078 3360 me.
1108 3326 1135 3351 υ
1166 3303 1449 3376 Superius
1480 3305 1551 3358 de
1582 3303 1853 3375 passione
1906 3320 2015 3359 sua

361 3390 599 3448 locutus
628 3397 720 3448 est
750 3392 917 3464 quasi
950 3391 1125 3448 homo
1159 3410 1172 3447 :
1205 3392 1343 3447 hinc
1366 3394 1493 3463 jam
1525 3393 1710 3464 aperit
1739 3393 2013 3463 majesta-

360 3484 482 3535 tem
512 3496 706 3547 suam,
732 3480 890 3552 quod
920 3483 1083 3537 solus
1113 3481 1261 3538 881
1299 3482 1425 3537 sine
1455 3481 1896 3553 peccato;solus
1917 3481 2010 3536 cui

360 3571 633 3638 peccator
681 3569 1007 3640 inequitare
1059 3586 1175 3625 non
1230 3570 1419 3641 potuit
1448 3571 1582 3640 (34),
1625 3569 1788 3625 solus
1836 3586 2009 3641 quem

360 3653 533 3710 Pater
560 3659 625 3710 ut
652 3656 893 3711 unicum
922 3657 1130 3712 Filium
1162 3658 1445 3714 dilexerit.
1468 3659 1591 3722 Qua
1621 3659 1845 3714 ratione
1874 3674 2012 3732 ergo

360 3741 640 3799 inimicus
671 3759 787 3800 non
833 3750 923 3800 est
971 3744 1203 3801 laetatus
1260 3763 1439 3819 super
1489 3748 1669 3802 eum?
1701 3748 1844 3812 Quia
1901 3747 2011 3803 etsi

358 3835 607 3889 mortem
639 3833 899 3906 suscepit
936 3849 1041 3905 pro
1070 3834 1261 3901 nobis,
1321 3837 1639 3891 resurrexit
1695 3841 1924 3903 tamen;
1954 3841 2014 3892 et

358 3919 485 3993 ipse
514 3920 819 3980 insultavit
848 3922 1107 3989 inimico,
1147 3925 1319 3995 cujus
1364 3925 1668 3980 victoriam
1698 3925 2008 3992 destruxit,

357 4014 418 4066 et
442 4010 715 4067 aculeum
745 4011 952 4068 mortis
992 4010 1246 4083 infregit.
1281 4012 1348 4067 Et
1378 4030 1504 4079 nos,
1538 4012 1670 4069 licet
1708 4014 1768 4068 in
1799 4012 2009 4070 saeculo

361 4100 555 4157 maesti
605 4100 816 4170 simus,
849 4105 1025 4173 atque
1070 4100 1132 4157 in
1178 4116 1423 4158 mcerore
1472 4107 1672 4159 nostro
1701 4107 1758 4158 et
1793 4102 2011 4158 contri-

353 4187 514 4245 tione
542 4189 737 4246 cordis
766 4190 1068 4263 animique
1101 4191 1286 4247 nostri
1320 4190 1545 4247 laetetur
1575 4191 1851 4247 inimicus
1876 4209 1889 4246 :
1921 4195 2009 4246 ta-

352 4291 490 4333 men
522 4283 895 4351 resurgentes
937 4280 1067 4350 ejus
1115 4279 1397 4352 gaudium
1430 4280 1815 4336 destruimus.
1844 4279 2010 4335 Unde

356 4368 416 4421 et
444 4363 716 4423 Micheas
760 4366 907 4423 dixit
933 4385 993 4423 :«
1026 4367 1155 4423 Noli
1210 4385 1387 4440 super
1443 4385 1536 4424 me
1589 4369 1864 4440 gaudere,
1897 4367 2008 4423 ini-

362 4451 514 4511 mica
542 4469 693 4524 mea,
718 4455 857 4527 quia
877 4455 1089 4523 cecidi;
1122 4456 1225 4511 sed
1258 4472 1559 4529 resurgam
1582 4457 1874 4528 (Mich.vn,
1893 4457 2007 4527 8).»

2096 560 2215 623 ﬁat,
2249 560 2369 614 ﬁat.
2398 582 2423 606 ιο
2453 560 2732 616 lnnocens
2772 560 2917 615 nulli
2966 564 3155 623 nocet,
3186 558 3247 614 in
3280 556 3583 613 neminem
3614 572 3736 630 pee-

2093 654 2207 702 cat.
2260 648 2389 701 Ideo
2444 648 2573 703 sine
2624 656 2883 719 peccato,
2916 649 3041 703 sine
3096 647 3232 702 dolo
3260 646 3537 701 Christus
3595 645 3738 700 Seri-

2098 739 2279 806 pturae
2322 735 2529 790 divine
2584 738 2930 791 auctoritate
2986 737 3277 807 signatur.
3309 734 3430 789 Hoc
3486 733 3741 806 igituret

2098 823 2191 877 hic
2248 823 2598 885 declaratur,
2630 826 2731 879 ubi
2787 825 2929 879 dicit
2960 843 3025 878 :c
3056 824 3299 895 Propter
3348 823 3740 878 innocentiam

2098 918 2292 966 autem
2328 928 2515 967 meam
2556 914 2869 983 suscepisti
2903 928 3016 967 me.
3042 934 3071 959 ι
3102 914 3240 977 Qus:
3282 915 3481 965 autem
3512 926 3744 983 παρ’

2096 1003 2179 1055 tio
2233 1000 2643 1073 signiﬁcatur?
2698 1002 2845 1056 Nam
2898 1006 2955 1056 et
3010 1000 3149 1054 alibi
3208 999 3567 1071 legimns:«
3615 999 3749 1053 Sus-

2098 1090 2303 1161 cepisti
2342 1107 2435 1144 me
2482 1107 2552 1145 ex
2610 1098 2778 1145 utero
2834 1088 3042 1144 matris
3097 1104 3240 1143 meae
3272 1088 3448 1155 (Prol.
3480 1102 3746 1153 cxxxvm,

2104 1181 2257 1244 13.):
2289 1178 2439 1249 Ergo
2471 1180 2611 1249 quia
2666 1179 2740 1233 ab
2797 1178 2959 1233 omni
3002 1178 3371 1232 concretione
3426 1176 3749 1248 generatio-

2104 1266 2192 1320 nis
2244 1268 2333 1331 35)
2367 1267 2636 1319 humanae
2688 1266 2945 1319 mundus
2974 1270 3063 1320 est
3102 1268 3299 1329 natus,
3333 1263 3439 1334 qui
3492 1263 3567 1318 de
3615 1262 3747 1335 Spi-

2103 1354 2223 1425 pitu
2256 1362 2344 1408 est
2375 1360 2548 1407 natus
2579 1359 2634 1407 et
2654 1353 2921 1423 Virgine;
2954 1354 3081 1408 ideo
3104 1368 3241 1407 eum
3273 1352 3447 1406 Pater
3474 1350 3747 1423 suscepit,

2102 1444 2239 1513 quia
2268 1448 2461 1496 ortum
2496 1442 2655 1496 illius
2689 1442 2849 1496 nulla
2878 1458 3166 1513 corpore:
3198 1439 3597 1512 generationis
3626 1455 3754 1494 con-

2102 1533 2280 1585 cretio
2312 1531 2529 1585 usitata
2560 1531 2825 1585 fuscavit.
2859 1531 3127 1602 Suscepit
3156 1545 3291 1585 eum
3322 1532 3750 1601 resurgentem,

2103 1621 2244 1691 quia
2312 1619 2469 1673 nulla
2526 1636 2658 1674 eum
2718 1619 2959 1674 offensio
3022 1618 3418 1690 prolapsionis
3484 1617 3749 1689 aspersit.

2108 1708 2527 1762 lmmaculatus
2575 1708 2645 1763 ad
2690 1708 2920 1762 Patrem
2960 1706 3153 1772 rediit,
3186 1723 3222 1761 a
3249 1723 3367 1778 quo
3414 1704 3758 1761 immacula-

2106 1804 2204 1851 tus
2233 1797 2426 1859 exivit,
2459 1797 2694 1868 quando
2733 1795 3035 1851 descendit
3076 1796 3137 1849 in
3181 1799 3387 1850 ten-as.
3421 1793 3586 1850 Unde
3615 1793 3759 1849 dicit

2103 1886 2153 1940 ei
2192 1884 2359 1940 Pater
2391 1902 2457 1939 :u
2494 1885 2675 1939 Filius
2707 1900 2876 1940 meus
2907 1900 2971 1940 es
3012 1889 3098 1950 tu,
3129 1899 3236 1955 ego
3278 1883 3455 1939 hodie
3500 1884 3679 1955 genui
3705 1887 3761 1938 te

2106 1976 2278 2045 (Prol.
2337 1990 2401 2039 ιι,
2444 1975 2584 2043 7;;η
2619 1973 2729 2028 hoc
2788 1978 2898 2039 est,
2931 1972 3332 2045 generationis
3390 1988 3536 2028 mea:
3590 1972 3652 2027 in
3708 1977 3762 2027 te

2105 2062 2472 2135 privilegium
2505 2078 2879 2133 recognosco,
2912 2077 3086 2134 quem
3119 2059 3284 2117 nulla
3313 2060 3548 2116 macula
3573 2060 3765 2135 potuit

2110 2153 2413 2222 inquinare
2472 2152 2708 2221 peccati.
2745 2152 2899 2206 later
2963 2154 3297 2222 peccatores
3353 2154 3621 2206 versatus
3677 2165 3763 2215 es,

2110 2246 2345 2312 peccata
2375 2241 2639 2293 omnium
2664 2239 3001 2310 suscepisti,
3024 2242 3329 2310 peccatum
3358 2255 3464 2309 pro
3488 2238 3764 2293 omnibus

2111 2330 2300 2383 factus
2333 2344 2418 2393 es,
2451 2327 2831 2382 maledictum
2865 2344 2968 2400 pro
2998 2325 3276 2382 omnibus
3305 2325 3498 2382 factus
3525 2340 3626 2393 es;
3660 2326 3761 2381 sed

2112 2416 2313 2472 nullus
2346 2433 2489 2471 usus
2521 2416 2709 2488 potuit
2740 2416 2812 2470 ad
2839 2420 2895 2471 te
2924 2415 3175 2471 transire
3221 2413 3464 2486 peccati.
3500 2414 3585 2469 Ita
3613 2414 3767 2470 inter

2114 2510 2451 2577 peccatores
2478 2510 2746 2559 versatus
2777 2520 2861 2571 es,
2896 2502 3067 2576 quasi
3108 2502 3263 2559 inter
3302 2501 3543 2575 angelos
3570 2518 3763 2558 versa-

2116 2594 2283 2649 reris.
2318 2593 2525 2648 Fecisti
2577 2598 2792 2647 terram
2824 2609 2954 2648 esse
2982 2593 3139 2664 quod
3196 2589 3406 2648 ccelum
3464 2596 3583 2659 est;
3615 2596 3681 2647 nt
3706 2596 3764 2647 et

2117 2682 2198 2738 ibi
2258 2687 2563 2755 peccatum
2619 2682 2874 2737 tolleres.
2930 2681 3113 2737 Hodie
3167 2685 3226 2737 te
3278 2680 3477 2753 genui,
3528 2681 3588 2736 in
3647 2696 3763 2753 quo

2117 2770 2464 2843 complacui.
2500 2771 2759 2826 Probasti
2791 2776 2850 2825 te
2881 2768 3118 2835 Filium,
3141 2770 3244 2842 qui
3273 2768 3535 2843 implesti
3560 2768 3623 2825 in
3648 2785 3768 2825 om-

2120 2860 2294 2915 nibus
2336 2860 2527 2914 Patris
2574 2859 2953 2914 voluntatem.
2984 2857 3167 2913 Hodie
3211 2861 3268 2913 te
3314 2858 3513 2930 genui,
3544 2859 3603 2912 in
3647 2874 3765 2931 quo

2116 2947 2309 3003 lucem
2342 2946 2734 3003 immaculata:
2793 2946 2974 3020 prolis
3030 2962 3304 3019 agnosco.
3336 2946 3472 3001 Heri
3528 2945 3672 3001 mihi
3704 2950 3767 3001 et

2117 3035 2292 3091 hodie
2321 3035 2447 3108 ipse
2474 3052 2558 3102 es,
2590 3041 2647 3091 et
2674 3035 2733 3090 in
2766 3034 3068 3091 saeculum.
3099 3035 3225 3091 Nox
3251 3036 3311 3090 in
3362 3038 3420 3090 te
3460 3033 3624 3091 nulla
3652 3038 3764 3102 est,

2122 3126 2263 3197 quia
2288 3129 2448 3180 totus
2477 3141 2538 3180 es
2569 3125 2713 3180 dies.
2748 3125 2900 3181 Bene
2946 3123 3328 3180 conﬁrmatus
3356 3124 3420 3178 in
3449 3128 3764 3197 conspectu

2044 3199 2089 3266 C
2121 3212 2309 3269 Patris
2341 3212 2556 3268 dicitur
2582 3213 2645 3267 in
2666 3218 2982 3279 aeternum;
3017 3212 3159 3283 quia
3182 3211 3339 3284 apud
3362 3212 3589 3267 Patrem
3615 3226 3768 3267 sem-

2120 3319 2225 3376 per
2252 3307 2341 3359 est
2372 3320 2385 3358 :
2418 3309 2476 3358 et
2503 3320 2633 3359 vere
2662 3304 2721 3358 in
2753 3307 3065 3375 conspectu
3097 3302 3251 3373 ejus,
3281 3302 3454 3373 cujus
3489 3300 3769 3373 splendor

2120 3398 2209 3449 est
2237 3391 2456 3465 gloriae,
2489 3397 2548 3447 et
2589 3392 2780 3465 imago
2828 3391 3191 3447 substantia.
3225 3390 3337 3445 Sed
3384 3389 3767 3462 quemadmo-

2120 3483 2263 3537 dum
2294 3480 2616 3553 complacet
2647 3482 2706 3535 in
2737 3480 2879 3536 Filio
2908 3480 3097 3547 Pater,
3130 3480 3212 3534 ita
3234 3483 3291 3534 et
3322 3477 3505 3534 Filius
3532 3478 3773 3535 benedi-

2120 3570 2199 3625 cit
2228 3570 2488 3637 Patrem;
2512 3570 2684 3626 Pater
2701 3569 2856 3625 enim
2880 3568 3226 3624 houoriﬁcat
3247 3566 3481 3637 Filium,
3503 3572 3560 3622 et
3584 3565 3772 3622 Filius

2118 3659 2467 3715 honoriﬁcat
2496 3659 2747 3714 Patrem.

2189 3750 2276 3803 36.
2327 3770 2355 3797 ‹‹
2413 3747 2784 3815 Benedictus,
2845 3747 3062 3819 inquit,
3120 3745 3407 3801 Dominus
3476 3749 3636 3801 Deus
3699 3744 3782 3800 Is-

2119 3836 2271 3904 rael;
2320 3860 2347 3885 ››
2395 3836 2505 3892 hoc
2562 3842 2671 3904 est,
2731 3835 2933 3909 populi
2984 3840 3168 3891 Deum
3223 3833 3498 3897 videntis,
3555 3833 3666 3906 qui
3718 3839 3777 3888 et

2117 3926 2434 3982 Dominum
2465 3943 2640 3981 suum
2672 3930 2729 3982 et
2761 3931 2945 3981 Deum
2988 3923 3173 3980 credit
3201 3940 3216 3977 :
3241 3945 3271 3972 «
3301 3926 3348 3977 A
3379 3922 3596 3979 saeculo
3634 3929 3693 3978 et
3718 3924 3781 3977 in

2119 4014 2395 4071 saeculum
2432 4032 2444 4070 :
2479 4015 2600 4081 ﬂat,
2646 4014 2767 4070 ﬁat.
2797 4037 2823 4063 »
2855 4013 3009 4071 882
3058 4012 3129 4083 In,
3176 4011 3416 4067 Hebrao
3473 4010 3733 4066 habetur
3764 4028 3776 4063 :

2120 4126 2147 4153 ‹‹
2194 4106 2400 4170 Amen,
2456 4120 2627 4159 amen
2671 4120 2685 4157 :
2732 4124 2759 4151 ››
2790 4107 2857 4157 ut
2923 4103 3321 4168 asseruerunt,
3380 4098 3485 4170 qui
3550 4097 3776 4155 librum

2117 4191 2383 4264 legerunt
2435 4190 2497 4246 in
2548 4190 2847 4247 Hebraicis
2904 4189 3113 4245 litteris
3171 4188 3481 4260 scriptum.
3534 4186 3779 4243 Graecus

2118 4281 2226 4336 hoc
2283 4280 2410 4336 loco
2458 4288 2667 4349 rivom,
2723 4289 2911 4350 γένοιτο
2943 4278 3127 4347 dixit;
3187 4277 3343 4350 quod
3396 4280 3490 4333 est
3552 4293 3566 4332 :
3630 4275 3779 4340 Fiat,

2118 4370 2241 4425 ﬁat.
2273 4370 2436 4435 Quod
2470 4368 2711 4424 verbum
2765 4369 3027 4424 diversas
3080 4365 3545 4441 signiﬁcationes
3574 4364 3778 4429 habet,

2117 4463 2183 4513 ut
2224 4457 2301 4514 sit
2347 4457 2642 4513 interdum
2694 4457 3061 4530 imperantis,
3093 4455 3393 4511 interdum
3453 4452 3772 4528 precantis.

360 4542 731 4636 Resurrectio
760 4547 850 4599 est
895 4560 1032 4616 ergo
1061 4544 1201 4615 quia
1246 4544 1467 4599 inimici
1523 4545 1721 4601 omnia
1774 4544 2010 4601 vincula
2038 4547 2409 4636 Dinterdum
2477 4545 2880 4602 confirmantis
2942 4543 3188 4617 aliquid.
3247 4542 3606 4615 Imperantis
3662 4548 3777 4605 est,

358 4628 687 4697 solvuntur,
716 4632 1056 4704 triumphus
1086 4633 1279 4689 omnis
1310 4634 1596 4690 aboletur.

425 4718 515 4775 35.
550 4718 737 4791 (Vera.
774 4721 861 4787 13,
894 4721 1005 4791 Ui.)
1035 4721 1349 4792 Sequitur:
1379 4743 1406 4775 α
1445 4723 1681 4795 Propter
1727 4724 2003 4779 innocen-

352 4809 501 4866 tiam
542 4813 742 4866 autem
786 4824 979 4865 meam
1028 4811 1335 4883 suscepisti
1385 4829 1478 4867 me
1512 4829 1524 4866 :
1559 4817 1615 4867 et
1643 4814 2007 4885 confirmasti

360 4915 456 4957 me
513 4899 572 4956 in
631 4902 949 4973 conspectu
1014 4903 1116 4955 tuo
1180 4900 1238 4954 in
1305 4904 1608 4957 aeternum.
1660 4901 2006 4958 Benedictus

419 5080 535 5161 (33)
567 5082 653 5161 Ita
677 5095 825 5161 mss.
859 5079 1118 5161 quinque
1146 5077 1316 5161 Gall._,
1352 5078 1481 5161 ubi‘
1504 5079 1831 5161 fortehloco
1874 5079 1992 5160 pte-

351 5151 439 5215 bis'
496 5153 559 5207 in
612 5152 738 5223 ﬁde,
780 5151 1097 5223 legendum
1152 5152 1325 5223 plebis
1383 5151 1596 5221 inﬁdae;
1653 5151 1787 5223 licet
1844 5152 2003 5223 prior

346 5224 521 5287 lectio
561 5221 803 5305 sensum
836 5221 1114 5305 praebeat.
1159 5222 1401 5277 minime
1453 5221 2000 5305 reﬁciendum:

348 5311 482 5359 vero
516 5311 659 5351 mss.
692 5298 749 5350 et
786 5292 923 5349 edit.
955 5299 1066 5348 vet.
1090 5292 1157 5365 in
1204 5309 1414 5365 marg,
1444 5292 1541 5364 pro
1573 5295 1801 5365 interitu
1827 5293 2003 5365 plebis

343 5368 585 5436 inﬁdelis
640 5365 920 5435 signiﬁcat
975 5364 1274 5419 Ecclesium
1328 5363 1450 5419 sibi
1493 5368 1710 5436 gratam
1762 5363 2001 5434 (eaedem

347 5436 485 5496 edit.
517 5453 584 5491 ac
612 5440 775 5492 Rom.
810 5437 869 5491 in
899 5451 1163 5508 corpore,
1196 5436 1443 5490 Ecclesia
1473 5436 1582 5490 sibi
1622 5437 1883 5507 gratiam)
1914 5450 2003 5490 re-

350 5514 741 5567 surrecturum.

415 5578 531 5648 (34)
561 5574 701 5649 Mss.
734 5576 882 5649 Vict.
916 5580 973 5631 et
1001 5576 1159 5632 Colb.
1207 5581 1381 5649 atque
1430 5577 1567 5634 edit.
1602 5581 1714 5635 vet.
1749 5577 1809 5633 in
1841 5590 1997 5632 mar-

346 5645 678 5737 gine,':0lua
707 5648 802 5721 qui
826 5654 1041 5722 peccato
1073 5645 1363 5723 inquindri
1390 5665 1501 5709 non
1524 5651 1727 5727 potuit.
1762 5649 1995 5710 Eaedem

2115 4652 2248 4691 cum
2281 4633 2547 4707 superior
2576 4633 2838 4689 inferiori
2867 4632 3075 4688 statuit
3119 4631 3263 4703 quid
3310 4630 3650 4685 faciendum
3686 4629 3783 4689 sit.

2110 4724 2197 4780 vel
2225 4724 2591 4796 sequendum
2625 4738 2639 4777 :
2668 4722 2963 4794 precantis
3010 4724 3118 4791 est,
3152 4719 3307 4776 sicut
3355 4716 3509 4774 illud
3544 4736 3559 4773 :
3590 4739 3623 4768 «τ
3648 4717 3786 4773 Fiat

2111 4812 2384 4869 voluntas
2412 4816 2515 4867 tua
2557 4811 2767 4881 (Matth.
2799 4828 2877 4881 v1,
2912 4810 3033 4881 10);
3060 4832 3088 4859 ››
3123 4825 3239 4864 non
3286 4805 3449 4863 enim
3500 4805 3618 4862 Deo
3646 4806 3791 4877 quis

2113 4901 2384 4975 imperat,
2445 4901 2543 4955 sed
2608 4915 2838 4971 precem
2898 4898 3140 4953 fundit:
3190 4894 3615 4952 conﬁrmantis
3671 4899 3787 4959 est,

2115 5081 2261 5154 edit.
2287 5079 2346 5135 in
2374 5096 2637 5152 corpore,
2668 5095 2735 5154 ac
2764 5078 2939 5154 etiam
2986 5077 3177 5154 R_om_._,
3206 5075 3360 5154 salu;
3390 5074 3485 5129 cui
3523 5081 3789 5154 peccator

2116 5152 2408 5217 insultare,
2440 5145 2549 5206 etc.
2577 5151 2686 5206 Sed
2730 5149 2925 5222 aptius
2974 5149 3047 5222 ad
3096 5145 3439 5222 allegoriam
3471 5160 3658 5222 supra
3674 5145 3784 5222 ,ἐρα

2117 5214 2627 5302 stitutamreliqui
2650 5214 2811 5277 mss'.
2840 5263 2853 5275 .
2885 5263 2897 5275 .
2925 5262 2938 5275 .
2970 5214 3281 5302 inequita're
3305 5232 3417 5273 non
3442 5214 3645 5302 potiit:
3674 5214 3781 5296 Hic

2117 5298 2313 5350 autem
2332 5286 2553 5370 obiter-
2575 5294 2834 5370 observa,
2874 5291 3029 5370 quod
3056 5286 3196 5370 jam
3236 5305 3420 5370 supra
3442 5286 3783 5370 adnotavi-

2117 5381 2274 5436 mus,
2315 5364 2626 5436 diabolum,
2673 5364 2746 5419 ab
2790 5361 3106 5436 Ambrosio
3164 5361 3389 5433 passim
3451 5361 3783 5431 peccatoris

2116 5434 2554 5507 nuneupatione
2569 5434 2823 5507 Vsignari.

2171 5499 2473 5635 .(35)tMss.
2504 5499 2747 5581 aliqu'ot,
2776 5506 2845 5562 ab
2886 5505 3037 5562 omni
3078 5503 3430 5577 corruptione
3454 5499 3781 5576 gum-mio-

2171 5595 2224 5635 μς.
2259 5594 2289 5635 c
2318 5595 2370 5635 c.

2115 5595 2224 5650 ms,
2259 5594 2370 5639 etc.
