3856 6206
79 341 230 407 118⁸1

1178 338 1639 406 ENARRATIO
1680 338 1761 405 IN
1803 339 2183 407 PSALMUM
2227 340 2352 405 XL.

81 494 201 537 cum
227 473 518 535 benedicit
539 473 842 548 propheta,
871 472 960 531 vel
991 475 1282 543 sacerdos,
1324 475 1414 532 vel
1470 479 1711 532 sanctus
1738 475 1794 542 Α
1820 481 1903 536 ris
1933 493 2240 536 ascensum
2273 492 2285 532 :
2320 480 2378 532 et
2407 473 2926 532 sanctiﬁcationem
2958 469 3242 547 propositi
3295 467 3488 546 vii-gi"

83 567 312 640 aliquis;
353 570 410 624 et
449 564 700 639 populus
761 565 1110 636 respondet:
1163 564 1308 629 Fiat,
1361 565 1479 620 ﬁat.
1515 587 1544 615 «
1605 565 1709 620 Hic

83 672 203 728 ergo
231 654 415 727 magis
443 653 804 710 conﬁrmatio
836 654 982 708 mihi
1012 654 1238 709 videtur
1269 653 1708 721 benedictionis,

84 763 242 819 quam
271 745 475 810 oratio,
505 743 597 800 vel
628 743 954 815 deprecatio
981 761 993 798 :
1047 744 1298 798 maxime
1354 745 1492 815 quia
1548 759 1710 815 repe-

81 836 194 891 titio
223 834 408 906 ipsius
438 835 589 888 facta
616 833 902 888 sermonis
936 836 1042 888 est.
1077 833 1144 887 Et
1172 833 1403 888 videtur
1441 833 1712 888 Hebraeus

84 923 299 996 quidem
332 937 526 978 sermo
559 925 862 989 mutatus;
897 921 997 976 sed
1031 920 1185 976 idem
1219 938 1427 995 sensus
1480 937 1712 993 expres-

82 1029 191 1069 sus.
223 1011 383 1066 Sicut
410 1010 570 1065 enim
601 1026 734 1065 eum
768 1011 1040 1065 sacerdos
1088 1010 1399 1077 benedicit,
1463 1009 1716 1081 populus

81 1100 398 1173 respondet,
441 1114 633 1163 amen,
667 1099 1050 1154 conﬁrmatus
1075 1098 1540 1154 benedictionem
1583 1097 1714 1164 sibi,

82 1205 244 1262 quam
295 1186 446 1259 plebi
493 1187 764 1242 sacerdos
795 1203 828 1241 a
885 1187 1130 1241 Domino
1188 1188 1578 1258 deprecatur;
1638 1185 1719 1241 ita

80 1280 135 1334 in
179 1276 400 1350 psalmo
458 1291 807 1346 responsum
863 1279 990 1330 est:
1025 1298 1053 1324 ‹‹
1105 1275 1246 1342 Fiat,
1277 1276 1379 1330 ﬁat
1409 1295 1421 1342 ;
1448 1298 1475 1324 ››
1508 1275 1673 1347 quasi
1703 1291 1717 1329 :

79 1370 273 1435 Amen,
304 1380 494 1421 amen.
530 1367 712 1420 Amen
744 1367 940 1420 autem
972 1364 1441 1421 conﬁrmationis
1471 1365 1716 1420 verbum

80 1456 364 1513 evidenter
392 1452 716 1509 ostenditur
766 1453 828 1507 in
888 1453 1218 1524 Evangelic,
1277 1453 1376 1507 ubi
1435 1453 1719 1509 Dominus

81 1545 424 1601 conﬁrmans
455 1557 786 1597 sermonem
825 1557 1001 1596 suum
1059 1540 1233 1596 dicit:
1272 1564 1300 1590 «
1347 1543 1533 1597 Amen
1590 1542 1719 1597 dico

78 1634 253 1689 vobis.
291 1654 316 1680 n
350 1631 536 1701 Major
564 1633 760 1685 autem
791 1628 878 1685 vis
908 1633 1014 1696 est,
1049 1630 1150 1684 ubi
1181 1630 1464 1701 repetitus
1477 1633 1567 1686 est
1596 1645 1720 1685 ser-

81 1738 208 1788 mo;
249 1719 402 1790 quod
436 1718 494 1773 in
525 1718 672 1773 libro
703 1711 1002 1790 Evangelii
1053 1719 1379 1774 secundum
1436 1719 1720 1775 Joannem

1818 568 1990 625 nalis.
2025 568 2132 633 Qui
2162 566 2310 624 liber
2341 566 2543 622 finitur
2567 566 2626 622 in
2648 565 2875 638 psalmo
2897 563 3331 638 septuagesimo
3360 562 3474 635 pri-

1818 674 1934 725 mo,
1970 673 2085 728 quo
2116 672 2362 729 regnum
2392 655 2606 712 Christi
2641 655 2950 727 paciﬁcum
2990 657 3113 710 toto
3137 654 3275 710 orbe
3306 652 3477 709 dilhi-

1821 763 1952 802 sum
1981 745 2316 817 prephetico
2347 761 2615 800 sermone
2641 743 3043 810 annuntiatur,
3086 741 3478 812 remissioque

1822 839 2190 908 peccatorum
2222 853 2234 900 ;
2268 834 2420 890 888
2453 833 2553 888 ubi
2577 850 2711 888 cum
2741 831 3202 888 benedictionem
3241 829 3478 886 Domini

1822 923 2156 996 pramissit,
2197 922 2528 977 subtexuit:
2578 941 2600 969 ι
2661 923 2728 976 Et
2791 919 3110 992 replebitur
3163 920 3474 990 majestate

1824 1012 1952 1082 ejus
2013 1010 2204 1065 omnis
2253 1014 2441 1065 terra:
2487 1010 2632 1074 Fiat,
2688 1009 2791 1064 ﬁat
2845 1009 3012 1079 (Psal.
3076 1024 3225 1074 uxr,
3297 1006 3407 1078 19).
3440 1027 3470 1058 »

1826 1100 2059 1155 Tertius
2111 1115 2346 1170 quoque
2402 1099 2551 1154 liber
2605 1098 2811 1153 finitur
2858 1097 3211 1168 octogesimo
3271 1100 3472 1152 octavo

1828 1187 2086 1260 psalmo;
2158 1192 2216 1243 et
2273 1189 2352 1242 ibi
2413 1187 2625 1243 habet:
2685 1187 3025 1242 benedictus
3084 1185 3363 1241 Dominus
3413 1183 3475 1240 in

1827 1281 2149 1331 aeternum:
2185 1277 2331 1342 Fiat,
2362 1276 2464 1330 fiat
2485 1277 2656 1345 (Psal.
2689 1287 2956 1343 nxxxvm,
3005 1274 3119 1345 53).
3156 1295 3184 1323 ››
3224 1269 3477 1338 Quartus

1828 1365 1977 1420 liber
2013 1365 2216 1420 ﬁnitur
2244 1365 2470 1436 psalmo
2498 1364 2813 1419 centesimo
2844 1362 3070 1434 quinto,
3103 1361 3203 1417 ubi
3260 1359 3472 1416 habet:

1829 1477 1856 1504 «
1891 1453 2236 1510 Benedictus
2290 1453 2572 1508 Dominus
2626 1457 2778 1508 Deus
2834 1449 3011 1507 Israel
3067 1451 3102 1506 a
3157 1447 3366 1504 saeculo
3423 1450 3482 1504 et

1827 1559 2016 1615 usque
2045 1543 2104 1598 in
2138 1542 2454 1608 saeculum;
2487 1545 2546 1597 et
2591 1541 2746 1597 dicet
2783 1539 2973 1596 omnis
3003 1537 3290 1610 populus:
3327 1535 3474 1605 Fiat,

1829 1632 1931 1686 fiat
1963 1632 2128 1702 (Psal.
2154 1647 2242 1698 cv,
2284 1631 2396 1700 48).
2420 1653 2447 1682 ››
2483 1630 2731 1695 Quintus
2779 1628 2926 1684 liber
2954 1643 3143 1699 usque
3195 1627 3268 1682 ad
3299 1627 3476 1682 finem

1831 1725 1954 1776 est:
1991 1720 2091 1776 ubi
2122 1737 2224 1790 pro
2283 1720 2392 1774 hoc
2421 1719 2594 1774 verbo
2625 1717 2916 1788 Propheta
2953 1717 3122 1772 dicit:
3185 1737 3214 1765 υ
3272 1714 3479 1772 Omnis

81 1808 431 1882 frequentius
482 1806 837 1904 invenimus,
870 1805 1009 1904 quia
1055 1807 1178 1878 ipse
1209 1807 1460 1863 maxime
1490 1808 1561 1864 de
1612 1825 1722 1863 cce-
1751 1840 1798 1904 Β
1834 1809 2076 1880 spiritus
2106 1809 2304 1864 laudet
2332 1807 2647 1864 Dominum
2678 1807 2854 1875 (Psal.
2889 1823 2974 1871 CL,
3007 1806 3084 1876 6).
3130 1827 3157 1854 »

79 1899 317 1955 lestibus
346 1900 404 1951 et
431 1894 738 1966 profundis
765 1894 1063 1967 mysteriis
1091 1900 1183 1950 est
1236 1896 1468 1952 locutus
1493 1915 1506 1962 ;
1567 1896 1722 1953 sicut

81 1988 354 2060 scriptum
385 1987 506 2052 est;
540 2006 568 2034 «
599 1985 804 2052 Amen,
838 1999 1008 2040 amen
1041 1984 1169 2042 dico
1216 1983 1360 2055 tibi;
1414 1985 1526 2041 nisi
1587 1987 1718 2058 quis

80 2080 307 2133 renatus
336 2073 513 2129 fuerit
541 2090 610 2129 ex
630 2090 784 2146 aqua
811 2075 868 2129 et
897 2074 1106 2146 spiritu
1161 2077 1384 2146 sancto,
1441 2091 1554 2132 non
1613 2091 1718 2146 po-

79 2171 189 2222 test
215 2163 454 2220 introire
476 2163 533 2218 in
565 2179 810 2236 regnum
841 2163 942 2219 Dei
965 2164 1140 2234 (Joan.
1176 2181 1260 2231 ιιι,
1287 2165 1363 2236 5).
1401 2187 1429 2214 »
1458 2165 1528 2220 Et
1557 2164 1716 2221 alibi:

82 2278 108 2303 (ι
166 2256 366 2320 Amen,
425 2268 595 2307 amen
650 2251 777 2307 dico
837 2252 1039 2319 vobis;
1076 2253 1123 2308 si
1157 2253 1295 2324 quid
1347 2253 1630 2325 petieritis
1687 2271 1722 2309 a

79 2343 238 2400 Patre
292 2341 351 2396 in
404 2339 640 2395 nomine
697 2357 847 2411 meo,
903 2341 1066 2396 dabit
1121 2341 1285 2398 vobis
1356 2342 1543 2413 (Joan.
1603 2360 1717 2410 xvr,

75 2432 185 2502 23).
226 2453 247 2480 ο
295 2429 612 2484 Abundant
665 2429 780 2484 duo
838 2432 1141 2502 exempla;
1200 2430 1423 2502 reliqua
1478 2447 1612 2486 vero
1670 2431 1719 2486 si

86 2519 216 2592 quis
249 2516 562 2589 quaesierit,
594 2516 864 2573 inveniet.

144 2610 233 2663 37.
277 2606 560 2662 Indicium
622 2622 857 2677 quoque
912 2610 1000 2662 est
1058 2606 1189 2660 libri
1250 2607 1428 2662 finiti:
1485 2631 1512 2657 ‹‹
1575 2608 1719 2673 Fiat,

76 2698 192 2752 fiat.
221 2719 251 2746 ››
273 2695 418 2751 Nam
467 2694 526 2749 in
577 2695 837 2766 quinque
862 2694 1042 2751 libros
1064 2695 1559 2751 divisumvidetur
1592 2713 1723 2752 esse

77 2784 420 2842 Psalterium
453 2783 585 2854 (36).
615 2782 845 2838 Primus
875 2783 1021 2839 liber
1077 2784 1186 2839 hoc
1242 2783 1468 2855 psalmo
1500 2785 1720 2852 finitur,

73 2874 182 2930 hoc
201 2879 308 2939 est,
340 2871 810 2943 quadragesimo.
844 2873 915 2927 Et
944 2871 1188 2944 pulchre
1248 2889 1435 2943 usqre
1468 2874 1539 2928 ad
1601 2890 1726 2945 pas-

74 2964 297 3018 sionem
359 2957 670 3015 Salvatoris
751 2961 1239 3032 quadragesimus
1294 2962 1558 3033 psalmus
1639 2966 1728 3017 est

75 3048 553 3122 comprehensus,
616 3047 716 3119 qui
767 3049 942 3104 ﬁnem
1001 3049 1149 3104 libro
1208 3051 1391 3120 daret,
1448 3050 1725 3122 quoniam

77 3139 273 3212 passio
309 3136 535 3191 Domini
571 3136 706 3190 linis
736 3139 824 3192 est
854 3137 1353 3209 quadragesimae:
1397 3142 1462 3193 ut
1519 3155 1724 3194 secun-

1898 1898 1988 1952 38.
2040 1898 2150 1953 Sed
2211 1897 2423 1952 iterum
2476 1896 2721 1953 forsitan
2767 1899 2824 1952 te
2880 1898 3128 1964 moveat,
3183 1894 3476 1966 quomodo

1829 1985 2089 2058 quinque
2128 1985 2308 2041 libros
2365 2001 2649 2053 aserain,
2703 2001 2840 2040 cum
2891 1999 3077 2039 unum
3127 1981 3478 2038 Psalterium

1829 2075 1923 2131 sit.
1954 2075 2065 2130 Sed
2098 2075 2275 2130 etiam
2306 2073 2688 2145 Evangelium
2723 2089 2908 2128 unum
2955 2075 3064 2140 est,
3121 2075 3178 2126 et
3228 2073 3481 2143 quatuor

1829 2163 2010 2220 libros
2036 2179 2164 2220 esse
2193 2177 2405 2237 negare
2457 2178 2573 2218 non
2624 2177 2964 2234 possumus.
3027 2161 3220 2216 Unum
3278 2163 3478 2215 autem

1829 2253 2204 2326 Evangelium
2235 2267 2384 2318 esse,
2416 2255 2473 2307 et
2493 2250 2632 2307 alibi
2665 2250 2787 2322 (lib.
2831 2267 2849 2304 ι
2889 2252 2951 2304 in
2980 2251 3201 2315 Lucam,
3223 2248 3284 2304 in
3299 2261 3483 2320 proui-

1831 2343 1989 2413 mio),
2019 2342 2079 2396 ni
2111 2341 2296 2407 fallor,
2346 2339 2790 2409 intimavimus;
2841 2341 2898 2395 et
2944 2339 2992 2394 si
3050 2338 3262 2396 iterum
3302 2336 3482 2409 exigi-

1829 2434 1948 2497 tur,
1982 2429 2150 2486 facile
2180 2447 2498 2500 possumus
2529 2432 2786 2495 edocere,
2827 2446 2962 2485 cum
3018 2427 3280 2484 Salvator
3333 2426 3488 2483 dixe-

1829 2519 1939 2574 rit:
1976 2540 2004 2569 «
2050 2521 2234 2574 Amen
2293 2520 2423 2574 dico
2479 2519 2664 2586 vobis,
2713 2519 3050 2589 ubicunque
3104 2516 3484 2589 praedicatum

1831 2606 2006 2662 fuerit
2036 2607 2144 2663 hoc
2182 2607 2560 2679 Evangelium
2590 2607 2796 2676 (Matth.
2829 2623 2980 2671 xxvr,
3007 2605 3121 2676 23).
3143 2627 3171 2655 »
3202 2606 3273 2660 Et
3325 2608 3477 2676 Apo-

1833 2694 2051 2750 stolus:
2088 2718 2115 2745 «
2150 2696 2328 2750 Miror
2367 2696 2520 2766 quod
2563 2694 2646 2750 sic
2673 2699 2795 2750 tam
2825 2695 2940 2750 cito
2969 2691 3391 2749 transferimini
3421 2693 3484 2749 in

1834 2783 1991 2838 aliud
2022 2782 2424 2856 Evangelium,
2456 2783 2610 2854 quod
2641 2800 2757 2838 non
2813 2787 2901 2839 est
2930 2783 3111 2847 aliud,
3146 2777 3262 2837 nisi
3301 2780 3485 2852 aliqui

1834 2876 1975 2927 sunt
2003 2871 2104 2942 qui
2128 2888 2230 2928 vos
2261 2875 2603 2943 pervertunt
2631 2872 2830 2942 (Galat.
2865 2889 2905 2936 ι,
2936 2874 2972 2926 6
3001 2874 3056 2927 et
3073 2871 3150 2942 7).
3172 2892 3201 2920 »
3230 2871 3302 2926 Et
3323 2867 3484 2926 alibi:

1837 2984 1863 3008 ‹‹
1896 2960 2109 3015 Notum
2149 2962 2304 3016 enim
2365 2961 2513 3016 facio
2567 2961 2753 3026 vobis,
2812 2961 3042 3024 fratres,
3101 2958 3484 3032 Evangelium

1833 3051 1879 3117 (Ι
1907 3049 2027 3104 Cor.
2059 3065 2150 3115 xv,
2186 3051 2269 3104 1.»
2305 3051 2418 3104 Nec
2449 3065 2702 3120 usquam
2733 3049 2917 3104 habes
2946 3049 3114 3105 aliter
3143 3049 3214 3103 de
3247 3063 3490 3120 corpore

1838 3138 1949 3194 isto
1982 3141 2239 3208 quatuor
2271 3137 2581 3203 librorum,
2641 3137 2754 3192 nisi
2784 3137 3160 3209 Evangelium
3192 3136 3485 3207 signiﬁca-

76 3204 187 3283 dus
217 3225 367 3281 liber
394 3241 429 3280 a
465 3224 758 3296 mysteriis
816 3204 1206 3281 revnovationis
1264 3227 1565 3299 inciperet,
1627 3228 1726 3298 qui
1760 3204 1802 3271 Ο
1838 3204 2292 3297 ιιιῐῐι.’1)θιιὶ(]ιιθ
2322 3227 2462 3297 quia
2483 3243 2666 3282 unum
2689 3243 2902 3297 corpus
2921 3204 3009 3281 est
3030 3225 3207 3280 etiam
3236 3204 3491 3296 psalmo-

77 3316 250 3382 liber,
277 3317 477 3386 utpote
498 3313 648 3384 quad
659 3312 978 3386 ragesimae,
1003 3314 1343 3386 perfectiora
1363 3319 1730 3371 sacramenta

75 3401 506 3474 complectitur.
526 3401 672 3456 Nam
693 3405 750 3457 et
774 3401 1149 3474 baptismatis
1172 3403 1523 3475 praenuntiat
1544 3420 1732 3460 sacra.

73 3495 296 3558 menta,
346 3505 480 3544 cum
523 3488 698 3544 dicit:
742 3511 770 3540 «
831 3490 994 3546 Sicut
1049 3506 1253 3547 cervus
1310 3492 1604 3548 desiderat
1659 3495 1730 3547 ad

73 3582 270 3638 fontes
301 3593 590 3650 aquarum
621 3577 926 3649 (Psal.x1.1,
955 3580 1012 3650 2)
1038 3595 1050 3633 :
1074 3602 1102 3628 »
1133 3584 1191 3635 et
1219 3581 1481 3651 requiem
1511 3587 1736 3637 sancto-

71 3683 208 3722 rum
244 3665 345 3737 qui
375 3664 446 3720 ad
478 3664 921 3720 tabernaculum
953 3665 1183 3722 caeleste
1223 3669 1616 3738 pervenerint:
1680 3673 1738 3723 et

71 3755 339 3828 Spiritus
370 3752 556 3808 sancti
587 3752 1051 3819 descensionem,
1097 3756 1330 3826 quando
1399 3756 1585 3812 effusa
1649 3760 1738 3812 est

72 3843 272 3915 gratia
301 3839 582 3914 spiritalis
612 3841 672 3897 in
705 3843 960 3913 quadam
1017 3859 1153 3898 voce
1213 3844 1535 3900 caelestium
1583 3849 1737 3900 cata-

71 3936 420 3988 ractarum:
455 3930 593 4001 quia
623 3930 832 3985 virtute
865 3947 1079 4003 magna
1117 3931 1369 4004 Spiritus
1428 3933 1737 4000 ferebatur,

74 4026 145 4077 ut
175 4020 437 4091 legimus
474 4018 533 4073 in
564 4018 810 4074 Actibus
841 4019 1237 4089 apostolorum
1269 4021 1403 4091 (Act.
1465 4038 1528 4086 ιι,
1559 4025 1650 4088 2);
1687 4026 1744 4076 et

73 4111 424 4182 ingressum
457 4105 716 4162 renovati
746 4106 1005 4163 hominis
1034 4108 1106 4163 ad
1140 4107 1357 4164 altare:
1392 4113 1448 4164 et
1485 4109 1743 4166 Salvato-

153 4229 275 4313 (33)
308 4229 562 4311 Celebris
587 4228 805 4312 estilla
825 4229 1277 4313 psalmorumin
1312 4231 1740 4313 quinqueﬂpar-

75 4307 174 4356 tes
209 4299 442 4364 divisio,
484 4316 618 4355 cum
649 4301 778 4370 ejus
826 4299 1212 4357 ‘meminerint
1239 4319 1270 4357 ο
1317 4299 1530 4358 Graecis
1570 4299 1745 4358 Euse-

73 4372 225 4446 bius
255 4370 490 4446 Caesar”
525 4378 770 4446 Argum._
791 4373 862 4446 in_
897 4373 1104 4446 psalm.
1129 4389 1388 4441 enumer;
1432 4374 1747 4446 Gregorius

75 4443 292 4515 Nysa,
325 4459 352 4518 !_
376 4443 548 4518 ΤναςιΣ
570 4460 615 4518 _1
649 4443 882 4518 i13__1_’sa_t.
917 4459 1046 4518 cap.
1074 4445 1110 4498 5
1138 4448 1194 4499 et
1222 4459 1346 4518 seq.
1401 4463 1414 4518 ;
1470 4443 1746 4518 Hierony-

76 4512 228 4588 mus
261 4512 441 4588 epist.
487 4512 1224 4588 434;_lii_larius_Pictav.;
1284 4512 1432 4570 Prol.
1494 4517 1555 4571 in
1608 4512 1746 4588 ρδᾱι.

75 4583 323 4657 Quibus
351 4583 538 4656 polcst
565 4584 699 4657 addi
731 4584 1111 4639 Cassiodorus
1143 4585 1201 4640 in
1235 4587 1383 4642 Prot.
1421 4604 1585 4657 super
1608 4583 1752 4656 'psut.

74 4673 220 4727 cap.
259 4655 361 4720 41,
384 4659 558 4726 atque
590 4655 708 4710 alii.
744 4656 904 4720 Quod
936 4660 1132 4711 autem
1167 4673 1294 4711 eam
1330 4655 1520 4727 rejicit
1558 4655 1754 4712 lliero-

75 4742 313 4799 nymus
336 4730 546 4799 etpost
573 4743 708 4799 eum
742 4741 1002 4799 nuperus
1034 4733 1481 4793 commentator,
1506 4729 1594 4783 vir
1622 4729 1760 4784 alio-

75 4743 313 4799 nymus
336 4743 393 4781 et
414 4743 546 4797 post
573 4743 708 4782 eum
742 4743 1002 4853 manuus
1034 4743 1481 4793 commentator,
1506 4746 1594 4783 vir
1622 4743 1756 4784 ano-

72 4799 238 4872 quin
274 4797 567 4863 eruditus,
609 4797 769 4872 ducti
847 4798 1292 4872 ebraeoruﬁmtac
1318 4801 1576 4872 maxime
1622 4816 1756 4870 apo-

73 4869 390 4927 stolorum
424 4869 771 4941 auctoritate
803 4885 1034 4941 semper
1094 4869 1459 4926 Psalmorum
1520 4869 1758 4938 librum,

78 4957 212 4996 non
251 4943 451 4994 autem
485 4939 667 5013 libros
685 4939 1149 5013 nominahtium:
1175 4959 1302 4997 eam
1328 4942 1562 5013 quidem
1589 4943 1760 4996 ratio-

76 5026 235 5067 nem
271 5027 392 5066 non
424 5010 577 5066 male
607 5011 782 5076 infra,
815 5027 979 5066 num.
1007 5012 1096 5076 37,
1157 5010 1572 5068 diluit’noster
1626 5015 1788 5068 Am-'

75 5081 366 5139 brosius.
400 5084 472 5136 At
520 5099 652 5137 vero
708 5083 861 5153 quod
912 5083 1188 5138 laudatus
1247 5088 1449 5138 auctor
1498 5086 1762 5140 eamdem

77 5153 460 5210 divisionem
503 5154 730 5209 Christo
776 5159 951 5226 negat
999 5169 1128 5210 esse
1158 5155 1569 5280 antiﬁuiorem,
1629 5172 1767 5227 prai-

79 5233 382 5280 torauam
417 5225 570 5280 quod
610 5225 1026 5280 Hieronvmum
1057 5230 1231 5280 atque
1329 5225 1560 5280 ilarium
1616 5228 1767 5280 inter

79 5233 382 5297 torquem
401 5225 570 5298 quod
610 5225 1026 5298 Hieronymum
1057 5230 1231 5298 atque
1278 5225 1560 5281 Hilarium
1616 5225 1770 5281 inter

79 5313 154 5353 se
180 5295 536 5368 committit,
565 5297 666 5367 qui
699 5295 867 5368 facile
919 5295 1210 5351 conciliari
1270 5302 1538 5368 possunt,
1596 5298 1769 5352 modo

81 5367 637 5439 Hieronymianum
677 5367 1083 5439 testimonium
1132 5376 1248 5422 no'n
1274 5367 1484 5424 omnes
1533 5369 1769 5423 omnino

81 5437 388 5495 Hebraeae
405 5437 704 5493 includere
716 5437 1182 5503 consentiamus;
1213 5444 1364 5494 certe
1393 5440 1770 5495 manifestum

79 5516 185 5566 est
220 5527 372 5566 eum
406 5526 522 5564 non
550 5509 768 5565 vidisse
799 5509 1033 5564 Eusebii
1064 5510 1490 5564 testimonium.
1525 5511 1577 5564 Is
1616 5510 1772 5564 enim

83 5586 508 5638 memoratam
540 5581 885 5637 divisionem
917 5580 1184 5637 Hebraeis
1215 5582 1430 5637 diserte
1485 5581 1771 5649 attribuit,

80 5660 284 5728 atque
349 5654 412 5710 in
500 5652 960 5712 accuratissimis
1016 5652 1445 5725 exemplaribus
1529 5651 1775 5710 inveniri

1839 3324 2304 3396 rum,Scriptura
2333 3324 2503 3379 dixit:
2543 3343 2564 3372 α
2585 3325 2647 3378 In
2680 3323 3040 3379 decachordo
3070 3320 3347 3394 psalterio
3369 3307 3484 3392 (37)

1841 3429 1974 3468 cum
2005 3411 2230 3467 cantico
2256 3413 2313 3467 in
2345 3413 2566 3468 cithara
2597 3412 2763 3484 (Psal.
2789 3428 2901 3476 χοι,
2933 3411 3010 3482 ι).
3047 3433 3074 3459 ››
3107 3410 3218 3466 Sed
3270 3409 3484 3466 iterum

1841 3501 1979 3574 quia
2027 3501 2285 3572 quinque
2325 3500 2458 3555 libri
2492 3505 2648 3562 sunt.
2713 3499 2859 3555 dixit
2904 3497 3080 3555 alibi:
3129 3521 3158 3549 ‹‹
3209 3499 3273 3554 In
3331 3497 3485 3554 vasis

1844 3589 2204 3662 psalmorum
2244 3591 2417 3661 (Psal.
2451 3606 2576 3656 Lxx,
2606 3587 2718 3659 22).
2750 3609 2778 3637 »

1839 3725 1842 3727 Α
1914 3678 2002 3734 39.
2036 3678 2283 3734 Pulchre
2311 3683 2504 3734 autem
2537 3677 2797 3750 quinque
2827 3676 2961 3732 libri
2995 3680 3051 3731 et
3081 3692 3266 3732 unum
3321 3674 3493 3732 Psal-

1844 3767 2059 3822 terium
2086 3784 2098 3833 ;
2128 3767 2404 3838 quoniam
2436 3767 2696 3838 quinque
2727 3765 3001 3822 sensibus
3032 3765 3207 3820 homo
3248 3762 3497 3819 exterior

1846 3854 2170 3909 vivificatur
2198 3871 2211 3909 :
2247 3859 2303 3909 et
2330 3872 2536 3910 rursus
2567 3855 2829 3927 quinque
2876 3852 3242 3926 spiritalibus
3309 3849 3498 3906 sensi-

1849 3944 1960 3998 bus
1991 3941 2088 3997 ille
2144 3943 2523 3997 absconditus
2564 3943 2756 3997 cordis
2797 3943 2970 3997 homo
2998 3943 3197 3995 noster
3225 3927 3500 3994 consum;-

1851 4035 2047 4085 matur
2074 4029 2332 4096 interior,
2367 4030 2465 4100 qui
2497 4030 2656 4085 solus
2687 4033 2820 4085 ante
2850 4033 3030 4083 Deum
3061 4025 3318 4098 locuples
3349 4025 3501 4080 Petri

1851 4117 2100 4189 apostoli
2123 4117 2456 4173 testimonio
2497 4118 2785 4188 reperitur
2814 4117 2861 4187 (I
2895 4119 3042 4171 Petr.
3076 4133 3162 4183 ιιι,
3195 4113 3270 4185 4).
3306 4136 3336 4164 ‹‹
3394 4113 3503 4178 Qui

1855 4240 2064 4296 asserit
2092 4239 2184 4293 his
2213 4240 2437 4294 verbis:
2508 4251 2600 4308 Τῆς
2660 4249 2826 4312 βίϐλου
2881 4246 2978 4296 τῶν
3035 4245 3243 4311 ψιλμῶν
3301 4247 3388 4306 ἥδε
3444 4248 3505 4294 ἂν

1857 4321 1931 4378 εἴτ,
1978 4319 2011 4377 ἠ
2081 4317 2301 4382 διαίρεσις
2365 4319 2425 4373 ὡς
2481 4323 2541 4366 τὰ
2605 4319 2784 4383 ἀκριϐῆ
2836 4318 2932 4367 τῶν
3014 4318 3338 4381 ἀντιγράφων,
3423 4317 3508 4364 αὖ-

1854 4389 1910 4436 τό
1957 4404 2008 4434 τε
2065 4387 2120 4434 τό
2175 4387 2424 4450 Ἐϐραῖκὸν
2478 4390 2711 4452 παριὲχειθ
2766 4404 2832 4442 et:
2886 4388 2970 4442 πές
3026 4389 3170 4434 πέντε
3221 4388 3314 4447 γὰρ
3380 4385 3507 4446 μέρη

1856 4463 1949 4518 τὴν
2049 4462 2248 4521 tingvi
2291 4455 2387 4505 τῶν
2470 4459 2678 4521 ψαλμῶν
2764 4457 2930 4521 βίϐλον
3010 4458 3172 4515 παῖδες
3275 4451 3508 4521 Ἐϐραίων

1863 4523 2113 4584 διαιρουσι.
2142 4520 2291 4594 Vide
2323 4537 2446 4591 quae
2479 4520 2808 4592 Sequuntur
2849 4522 2906 4577 in
2952 4521 3306 4594 Expositione
3337 4520 3505 4594 Graec.

1865 4594 2100 4663 Patrum
2126 4593 2181 4646 in
2209 4590 2464 4662 psalhzos,
2491 4590 2617 4663 jam
2652 4596 2783 4648 ante
2811 4609 2844 4646 a
2873 4590 3052 4649 nobis
3101 4592 3296 4650 citata.
3359 4590 3509 4657 Quin

1866 4663 2041 4718 etiam
2093 4662 2247 4718 haud
2308 4662 2630 4718 absurdum
2691 4663 2866 4718 fuerit
2924 4665 3257 4721 existimare
3295 4663 3514 4734 peritos

1866 4733 2000 4789 illos
2049 4734 2337 4807 Hebraica:
2391 4735 2622 4806 linguae,
2681 4751 2825 4807 quos
2859 4737 3247 4807 Ambrosius,
3269 4733 3515 4807 _ut_ipse

1871 4821 2114 4879 numero
2145 4806 2432 4877 superiori
2477 4803 2788 4879 signiﬁcat,
2840 4806 2911 4862 de
2950 4806 3214 4862 clausula
3263 4803 3516 4879 hujusqe

1872 4875 2081 4947 psalmi
2128 4869 2565 4948 percunctatus"
2593 4883 2702 4946 est,
2735 4869 2806 4932 ab
2846 4893 2912 4932 eo
2960 4893 3211 4948 quoque
3247 4873 3318 4948 de
3348 4869 3518 4944 'psal-

1873 4945 2102 5002 morum
2129 4945 2286 5018 apud
2323 4948 2591 5004 Hebraeos
2621 4945 2901 5004 divisione
2960 4945 3140 5003 fuisse
3196 4945 3517 5016 interroga-

1873 5023 1984 5072 tos.

1947 5087 2058 5156 (37)
2099 5087 2223 5141 Vet.
2258 5087 2393 5143 edit.
2431 5104 2563 5142 cum
2595 5088 2784 5142 tribus
2814 5103 2987 5153 mss.,
3019 5084 3518 5158 Scripturadixit.

1879 5155 1979 5213 Sed
2008 5159 2207 5212 iterum
2249 5160 2378 5228 quia
2407 5161 2648 5230 quinque
2678 5160 2810 5212 tibri
2840 5162 2985 5224 sunt,
3041 5155 3185 5230 dixit
3236 5155 3423 5230 alibi
3461 5155 3524 5209 in

1876 5231 2020 5311 vasis
2067 5228 2428 5311 pact/morum;
2475 5228 2666 5311 Rom,
2719 5229 3000 5311 Scriptura
3053 5228 3197 5284 dixit
3249 5228 3527 5311 Scriptum

1877 5304 1953 5354 est
1986 5297 2132 5381 enim
2164 5299 2219 5354 ὑί
2247 5301 2390 5381 tibro
2418 5302 2773 5381 psalmorum.
2913 5302 3135 5381 iterem,
3175 5301 3305 5381 quia:
3331 5297 3526 5381 plures

1879 5371 2083 5442 psalmi
2136 5369 2563 5442 szint,tnnquam
2611 5371 2762 5435 libri,
2817 5371 2960 5426 dixit
2985 5373 3150 5426 etiam
3188 5369 3374 5425 alibi:
3422 5369 3530 5442 ΔΝε-

1880 5439 2024 5496 cesso
2070 5446 2144 5496 est
2204 5439 2424 5512 impleri
2469 5445 2646 5498 omnia
2679 5458 2801 5513 quae
2854 5443 3056 5514 scripta
3117 5449 3245 5514 sunt
3297 5444 3359 5514 in
3417 5439 3531 5512 tego

1882 5515 2067 5586 Moysi,
2092 5522 2150 5586 et
2177 5515 2474 5584 prophetis,
2505 5523 2554 5568 et
2608 5512 2838 5586 psalmis
2893 5512 2973 5586 del
3010 5530 3115 5569 me.
3170 5513 3286 5570 Nos
3332 5512 3529 5570 locum

1883 5584 2224 5642 auctoritate
2247 5588 2506 5658 quinque
2532 5601 2672 5644 mss.
2705 5585 3090 5644 restituimus.
