3856 6206
388 402 547 470 1139

1864 410 1931 476 8.
1976 408 2352 478 AIBROSII

3598 417 3714 484 1110

384 538 581 607 habet,
614 536 827 613 inquit,
844 555 1014 597 aures
1042 539 1340 605 audiendi,
1366 542 1563 599 audiat
1588 545 1735 599 ’Lur.
1758 563 1883 609 vni,
1918 548 2025 605 ti.»
2055 546 2110 612 Α
2136 561 2199 602 se
2230 546 2516 602 memisse
2543 552 2909 618 cognoverat.
2938 543 3047 611 Qui
3079 543 3301 619 psallit,
3329 543 3388 601 in
3428 544 3708 621 lctiﬁaest;

388 628 577 687 Habes
604 646 787 685 unum
818 646 1076 686 sensum.
1112 632 1178 686 Et
1208 633 1360 687 sicut
1397 639 1535 687 sunt
1566 634 1666 704 qui
1695 636 1895 690 oculos
1925 636 2027 690 hac

386 716 546 784 bent,
576 722 634 773 et
662 735 775 773 non
806 719 1001 773 vident
1026 738 1040 785 ;
1074 719 1157 774 ita
1184 727 1323 775 sunt
1353 721 1453 791 qui
1477 722 1660 778 oculis
1691 741 1803 778 non
1837 724 2031 779 viden-

382 804 563 873 tibus,
605 805 739 877 plus
778 805 969 861 videre
1025 809 1364 864 creduntur.
1428 810 1588 864 Unde
1619 818 1675 865 et
1729 813 2025 883 prophetae

383 894 728 950 dicebantur
754 895 1036 961 videntes,
1079 896 1256 952 etiam
1304 899 1403 969 qui
1451 900 1638 954 oculis
1686 917 1801 955 non
1860 902 2027 955 video

383 986 531 1038 rent.
564 982 759 1037 Bonus
788 984 961 1039 etiam
994 985 1088 1039 ille
1119 987 1280 1053 odor,
1312 987 1382 1041 de
1413 1004 1526 1058 quo
1576 989 1892 1060 Apostolus
1934 990 2021 1044 di-

380 1070 502 1137 xit;
535 1070 729 1127 Bonus
787 1073 931 1128 odor
964 1074 1181 1129 Christi
1258 1092 1465 1131 sumus
1505 1076 1617 1131 Deo
1676 1080 1746 1135 (II
1791 1079 1911 1132 Cor.
1962 1096 2024 1141 ll,

385 1159 494 1228 15).
532 1184 559 1207 n
591 1160 754 1214 Unde
780 1166 837 1215 et
856 1161 967 1215 Job
998 1163 1176 1218 dicit:
1211 1186 1239 1209 ιι
1262 1164 1327 1218 Et
1357 1166 1601 1235 spiritus
1633 1166 1889 1221 divinus.
1922 1168 2023 1237 qui

379 1251 472 1303 est
502 1247 563 1302 in
592 1248 834 1305 naribus
865 1251 1008 1305 meis
1036 1252 1169 1317 (Job.
1198 1270 1350 1317 xxvi,
1381 1254 1456 1319 3),
1482 1278 1505 1301 η
1534 1255 1687 1308 Idem
1714 1270 1851 1325 ergo
1882 1256 2027 1309 odor

381 1334 620 1399 Christi,
650 1342 708 1391 et
739 1336 991 1408 Spiritus
1022 1340 1210 1394 sancti
1240 1346 1329 1394 est
1351 1342 1507 1405 Deo;
1541 1342 1680 1412 quia
1700 1360 1852 1397 unus
1882 1344 2025 1397 odor

386 1427 477 1480 est
503 1425 827 1481 Trinitatis.
860 1428 957 1482 Est
986 1433 1042 1483 et
1090 1429 1330 1484 interior
1360 1431 1547 1497 cibus,
1603 1431 1675 1485 de
1706 1447 1821 1501 quo
1878 1432 2023 1487 dixit

380 1512 702 1569 Dominus:
728 1538 754 1559 η
790 1514 954 1571 Meus
984 1517 1151 1573 cibus
1179 1522 1291 1582 est,
1323 1524 1387 1571 ut
1425 1519 1632 1574 faciam
1663 1520 2021 1575 voluntatem

380 1599 569 1657 Patris
598 1603 709 1657 mei
740 1604 838 1676 qui
868 1605 922 1658 in
956 1606 1099 1661 ccelo
1142 1612 1231 1661 est
1273 1608 1451 1667 (Joan.
1489 1626 1564 1672 IV,
1591 1609 1703 1675 34).
1730 1632 1757 1657 ι)
1816 1610 1913 1663 Est
1968 1613 2025 1663 et

378 1689 625 1750 interior
650 1697 857 1759 tactus,
888 1711 1004 1765 quo
1033 1694 1328 1749 Christum
1363 1696 1549 1765 tetigit
1590 1696 1798 1751 mulier
1836 1696 1937 1752 illa
1963 1696 2022 1750 in

378 1783 705 1857 Evangelia,
738 1800 865 1855 qua
923 1800 1027 1854 per
1079 1783 1388 1839 duodecim
1430 1800 1615 1839 annos
1674 1786 2023 1856 sanguinem

376 1874 725 1946 proﬂuebat,
757 1888 860 1927 nec
890 1889 924 1927 a
953 1872 1196 1927 medicis
1233 1878 1531 1944 acceperat
1562 1874 1893 1939 sanitatem;
1922 1874 2022 1929 sed
2058 1908 2105 1973 Β

379 1962 667 2034 accepita
720 1960 970 2016 Christo.
1027 1960 1183 2016 Fidei
1238 1965 1430 2015 tactus
1481 1966 1589 2025 est,
1620 1978 1737 2033 quo
1766 1963 2030 2033 tangitur

379 2050 671 2107 Christus.
728 2049 989 2120 Denique
1047 2065 1175 2104 eam
1225 2048 1495 2104 homines
1544 2067 1659 2105 non
1705 2051 2022 2117 videbant;

377 2139 532 2198 884
560 2139 662 2194 sed
704 2138 933 2194 videbat
961 2136 1154 2203 Jesus,
1184 2142 1243 2193 et
1269 2154 1331 2193 se
1360 2137 1577 2194 vidisse
1634 2143 1883 2195 testatus
1939 2144 2029 2194 est

376 2228 617 2285 dicens:
652 2250 680 2275 κ
712 2226 928 2298 Tetigit
956 2241 1050 2281 me
1079 2224 1327 2297 aliquis;
1352 2242 1488 2281 nam
1528 2230 1586 2281 et
1629 2242 1736 2298 ego
1785 2229 2025 2299 cognovi

376 2317 656 2373 virtutem
683 2317 757 2371 de
797 2331 891 2369 me
928 2314 1116 2370 exisse
1148 2316 1299 2385 (Luc.
1332 2332 1459 2382 vui,
1518 2316 1628 2383 46).
1666 2341 1693 2364 υ
1760 2318 2026 2388 Cognitio

375 2404 615 2469 Christi,
642 2402 873 2459 collatio
903 2402 1173 2459 sanitatis
1200 2406 1309 2457 est.
1332 2404 1480 2473 Ergo
1509 2404 1784 2475 quoniam
1824 2406 2025 2462 decem

375 2490 813 2549 sensushomini
838 2489 1030 2545 inesse
1060 2489 1437 2546 manifestum
1452 2491 1696 2555 est,idoo
1717 2491 2025 2563 David,qui

373 2583 434 2637 et
463 2579 603 2635 foris
628 2584 685 2636 et
712 2578 873 2634 intus
902 2578 1147 2634 canebat
1171 2596 1184 2645 ;
1209 2578 1353 2633 foris
1366 2595 1623 2650 corpore,
1648 2580 1809 2635 intus
1829 2580 2021 2645 corde,

372 2668 513 2725 dicit
550 2668 609 2723 in
663 2666 929 2740 psalmo:
963 2690 989 2715 ‹‹
1028 2668 1090 2723 In
1123 2666 1485 2723 decachordo
1541 2668 1817 2739 psalterio
1866 2667 2022 2740 psal-

371 2755 492 2814 lam
516 2756 622 2811 tibi
642 2756 809 2827 (Paul.
841 2773 1034 2821 cxuu,
1056 2755 1134 2825 9).
1162 2780 1191 2803 υ

444 2845 532 2901 40.
566 2836 923 2901 Psalterium
943 2858 1081 2915 ergo
1119 2846 1209 2897 est
1239 2842 1412 2898 homo
1464 2849 1911 2901 consummatus
1960 2846 2019 2901 in

370 2932 639 2990 Christo:
672 2931 733 2986 in
765 2946 881 3001 quo
910 2931 1063 2985 sicut
1086 2934 1208 2985 arte
1246 2931 1674 2987 concinentium
1710 2932 1807 2988 fila
1847 2932 2021 2989 chor-

372 3020 622 3087 darum;
655 3019 736 3073 ita
773 3017 1241 3073 convenientium
1274 3024 1549 3075 resonant
1579 3036 1755 3090 opera
1809 3038 2022 3078 canora

371 3106 674 3173 viriutum,
706 3110 771 3161 ut
802 3105 984 3178 possit
1011 3106 1238 3162 dicere:
1263 3131 1290 3157 ‹‹
1325 3107 1576 3164 Psallam
1600 3109 1727 3176 tibi,
1751 3109 1925 3174 Deus,
1958 3110 2019 3165 in

373 3194 619 3261 cithara,
648 3197 889 3250 sanctus
911 3193 1120 3249 Israel:
1146 3194 1497 3252 Gaudebunt
1524 3195 1681 3252 labia
1699 3214 1850 3265 mea,
1882 3214 2017 3254 cum

2135 636 2235 705 qui
2296 636 2570 700 luctatur,
2631 637 2689 689 in
2749 634 3163 690 sollicitudine.
3212 634 3503 691 Verumst
3545 639 3712 698 Paulus

2134 725 2354 778 sciebat
2383 724 2653 795 psallere,
2684 726 2787 779 sed
2819 724 3012 778 adhuc
3070 740 3135 778 se
3182 722 3533 794 processibus
3575 744 3715 785 mer.

2132 812 2325 877 vabat,
2357 829 2490 867 cum
2525 813 2668 868 foret
2698 812 2931 884 plenius
2958 813 3396 883 comprobatus,
3450 819 3506 868 ut
3554 817 3718 886 psalle-

2134 906 2258 963 ret;
2315 906 2373 954 et
2429 901 2558 955 ideo
2616 901 2796 955 dixit:
2861 922 2889 947 «
2942 899 3132 956 Orabo
3190 900 3425 973 spiritu,
3482 903 3628 959 orabo
3669 912 3712 961 et

2132 992 2367 1053 mente;
2401 987 2651 1060 psallam
2682 988 2918 1061 spiritu,
2950 987 3199 1060 psallam
3246 994 3307 1044 et
3352 993 3531 1046 mente
3560 993 3597 1061 [Ι
3620 992 3718 1048 Cor.

2132 1094 2249 1141 XIV,
2282 1078 2392 1143 15).
2425 1102 2451 1124 η

2201 1166 2291 1220 41.
2324 1166 2393 1220 Et
2422 1166 2561 1236 quia
2590 1166 2896 1238 geminum
2927 1164 3216 1237 psallendi
3247 1165 3497 1221 ofﬁcium
3528 1166 3720 1224 demon-

2130 1254 2353 1318 stravit,
2402 1256 2701 1325 geminam
2759 1269 2995 1325 quoque
3051 1269 3251 1308 vocem
3299 1270 3427 1309 esse
3477 1255 3722 1327 Scriptura

2131 1342 2385 1406 edocuit,
2418 1342 2705 1413 Propheta
2736 1342 2964 1396 dicente
2993 1358 3007 1394 :
3041 1364 3069 1387 τι
3102 1341 3256 1397 Voce
3284 1358 3416 1397 mea
3456 1344 3520 1397 ad
3569 1342 3720 1399 Domi-

2132 1446 2275 1485 num
2327 1430 2591 1496 clamavi,
2621 1436 2680 1484 et
2734 1446 2843 1484 vox
2887 1446 3018 1485 mea
3061 1430 3135 1483 ad
3189 1430 3395 1494 Deum,
3441 1435 3493 1485 et
3526 1431 3724 1488 intendit

2135 1518 2276 1573 mihi
2326 1520 2493 1583 (ρωι.
2554 1536 2741 1583 ωνι,
2800 1522 2877 1586 2).
2930 1518 3137 1583 »Quid
3195 1523 3285 1573 est
3339 1534 3465 1573 mea
3509 1519 3534 1573 ?
3574 1520 3721 1576 Potuit

2132 1608 2286 1662 enim
2319 1608 2543 1662 dicere:
2577 1607 2819 1661 clamavi
2851 1607 2923 1661 ad
2956 1606 3295 1660 Dominum.
3352 1607 3459 1662 Sed
3503 1624 3616 1678 qua
3646 1626 3724 1664 no-

2133 1700 2255 1749 stra
2282 1699 2373 1750 est
2401 1712 2507 1750 vox
2537 1694 2650 1749 nisi
2682 1696 2796 1749 ista
2823 1710 2953 1766 quis
2983 1692 3191 1749 melior
3246 1699 3358 1759 est,
3416 1710 3532 1765 qua
3584 1695 3726 1749 nescit

2134 1799 2326 1839 errare
2344 1783 2373 1837 ‘I
2399 1782 2546 1838 Nam
2570 1799 2641 1838 ex
2668 1782 3039 1854 multiloquio
3073 1786 3382 1853 peccatum
3409 1781 3728 1845 incurrimus,

2133 1875 2193 1925 et
2219 1871 2401 1927 vitare
2429 1888 2545 1927 non
2578 1887 2919 1942 possumus.
2952 1870 3059 1924 Illa
3076 1886 3183 1925 vox
3212 1869 3508 1941 Propheta
3531 1874 3609 1925 est
3632 1886 3726 1940 qua

2135 1959 2209 2014 ad
2230 1958 2411 2015 Deum
2443 1960 2741 2031 pervenit;
2785 1975 2937 2030 quae,
2967 1963 3195 2014 tacente
3250 1958 3467 2030 Moyse,
3512 1957 3731 2013 clamavit

2136 2048 2208 2103 ad
2234 2048 2585 2103 Dominum:
2621 2064 2739 2119 qua
2772 2047 2950 2103 etiam
2979 2047 3038 2101 in
3071 2046 3437 2102 orationibus
3463 2045 3576 2101 suis
3599 2049 3730 2101 Anna

2136 2136 2447 2198 clamabat.
2475 2153 2611 2191 cum
2642 2137 2761 2192 oris
2790 2135 2883 2191 sui
2914 2135 3069 2191 labia
3098 2150 3215 2190 non
3246 2138 3534 2201 moveret;
3577 2139 3628 2189 et
3649 2133 3731 2188 im-

2137 2225 2385 2297 petravit
2413 2226 2623 2289 ﬁlium,
2656 2240 2833 2296 quem
2864 2227 2999 2279 ante
3026 2224 3130 2278 diu
3176 2240 3294 2279 non
3354 2224 3727 2296 impetraverat,

2134 2329 2269 2368 cum
2299 2314 2559 2384 corporis
2584 2329 2721 2369 voce
2759 2312 3092 2367 clamasset.
3152 2314 3231 2367 De
3285 2311 3399 2367 hac
3450 2326 3575 2367 voce
3620 2309 3732 2364 dixit

2136 2401 2457 2457 Dominus:
2491 2425 2517 2449 ‹‹
2552 2402 2643 2457 Tu
2669 2405 2863 2456 autem
2895 2416 3030 2455 cum
3060 2416 3214 2469 oras,
3248 2400 3407 2455 intra
3442 2399 3500 2454 in
3540 2399 3731 2454 cubicu-

2134 2487 2257 2544 lum
2290 2493 2479 2556 tuum,
2510 2493 2569 2545 et
2597 2487 2797 2544 clauso
2826 2488 2999 2553 ostio,
3030 2503 3134 2543 ora
3170 2487 3407 2543 Patrem
3459 2490 3610 2542 tuum
3655 2484 3729 2555 qui

2130 2583 2223 2632 est
2252 2578 2313 2632 in
2343 2577 2687 2633 abscondito
2712 2594 2726 2643 ;
2758 2581 2815 2632 et
2843 2576 3010 2632 Pater
3037 2580 3175 2631 tuus
3204 2576 3308 2647 qui
3338 2576 3495 2632 videt
3536 2576 3590 2630 in
3635 2574 3732 2628 abs-

2131 2666 2386 2733 condito,
2434 2666 2636 2721 reddet
2664 2665 2767 2720 tibi
2800 2663 3008 2736 (Matth.
3039 2681 3118 2731 v1,
3147 2664 3226 2736 ὃ).
3264 2686 3293 2713 ››
3327 2663 3475 2728 Quid
3521 2667 3600 2719 est
3636 2661 3730 2716 red—

2128 2754 2257 2810 det?
2286 2754 2404 2810 Hoc
2449 2759 2557 2819 est,
2618 2753 2774 2825 quod
2826 2753 3175 2825 deprecatus
3230 2768 3321 2820 es,
3373 2752 3525 2825 quod
3574 2748 3732 2807 orasti.

2132 2843 2298 2900 Sicut
2326 2843 2486 2898 enim
2517 2846 2849 2914 peccatores
2879 2842 2951 2897 de
2995 2857 3174 2897 manu
3203 2840 3442 2897 Domini
3498 2838 3732 2910 recipiunt

2129 2936 2367 3004 peccata
2416 2948 2526 2987 sua
2572 2930 2851 3003 duplicia,
2914 2930 2995 2984 ita
3022 2946 3054 2985 e
3111 2930 3411 2986 contrario
3450 2928 3587 3000 justi
3630 2924 3736 2981 reci-

2132 3020 2302 3091 piunt
2328 3036 2463 3076 cum
2519 3019 2726 3075 aﬂ'ectu
2788 3018 3026 3091 propria
3075 3017 3377 3089 postulata
3414 3019 3565 3089 (37').
3610 3013 3725 3070 Audi

2127 3108 2420 3179 quomodo
2452 3106 2752 3179 recipiant.
2783 3105 3060 3162 Ascendit
3085 3106 3272 3162 oratio
3305 3111 3413 3162 tua
3449 3106 3522 3162 ad
3571 3101 3731 3159 Deum.

2128 3200 2186 3251 et
2215 3196 2514 3252 descendit
2564 3196 2635 3250 ad
2664 3208 2741 3250 te.
2805 3195 2965 3251 Unde
2993 3200 3050 3250 et
3086 3194 3146 3248 in
3206 3194 3441 3266 psalmo
3496 3192 3729 3265 legimus:

374 3287 678 3340 cantavero
730 3281 873 3349 tibi;
906 3286 963 3338 et
1011 3283 1210 3339 anima
1269 3300 1417 3351 mea,
1475 3302 1655 3356 quam
1726 3286 2013 3341 redimisti
2046 3272 2089 3337 C
2125 3308 2155 3333 «
2198 3285 2267 3340 Et
2295 3284 2480 3340 oratio
2512 3283 2713 3340 meain
2746 3284 2947 3339 sinum
2977 3298 3178 3339 meum
3209 3287 3575 3339 convertatur
3598 3277 3730 3350 (Psal.

374 3372 542 3442 (Paul.
601 3388 728 3437 ω,
767 3374 858 3438 22,
900 3371 1011 3439 23).
1050 3394 1070 3419 ι
1128 3371 1347 3428 Paulus
1404 3372 1485 3427 ait
1522 3373 1594 3427 de
1637 3389 1736 3429 se:
1795 3396 1822 3423 ‹‹
1860 3375 2019 3429 Foris

374 3476 607 3533 pugnis,
640 3460 802 3515 intus
857 3460 1097 3515 timores
1128 3462 1205 3531 (ll
1247 3462 1371 3518 Cor.
1435 3479 1533 3527 vn,
1592 3463 1668 3533 5).
1723 3484 1751 3510 ››
1804 3462 1906 3518 Hic
1964 3467 2023 3518 et

384 3548 543 3604 intus
569 3552 626 3603 et
652 3547 791 3603 foris
829 3548 1079 3619 gaudet;
1112 3549 1213 3603 sed
1248 3548 1344 3604 ille
1373 3549 1564 3604 adhuc
1594 3550 1653 3603 in
1683 3551 2021 3619 certamine,

384 3634 494 3691 iste
526 3634 585 3689 in
607 3633 987 3700 remissione;
1029 3635 1167 3706 quia
1195 3635 1654 3707 redemptionem
1679 3636 1887 3694 animas
1904 3655 2024 3694 suae

2126 3390 2318 3439 xxxiv,
2352 3375 2461 3441 13),
2494 3396 2523 3421 ››
2554 3377 2621 3428 ut
2648 3373 2903 3428 fructum
2933 3370 3154 3427 scilicet
3184 3371 3403 3428 referat
3445 3365 3730 3443 postulanti,

2131 3485 2157 3509 ‹‹
2190 3461 2538 3518 Benedictus
2597 3459 2882 3516 Dominus
2940 3458 3094 3514 Deus
3153 3458 3360 3526 Israel,
3388 3481 3416 3509 π
3476 3456 3571 3531 qui
3609 3458 3735 3511 tanta

2133 3550 2303 3607 nobis
2340 3550 2570 3622 aperuit
2599 3548 2876 3621 mysteria
2901 3571 2930 3597 ‹‹
2961 3564 2997 3603 a
3016 3546 3252 3617 saeculo,
3279 3553 3341 3603 et
3358 3548 3421 3603 in
3441 3544 3702 3603 saeculum:
3719 3564 3734 3585 υ

2135 3638 2195 3693 id
2229 3642 2338 3704 est,
2370 3655 2441 3693 ex
2466 3637 2697 3693 inﬁnito
2728 3638 2786 3690 in
2815 3634 3149 3691 inﬁnitum:
3183 3658 3213 3685 ‹‹
3248 3636 3403 3705 Fiat,
3435 3635 3550 3691 fiat.
3582 3655 3606 3682 η

453 3783 591 3853 (37‘)
641 3784 723 3839 Ita
778 3798 922 3839 mss.
953 3799 1175 3840 omnes.
1209 3785 1348 3840 edit.
1382 3802 1534 3847 vero,
1578 3788 1847 3858 recipiunt
1894 3805 2020 3843 cum
2056 3789 2248 3861 effectu
2271 3790 2498 3860 prapria
2530 3787 2822 3859 (quadam
2854 3784 3061 3850 Paris,
3088 3788 3348 3859 praprio)
3373 3786 3661 3859 postulata.

1130 4155 1271 4273 _IN
1326 4154 1872 4243 PSALMUM
1926 4157 2010 4240 X

2136 4157 2208 4241 II
2276 4155 2983 4243 ENAltltATlO.
3070 4264 3078 4271 α

441 4510 594 4569 885
625 4513 648 4567 1
683 4512 869 4583 (Vera.
906 4513 977 4585 1.)
1009 4513 1223 4570 Psalmi
1273 4512 1485 4569 titulus
1536 4517 1660 4570 est:
1731 4514 1795 4570 In
1852 4513 2026 4571 ﬁnem
2059 4517 2105 4583 D
2134 4529 2203 4568 ex
2232 4511 2526 4584 operibus,
2560 4512 2661 4568 sed
2691 4527 2760 4567 ex
2789 4512 2903 4593 ﬁde
2933 4528 3034 4584 per
3082 4511 3338 4585 gratiam
3403 4526 3570 4567 suam
3620 4503 3744 4561 nobis

370 4597 510 4654 ﬁliis
540 4599 680 4656 Core
735 4599 1140 4657 intellectus.»
1190 4602 1295 4657 Ubi
1356 4601 1647 4673 passionis
1703 4603 2013 4658 Dominicze

373 4689 433 4742 et
488 4686 881 4757 baptismatis,
940 4694 997 4744 et
1034 4688 1415 4761 ingressionis
1475 4691 1543 4745 ad
1590 4689 1770 4746 altare
1847 4709 2011 4747 sacro

368 4778 641 4834 sanctum
699 4775 946 4832 decursa
1004 4778 1279 4850 mysteria
1335 4784 1496 4845 sunt,
1554 4780 1722 4835 docet
1770 4785 2011 4837 sanctus

365 4863 650 4937 propheta
715 4864 895 4920 David
953 4867 1453 4937 quemadmodum
1504 4867 1783 4922 athletam
1835 4885 2010 4924 suum

366 4955 539 5028 cujus
569 4970 781 5011 nomen
811 4958 1078 5011 teneatur
1105 4955 1163 5010 in
1193 4970 1377 5028 agone
1415 4960 1773 5023 sanctorum,
1823 4956 2014 5013 Chris-

364 5046 461 5099 tus
506 5047 785 5100 exerceat.
819 5042 980 5099 Sicut
1008 5043 1164 5100 enim
1200 5042 1325 5100 sine
1365 5043 1563 5099 labore
1619 5049 1837 5112 nostro,
1892 5062 2008 5101 non

437 5212 549 5284 (38)
607 5211 882 5284 Solebant
934 5218 1158 5269 veteres
1213 5212 1422 5268 diebus
1481 5212 1762 5284 lustricis,
1822 5213 1881 5269 id
1920 5219 2010 5269 est

365 5283 585 5355 quibus
615 5285 758 5341 urbs
787 5283 983 5355 aliqua
1004 5284 1187 5340 sacris
1219 5284 1509 5355 piabatur,
1542 5283 1710 5340 ludos
1733 5301 1797 5340 ac
1830 5290 2009 5340 certa-

364 5354 529 5426 mina
573 5354 899 5413 celebrare.’
954 5355 1071 5410 Hoc
1135 5354 1480 5426 intelligitur
1531 5372 1598 5410 ex
1646 5357 1865 5411 Seneca
1949 5358 2005 5410 in

363 5425 573 5497 Troad”
607 5427 707 5483 ubi
751 5426 834 5481 sic
882 5426 1098 5482 habes:
1149 5443 1249 5480 m'c
1277 5425 1413 5481 stato
1470 5427 1635 5481 lustri
1669 5428 1823 5482 die...
1869 5443 2009 5497 puer

360 5496 781 5567 citatuanobili:
812 5506 1021 5551 turmas
1050 5514 1201 5567 ages.
1261 5497 1420 5560 Quod
1452 5503 1645 5553 autem
1677 5499 1748 5553 de
1778 5496 2006 5553 vivendi

362 5562 674 5644 disciplin}
703 5567 1062 5644 adiungitur,
1092 5562 1151 5622 id
1172 5569 1389 5644 eodem
1422 5570 1692 5644 pertinet,
1728 5568 2004 5640 quoillud

365 5631 531 5713 Pauli
562 5636 584 5689 1
614 5636 739 5713 Cor.
774 5631 850 5702 ix,
1018 5631 1204 5713 Omnis
1232 5631 1531 5713 autem-qui
1572 5643 1631 5713 iis
1877 5656 2004 5713 con-

365 5702 553 5769 tendit,
599 5706 665 5759 ab
723 5707 976 5761 omnibus
1030 5725 1089 5763 se
1148 5710 1380 5764 abstinet
1401 5702 1790 5781 {utrobique
1845 5712 2003 5768 enim

2124 4605 2359 4672 peccata
2387 4599 2644 4667 donavit,
2676 4603 2735 4655 et
2756 4600 2826 4655 ad
2856 4616 3078 4656 coronae
3102 4600 3461 4672 petitionem
3489 4595 3743 4665 indulgeri.

2120 4689 2390 4745 tissimus
2424 4705 2535 4744 nos
2564 4692 2620 4744 et
2657 4687 2947 4761 benignus
2994 4688 3255 4756 admisit,
3308 4705 3424 4745 nec
3484 4684 3739 4758 superiora

2122 4777 2291 4833 nobis
2322 4776 2455 4832 fecit
2482 4777 2688 4833 obesse
2709 4777 2951 4849 ﬂagitia,
2982 4778 3203 4849 quibus
3246 4782 3420 4834 tanto
3481 4770 3741 4832 certamine

2114 4866 2519 4937 judicaremur
2571 4865 2797 4937 indigni
2856 4865 3164 4938 (queritur
3211 4866 3379 4922 enim
3441 4865 3612 4921 etiam
3677 4859 3737 4911 in-

2118 4955 2191 5009 iis
2217 4954 2319 5024 qui
2339 4953 2584 5009 lustrale
2606 4958 2900 5009 certamen
2922 4953 3031 5009 hoc
3062 4955 3328 5011 subeunt
3350 4955 3470 5026 (38)
3492 4951 3652 5008 etiam
3684 4942 3743 4997 di-

2120 5042 2369 5115 sciplina
2400 5042 2684 5112 vivendi),
2712 5042 2795 5097 ita
2825 5059 3031 5099 rursus
3081 5058 3153 5098 ne
3210 5048 3386 5099 tanta
3432 5044 3743 5116 peccatorum

2117 5210 2483 5284 signiﬁcatur
2513 5209 2652 5284 olim
2667 5226 2927 5267 severam
2949 5210 3309 5284 athletarum
3333 5198 3748 5284 ιἰιὶεεθ-νίῥνεριιῤ1

2119 5279 2424 5339 rationem.
2457 5284 2536 5336 Ea
2565 5281 2635 5337 de
2666 5298 2727 5337 re
2773 5285 2964 5338 exstat
2991 5282 3112 5338 haec
3144 5284 3466 5355 praeceptio
3516 5279 3729 5355 Epicteti}

2115 5355 2335 5410 Euchir.
2413 5360 2487 5408 λε’
2564 5374 2576 5407 :
2678 5363 2760 5409 Δεῖ
2825 5360 3068 5422 branch,
3137 5348 3577 5427 ἆναγιοῖτροφεὶνξ
3658 5348 3737 5431 id“

2113 5433 2286 5497 γεσθαι
2340 5432 2625 5494 πεμμάτων,
2713 5432 3037 5494 γυμνάζεσθαι
3144 5434 3267 5487 ππὸς
3405 5435 3617 5493 ἀνάγκην
3702 5434 3737 5497 ξ’

2116 5491 2219 5568 ῧρᾳ
2270 5491 2565 5569 τεταγμένη,
2650 5491 2732 5548 ἐν’
2765 5491 3022 5569 ἡξιξματιε-
3083 5502 3136 5569 (ν
3186 5503 3377 5569 italu,
3469 5491 3539 5569 μῇ
3588 5491 3732 5569 ψυχρὸς

2115 5552 2289 5641 τέένέρν,
2339 5552 2432 5635 pi?
2452 5552 2612 5641 uivov,
2672 5552 2938 5641 etc.__Non
2969 5552 3308 5641 dissimilia"
3342 5552 3727 5641 πίερέιιξοθάξυά

2113 5634 2549 5720 2Itrria‘numlib.
2588 5652 2670 5720 ψ,
2708 5637 2920 5720 quibus
2950 5637 3133 5694 addas
3167 5634 3476 5720 licetqu
3506 5634 3721 5694 Horatius

2113 5710 2216 5767 lib.
2250 5710 2324 5765 De
2353 5716 2467 5764 arte
2490 5707 2703 5779 poetica
2731 5707 2790 5764 in
2824 5708 2971 5767 hanc
3002 5725 3127 5767 rem
3155 5707 3393 5767 scribit.

3804 4542 3805 4575 l

3804 4694 3805 4719 l

3803 5230 3805 5249 l
