3856 6206
277 329 429 400 HM

1381 326 1836 397 ENARRATIO
1879 327 1960 394 IN
2004 326 2386 396 PSALMUM
2426 323 2635 393 XLIII.

3411 381 3418 390 ρ
3500 318 3693 393 ,1142

274 464 587 526 donatione
618 460 880 540 resoluti,
913 461 973 524 in
1004 462 1326 542 superioria
1364 465 1585 540 ﬂagitia
1631 465 1718 524 vel
1766 466 1919 522 desi-
1950 465 2006 530 Α
2035 467 2208 522 etiam
2240 463 2576 522 testimonia
2605 460 2932 536 disciplinas
2969 474 2982 519 :
3017 481 3045 514 ‹‹
3078 458 3206 530 Fili,
3241 475 3314 520 ne
3362 459 3693 537 neglexeris

273 556 434 613 diam
466 557 1118 631 revertamur,psalmus
1148 557 1256 614 iste
1294 574 1399 613 nos
1430 559 1707 613 admonet
1741 556 1927 612 multa

272 646 447 702 nobis
479 650 536 703 et
565 647 763 719 gravia
797 647 1116 703 certamina
1146 665 1275 701 esse
1318 647 1629 718 proposita,
1663 650 1727 700 ut
1758 663 1925 702 nemo

270 735 390 791 nisi
424 736 524 807 qui
555 735 816 808 legitime
845 737 1166 800 certaverit,
1198 740 1524 791 conoretur.
1559 737 1923 791 Luctandum

269 827 365 878 est
395 823 575 897 igitur
603 825 880 880 adversus
910 825 1102 880 carnis
1135 825 1312 896 hujus
1360 825 1682 890 illecebras,
1715 827 1770 879 et
1815 825 1922 879 fer-

263 928 469 967 vorem
504 904 810 985 sanguinis
847 932 860 968 :
891 913 1240 970 luctandum
1273 921 1363 970 est
1393 915 1672 969 adversus
1715 913 1926 985 nequi-

268 1001 384 1056 tias
418 1001 737 1072 spiritales.
761 1002 941 1057 Nemo
966 1003 1197 1075 gravior
1221 1002 1541 1059 domestico
1573 1003 1922 1066 adversario,

270 1105 450 1144 nemo
481 1089 782 1145 nocentior
829 1091 996 1146 hoste
1045 1109 1132 1155 eo,
1167 1093 1259 1148 cui
1307 1092 1555 1147 caelestis
1587 1092 1925 1147 substantia;

270 1178 542 1250 potentia
590 1179 946 1252 suffragatur
990 1181 1123 1252 (39).
1171 1183 1311 1237 Cum
1349 1182 1476 1236 dico
1508 1197 1698 1245 nemo,
1747 1170 1926 1235 divini

269 1263 570 1322 memento
617 1267 925 1332 sermonis,
975 1285 1089 1339 quo
1137 1269 1283 1324 dixit
1334 1269 1615 1324 Dominus
1659 1285 1732 1325 ;‹‹
1781 1269 1925 1334 Quia

273 1354 470 1424 major
528 1371 594 1409 ex
643 1356 796 1411 natis
852 1356 1118 1412 mulieris
1171 1357 1397 1414 Joanne
1449 1357 1710 1428 Baptista
1753 1374 1922 1412 nemo

269 1443 486 1510 (Matth.
519 1461 599 1510 x1,
635 1445 930 1512 li).»Nam
966 1446 1064 1517 qui
1095 1450 1267 1501 natus
1307 1450 1395 1501 est
1423 1463 1490 1500 ex
1518 1446 1774 1517 Virgine,
1799 1445 1924 1516 ipse

272 1548 458 1604 super
487 1549 689 1588 omnes
720 1539 828 1590 est.
863 1535 931 1589 Et
960 1534 1088 1589 ideo
1123 1535 1415 1590 neminem
1465 1550 1788 1602 vereamur,
1822 1533 1920 1605 qui

269 1619 577 1675 Christum
658 1620 970 1688 habemus,
1030 1622 1308 1692 quoniam
1369 1621 1416 1677 si
1487 1619 1752 1675 Christus
1820 1637 1922 1690 pro

269 1709 468 1774 nobis,
502 1708 635 1780 quis
665 1713 868 1763 contra
902 1709 1049 1764 nos?
1102 1711 1404 1764 Certemus
1450 1725 1586 1780 ergo
1633 1725 1817 1780 usque
1850 1709 1919 1763 ad

270 1797 478 1863 finem,
514 1801 578 1852 ut
607 1796 898 1852 evacuatis
924 1796 1219 1864 omnibus,
1253 1814 1378 1868 quae
1411 1797 1688 1852 adversus
1717 1797 1920 1852 Jesum
1955 1831 2002 1895 B

268 1889 330 1940 et
364 1884 597 1940 Domini
629 1885 985 1941 voluntatem
1016 1885 1074 1940 in
1109 1889 1309 1941 nostro
1341 1889 1473 1941 ante
1505 1902 1744 1957 corpore
1766 1885 1924 1940 mili-

267 1973 499 2040 tabant,
559 1990 704 2029 veras
755 1973 1044 2030 exercitiis
1093 1973 1322 2031 virtutis
1368 1973 1596 2043 intenti,
1656 1974 1764 2030 soli
1818 1980 1927 2029 Deo

272 2065 481 2117 nostro
536 2067 593 2117 et
638 2062 885 2120 Domino
936 2063 1281 2120 serviamus.
1316 2065 1417 2119 Hic
1464 2065 1618 2120 enim
1668 2063 1822 2132 ﬁnis,
1864 2067 1930 2118 ut

271 2150 569 2223 scriptum
600 2156 689 2208 est
722 2169 734 2206 :
761 2175 788 2202 «
823 2153 1095 2208 Primitiae
1127 2153 1411 2209 Christus.
1459 2196 1470 2207 .
1517 2197 1529 2209 .
1576 2195 1588 2208 .
1621 2153 1829 2209 deinde
1860 2154 1925 2207 fi-

275 2239 401 2310 nis,
431 2255 566 2294 cum
615 2241 918 2296 tradiderit
965 2258 1212 2314 regnum
1262 2246 1373 2297 Deo
1421 2245 1476 2297 et
1524 2242 1676 2296 Patri
1731 2258 1742 2297 :
1790 2259 1924 2297 cum

287 2328 656 2384 evacuaverit
685 2345 916 2385 omnem
945 2330 1340 2403 Principatum
1388 2335 1444 2386 et
1490 2332 1838 2387 Potestatem
1871 2336 1928 2387 et

272 2419 592 2474 Virtutem.
643 2460 655 2473 .
703 2459 715 2472 .
764 2460 775 2472 .
822 2463 832 2474 .
875 2459 890 2474 .
936 2424 1000 2474 ut
1031 2437 1187 2475 mors
1234 2421 1551 2475 novissima
1590 2421 1927 2476 destruatur

270 2507 322 2576 (Ι
349 2505 472 2560 Cor.
506 2523 595 2572 xv,
625 2509 715 2571 23,
747 2509 859 2574 26),
896 2530 923 2556 ››
956 2507 1306 2580 incipiamus
1338 2510 1452 2565 Deo
1484 2526 1610 2565 esse
1651 2509 1920 2580 subjecti,

269 2609 523 2666 regnum
556 2594 614 2648 in
665 2595 833 2650 nobis
878 2595 1107 2652 caeleste
1155 2602 1470 2662 servantes,
1507 2596 1605 2651 ubi
1637 2602 1759 2653 erat
1789 2602 1922 2652 ante

269 2683 522 2739 colluvio
553 2686 940 2754 peccatorum.

339 2775 396 2825 2.
434 2771 635 2826 Merito
665 2787 800 2843 ergo
844 2789 918 2826 :«
958 2773 1019 2827 In
1062 2774 1237 2828 ﬁnem
1290 2775 1429 2829 ﬁliis
1472 2777 1613 2830 Core
1658 2775 1920 2830 intellec-

267 2865 393 2926 tus,
431 2881 458 2908 »
493 2858 757 2930 psalmus
788 2859 1146 2930 inscribitur,
1181 2866 1245 2916 ut
1293 2863 1352 2916 in
1405 2880 1470 2917 eo
1521 2865 1921 2934 cognoscendo

269 2964 390 3003 non
449 2947 707 3019 vulgaris
766 2948 1020 3016 auditus,
1077 2951 1178 3005 sed
1240 2951 1567 3006 intellectus
1619 2952 1918 3023 spiritalis,

267 3040 562 3109 operetur.
597 3035 859 3107 Denique
886 3037 1094 3109 Aquila
1126 3061 1152 3087 ‹‹
1187 3039 1480 3110 psalmum
1536 3040 1858 3111 disciplinae
1894 3064 1918 3089 ››

266 3125 491 3197 posuit.
529 3125 594 3179 Et
623 3123 753 3180 ideo
786 3125 890 3180 tibi
923 3125 1064 3180 dicit
1089 3127 1387 3198 Scriptura
1422 3145 1434 3182 :
1470 3152 1496 3177 ‹‹
1531 3128 1614 3183 Da
1644 3129 1702 3183 in
1745 3130 1918 3185 disci-

2036 555 2406 628 disciplinam
2465 555 2586 618 Dei,
2643 570 2748 609 nec
2805 553 3086 608 defeceris
3145 553 3217 609 ab
3267 569 3333 609 eo
3385 557 3688 627 correptus

2037 647 2214 718 (Prov.
2249 663 2332 712 III,
2369 646 2455 714 11,
2491 645 2613 711 l2);
2653 667 2679 693 ››
2711 659 2883 714 quem
2917 643 3073 698 enim
3123 643 3314 716 diligit
3353 644 3529 711 Deus,
3564 660 3688 700 cor-

2036 735 2192 807 ripit.
2227 735 2437 790 Severa
2469 734 2708 806 quidem
2741 734 2799 787 in
2833 733 3221 804 corripiendo,
3257 733 3359 789 sed
3409 731 3598 788 dulcis
3629 733 3688 788 in

2037 824 2376 896 corrigendo
2429 827 2517 878 est
2567 822 2908 893 disciplina;
2964 838 3035 876 ne
3083 821 3382 878 ﬂuitemus
3415 826 3471 878 et
3515 837 3686 894 vage-

2037 929 2172 967 mur
2229 917 2512 976 errantes,
2565 912 2665 966 sed
2717 912 3069 983 recipiamur
3116 929 3149 966 a
3195 910 3448 966 Christo.
3503 910 3687 966 Disci-

2037 1000 2197 1072 plina
2221 1001 2378 1054 enim
2429 1017 2543 1054 non
2598 1001 2926 1055 examinata
2970 1004 3234 1072 vagatur,
3284 1004 3350 1054 ut
3398 999 3686 1071 scriptum

2035 1093 2142 1144 est.
2177 1090 2287 1143 Sed
2321 1106 2423 1160 pro
2477 1090 2912 1143 conservatione
2932 1088 3028 1142 hic
3059 1089 3255 1159 posuit
3285 1085 3682 1159 disciplinam.

2037 1179 2252 1232 Tamen
2290 1177 2445 1231 sicut
2477 1176 2782 1247 sapientia,
2817 1176 2898 1231 ita
2945 1181 3001 1230 et
3048 1175 3377 1248 disciplina,
3410 1180 3467 1230 et
3497 1177 3683 1247 perfe-

2036 1271 2128 1321 cta
2183 1270 2238 1319 et
2292 1265 2634 1336 imperfecta
2691 1266 2895 1320 eodem
2955 1265 3211 1330 nomine,
3254 1269 3681 1336 nuncupatur:

2035 1355 2135 1408 sed
2168 1354 2267 1408 ubi
2301 1355 2427 1409 sine
2459 1353 2907 1424 adjectione,vel
2939 1353 3253 1426 disciplina
3280 1353 3368 1409 vel
3400 1353 3686 1425 sapientia

2034 1448 2468 1515 nuneupantur,
2504 1443 2902 1498 definitionem
2947 1442 3317 1512 perfectionis
3366 1442 3680 1513 accipiunt.

2032 1532 2432 1587 Inexaminata
2464 1548 2599 1602 ergo
2633 1531 2826 1586 ﬂuitat
2855 1530 3184 1602 disciplina,
3221 1532 3320 1585 sed
3353 1531 3683 1586 examinata

2033 1638 2148 1676 non
2180 1621 2388 1675 fluitat.
2424 1621 2503 1676 De
2537 1619 2837 1675 intellectu
2870 1635 3098 1691 quoque
3127 1619 3330 1674 eadem
3380 1619 3683 1691 Scriptura

2033 1710 2255 1775 definit,
2291 1710 2428 1780 quia
2462 1731 2489 1759 «
2519 1707 2849 1763 intellectus
2900 1709 3091 1764 bonus
3125 1713 3213 1764 est
3243 1708 3520 1764 omnibus
3579 1709 3678 1780 qui

2033 1813 2165 1852 eum
2224 1798 2445 1852 faciunt
2494 1799 2665 1868 (Psal.
2713 1798 2972 1868 cx,10):
3026 1821 3053 1845 ››
3101 1797 3432 1854 intellectus
3484 1802 3680 1853 autem

2041 1903 2174 1942 cum
2222 1886 2280 1940 in
2331 1902 2393 1941 se
2438 1889 2494 1940 et
2542 1884 2839 1957 sapientia:
2886 1886 3137 1956 gratiam
3187 1887 3418 1954 habeat,
3450 1889 3508 1941 et
3532 1885 3684 1940 ordi-

2039 1992 2170 2030 nem
2203 1973 2552 2046 disciplinaa;
2590 1975 2790 2045 utique
2820 1975 3099 2028 docemur
3143 1975 3298 2045 quod
3345 1978 3403 2029 et
3449 1973 3680 2045 sapien-

2035 2063 2115 2118 tia
2143 2066 2197 2118 et
2227 2063 2535 2134 disciplina
2561 2064 2723 2116 bonae
2756 2063 2876 2117 sint
2913 2062 2996 2117 eis
3028 2062 3126 2133 qui
3159 2078 3360 2117 earum
3409 2061 3681 2119 instituta

2038 2152 2160 2209 suis
2200 2152 2541 2208 ministeriis
2587 2155 3002 2224 exsequuntur.
3056 2150 3319 2206 Diximus
3366 2151 3437 2206 de
3485 2149 3674 2217 titulo,

2036 2242 2330 2314 psalmum
2355 2243 2710 2298 adoriamur.

2105 2331 2348 2397 4.(Vers.
2381 2333 2458 2400 2.)
2493 2352 2520 2380 ‹‹
2555 2335 2724 2398 Deus,
2762 2330 3004 2385 auribus
3033 2328 3250 2384 nostris
3281 2329 3674 2397 audivimus;»

2034 2421 2118 2475 sic
2175 2421 2563 2493 Symmachus
2615 2438 2626 2475 :
2678 2420 3064 2486 Theodotion,
3099 2442 3126 2469 «
3175 2419 3234 2474 in
3284 2420 3526 2476 auribus
3582 2437 3679 2476 no-

2033 2510 2170 2564 stris
2203 2532 2231 2558 »
2264 2509 2436 2575 dixit;
2471 2509 2625 2563 sicut
2682 2511 2738 2564 et
2795 2508 3181 2581 Septuaginta
3228 2508 3358 2563 viri.
3411 2509 3558 2574 Quid
3590 2513 3678 2565 est

2033 2599 2187 2670 quod
2237 2597 2346 2662 ait,"
2371 2620 2398 2645 «
2451 2598 2693 2652 auribus
2741 2596 3000 2651 nostris?
3031 2619 3059 2646 »
3093 2597 3252 2660 Quod
3285 2597 3332 2652 si
3367 2614 3482 2652 non
3529 2597 3674 2653 satis

2032 2690 2208 2753 esset,
2240 2709 2266 2735 ‹‹
2301 2685 2652 2749 audivimus,
2691 2708 2716 2733 »
2749 2688 2902 2739 certe
2933 2683 2983 2739 si
3015 2684 3122 2739 hoc
3152 2684 3454 2755 placuerat
3487 2702 3538 2741 τί(
3559 2687 3675 2740 Au-

2031 2776 2194 2830 ribus
2227 2774 2579 2836 audivimus,
2619 2797 2644 2822 »
2677 2774 2911 2846 plenum
2962 2777 3102 2828 erat.
3139 2778 3282 2828 Cum
3327 2789 3462 2845 ergo
3511 2774 3674 2828 addi-

2031 2870 2157 2920 tum
2189 2869 2296 2935 est,
2331 2888 2358 2912 ‹‹
2391 2864 2627 2928 nostris,
2666 2886 2693 2912 »
2725 2863 2866 2934 quid
2925 2862 3035 2918 sibi
3093 2863 3201 2917 hoc
3259 2862 3401 2930 vult,
3455 2862 3567 2918 nisi
3609 2867 3676 2918 ut

2031 2953 2325 3025 intelligas
2381 2952 2484 3008 illa
2531 2969 2658 3008 esse
2706 2955 2926 3019 nostra,
2961 2969 3087 3031 quae
3137 2951 3348 3008 mentis
3398 2955 3569 3019 sunt;
3620 2956 3677 3007 et

2030 3059 2096 3097 ea
2128 3059 2254 3098 esse
2305 3042 2548 3098 meliora
2599 3060 2774 3113 quam
2831 3059 2957 3118 quae
3008 3041 3180 3097 istius
3229 3040 3488 3113 corporis
3540 3058 3552 3096 :
3608 3042 3677 3095 Et

2029 3131 2156 3184 ideo
2189 3130 2358 3200 quasi
2390 3132 2458 3185 de
2491 3130 2602 3184 alio
2633 3130 2774 3185 dicit
2805 3131 2899 3184 hic
2932 3131 3055 3202 ipse
3086 3129 3376 3201 Propheta
3425 3148 3437 3184 :
3477 3153 3496 3179 α
3549 3129 3672 3185 Non

269 3213 502 3285 plinam
533 3230 630 3269 cor
657 3218 824 3268 tuum
853 3233 865 3281 ;
902 3231 1072 3270 aures
1104 3220 1298 3270 autem
1329 3222 1463 3272 tuas
1509 3235 1768 3289 prapara
1799 3235 1915 3274 ser-
1949 3199 1991 3265 (ἶ
2026 3199 2244 3274 timebo
2276 3219 2419 3289 quid
2455 3218 2630 3273 faciat
2661 3218 2803 3272 mihi
2839 3199 2972 3273 caro
3001 3219 3172 3287 (Psal.
3202 3199 3294 3286 av,
3325 3219 3434 3288 5).»
3472 3219 3542 3273 Et
3566 3217 3672 3272 ali-

269 3302 550 3358 monibus
607 3301 935 3357 intellectus
983 3304 1162 3370 (Prov.
1213 3321 1376 3372 xxm,
1417 3306 1518 3374 l2).
1553 3327 1579 3356 »
1617 3311 1680 3360 Et
1727 3307 1863 3362 alibi
1899 3324 1910 3360 :

269 3414 298 3440 ‹‹
336 3389 520 3461 Dilige
569 3389 917 3462 sapientiam
963 3394 1020 3446 et
1064 3391 1437 3464 disciplinam
1472 3394 1649 3466 (Prov.
1703 3413 1740 3461 ι,
1773 3396 1849 3466 3).
1887 3417 1913 3442 ››

269 3478 570 3550 Sapientia
615 3483 706 3534 est
753 3495 880 3550 quae
929 3497 1142 3536 sensus
1190 3482 1480 3538 scaturit:
1519 3482 1827 3555 disciplina
1855 3483 1914 3539 in

264 3566 672 3622 habitudinem
706 3569 1024 3639 quamdam
1057 3573 1276 3624 natura;
1314 3570 1523 3626 coalita
1573 3571 1759 3626 forma
1801 3571 1915 3626 vir-

264 3658 549 3722 tutum,et
577 3655 795 3711 mentis
826 3657 1171 3713 conﬁrmata
1203 3659 1494 3715 sententia
1543 3660 1797 3715 scientia:
1830 3660 1916 3714 di-

263 3743 538 3816 sciplinis
558 3743 692 3815 (40).
729 3744 1055 3819 Intelligere
1086 3764 1318 3819 quoque
1349 3748 1666 3804 obscurum
1697 3766 1917 3805 sermo-

266 3849 408 3888 nem
470 3838 645 3904 atque
692 3832 1016 3889 dictionum
1076 3836 1445 3907 prudentiam
1507 3841 1562 3892 et
1611 3836 1922 3910 aenigmata

265 3920 708 3976 Proverbiorum
737 3921 1036 3994 Scriptura
1066 3942 1171 3980 nos
1201 3925 1418 3991 docuit,
1447 3927 1616 3995 cujus
1669 3927 1918 3981 auctori-

264 4012 392 4064 tate
450 4008 782 4082 colligimus
831 4011 940 4067 has
991 4014 1310 4085 prudentiae
1363 4013 1715 4086 principales
1767 4015 1920 4070 886

265 4113 402 4153 esse
431 4097 707 4166 virtutes;
741 4116 806 4154 eo
839 4102 994 4173 quod
1029 4101 1316 4174 sapientia
1348 4119 1580 4174 semper
1609 4103 1774 4174 quasi
1806 4119 1923 4158 ma-

265 4191 364 4242 ter
409 4186 658 4242 fecunda
706 4190 1010 4259 parturiat,
1063 4191 1393 4263 disciplina,
1445 4191 1612 4262 quasi
1669 4190 1924 4246 severior

269 4275 560 4348 magistra
590 4275 925 4350 distringat,
946 4279 1273 4335 intellectus
1296 4279 1464 4351 quasi
1495 4279 1743 4352 diligens
1774 4297 1924 4351 qua:-

269 4364 423 4419 sitor
452 4364 732 4433 inveniat,
764 4371 820 4421 et
849 4383 1041 4424 veram
1065 4368 1383 4438 justitiam,
1410 4368 1821 4440 judiciumque
1853 4369 1924 4423 ri-

271 4457 491 4509 metur.

351 4541 403 4594 3.
445 4545 765 4598 Doceamus
823 4543 945 4599 hinc
1005 4561 1180 4600 sacrae
1238 4545 1592 4601 testimoniis
1638 4545 1919 4601 lectionis.
1958 4568 2004 4632 Β

272 4628 581 4702 Sapientia
610 4631 752 4686 dicit
784 4649 796 4686 :
832 4655 858 4681 ‹‹
885 4633 1002 4705 Ego
1035 4634 1202 4705 quasi
1236 4635 1365 4690 fons
1397 4652 1430 4688 a
1460 4634 1752 4706 paradiso,
1773 4635 1924 4690 dixi:

274 4719 504 4792 Rigaho
528 4736 722 4776 meum
747 4720 1000 4776 hortum.
1048 4766 1058 4777 .
1107 4766 1118 4777 .
1162 4729 1217 4778 et
1239 4723 1429 4778 adhuc
1447 4723 1770 4778 doctrinam
1792 4740 1929 4794 qua-

272 4809 328 4863 si
359 4807 725 4880 prophetiam
758 4809 1051 4867 effundam
1081 4813 1266 4883 (Ereti.
1299 4830 1450 4878 xxw,
1482 4813 1694 4881 lli-liti).
1724 4834 1750 4860 »
1783 4813 1927 4867 Nam

271 4897 685 4971 generationes
716 4916 856 4956 suas
888 4901 1069 4956 menti
1102 4901 1358 4957 hominis
1388 4902 1520 4972 (41),
1557 4901 1739 4955 bonos
1770 4901 1926 4955 vide-

269 4987 417 5043 licet
476 5003 706 5053 sensus,
765 4989 931 5060 quasi
990 4989 1086 5061 pia
1144 4995 1328 5045 mater
1385 4989 1662 5044 infundit.
1724 4989 1930 5061 Accipe

356 5147 474 5226 (39)
501 5145 842 5226 Substantia
872 5149 1226 5226 spiritalium
1261 5151 1656 5226 nequitiarum
1683 5147 1930 5204 cmlestis

278 5217 380 5274 hic
421 5218 633 5294 dicitur
679 5235 783 5294 per
829 5217 1255 5294 oppositionem
1311 5217 1459 5294 cum,
1495 5221 1773 5294 humana,
1803 5237 1932 5291 quae

280 5289 587 5366 terrestris
611 5289 734 5366 est;
768 5289 885 5347 ista
908 5289 1200 5366 siquidem
1233 5295 1421 5349 fuerat
1449 5293 1506 5347 in
1545 5292 1685 5348 coelo
1717 5289 1926 5358 creata,

281 5360 444 5417 unde
474 5361 700 5416 cecidit.

359 5433 791 5506 (IIOlQHinque
851 5434 998 5490 Gall.
1068 5437 1217 5500 cod.,
1272 5437 1593 5506 conﬁrmata
1638 5437 1930 5497 sententia,

285 5503 534 5560 Scientia
589 5512 667 5559 est
697 5503 1027 5578 disciplinis
1076 5503 1390 5578 intelligere
1439 5509 1600 5563 etiam
1649 5507 1933 5561 obscurum

282 5591 616 5649 sermonem,
641 5579 749 5630 etc.
787 5577 1015 5649 Reliqui
1052 5596 1194 5634 mss.
1244 5577 1301 5634 et
1347 5584 1567 5634 cuncta:
1604 5579 1841 5649 editqut
1873 5579 1932 5632 in

284 5652 473 5714 textu,
506 5646 617 5703 nisi
654 5647 808 5718 quod
840 5646 1004 5706 Rom.
1040 5649 1177 5707 LXX
1207 5651 1419 5722 Interp.
1457 5648 1932 5722 reposuit,dictio-

2025 3307 2081 3361 bi
2115 3325 2126 3361 :
2165 3328 2190 3354 ‹‹
2222 3306 2374 3362 Voce
2409 3322 2536 3361 mea
2568 3307 2636 3360 ad
2670 3305 2982 3360 Dominum
3009 3305 3274 3372 clamavi,
3309 3309 3366 3359 et
3389 3322 3499 3360 vox
3539 3322 3673 3361 mea

2026 3396 2096 3450 ad
2170 3400 2371 3460 Deum,
2430 3398 2486 3449 et
2539 3393 2790 3466 respexit
2860 3409 2952 3447 me
3016 3393 3186 3464 (Psal.
3256 3409 3440 3460 LXXVI,
3498 3393 3573 3464 2).
3637 3416 3664 3444 ››

2025 3483 2128 3540 Illa
2157 3501 2263 3539 vox
2296 3500 2442 3550 mea,
2477 3500 2603 3555 quze
2629 3483 2868 3537 auditur
2897 3499 2930 3536 a
2954 3481 3207 3547 Christo,
3239 3497 3354 3538 non
3405 3498 3531 3552 quae
3573 3498 3667 3536 re-

2025 3573 2206 3629 sultat
2235 3573 2291 3627 in
2322 3572 2702 3644 publico.Non
2734 3571 2858 3626 vult
2886 3571 3066 3644 igitur
3104 3587 3278 3626 suum
3329 3585 3478 3639 esse,
3513 3570 3670 3640 quod

2026 3661 2400 3734 eorruptibile
2433 3666 2605 3733 atque
2637 3665 2932 3716 terrenum
2965 3664 3074 3723 est,
3109 3659 3208 3732 qui
3241 3659 3312 3715 ad
3354 3657 3672 3732 imaginem

2025 3751 2124 3807 Dei
2157 3755 2212 3806 et
2241 3749 2686 3807 similitudinem
2713 3749 2983 3805 meminit
3011 3766 3074 3804 se
3107 3752 3388 3804 creatum.
3422 3747 3676 3819 Denique

2025 3841 2327 3912 Scriptura
2360 3856 2463 3894 nos
2494 3840 2713 3908 edocet,
2748 3839 2913 3912 prius
2938 3839 3010 3894 ad
3051 3837 3368 3908 imaginem
3419 3836 3521 3892 Dei
3573 3835 3676 3890 ho-

2029 3930 2245 3983 minem
2269 3945 2396 3983 esse
2421 3928 2734 3982 formatum
2785 3927 2934 3999 (Gen.
2988 3945 3025 3991 ι,
3065 3927 3179 3996 27),
3210 3930 3412 3997 postea
3455 3925 3527 3980 de
3557 3924 3678 3979 luto

2030 4016 2248 4071 factum
2280 4017 2430 4086 (Gen.
2468 4031 2528 4080 ιι,
2561 4018 2637 4082 7).
2672 4015 2846 4078 Quasi
2888 4015 3154 4086 superior
3200 4030 3336 4086 ergo
3386 4012 3682 4084 (superior

2028 4105 2182 4160 enim
2217 4105 2316 4174 qui
2348 4104 2663 4174 antiquior)
2695 4108 2751 4158 et
2799 4104 3156 4175 gubernator
3194 4105 3250 4156 et
3280 4105 3468 4156 rector
3498 4100 3679 4172 hujus

2030 4193 2290 4264 corporis
2345 4191 2552 4245 animle
2609 4191 2774 4263 vigor
2825 4191 2967 4246 dicit
3013 4209 3025 4245 :
3077 4212 3103 4240 «
3153 4189 3408 4245 Auribus
3463 4188 3680 4244 nostris

2031 4280 2380 4336 audivimus.
2419 4303 2444 4328 »
2477 4279 2617 4346 Quis
2649 4279 2758 4334 iste
2789 4283 2897 4348 est,
2932 4279 3045 4334 nisi
3080 4279 3173 4334 cui
3207 4278 3420 4334 dicitur
3456 4295 3468 4334 :
3503 4301 3530 4328 «
3571 4277 3679 4341 Qui

2030 4371 2208 4426 habet
2263 4385 2434 4424 aures
2490 4369 2784 4436 audiendi,
2841 4370 3044 4425 audiat
3099 4370 3248 4440 (Luc.
3309 4384 3432 4434 VIII,
3493 4367 3592 4438 8)?
3649 4387 3675 4415 »

2031 4461 2182 4514 Sunt
2211 4457 2364 4513 enim
2401 4457 2542 4513 887
2580 4457 2678 4528 qui
2712 4474 2882 4512 aures
2915 4457 3152 4520 habent,
3206 4461 3261 4512 et
3306 4455 3506 4512 audire
3555 4471 3679 4525 my-

2036 4547 2211 4603 steria
2235 4563 2348 4601 non
2382 4549 2647 4617 possunt,
2678 4545 2749 4599 de
2781 4545 2998 4616 quibus
3029 4544 3170 4600 dicit
3200 4545 3374 4601 Jesus
3407 4543 3464 4598 in
3516 4558 3679 4598 reve-

2037 4637 2251 4693 latione
2281 4634 2522 4692 Joannis
2559 4653 2569 4689 :
2604 4658 2629 4684 ‹‹
2670 4635 2846 4690 Foras
2869 4652 3042 4690 canes
3077 4639 3133 4690 et
3165 4635 3452 4691 veneficos
3483 4637 3540 4688 et
3571 4631 3678 4687 im-

2039 4725 2281 4797 pudicos
2313 4726 2488 4796 (Apoc.
2526 4742 2664 4792 xxn,
2705 4725 2820 4791 l5);
2852 4746 2877 4774 ››
2914 4723 3130 4795 quibus
3183 4723 3534 4797 ﬂagitiorum
3581 4738 3680 4778 cu-

2040 4816 2277 4887 piditas,
2309 4819 2364 4870 et
2395 4829 2587 4886 aerugo
2619 4813 2876 4884 pecuniae
2912 4829 3112 4868 aurem
3145 4813 3396 4868 obstruit
3443 4811 3680 4864 audien-

2041 4904 2120 4956 di.
2170 4903 2618 4959 Consideremus
2668 4903 2849 4973 igitur
2897 4917 3023 4972 quae
3074 4901 3310 4957 audisse
3358 4915 3418 4953 se
3467 4897 3682 4964 dicant,

2038 4991 2122 5046 vel
2158 5010 2190 5046 a
2220 4991 2435 5066 quibus
2467 4989 2762 5045 audivisse
2794 4991 3271 5044 commemorent.

2038 5166 2133 5203 nes
2177 5149 2507 5219 prudentia,
2545 5149 2641 5202 ubi
2686 5152 2898 5203 uetera:
2948 5153 3122 5220 atque
3170 5163 3337 5220 mss.,
3387 5145 3684 5220 dictionum

2038 5215 2417 5292 prudentiam.
2451 5221 2698 5292 Advorte
2721 5224 2913 5292 autem
2939 5215 3226 5284 dictiones,
3261 5215 3556 5292 interdum
3602 5216 3686 5292 (et

2042 5289 2186 5347 i'orte
2217 5291 2325 5345 hoc
2353 5291 2479 5361 ipso
2506 5291 2652 5360 loco)
2685 5291 2837 5345 idem
2871 5308 3078 5346 sonare
3109 5307 3176 5345 ac
3203 5289 3448 5355 oracula,
3481 5291 3545 5343 ut
3585 5289 3685 5344 do-

2042 5369 2130 5419 cet
2161 5362 2301 5417 illud
2337 5379 2366 5417 c
2400 5361 2629 5417 Pacuvii
2665 5361 3008 5433 fragmentis
3042 5380 3053 5416 :

2135 5469 2308 5525 Flexa,
2341 5481 2451 5516 non
2481 5468 2630 5526 falsa,
2663 5472 2944 5518 autumare
2974 5468 3137 5517 dictio
3168 5467 3382 5532 Delphis
3411 5466 3563 5517 solet.

2114 5577 2226 5647 (at)
2258 5576 2423 5631 Rom.
2453 5575 2588 5630 edit.
2623 5574 2765 5642 sola,
2800 5575 2936 5631 Nam
2965 5577 3318 5646 cogitationes
3346 5593 3476 5632 suas
3519 5573 3691 5631 menti

2045 5649 2300 5716 hominis,
2333 5652 2441 5705 etc.
