3860 6206
271 454 279 462 _
355 355 514 468 ma

1817 363 1884 426 s.
1926 325 2300 425 Ausaosn

3620 345 3797 413 “ﬂ

423 499 476 556 5.
526 519 555 550 «
612 497 682 556 Et
737 499 947 572 patres,
1000 496 1212 572 inquit,
1265 497 1447 555 nostri
1500 485 1997 553 annuntiaverunt
2025 492 2078 559 Α
2109 490 2461 567 principium
2508 488 2734 549 viarum
2784 505 3027 548 suarum
3071 488 3131 547 in
3187 503 3369 562 Opera
3416 505 3532 572 sua
3579 487 3786 560 (Prov.

353 575 544 647 nobis.
605 610 633 640 ››
693 589 799 653 Qui
858 592 996 642 sunt
1055 587 1148 642 isti
1210 592 1403 658 patres
1474 587 1702 643 nostri?
1761 585 1993 641 Titulus

355 676 530 734 habet
559 676 699 746 quia
727 676 991 748 psalmus
1024 675 1160 731 {iliis
1208 678 1348 732 Core
1394 676 1647 747 scriptus
1678 673 1786 738 sit;
1820 680 1886 730 ut
1921 675 1994 730 ab

348 764 495 837 ipsis
537 771 779 820 canatur
827 765 927 836 qui
977 764 1262 835 psallendi
1302 783 1517 820 munus
1548 767 1906 836 receperant,
1939 768 1996 818 et

346 853 407 908 in
437 853 776 924 hujusmodi
801 853 1059 909 officium
1085 854 1314 909 fuerant
1334 853 1767 925 depulati.Core
1797 857 1994 908 autem

347 941 660 1000 etDathan
691 946 746 996 et
775 941 990 997 Abiron
1024 959 1158 997 cum
1191 941 1320 997 aliis
1347 942 1444 1012 qui
1479 943 1790 997 adversum
1836 940 1993 1012 Moy-

349 1045 453 1086 sen
510 1035 567 1085 et
621 1033 811 1085 Aaron
869 1031 1306 1086 insurrexerant
1379 1031 1571 1086 studio
1641 1029 1992 1097 contumaci,

241 1140 244 1143 ·
349 1121 518 1174 terra:
552 1119 715 1174 hiatu
747 1119 807 1173 in
838 1119 1065 1174 deserto
1096 1119 1276 1174 vorati
1326 1123 1464 1173 sunt
1507 1124 1562 1174 et
1610 1118 1818 1173 necati.
1854 1117 1996 1182 Oui-

354 1206 464 1263 bus
496 1206 731 1273 mortui,
767 1207 864 1278 qui
895 1207 989 1262 alii
1023 1212 1218 1278 patres
1266 1224 1467 1262 eorum
1519 1207 1654 1262 ﬁliis
1707 1206 1998 1263 mirabilia

357 1312 532 1366 opera
555 1295 784 1353 Domini
810 1295 1159 1350 annuntiare
1193 1295 1548 1365 potuerunt?
1568 1297 1627 1351 In
1651 1295 1993 1350 malevolam

359 1384 514 1439 enim
549 1382 806 1438 animam
837 1401 954 1438 non
987 1383 1313 1454 ingreditur
1346 1383 1720 1456 sapientia.Si
1748 1385 1836 1440 sui
1861 1401 1996 1457 ergo

358 1475 554 1547 patres
627 1490 740 1527 non
815 1471 1286 1528 annuniaverunt
1352 1471 1508 1538 filiis,
1570 1472 1740 1527 alieni
1814 1472 1997 1528 multo

358 1561 577 1632 minus,
610 1561 709 1632 qui
739 1561 1107 1617 declinarunt
1155 1560 1411 1616 sobolem
1463 1562 1838 1634 perfidorum.
1890 1562 1997 1628 Qui

356 1655 496 1708 sunt
547 1649 743 1724 itaque
792 1649 890 1706 isti
937 1651 1174 1723 patres?
1202 1649 1344 1704 Vide
1392 1667 1464 1705 ne
1511 1649 1616 1716 illi,
1669 1651 1739 1705 de
1785 1650 1998 1722 quibus

355 1740 578 1797 dictum
637 1744 769 1796 est:
807 1763 834 1790 «
870 1741 1169 1811 Interroga
1213 1744 1439 1812 patrem
1483 1747 1670 1808 tuum,
1719 1739 1844 1812 ipse
1893 1740 1998 1795 tibi

356 1828 510 1886 dicet
538 1830 713 1895 (Deut.
753 1845 933 1891 xxxn,
989 1828 1066 1899 7).
1129 1849 1155 1876 ››

358 1913 603 1972 Paulum
638 1931 652 1971 ε
684 1917 772 1970 vel
821 1915 869 1972 si
920 1932 1034 1971 non
1083 1915 1248 1989 legis,
1302 1921 1358 1970 et
1416 1920 1604 1972 movet
1655 1923 1706 1972 te
1753 1916 1996 1989 aliquid,

359 2004 418 2062 in
450 2005 576 2078 ipso
623 2005 871 2076 require.
919 2004 1049 2078 Ipse
1106 2010 1194 2060 est
1241 2004 1397 2060 enim
1449 2006 1635 2060 bonus
1683 2009 1864 2077 pater,
1901 2005 2002 2076 qui

360 2099 551 2170 potest
578 2094 784 2149 docere
834 2099 890 2150 et
935 2095 1186 2150 formare
1225 2093 1283 2148 in
1338 2094 1509 2148 nobis
1560 2094 1873 2150 Dominum
1903 2095 2001 2149 Je-

363 2199 526 2250 sum;
561 2182 712 2238 sicut
744 2183 868 2253 ipse
899 2186 1147 2237 testatus
1178 2186 1265 2236 est
1293 2181 1493 2236 dicens
1525 2199 1538 2236 :
1573 2205 1599 2229 ‹‹
1634 2180 1816 2238 Filioli
1868 2185 2002 2247 mei,

360 2288 507 2344 quos
536 2287 642 2343 ego
675 2270 933 2343 parturio
957 2271 1139 2326 donec
1162 2269 1443 2324 formetur
1464 2269 1731 2324 Christus
1763 2273 1820 2326 in
1842 2273 2006 2329 vobis

365 2359 562 2430 (Ca-lat.
616 2377 689 2426 ιν,
737 2359 846 2429 ἸΟ).
884 2381 910 2406 ››
951 2359 1216 2413 Ostendit
1263 2359 1365 2414 tibi
1418 2358 1524 2414 hos
1574 2364 1771 2430 patres
1819 2361 2003 2416 Evan-

364 2447 575 2523 gelista
627 2445 902 2512 Joannes,
953 2447 1051 2519 qui
1110 2447 1234 2502 ait:
1271 2469 1292 2497 ι
1346 2447 1484 2502 Dico
1542 2448 1725 2514 vobis,
1788 2454 2002 2520 patres,

367 2536 466 2610 qui
499 2536 851 2606 cognovislis
900 2552 1033 2591 eum
1087 2536 1185 2608 qui
1234 2541 1323 2590 est
1369 2535 1440 2590 ab
1492 2535 1655 2591 initio
1683 2537 1725 2607 (I
1753 2539 1908 2594 Joan.
1945 2557 2005 2608 ιι,

370 2625 477 2700 15).
516 2648 544 2674 ››
576 2625 674 2680 Isti
721 2629 861 2681 sunt
906 2629 1122 2698 patres,
1156 2641 1407 2697 quorum
1453 2631 1725 2681 senectus
1754 2627 1869 2682 vita
1900 2627 2007 2682 im-

364 2713 661 2770 maculata
684 2719 790 2770 est.
826 2714 958 2770 Ideo
1008 2713 1064 2768 in
1116 2717 1400 2768 conventu
1454 2713 1748 2770 seniorum
1784 2732 2010 2788 appone

366 2802 616 2876 digitum
647 2803 732 2857 ori
764 2806 884 2869 tuo,
919 2805 984 2858 ut
1014 2801 1219 2857 audias
1251 2802 1405 2872 quod
1440 2803 1543 2857 tibi
1579 2804 1779 2874 prosit,
1796 2808 1851 2858 et
1881 2805 2008 2860 vita:

367 2896 590 2947 aeternae
618 2895 986 2947 sacramenta
1011 2907 1329 2962 cognoscas
1363 2908 1375 2946 :
1412 2906 1482 2945 ne
1514 2891 1892 2964 interstrepas
1923 2893 2010 2948 in-

368 2979 564 3035 solens
613 2978 720 3052 tiro
771 2977 1140 3042 doctoribus;
1175 2983 1230 3032 et
1275 2977 1376 3050 qui
1426 2978 1618 3034 adhuc
1663 2980 1883 3036 discere
1914 2983 2013 3038 de-

368 3067 528 3140 beas),
562 3066 752 3121 dicere
786 3083 1104 3139 prmsumas
1136 3066 1268 3136 (42).
1302 3067 1447 3130 Quid
1479 3066 1659 3137 igitur
1697 3068 1790 3124 isti
1824 3075 2014 3141 patres

374 3154 847 3216 annuntiaverint
877 3155 1016 3211 Core
1051 3153 1186 3210 ﬁliis
1215 3155 1550 3210 audiamus.

447 3243 501 3297 6.
539 3265 566 3292 «
597 3242 777 3314 Opus,
810 3242 1020 3314 inquit,
1069 3241 1223 3316 quod
1273 3246 1545 3314 operatus
1594 3260 1656 3298 es
1704 3242 1762 3298 in
1813 3244 2018 3302 diebus
2049 3217 2091 3285 δ

380 3331 697 3408 antiquis.»
724 3330 830 3395 Qui
862 3330 980 3386 sint
1011 3331 1107 3386 isti
1136 3330 1258 3385 dies
1291 3331 1347 3384 in
1383 3330 1597 3402 quibus
1629 3336 1780 3388 Deus
1811 3350 2025 3406 magna

380 3424 439 3477 et
491 3420 785 3496 mirabilia
832 3426 1101 3494 operalus
1153 3419 1247 3486 sit,
1291 3419 1679 3491 requiramus.
1737 3421 1804 3476 Et
1859 3424 2025 3478 docet

379 3526 489 3586 nos
520 3509 820 3581 Scriptura
849 3525 976 3564 esse
1003 3507 1231 3580 aliquos
1252 3507 1560 3580 praclaros
1581 3508 1705 3564 dies
1728 3509 1784 3564 in
1807 3511 2022 3582 quibus

379 3598 716 3674 refulserint
774 3598 923 3654 facta
979 3597 1210 3664 divina;
1271 3613 1405 3651 cum
1464 3595 1678 3652 lectum
1736 3597 1830 3664 sit,
1885 3600 2022 3672 quia

381 3707 408 3736 ‹‹
439 3685 526 3741 sol
556 3685 616 3740 in
645 3685 916 3740 tenebras
945 3689 1332 3750 convertetur,
1382 3689 1435 3740 et
1483 3685 1623 3739 luna
1670 3685 1726 3739 in
1776 3687 2019 3759 sangui-

377 3789 534 3847 nem,
584 3773 929 3846 priusquam
974 3771 1168 3828 veniat
1211 3773 1334 3827 dies
1385 3772 1614 3828 Domini
1666 3791 1917 3846 magnus
1961 3781 2020 3832 et

371 3861 643 3920 illustris.
693 3861 762 3916 Et
810 3860 939 3928 erit,
1001 3859 1335 3932 quicunque
1396 3861 1745 3916 invocaverit
1803 3881 2015 3920 nomen

369 3949 623 4018 Domini,
657 3949 853 4006 salvus
897 3950 1006 4004 erit
1051 3950 1203 4020 (Joel.
1254 3967 1315 4015 ιι,
1365 3950 1427 4003 31
1479 3958 1530 4004 et
1576 3949 1687 4020 32).
1724 3973 1751 3999 »
1786 3952 1846 4006 Io
1888 3952 2015 4026 ipso

367 4041 526 4096 enim
579 4039 672 4095 die
720 4040 985 4095 Christus
1033 4038 1374 4094 hominibus
1420 4040 1757 4107 resurrexit,
1786 4046 1844 4095 et
1886 4041 2014 4098 ideo

365 4129 698 4206 specialiter
727 4127 796 4183 de
827 4129 953 4200 ipso
984 4127 1205 4184 dictum
1234 4132 1323 4182 est
1359 4145 1370 4181 :
1403 4127 1505 4182 Hic
1535 4131 1623 4183 est
1664 4128 1788 4183 dies
1837 4146 2011 4200 quem

363 4218 502 4274 fecit
530 4217 814 4274 Dominus
851 4235 863 4273 :
894 4216 1255 4274 exsultemus
1289 4222 1344 4271 et
1373 4216 1638 4272 lmtemur
1667 4216 1724 4270 in
1754 4235 1818 4272 eo
1837 4219 2007 4286 (Psal.

361 4313 499 4380 exn,
531 4306 642 4379 24).
671 4329 700 4358 »
732 4310 874 4362 Cum
916 4305 1096 4379 igitur
1155 4323 1357 4361 omnes
1415 4306 1538 4361 dies
1588 4305 1740 4360 Deus
1791 4306 2007 4374 fecerit,

364 4393 500 4450 huic
525 4399 727 4452 tamen
761 4394 873 4450 diei
907 4412 1020 4466 praa
1063 4393 1282 4449 ceteris
1333 4393 1510 4448 divini
1559 4394 1752 4464 operis
1797 4411 2009 4467 pl‘tBI‘O-

361 4483 557 4560 gativa
585 4483 775 4539 delata
807 4488 912 4551 est,
948 4500 1064 4555 quo
1112 4485 1414 4555 peccatum
1476 4499 1648 4537 omne
1707 4481 2004 4537 sublatum

2101 601 2224 653 vm,
2255 584 2366 652 22).
2407 605 2432 630 ››
2465 581 2627 637 Sicut
2656 579 2810 636 enim
2842 580 2902 635 in
2934 579 3143 636 diebus
3175 578 3323 636 Ozias
3359 578 3542 651 regis,
3603 582 3671 633 et
3725 578 3786 632 in

2102 672 2310 728 diebus
2332 670 2870 726 Nabuchodonosor
2899 673 3096 724 exorta
3127 666 3373 740 perfidia
3403 670 3516 732 est,
3572 667 3787 722 domi-

2101 766 2240 815 nata
2270 759 2610 832 captivitas;
2645 758 2727 814 sic
2758 755 2817 813 in
2850 758 3059 813 diebus
3091 754 3322 812 Domini
3369 755 3514 810 Jesu
3569 761 3789 810 exorta

2103 853 2195 906 est
2221 849 2385 916 fides,
2419 865 2546 920 quas
2579 847 2952 918 splendorem
3003 863 3124 902 suae
3169 843 3456 901 claritatis
3487 848 3552 900 et
3585 843 3786 900 lumi-

2104 938 2195 993 nis
2225 942 2344 993 toto
2384 937 2521 992 orbe
2560 935 2857 991 diffundit.
2918 934 3024 998 Qui
3069 927 3226 990 enim
3277 932 3560 989 meliores
3616 933 3782 988 888

2105 1027 2251 1091 dies,
2283 1043 2455 1098 quam
2490 1024 2705 1096 quibus
2756 1023 2984 1079 refulsit
3039 1013 3206 1078 nobis
3254 1021 3398 1077 visio
3431 1022 3580 1086 Dei;
3616 1023 3782 1077 sicut

2105 1115 2251 1170 dixit
2279 1115 2498 1169 Jacoh‘?
2529 1114 2623 1168 Sic
2655 1112 2810 1169 enim
2845 1112 3132 1184 scriptu'n
3163 1104 3253 1166 est
3285 1128 3297 1164 :
3334 1134 3361 1158 ‹‹
3408 1111 3545 1166 Vidi
3581 1111 3778 1166 Deum

2107 1204 2252 1259 facie
2283 1203 2354 1259 ad
2385 1203 2615 1267 faciem,
2649 1207 2707 1259 et
2737 1199 2896 1258 salva
2948 1201 3100 1257 facta
3130 1206 3220 1256 est
3249 1200 3451 1255 anima
3495 1217 3659 1255 mea.
3714 1200 3780 1254 Et

2105 1293 2382 1348 continuo
2434 1297 2668 1346 exortus
2721 1295 2809 1346 est
2856 1289 2940 1346 sol
2987 1289 3139 1360 (Gen.
3189 1305 3369 1354 xxvn,
3399 1289 3474 1342 3O
3502 1296 3557 1345 et
3587 1289 3708 1358 31).
3751 1314 3772 1340 ι

2105 1381 2244 1444 Quis
2276 1380 2384 1435 iste
2416 1380 2522 1445 sol,
2567 1378 2679 1434 nisi
2729 1378 2825 1451 qui
2879 1378 3002 1434 dies
3045 1376 3179 1432 fecit
3223 1368 3449 1449 fulgere
3491 1377 3775 1446 justitiae,

2107 1470 2320 1541 quibus
2381 1467 2439 1522 in
2489 1471 2642 1523 terra
2693 1472 2867 1524 natus
2923 1471 3016 1523 est
3063 1465 3333 1523 Christus
3363 1482 3435 1521 ex
3474 1465 3777 1539 Virgine?

2110 1561 2169 1614 In
2203 1558 2392 1629 specie
2439 1556 2584 1611 vidit
2627 1555 2832 1621 Jacob,
2885 1559 2941 1610 et
2989 1555 3171 1612 Deum
3223 1555 3443 1610 vidisse
3477 1571 3542 1610 se
3577 1555 3774 1611 dixit:

2107 1647 2166 1702 in
2215 1645 2453 1702 veritate
2500 1644 2771 1700 viderunt
2825 1644 3031 1710 Judaei,
3082 1650 3140 1699 et
3188 1660 3301 1700 non
3365 1643 3774 1700 crediderunt.

2109 1736 2239 1791 Ideo
2291 1734 2407 1790 illis
2465 1733 2703 1790 breviati
2754 1737 2893 1789 sunt
2941 1732 3088 1798 dies,
3153 1733 3326 1788 nobis
3400 1731 3772 1799 illuminati;

1215 1828 1510 1900 Interroga
1566 1829 1798 1901 quando
1856 1827 2000 1900 legis
2030 1856 2079 1922 Β
2109 1821 2524 1922 quoniam-illis
2547 1822 2856 1878 deficiebat
2877 1820 3774 1922 dies,nebisnappropinquabat.

2110 1913 2271 1969 Unde
2301 1911 2607 1968 Judaicam
2640 1915 2880 1966 sanctus
2912 1910 3091 1965 David
3126 1909 3424 1983 refugiens
3446 1909 3773 1966 caecitatem

2111 2002 2193 2057 ait
2225 2019 2237 2056 :
2272 2025 2299 2049 «
2333 2001 2413 2056 Ne
2445 2001 2698 2056 deducas
2731 2016 2826 2054 me
2870 2000 2928 2054 in
2975 1998 3289 2055 dimidium
3335 1998 3576 2054 dierum
3627 2015 3776 2054 meo-

2113 2108 2243 2146 rum
2275 2091 2448 2162 (1)εαὶ.
2481 2107 2555 2156 c1,
2589 2090 2701 2160 25).
2757 2111 2783 2136 ››
2841 2087 2934 2144 Sic
2983 2088 3138 2143 enim
3191 2087 3317 2144 dies
3366 2087 3610 2143 Domini
3644 2105 3773 2144 ma-

2114 2196 2267 2252 gnus
2288 2182 2344 2233 et
2372 2176 2949 2249 illustrisest,utique
2974 2193 3088 2232 non
3112 2175 3444 2248 prolixitate
3463 2177 3768 2248 temporis,

2115 2265 2216 2323 sed
2237 2267 2481 2337 justitiaa
2510 2265 2597 2320 vel
2629 2265 2826 2338 gratim
2858 2265 3144 2321 claritate.
3182 2265 3332 2337 Ergo
3366 2271 3511 2320 sunt
3541 2257 3770 2321 dimidii

2117 2357 2260 2422 dies,
2303 2355 2518 2428 quibus
2562 2354 2898 2410 breviantur
2944 2354 3070 2409 dies
3118 2353 3443 2425 impietatis
3490 2352 3768 2426 caligine,

2116 2450 2173 2500 et
2221 2444 2491 2519 squalore
2539 2443 2816 2516 perfidiae,
2863 2432 3084 2514 quibus
3135 2465 3163 2493 «
3216 2431 3432 2498 occidit
3463 2442 3552 2498 sol
3602 2459 3773 2514 super

2117 2533 2430 2606 prophetas
2459 2532 2636 2601 (Mich.
2672 2550 2757 2598 III,
2787 2531 2863 2599 6),
2901 2555 2926 2580 ››
2960 2530 3111 2586 sicut
3136 2531 3422 2602 scriptum
3457 2536 3569 2588 est.
3602 2532 3769 2587 Nam-

2118 2639 2231 2694 que
2279 2626 2344 2676 ut
2383 2620 2565 2692 justis
2597 2621 2781 2676 oritur
2828 2619 3211 2690 soljustitiaa;
3247 2619 3332 2676 sic
3377 2620 3594 2676 occidit
3645 2619 3769 2674 inti-

2120 2709 2370 2790 delibus.

2188 2800 2242 2853 7.
2277 2799 2388 2854 Sed
2421 2799 2674 2854 occurrit
2703 2797 2847 2854 illud
2880 2798 3021 2870 quia
3051 2797 3193 2871 dicit
3232 2797 3526 2854 Dominus
3556 2815 3607 2852 :«
3639 2798 3769 2854 Pro-

2121 2891 2249 2960 pter
2291 2885 2503 2942 electos
2553 2887 2976 2943 breviabuntur
3005 2886 3131 2941 dies
3163 2885 3371 2959 (Matth.
3407 2889 3706 2956 xxxx,'22}.
3737 2909 3762 2935 η

2124 2975 2192 3029 Et
2221 2975 2450 3030 videtur
2479 2976 2860 3041 contrarium,
2894 2975 3010 3029 nisi
3040 2973 3350 3046 diligenter
3375 2975 3668 3043 advertas,
3715 2982 3767 3031 et

2124 3064 2426 3135 superiora
2456 3069 2723 3136 repetas;
2759 3064 2901 3120 dicit
2926 3063 3081 3119 enim
3118 3063 3400 3119 Dominus
3437 3081 3449 3117 :
3489 3087 3518 3112 ‹‹
3542 3068 3691 3118 Tunc
3716 3064 3761 3119 si

2128 3153 2261 3223 quis
2291 3153 2454 3219 vobis
2486 3153 2698 3209 dixerit
2732 3170 2743 3207 :
2778 3153 2922 3208 Ecce
2943 3151 3037 3207 hic
3058 3151 3461 3218 Christus,aut
3481 3167 3611 3208 ecce
3632 3151 3757 3218 illic,

2131 3240 2310 3296 nolite
2340 3241 2851 3312 credere.Surgent
2870 3239 3026 3295 enim
3055 3239 3487 3311 pseudochristi
3519 3244 3576 3295 et
3602 3257 3763 3312 pseu-

2132 3329 2524 3401 doprophetze,
2547 3333 2604 3384 et
2625 3327 2852 3385 dabunt
2880 3328 3048 3401 signa
3080 3345 3294 3400 magna
3319 3331 3379 3383 et
3407 3327 3763 3401 prodigiaﬁta

2133 3424 2199 3472 ut
2228 3418 2286 3472 in
2318 3435 2567 3474 errorem
2592 3417 3020 3482 inducantur,si
3047 3417 3173 3472 ﬁeri
3192 3418 3594 3488 potest,etiam
3612 3416 3765 3474 electi

2133 3507 2290 3576 (Ibid.
2323 3508 2470 3562 23et
2497 3507 2608 3578 24).
2657 3530 2682 3556 ››
2729 3507 2801 3561 Et
2853 3505 2980 3561 ideo
3029 3523 3100 3561 ne
3158 3503 3534 3578 decipiantur
3587 3505 3763 3575 electi,

2130 3596 2406 3651 admonet
2454 3595 2738 3652 Dominus
2787 3593 2928 3666 quid
2978 3595 3346 3666 sequendum
3378 3595 3496 3659 sit;
3549 3600 3613 3650 ut
3661 3611 3764 3651 non

2130 3683 2408 3739 falsorum
2441 3683 2855 3756 prophetarum
2907 3699 3176 3739 sermone
3225 3699 3555 3754 capiamur,
3590 3699 3762 3754 neque

2129 3789 2234 3827 nos
2263 3789 2465 3827 eorum
2497 3771 2695 3842 aliqua
2727 3770 3056 3843 prodigiosa
3098 3771 3251 3826 facta
3295 3760 3600 3842 decipiant
3628 3788 3638 3827 :
3672 3772 3763 3828 sed

2126 3865 2263 3915 tunc
2285 3861 2593 3916 credamus
2625 3859 2920 3914 Christum
2953 3875 3079 3915 esse
3109 3864 3446 3927 venturum,
3482 3876 3619 3916 cum
3648 3845 3760 3915 dies

2125 3949 2280 4022 pleni
2333 3949 2573 4020 justitiaa
2633 3948 2912 4020 coeperint
2958 3947 3263 4020 refulgere.
3296 3947 3574 4004 Christus
3617 3949 3758 4005 enim

2121 4039 2291 4112 pleno
2327 4038 2648 4108 majestatis
2679 4055 2796 4092 suae
2848 4035 3069 4091 lumine
3099 4025 3494 4103 revelabitur;
3530 4042 3588 4092 et
3617 4036 3752 4092 sicut

2121 4127 2318 4199 fulgur
2345 4127 2460 4182 exit
2489 4125 2560 4181 ab
2587 4126 2828 4193 oriente,
2864 4129 2919 4180 et
2948 4129 3068 4180 toto
3108 4115 3309 4179 lumen
3355 4141 3539 4180 suum
3585 4143 3752 4198 usque

2120 4216 2178 4270 in
2210 4215 2564 4270 occidentem
2612 4215 2750 4270 orbe
2801 4212 3111 4278 diffundit;
3154 4211 3238 4268 sic
3270 4217 3327 4268 et
3357 4212 3545 4290 Filius
3578 4213 3751 4270 homi-

2121 4306 2212 4359 nis
2269 4321 2402 4360 cum
2452 4303 2576 4358 suis
2634 4301 2860 4374 angelis
2906 4293 3144 4357 veniens
3191 4291 3558 4358 illuminabit
3612 4303 3748 4358 hunc

2121 4393 2436 4458 mundum;
2489 4396 2554 4447 ut
2599 4390 2797 4446 credat
2843 4389 3037 4444 omnis
3085 4379 3280 4454 homo,
3341 4394 3402 4444 et
3453 4389 3613 4446 salva
3663 4391 3748 4445 ﬁat

2117 4481 2310 4536 omnis
2357 4497 2508 4536 caro.
2561 4480 2685 4534 Non
2737 4495 2874 4550 ergo
2923 4479 3235 4533 credamus
3283 4469 3745 4548 Antichristo,de

360 4575 467 4628 est.
501 4572 636 4627 Dies
667 4577 860 4626 autem
896 4567 994 4625 alii
1030 4577 1396 4644 peccatorum
1431 4575 1586 4625 sunt.
1623 4571 1724 4626 llic
1755 4587 1890 4642 ergo
1920 4577 2008 4626 est
2038 4583 2084 4645 Ι)
2117 4588 2232 4642 quo
2257 4570 2451 4624 dicent
2481 4568 2608 4623 falsi
2643 4567 2934 4640 prophetas
2970 4585 2982 4622 :
3016 4565 3118 4622 Hic
3167 4571 3255 4622 est
3286 4565 3595 4634 Christus;
3641 4568 3744 4623 dies

359 4657 484 4714 dies
514 4675 687 4732 quem
719 4658 1075 4714 illuminavit
1105 4658 1200 4713 Sol
1231 4658 1326 4713 ille
1350 4657 1765 4729 justitiaa.Nam
1799 4664 1855 4713 et
1879 4660 2005 4731 ipsa

359 4751 523 4806 ortus
541 4763 681 4802 suos
706 4751 762 4802 et
777 4763 1020 4801 occasus
1044 4747 1255 4801 habere
1286 4746 1773 4801 consuevit.Unde
1794 4752 1850 4801 et
1872 4750 2002 4802 scri-

356 4840 523 4910 ptum
556 4840 645 4892 est
679 4852 690 4890 :
725 4859 744 4883 -
776 4835 1006 4890 Orietur
1055 4836 1111 4888 in
1163 4835 1368 4891 diebus
1401 4836 1527 4904 ejus
1564 4834 1798 4904 justitia
1828 4837 1998 4904 (Psal.

357 4942 507 4991 LXXI,
538 4923 806 4996 7).»8unt
836 4939 972 4995 ergo
1003 4923 1126 4979 dies
1157 4922 1371 4978 Christi
1396 4923 1608 4995 quibus
1630 4921 2001 4994 ortajustitia

355 5018 614 5071 estzsunt
643 5013 766 5068 dies
789 5011 1000 5068 Christi
1024 5012 1240 5083 quibus
1262 5016 1386 5067 orta
1407 5016 1495 5066 est
1517 5012 1677 5083 pacis
1701 5012 1999 5066 abundan-

352 5103 435 5160 tia
463 5120 475 5160 :
511 5107 649 5159 sunt
679 5102 805 5158 dies
836 5100 1047 5159 Christi
1077 5101 1292 5172 quibus
1324 5107 1452 5155 orta
1487 5100 1792 5172 sapientia.
1847 5102 1996 5156 Audi

343 5181 644 5269 [quomodo
686 5191 982 5246 exoriatur
1030 5190 1316 5261 sapientia
1350 5208 1361 5245 :
1399 5213 1423 5240 ‹‹
1478 5191 1537 5245 Si
1587 5190 1720 5261 quis
1767 5190 1997 5246 videtur

348 5280 584 5351 sapiens
612 5295 740 5334 esse
771 5279 922 5334 inter
949 5295 1050 5334 vos
1071 5278 1131 5333 in
1167 5280 1272 5334 hoc
1303 5278 1762 5344 saeculo,stultus
1795 5279 1996 5344 ﬁat,ut

348 5368 423 5421 sit
453 5368 688 5439 sapiens
721 5369 767 5438 (I
794 5369 914 5423 Cor.
950 5385 1031 5422 III.
1072 5368 1177 5437 18).
1215 5369 1317 5422 nEt
1347 5369 1474 5424 ideo
1506 5369 1648 5444 dicit
1677 5368 1990 5438 Sapientia,

2114 4659 2268 4713 enim
2302 4657 2576 4730 perﬁdiis,
2608 4661 2780 4711 erunt
2808 4653 3154 4710 Antichristi
3201 4653 3347 4710 dies.
3393 4654 3522 4710 Non
3573 4656 3741 4711 creda-

2114 4764 2246 4802 mus
2277 4746 2350 4802 iis
2377 4746 2476 4817 qui
2509 4745 2705 4800 dicent
2735 4762 2746 4799 :
2781 4739 3050 4800 Christus
3098 4742 3158 4797 in
3209 4741 3469 4812 deserto,
3503 4744 3742 4801 Christus

2110 4836 2169 4890 in
2202 4833 2629 4908 penetralibus;
2655 4834 2779 4905 jam
2812 4832 2968 4888 enim
3000 4831 3199 4887 omnia
3219 4827 3396 4904 plena
3419 4839 3559 4889 sunt
3579 4834 3744 4891 Chris-

2111 4925 2173 4993 ti,
2211 4923 2304 4979 ubi
2355 4923 2826 4995 appropinquare
2875 4916 3114 4992 coeperit
3159 4915 3454 4977 Christus.
3489 4922 3599 4978 Sed
3628 4938 3738 4978 cum

2108 5014 2427 5069 viderimus
2475 5013 2625 5066 facta
2674 5028 2802 5082 quas
2855 5008 3122 5064 Christus
3171 5009 3231 5063 in
3282 5009 3599 5083 Evangelio
3651 5027 3738 5066 suo

2107 5109 2241 5158 aute
2272 5100 2555 5173 praedixit,
2584 5105 2721 5154 tunc
2761 5098 3073 5153 credamus
3125 5098 3254 5169 ejus
3301 5098 3649 5167 adventum;
3679 5114 3736 5155 ne

2105 5192 2248 5247 dum
2279 5205 2479 5244 verum
2512 5186 2832 5260 quaerimus
2861 5183 3464 5256 lumen,inﬁdelitatls
3495 5189 3733 5245 tenebras

2109 5279 2464 5335 incidamus.

2173 5371 2225 5423 8.
2259 5367 2524 5422 Cavenda
2553 5381 2688 5438 ergo
2719 5363 2887 5439 signa
2918 5362 3194 5435 perfidiae,
3229 5363 3454 5439 quibus
3483 5363 3719 5422 brevian-

347 5468 476 5522 qua:
496 5455 675 5510 stulta
695 5455 866 5511 istius
888 5456 1092 5511 mundi
1115 5457 1644 5527 elegitzuDominus
1665 5458 1878 5512 creavit
1899 5473 1992 5512 me
2100 5461 2199 5513 tur
2237 5457 2361 5512 dies
2392 5459 2565 5526 atque
2609 5453 2976 5509 minuuntur.
3009 5451 3102 5508 Sol
3135 5447 3290 5509 enim
3322 5453 3722 5522 obSeurabitur,

417 5680 529 5750 (42)
561 5679 728 5737 Rom.
760 5685 922 5752 edit.,
955 5685 1140 5744 docere
1162 5701 1492 5758 praesa-mas.
