3860 6206
206 380 362 448 1145

1281 377 1734 445 ENABRATIO
1776 375 1856 438 IN
1900 372 2280 442 PSALMUM
2326 375 2532 443 XLIII.

3448 375 3604 442 1146

202 514 384 573 stellae
415 514 648 584 cadent,
676 513 786 572 hoc
825 519 934 586 est,
986 515 1137 589 justi
1193 514 1293 572 Dei
1320 533 1334 580 ;
1366 517 1504 570 sunt
1532 493 1688 569 enim
1749 509 1849 582 qui
1876 507 1932 574 Α
1962 525 2214 568 scamus.
2247 509 2453 568 Vetera
2479 511 2605 569 dico
2634 511 2935 581 vocabula,
2986 515 3086 573 sed
3138 515 3414 590 mysteria
3435 533 3601 573 nova.

200 603 465 677 fulgeant
523 604 676 661 sicut
731 603 908 661 stellae
966 604 1026 661 in
1055 604 1217 660 coelo.
1249 605 1393 661 Cum
1453 603 1574 658 haec
1612 598 1844 662 videris,

197 693 369 749 crede
401 693 592 749 adhuc
623 694 852 749 tardare
883 693 1177 750 Christum
1204 711 1217 762 ;
1251 693 1349 749 ubi
1383 693 1540 748 enim
1557 692 1845 756 Christus,

189 781 276 837 ibi
309 781 455 836 fides
485 779 731 836 clarior:
765 782 860 837 ubi
895 782 1318 845 Antichristus,
1355 781 1432 836 ibi
1454 781 1577 836 dies
1597 781 1845 846 dimidii;

193 871 268 926 de
309 869 528 942 quibus
559 870 761 942 utique
792 887 907 925 non
939 876 1279 942 quereretur
1308 871 1486 926 David
1545 870 1845 942 propheta,

194 959 245 1014 si
307 959 377 1014 ad
437 958 718 1029 temporis
767 959 1108 1015 brevitatem
1165 960 1459 1015 videretur
1515 975 1641 1014 esse
1701 960 1847 1014 refe-

193 1047 479 1113 rendum;
515 1063 646 1101 cum
681 1047 804 1118 ipse
831 1045 968 1102 alibi
1001 1047 1245 1103 dixerit:
1280 1072 1307 1097 «
1358 1048 1479 1103 Heu
1539 1066 1649 1115 me,
1709 1049 1848 1117 quia

193 1135 492 1190 incolatus
522 1151 688 1190 meus
721 1135 1100 1208 prolongatus
1140 1140 1227 1192 est
1257 1138 1426 1207 (Psal.
1488 1154 1638 1204 xxix,
1696 1137 1784 1207 5)!
1823 1161 1849 1185 ››

196 1223 517 1289 Quomodo
538 1223 693 1278 enim
725 1228 826 1279 aut
847 1223 1014 1281 illum
1045 1225 1290 1282 dilatum
1325 1225 1645 1282 incolatum
1685 1227 1850 1282 coele-

192 1319 375 1380 stem,
401 1315 501 1366 aut
523 1312 673 1366 hunc
698 1316 994 1368 terrenum
1010 1315 1847 1385 comperendinatumdoloret,

191 1401 303 1472 qui
354 1403 488 1456 ante
519 1405 974 1472 poposcerat,ne
1022 1402 1080 1456 in
1121 1403 1432 1458 dimidium
1455 1403 1683 1460 dierum
1713 1421 1851 1459 suo-

188 1507 331 1544 rum
365 1489 787 1556 deduceretur;
821 1507 955 1545 cum
987 1491 1214 1546 dierum
1258 1493 1509 1548 brevitas
1564 1492 1850 1549 celerandi

188 1595 409 1634 cursus
441 1577 614 1632 istius
651 1579 1064 1650 compendium
1095 1581 1389 1637 videretur
1418 1582 1620 1636 afferre
1642 1581 1670 1636 ?
1692 1581 1854 1637 Unde

188 1665 497 1739 colligitur
533 1670 590 1720 et
621 1665 768 1721 illud
801 1669 954 1739 quod
989 1667 1110 1724 ait:
1148 1692 1174 1720 «
1233 1670 1462 1726 Honora
1518 1675 1741 1742 patrem
1799 1674 1856 1727 et

191 1758 476 1822 matrem,
510 1756 576 1809 ut
604 1753 900 1828 longaevus
937 1757 1018 1812 sis
1050 1775 1226 1830 super
1254 1763 1470 1814 terram
1503 1760 1694 1832 (Exod.
1758 1777 1854 1827 xx,

191 1844 392 1938 12);»
425 1844 730 1938 quomodo.
746 1844 1079 1938 intelligere
1111 1846 1445 1938 debeamus.
1479 1848 1646 1938 Multi
1697 1850 1850 1905 enim
1884 1873 1933 1938 Β

190 1931 299 2006 qui
330 1931 646 1999 honorant,
682 1931 794 1987 cito
827 1950 980 2004 saepe
1024 1935 1354 2006 rapiuntur,
1416 1940 1479 1992 ut
1540 1937 1858 1993 immatura

189 2023 368 2076 aetate
406 2020 559 2076 889
626 2020 990 2094 moriantur;
1042 2023 1211 2079 multi
1270 2023 1446 2080 etiam
1508 2026 1605 2096 qui
1661 2025 1857 2082 minus

190 2108 472 2163 deferunt
502 2107 843 2179 parentibus
875 2110 1018 2178 suis,
1051 2111 1319 2184 longaevae
1341 2113 1617 2168 fruuntur
1637 2113 1854 2186 stipen-

189 2195 312 2252 diis
344 2197 792 2262 seneclutis;et
847 2199 963 2254 nisi
1022 2199 1452 2273 longaevitatem
1509 2201 1670 2258 illam
1730 2204 1857 2258 vitae

192 2285 564 2357 accipiamus
605 2289 850 2352 aeterna},
913 2287 1206 2344 invenitur
1263 2289 1562 2361 Scriptura
1619 2291 1856 2348 destitui

192 2370 469 2428 subsidio
501 2371 780 2426 veritatis.
818 2372 981 2430 Unde
1015 2371 1250 2432 Graecus
1299 2380 1632 2450 expressius
1676 2381 1854 2435 dixit:

193 2483 224 2510 ‹‹
261 2459 338 2515 Ut
369 2459 452 2516 sis
510 2460 834 2514 multorum
890 2462 1125 2517 dierum
1166 2483 1178 2530 ;
1215 2488 1240 2513 η
1301 2465 1411 2521 hoc
1443 2471 1550 2534 est,
1609 2477 1858 2540 πολυὴμε-

193 2571 297 2620 ρος.
331 2543 720 2616 Quincunque
777 2545 932 2603 enim
993 2549 1185 2605 cultus
1244 2551 1370 2624 pios
1403 2553 1608 2610 sedulo
1671 2563 1860 2613 servat

192 2633 760 2710 ofﬁcio,atenebris
792 2633 978 2691 noctis
1022 2637 1271 2705 alienus,
1331 2641 1390 2695 in
1445 2643 1673 2700 dierum
1732 2643 1859 2702 luce

191 2721 564 2779 versatur.Et
585 2721 712 2777 ideo
735 2722 832 2794 qui
859 2723 1000 2796 legit
1029 2729 1540 2785 Deuteronomium
1571 2749 1581 2786 :
1617 2755 1643 2782 «
1668 2733 1859 2807 Leget,

197 2811 422 2884 inquit,
456 2809 600 2865 illud
634 2809 910 2868 omnibus
941 2814 1147 2870 diebus
1179 2817 1305 2872 vitae
1339 2835 1456 2873 suae
1489 2821 1664 2890 (Deut.
1723 2840 1858 2889 xvn,

202 2900 296 2977 19)
324 2917 338 2966 ;
372 2920 399 2948 »
437 2916 551 2954 non
585 2900 783 2970 utique
815 2901 1104 2970 noctibus,
1140 2905 1239 2959 sed
1273 2905 1480 2962 diebus
1509 2927 1522 2974 ;
1556 2910 1694 2982 quia
1738 2911 1862 2967 dies

200 2983 394 3058 fulget
422 2983 632 3058 legenti
665 2987 939 3059 mysteria
967 2991 1247 3059 veritatis,
1278 2998 1336 3049 et
1365 2996 1571 3052 divinae
1632 2998 1861 3069 pietatis

209 3073 474 3130 oracula.
506 3075 954 3133 Consideremus
986 3081 1310 3150 sequentia.

276 3163 333 3217 9.
369 3161 556 3234 (Vere.
618 3165 698 3231 3.)
723 3189 748 3212 ‹‹
802 3165 1008 3222 Manus
1064 3171 1165 3224 tua
1245 3175 1444 3242 gentes
1491 3173 1858 3247 disperdidit,

1959 601 2267 657 Chananasi
2300 607 2458 666 sunt,
2491 603 2748 670 Chetto'si,
2791 607 2847 659 et
2900 605 3242 668 Amorrhaei.
3301 605 3604 670 Pherezzei,

1956 691 2044 746 vel
2075 692 2344 748 Cerethaei
2374 693 2509 763 (53),
2541 709 2790 764 quorum
2841 692 2992 749 infra
3048 694 3330 751 vocabula
3382 695 3606 767 digere-

1958 799 2112 837 mus.
2148 783 2275 836 Hzec
2305 788 2499 838 autem
2539 783 2886 854 populorum
2943 789 3077 839 sunt
3111 785 3387 853 nomina;
3421 785 3519 840 sed
3552 790 3609 840 et

1959 872 2299 943 passionum
2333 872 2722 936 inﬁrmitates,
2759 877 2814 928 et
2868 873 3263 928 humanorum
3317 873 3608 929 incentiva

1960 964 2015 1014 et
2045 960 2354 1031 opprobria
2385 965 2771 1032 peccatorum.
2799 962 2960 1027 Quod
3002 962 3256 1034 primum
3289 967 3378 1017 est
3407 963 3602 1028 igitur,

1959 1049 2134 1103 homo
2167 1048 2224 1102 in
2256 1048 2484 1104 Christo
2516 1050 2639 1118 ipse
2670 1067 2731 1105 se
2762 1049 3006 1112 domuit,
3039 1056 3097 1106 et
3150 1050 3275 1121 ipse
3333 1067 3393 1106 se
3447 1051 3603 1112 vicit,

1961 1143 2027 1191 ut
2057 1137 2164 1192 sibi
2198 1138 2430 1192 viveret.
2462 1138 2579 1193 Sibi
2613 1139 2768 1193 enim
2800 1139 2956 1207 vivit,
2987 1140 3084 1208 qui
3143 1139 3258 1193 Deo
3306 1138 3481 1205 vivit;
3544 1145 3608 1193 ut.

1958 1227 2135 1281 vitam
2168 1225 2380 1281 Christi
2444 1228 2593 1281 vivat
2643 1233 2940 1283 aeternam.
2975 1227 3100 1283 Non
3139 1243 3274 1299 ergo
3332 1228 3609 1300 pugnavit

1961 1314 2315 1370 militaribus
2340 1316 2541 1382 armis,
2603 1321 2659 1371 et
2705 1316 2905 1371 ferreis
2936 1315 3066 1370 telis
3112 1315 3362 1386 populus
3419 1315 3610 1370 Eccle-

1963 1406 2082 1468 siae,
2115 1406 2269 1460 sicut
2302 1405 2580 1476 pugnavit
2598 1405 2852 1476 populus
2870 1405 3226 1461 Judazorum.
3263 1403 3361 1460 llle
3383 1405 3440 1458 in
3465 1405 3611 1476 figu-

1963 1509 2027 1547 ra
2054 1494 2353 1565 pugnavit,
2405 1510 2512 1548 nos
2544 1510 2874 1565 pugnamus
2907 1493 2961 1548 in
2988 1493 3196 1564 spiritu
3228 1509 3240 1547 :
3283 1493 3379 1548 ille
3411 1492 3610 1547 adver-

1965 1599 2094 1638 sum
2124 1581 2480 1648 alienigenas
2517 1583 2816 1654 pugnavit,
2850 1599 2956 1637 nos
2988 1579 3096 1651 ipsi
3159 1580 3376 1637 bellum
3434 1579 3610 1636 hahe-

1965 1687 2098 1726 mus
2127 1671 2186 1726 in
2219 1670 2387 1726 nobis
2420 1689 2432 1735 ;
2468 1675 2524 1725 et
2551 1671 2679 1726 ideo
2711 1672 2875 1741 prius
2906 1671 3076 1726 nobis
3119 1670 3413 1726 vincenda:
3474 1674 3613 1726 sunt

1966 1757 2184 1830 proprii
2216 1757 2474 1829 corporis
2506 1757 2828 1829 passiones.

2036 1934 2123 1989 40.
2159 1933 2300 1988 Audi
2332 1940 2687 2005 pugnantem
2737 1932 3069 2004 apostolum
3119 1932 3364 1988 Paulum
3420 1933 3617 1988 adver-

1966 2039 2068 2078 sus
2096 2027 2326 2094 gentem
2357 2022 2813 2078 Chananaeorum
2845 2041 2856 2078 :
2892 2046 2918 2071 «
2950 2023 3150 2088 Video,
3184 2022 3396 2092 inquit.
3427 2020 3615 2095 legem

1967 2111 2160 2165 carnis
2193 2127 2333 2165 mea:
2366 2115 2787 2182 repugnantem
2823 2109 2933 2182 legi
2968 2110 3181 2165 mentis
3211 2126 3373 2177 meae,
3405 2113 3462 2165 et
3489 2127 3619 2182 cap-

1965 2199 2245 2254 tivantem
2295 2215 2386 2254 me
2442 2199 2502 2253 in
2554 2198 2677 2270 lege
2738 2198 2958 2270 peccati
3017 2199 3191 2264 (Rom.
3254 2213 3356 2264 vn,
3410 2199 3523 2268 23).
3588 2221 3615 2248 »

1968 2287 2132 2342 Nunc
2165 2303 2226 2342 se
2257 2286 2425 2358 erigit
2441 2304 2572 2342 caro
2593 2292 2971 2351 nostra,nunc
2989 2287 3394 2360 dejicit.Erigit
3410 2288 3615 2353 menti,

1967 2376 2168 2446 dejicit
2215 2376 2521 2448 potestati:
2582 2380 2639 2430 et
2695 2377 2792 2430 ubi
2828 2393 2887 2431 se
2947 2375 3139 2448 urgeri
3192 2375 3422 2444 viderit,
3483 2393 3618 2431 con-

1969 2464 2244 2521 stantiam
2277 2465 2512 2529 deserit,
2545 2469 2600 2520 et
2630 2465 2701 2520 ad
2735 2465 3156 2534 subjectionem
3209 2470 3410 2536 parata
3456 2465 3618 2520 duci-

1969 2557 2064 2608 tur
2093 2554 2148 2607 in
2203 2554 2387 2624 legem
2421 2555 2677 2625 peccati;
2739 2558 2802 2608 ut
2843 2555 3018 2608 ﬁdem
3051 2553 3301 2622 deserat,
3365 2553 3618 2624 perﬁdiae

1971 2643 2351 2706 succumbat;
2385 2646 2439 2697 et
2468 2642 2730 2698 Chettzeze
2771 2641 3133 2697 infirmitatis
3165 2641 3223 2696 in
3256 2641 3474 2697 ditione
3505 2642 3618 2713 (44)

1970 2731 2248 2785 destituta
2271 2731 2424 2786 890
2438 2731 2765 2794 vero,cedat
2786 2731 3110 2797 mendacio,
3133 2730 3347 2786 serviat
3365 2729 3620 2797 crimini,

1972 2819 2302 2889 acquiescat
2331 2819 2508 2875 errori
2537 2838 2549 2884 ;
2583 2824 2639 2873 et
2685 2824 2966 2890 tanquam
3016 2819 3386 2875 Amorrhaeus
3415 2816 3618 2890 loqua-

1971 2913 2069 2964 tur
2100 2923 2299 2963 amara
2326 2926 2427 2980 pro
2461 2907 2752 2963 dulcibus.
2787 2907 2954 2963 Fides
2992 2908 3147 2962 enim
3180 2907 3390 2973 dulcis,
3423 2924 3622 2963 amara

1971 2996 2215 3067 perfidia
2245 3001 2353 3052 est.
2387 2995 2550 3052 Unde
2592 2995 2865 3068 prmclare
2899 3000 3104 3052 Petrus
3136 2995 3277 3067 quid
3334 2995 3480 3052 fides
3531 3013 3620 3051 es-

1972 3091 2078 3152 set,
2132 3084 2416 3157 expressit
2472 3087 2720 3141 dicens:
2785 3108 2812 3136 «
2871 3084 3130 3151 Domine,
3166 3085 3237 3140 ad
3287 3101 3461 3156 quem
3522 3084 3623 3140 ibi-

1971 3188 2104 3227 mus
2125 3172 2153 3226 ?
2179 3173 2353 3227 verba
2384 3172 2511 3227 vitae
2543 3177 2767 3227 aeternae
2799 3172 3003 3238 habes,
3053 3176 3108 3227 et
3166 3189 3273 3228 nos
3329 3171 3622 3229 credimus

216 3256 276 3308 et
305 3251 584 3337 plantasti
646 3269 776 3309 eos:
837 3254 1091 3312 afflixisti
1150 3236 1418 3331 populos,
1480 3267 1536 3317 et
1587 3236 1859 3337 expulisti
1891 3236 1933 3302 Ο
1973 3260 2148 3330 (Joan.
2182 3277 2259 3323 v1,
2291 3260 2362 3313 60
2411 3264 2464 3314 et
2514 3259 2700 3329 70);»
2740 3236 3039 3321 Οιιοῐηοᾶο
3098 3257 3278 3326 igitur
3323 3257 3499 3329 jubes
3558 3264 3621 3313 ut

199 3357 331 3420 eos.
365 3335 662 3418 »VSeimus
695 3342 930 3414 quidem
963 3345 1117 3417 quod
1151 3348 1368 3405 multas
1415 3355 1618 3422 gentes
1661 3335 1860 3410 eradi-

206 3430 429 3485 caverit
489 3430 771 3487 Dominus
835 3437 892 3487 et
950 3436 1258 3504 everterit;
1311 3441 1374 3492 ut
1431 3440 1860 3510 possessionem

207 3519 340 3588 sibi
359 3513 692 3575 Judaeorum
716 3520 968 3593 populus
987 3523 1292 3594 inveniret,
1314 3543 1566 3597 quarum
1594 3533 1860 3603 gentium

201 3611 398 3665 terras
425 3609 668 3665 Abrahae
700 3610 911 3665 semini
943 3611 1218 3667 daturum
1252 3625 1312 3670 ‘se
1344 3613 1628 3674 Dominus
1672 3621 1861 3678 decla-

199 3694 390 3753 ravit:
425 3693 524 3752 sed
559 3714 689 3752 cum
723 3697 988 3770 psalmus
1048 3700 1156 3756 iste
1188 3701 1563 3777 Evangelium
1604 3707 1858 3775 Domini,

200 3791 263 3842 et
324 3786 592 3858 tempora
648 3786 929 3843 adventus
987 3790 1115 3866 ejus
1175 3783 1505 3860 annuntiat,
1558 3813 1672 3852 non
1715 3799 1859 3854 mihi

197 3875 440 3948 videtur
465 3887 595 3947 quae
624 3875 894 3947 superius
925 3892 957 3930 a
984 3875 1203 3933 Judzeis
1235 3884 1401 3951 gesta
1457 3886 1614 3951 sunt,
1668 3882 1861 3942 recen-

199 3977 360 4036 sere,
421 3962 521 4018 sed
573 3965 698 4035 quae
754 3961 951 4020 futura
1006 3965 1270 4038 signare:
1361 3971 1857 4040 quemadmodum

193 4047 540 4108 crediturus
599 4056 754 4108 esset
809 4053 1059 4126 populus
1133 4056 1456 4112 nationum.
1542 4060 1861 4119 Confirmat

201 4139 392 4213 igitur
422 4140 596 4196 ﬁdem
629 4140 913 4208 ECclesiee,
949 4147 1264 4214 antequam
1294 4147 1540 4210 nuntiet,
1574 4153 1632 4204 et
1679 4150 1859 4207 victo-

199 4223 324 4283 riae
344 4222 589 4299 pietatis
613 4229 740 4300 ejus
770 4235 1072 4285 enumerat
1100 4247 1112 4286 :
1147 4247 1273 4304 quae
1305 4251 1421 4288 non
1483 4235 1541 4290 in
1599 4236 1856 4306 brachio,

196 4331 396 4390 neque
425 4314 484 4370 in
519 4316 710 4390 gladio
741 4333 848 4372 suo
883 4319 1032 4374 feras
1072 4319 1295 4390 expulit
1347 4327 1570 4394 gentes,
1630 4331 1686 4381 et
1744 4346 1857 4384 non

195 4405 523 4461 certamine
583 4403 790 4461 bellico
843 4412 1073 4484 turmas
1132 4408 1352 4480 fugavit
1408 4409 1696 4481 hostiles;
1758 4419 1856 4474 sed

197 4483 661 4549 mansuetUdine
685 4510 750 4549 ac
782 4493 893 4549 ﬁde
923 4499 1108 4550 terras
1139 4496 1511 4554 inimicorum
1553 4502 1677 4559 sine
1737 4506 1856 4562 ullo

1973 3345 2345 3403 discedamus
2375 3347 2536 3402 ate?
2567 3351 2781 3418 Captus
2831 3346 2986 3400 enim
3045 3343 3366 3400 caelestium
3427 3345 3617 3402 suavi-

1972 3440 2087 3490 tate
2139 3436 2470 3500 verborum,
2531 3434 2828 3490 discedere
2887 3433 3118 3488 nolebat
3147 3449 3181 3487 a
3211 3431 3462 3502 Christo,
3511 3434 3616 3500 Qui

1971 3530 2165 3580 autem
2197 3528 2366 3594 negat
2397 3522 2713 3586 Christum,
2748 3523 2872 3595 ipse
2903 3539 2964 3579 se
3004 3526 3234 3594 separat
3263 3522 3348 3575 Vel
3383 3537 3618 3594 separa-

1969 3617 2066 3668 tur
2097 3611 2208 3684 (45)
2240 3629 2272 3667 a
2301 3612 2546 3668 Christo.
2580 3611 2690 3669 Sed
2738 3628 2926 3683 neque
2973 3615 3208 3666 versuta
3258 3611 3620 3667 Amorrhaao-

1970 3718 2099 3756 rum
2131 3700 2470 3773 disputatio,
2512 3718 2638 3773 quae
2688 3718 2790 3773 per
2818 3699 3250 3773 philosophiam
3305 3699 3620 3756 nonnullos

1973 3807 2005 3844 a
2036 3789 2282 3845 veritate
2313 3788 2678 3844 transducit:
2740 3805 2929 3860 neque
2977 3787 3379 3844 Jebusaaorum
3432 3789 3620 3861 turpis

1969 3875 2240 3948 abjectio,
2275 3895 2404 3949 qua:
2436 3895 2497 3934 se
2527 3878 2766 3949 subjicit
2795 3883 2968 3949 atque
2999 3877 3322 3932 substernit
3378 3893 3616 3933 cursum

1969 3967 2341 4022 currentibus
2374 3967 2734 4034 saecularem,
2797 3966 2896 4038 qui
2950 3981 3064 4020 non
3108 3969 3297 4036 potest
3326 3979 3454 4020 esse
3483 3981 3617 4036 per-

1969 4059 2214 4126 petuus;
2260 4056 2358 4110 sed
2414 4054 2472 4110 in
2523 4057 2706 4126 portis
2755 4053 2949 4109 deﬁcit
2997 4053 3220 4115 mortis,
3282 4053 3352 4106 de
3400 4053 3616 4123 quibus

1967 4142 2284 4198 exaltatum
2318 4143 2496 4198 David
2527 4142 2808 4214 propheta
2838 4158 2898 4195 se
2927 4139 3139 4212 gaudet
3171 4141 3338 4210 (Psal.
3374 4158 3447 4208 ix,
3484 4142 3572 4213 15)
3600 4161 3611 4197 :

1969 4247 2154 4302 neque
2181 4231 2428 4294 Cinreus,
2464 4230 2562 4301 qui
2596 4247 2697 4302 per
2719 4245 2886 4284 suam
2921 4227 3226 4300 pecuniam
3261 4227 3614 4299 possidetur:

1968 4319 2120 4376 sicut
2151 4317 2467 4374 insatiabili
2505 4336 2714 4374 avarus
2772 4318 3018 4384 all‘ectu;
3064 4333 3251 4387 neque
3302 4317 3612 4383 Cenezeus,

1968 4405 2066 4480 qui
2100 4413 2266 4480 putat
2296 4407 2353 4462 in
2385 4407 2605 4463 divitiis
2637 4405 3068 4479 possessionem
3103 4420 3230 4460 esse
3250 4409 3611 4476 perpetuam,

1966 4502 2021 4551 et
2051 4513 2259 4551 vanam
2293 4513 2457 4568 spem
2491 4495 2794 4552 constituit
2821 4494 2881 4549 in
2914 4493 3170 4559 caducis,
3216 4497 3394 4566 atque
3453 4494 3611 4548 inani

193 4583 410 4636 eruor‘e
440 4571 700 4660 possedit
733 4600 747 4668 ς
781 4581 924 4638 ﬁdes
954 4575 1110 4638 enim
1144 4583 1266 4640 sola
1299 4590 1595 4668 pugnavit.
1628 4591 1696 4647 Et
1725 4593 1853 4650 ideo
1884 4593 1930 4664 Ι)
1967 4585 2239 4657 Opinione
2271 4602 2332 4642 Se
2356 4587 2541 4656 lactat
2565 4602 2602 4639 ε’
2633 4601 2820 4656 neque
2881 4581 3194 4654 Raphaim,
3246 4581 3346 4654 qui
3382 4583 3609 4654 proﬁte-

196 4667 539 4748 trium'pho's
571 4667 805 4741 meruit,
862 4671 1010 4741 quos
1069 4685 1181 4727 non
1236 4667 1530 4732 revocaret
1589 4679 1853 4751 perﬁdia,

194 4756 303 4837 sed
336 4753 594 4838 augeret,
627 4755 766 4830 quia
797 4757 1300 4831 persecutionibus
1333 4763 1458 4818 suis
1501 4782 1614 4821 non
1672 4770 1852 4825 vinci-

196 4851 302 4922 tur
359 4837 616 4902 Ecclesia
661 4846 914 4915 Domini,
991 4849 1091 4904 sed
1147 4849 1447 4921 probatur.
1505 4857 1637 4920 Quae
1714 4865 1854 4916 sunt

192 4929 385 5007 igitur
421 4934 544 4991 istae
600 4939 802 5008 gentes
851 4951 1000 5008 quas
1054 4937 1256 4994 vicerit
1307 4937 1582 5012 Ecclesia,
1643 4961 1852 5020 cogno-

269 5107 404 5192 (43)'
442 5109 606 5192 Rom.
663 5113 800 5167 edit.
845 5129 925 5192 ex
970 5115 1390 5192 Yat._cod.,_ct
1441 5124 1670 5178 actoris.
1710 5125 1848 5181 Aliae

190 5183 642 5264 cum‘o'mnibus
672 5197 842 5264 m_ss.,
874 5190 928 5240 et
958 5183 1507 5264 Ceretha’i._'Eorum
1553 5196 1756 5252 crebra
1788 5199 1854 5253 ﬁt

191 5254 418 5326 mentio
449 5254 520 5309 in-
556 5254 668 5326 lib.
701 5257 854 5326 399.,
915 5273 1064 5326 quos
1119 5260 1354 5316 eosdem
1385 5277 1514 5320 esse
1571 5281 1635 5321 ac
1667 5267 1849 5324 Phili-

192 5273 418 5309 menuo
449 5273 520 5309 ηι-
565 5273 668 5310 nn.
701 5273 854 5326 1199.,
957 5274 1064 5314 uos
1119 5273 1354 5316 eosdem
1385 5277 1492 5320 8881

192 5323 621 5400 sthasos‘tradit
653 5326 858 5400 Lyran.
891 5273 991 5384 111).
1026 5330 1492 5400 Dz‘ﬂeremiarum.

207 5395 381 5480 Et“)
413 5394 796 5480 Qmﬁncspdit.
819 5471 827 5479 _
848 5394 1210 5480 ac'nonnulli
1242 5418 1412 5472 mss.,
1458 5404 1708 5480 Chattaeze
1737 5410 1846 5480 (vel

190 5465 774 5548 Etltmatjinﬁrmyatz‘g
805 5469 1031 5548 indicio.
1067 5469 1211 5548 Reg.
1251 5465 1408 5548 curri
1441 5475 1662 5548 aliquot
1692 5465 1845 5548 aliis,

192 5539 325 5596 ...z'n
349 5537 772 5621 ditz'on‘ezpuod
796 5541 1023 5596 videtur
1044 5544 1114 5597 ad
1148 5537 1475 5599 institutam
1509 5537 1845 5621 allegoriam

193 5609 716 5666 accommodatius.

265 5680 379 5752 (45)
417 5681 503 5737 νει
533 5690 843 5754 separatur,
877 5682 1077 5740 aberat
1125 5700 1192 5741 ex
1249 5683 1523 5746 omnibus
1580 5691 1716 5749 edit.
1781 5710 1847 5750 ac

1958 4678 2057 4729 tur
2102 4673 2231 4731 aliis
2287 4691 2348 4731 se
2382 4669 2528 4730 ferre
2584 4669 2958 4738 medicinam,
3016 4687 3151 4728 cum
3210 4672 3452 4728 vulnera
3504 4689 3612 4728 sua

1961 4779 2164 4819 curare
2191 4780 2306 4819 non
2356 4763 2558 4836 possit,
2593 4767 2649 4819 et
2702 4761 2828 4818 ideo
2861 4762 2910 4817 si
2968 4761 3102 4833 quis
3133 4761 3204 4816 ad
3265 4761 3608 4832 hujusmodi

1962 4851 2253 4908 medicum
2294 4853 2636 4926 confugerit,
2681 4867 2915 4908 necesse
2973 4858 3061 4906 est
3112 4850 3275 4922 prius
3330 4851 3607 4920 patrimo-

1961 4941 2124 4996 nium
2183 4959 2356 4998 suum
2415 4959 2584 4998 omne
2661 4944 2988 5006 consumat,
3049 4953 3226 5009 quam
3283 4936 3607 5009 profectum

1961 5117 2193 5173 duobus
2227 5134 2366 5171 mss.
2395 5117 2502 5172 Sed
2535 5117 2607 5190 in,
2627 5115 2755 5170 aliis
2782 5115 3041 5190 quinque
3080 5109 3383 5190 reperitur.
3444 5112 3605 5190 Quod

1962 5194 2156 5245 autem
2191 5194 2319 5260 post
2346 5204 2544 5244 vocem
2576 5181 2993 5260 disputaiigiii
3015 5188 3207 5237 cunct.
3247 5181 3400 5260 _edit_.
3443 5182 3606 5237 addi-

1961 5268 2076 5327 tur,
2118 5252 2385 5332 ejds-modi
2419 5278 2430 5328 ;
2463 5277 2596 5314 cum
2630 5252 2751 5314 haec
2773 5257 2948 5332 nullis
2981 5255 3037 5308 in
3072 5269 3214 5308 mss.
3247 5252 3495 5332 legatur,
3516 5271 3609 5308 ve-

1960 5328 2204 5407 risimile
2249 5337 2337 5386 est
2385 5332 2670 5407 adtjectam
2705 5330 2904 5394 fuisse,
2938 5333 3020 5407 ut
3050 5341 3258 5380 sensus
3308 5328 3608 5407 utcunque

1959 5402 2369 5473 compleretur.
2435 5397 2863 5463 Verumtamen,
2898 5398 3036 5473 etsi_
3067 5412 3195 5450 eam
3239 5397 3603 5452 retinendam

2001 5467 2143 5529 utes.
2183 5490 2287 5528 nec
2309 5473 2390 5527 sic
2420 5473 2582 5526 locus
2613 5473 2918 5527 videbatur
2947 5467 3137 5524 adhuc
3185 5473 3447 5522 sanatus.
3499 5473 3607 5522 Ar-

2001 5491 2143 5529 utes.
2183 5491 2287 5528 nec
2309 5491 2390 5527 sic
2425 5491 2582 5526 locus
2613 5491 2918 5527 Videbatur
2947 5491 3137 5524 annuo
3185 5491 3447 5522 satiatus.
3499 5491 3607 5522 nr-

1957 5491 2248 5599 gitramur
2281 5546 2475 5614 itaque
2505 5545 2659 5598 illinc
2691 5545 2975 5600 excidisse
3006 5539 3180 5614 verba
3213 5541 3353 5614 ista,
3422 5546 3612 5609 aposto

1958 5619 2055 5684 los,
2093 5622 2205 5689 aut
2242 5611 2662 5689 ﬁdelésrseparat
2717 5634 2750 5672 ιι
2805 5619 3038 5689 Christe.
3092 5611 3183 5689 νεὶ
3213 5611 3603 5689 ,ὺὶεηξιίῖὶηῖίι-

1959 5681 2086 5761 qua
2118 5681 2391 5758 deinceps
2423 5688 2481 5746 in
2502 5681 2795 5747 "membris
2827 5687 3075 5766 singulis
3093 5681 3604 5755 subintelligenda,
