3856 6206
429 312 585 375 1147
1886 310 1952 374 8.

2257 312 2375 380 ιειι
3659 319 3780 388 1118

426 451 698 508 sanitatis
729 449 1008 523 accipiat:
1063 449 1215 505 sicut
1247 447 1346 505 illa
1395 446 1606 505 mulier
1661 448 1720 504 in
1760 445 2071 522 Evangelia
2103 447 2148 516 Α
2186 448 2386 508 culum
2418 456 2584 508 tuum
2618 447 2811 522 (Exod.
2843 467 2936 522 xv,
2973 449 3058 524 17)
3087 470 3100 519 ;
3133 472 3159 501 »
3207 453 3413 525 petens
3442 454 3507 509 ut
3534 450 3781 514 induceret

428 560 556 615 quae
591 561 692 616 per
721 543 1028 598 duodecim
1052 557 1236 596 annos
1271 541 1543 595 ﬂuentem
1575 539 1922 611 sanguinem
1954 555 2078 594 cor-
2187 539 2473 596 Dominus
2501 540 2784 614 populum
2815 557 2991 597 suum
3013 541 3072 596 in
3113 539 3215 596 illa
3259 540 3535 612 praeclare
3584 545 3775 604 virtutis

425 633 713 706 poralium
765 632 1128 703 voluptatum
1189 636 1442 685 statuere
1501 647 1613 684 non
1686 629 1893 701 potuit,
1965 630 2074 682 nisi
2187 629 2602 702 sapientiaeque
2633 630 2944 703 plantaria,
2981 630 3180 702 ibique
3210 630 3564 702 plantaretur
3599 633 3649 688 in
3677 653 3782 707 ope-

425 731 803 794 posteaquam
865 719 1126 789 confugit
1175 719 1246 774 ad
1300 718 1596 773 Christum
1644 719 1799 771 (Luc.
1850 734 1974 781 vm,
2013 717 2077 770 l3
2185 736 2250 772 ra
2280 737 2405 783 sua,
2439 724 2495 774 et
2524 719 3360 791 instituereturpraaceptorum
3385 719 3680 777 ccelestium
3699 725 3784 780 dis-

421 817 471 867 ει
503 813 611 878 At).
651 809 932 864 lntellexit
957 808 1110 862 enim
1136 808 1290 878 quod
1327 825 1495 862 nemo
1536 807 1827 879 perfectus
1887 805 2074 860 medi-
2184 807 2690 880 ciplinis,atquein
2707 825 2773 863 eo
2791 809 3266 881 praepararetsibi
3291 811 3780 868 suasanctificatio-

421 918 545 966 cus,
581 899 688 953 nisi
726 899 824 970 qui
859 898 1255 952 descendisset
1282 914 1310 950 e
1345 895 1508 961 caalo,
1543 897 1616 949 de
1685 912 1799 967 quo
1862 910 2071 965 cogno-
2185 896 2693 951 nishabitaculum
2719 914 2732 950 :
2757 897 2911 967 quod
2939 896 3143 968 utique
3165 912 3282 950 non
3303 895 3780 970 haereditariojure,

417 988 816 1043 veratdictum
846 1005 856 1040 :
894 1011 919 1032 ‹‹
957 986 1115 1039 Misit
1144 985 1395 1040 Verbum
1433 989 1696 1046 suum,et
1720 985 1944 1038 sanavit
1975 999 2071 1036 eos
2184 1001 2286 1040 nec
2321 983 3658 1057 nostrorumcomtemplationemeritorum,sed
3678 1006 3779 1059 pro-

418 1079 589 1145 (Psal.
622 1095 732 1138 cvi,
766 1077 890 1142 28.;
922 1103 947 1122 »ι
980 1081 1035 1129 et
1060 1075 1302 1128 advertit
1327 1074 1394 1128 de
1427 1075 1552 1144 ipso
1584 1074 1803 1127 dictum
1832 1088 1844 1125 :
1883 1094 1908 1118 υ
1933 1072 2072 1125 Ecee
2180 1091 2289 1128 sua
2334 1076 2522 1146 gratia
2551 1075 2836 1129 Dominus
2866 1075 3128 1129 conferre
3177 1074 3471 1145 dignatur.
3528 1078 3779 1138 Quomodo

420 1168 548 1222 dedi
568 1166 740 1219 verba
762 1180 890 1218 mea
910 1163 964 1216 in
985 1163 1603 1227 ostuum,etconstitui
1630 1167 1681 1215 te
1705 1161 1872 1215 hodie
1896 1177 2071 1231 super
2177 1163 2353 1229 enim,
2390 1165 2485 1217 ulti
2515 1179 2815 1218 remanere
2846 1180 2959 1218 non
2992 1163 3292 1234 potuimus
3323 1178 3388 1217 eo
3418 1163 3590 1218 redire
3615 1182 3784 1236 posse-

417 1262 618 1328 gentes
667 1258 722 1308 et
752 1270 947 1323 regna,
1009 1251 1327 1316 eradicare,
1371 1258 1426 1306 et
1473 1252 1794 1313 destruere,
1853 1254 1908 1305 et
1942 1265 2068 1320 per-
2179 1266 2333 1315 mus,
2368 1251 2476 1306 nisi
2510 1251 2812 1324 privilegio
2844 1251 2976 1306 fulti
3011 1251 3429 1323 redemptionis
3452 1253 3699 1306 aeterna?

419 1345 573 1406 dere,
608 1347 661 1396 et
694 1343 1000 1405 aedificare,
1028 1345 1082 1394 et
1113 1340 1374 1411 plantare
1407 1342 1622 1406 (Jercm.
1660 1358 1695 1405 1,
1727 1341 1761 1391 9
1802 1347 1852 1393 ct
1895 1339 2002 1405 40).
2040 1360 2066 1384 ››
2251 1341 2335 1395 l2.
2373 1341 2554 1410 (Vere.
2592 1342 2666 1411 4.)
2703 1343 2772 1396 Et
2817 1341 2946 1395 ideo
3006 1339 3248 1413 pulchre
3295 1340 3441 1394 dixit
3496 1339 3778 1412 Propheta:

417 1433 561 1488 Nam
598 1433 728 1486 licet
758 1431 1087 1500 frequenter
1113 1429 1263 1484 Deus
1319 1429 1544 1484 locutus
1578 1431 1652 1484 sit
1708 1429 1766 1484 in
1825 1431 2071 1502 prophe-
2184 1451 2204 1477 ι
2232 1431 2516 1495 Quoniam
2551 1447 2662 1486 non
2692 1431 2748 1484 in
2781 1429 2974 1503 gladio
3005 1446 3112 1485 suo
3149 1429 3535 1502 possederunt
3583 1435 3780 1495 terram,

417 1522 510 1576 tis.
546 1521 603 1574 in
636 1519 974 1591 quo'tamen
1008 1518 1364 1589 expressius,
1396 1535 1571 1590 quam
1607 1519 1662 1573 in
1697 1537 1803 1576 suo
1836 1519 2066 1578 locutus
2175 1523 2232 1574 et
2263 1519 2568 1574 brachium
2604 1536 2776 1574 suum
2809 1535 2924 1575 non
2975 1518 3240 1574 liberavit
3268 1534 3395 1573 eos:
3441 1518 3539 1573 sed
3591 1519 3781 1575 dextera

415 1614 504 1666 est
536 1609 694 1674 Filio,
729 1607 827 1680 qui
875 1607 1150 1662 virtutem
1212 1623 1446 1662 omnem
1505 1608 1835 1678 exprimens
1883 1609 2064 1666 Patris
2173 1612 2296 1672 tua,
2329 1614 2384 1663 et
2415 1608 2720 1663 brachium
2751 1612 2941 1673 tuum,
2975 1612 3032 1663 et
3062 1605 3418 1662 illuminatio
3467 1605 3649 1662 vultus
3697 1609 3778 1672 tui,

417 1699 495 1754 ait
523 1716 535 1753 :
579 1723 603 1746 ‹‹
643 1701 762 1752 Mea
793 1697 1058 1752 doctrina
1090 1713 1202 1751 non
1234 1700 1323 1750 est
1356 1713 1505 1766 mea,
1539 1697 1637 1751 sed
1670 1698 1797 1767 ejus
1841 1699 1937 1770 qui
1974 1717 2064 1756 me
2174 1695 2449 1767 quoniam
2478 1695 2830 1768 complacuit
2855 1695 2961 1750 tibi
2993 1695 3052 1751 in
3083 1694 3222 1750 illis.
3248 1718 3274 1744 ››
3309 1695 3444 1759 Qua:
3477 1694 3646 1767 igitur
3661 1700 3783 1753 terra

415 1788 576 1843 misit
606 1789 782 1857 (Joan.
825 1803 923 1849 vn,
981 1786 1110 1852 t6}?
1165 1809 1190 1832 η
1224 1785 1346 1840 Non
1408 1801 1545 1856 ergo
1596 1785 1901 1853 Jeremias,
1962 1790 2059 1860 qui
2094 1819 2140 1884 Β
2172 1790 2281 1850 est,
2309 1801 2436 1856 qua:
2471 1802 2583 1840 non
2619 1784 2854 1840 brachio
2897 1785 3184 1856 capiatur,
3219 1801 3333 1839 non
3392 1782 3582 1856 gladio
3629 1784 3782 1855 possi-

416 1882 674 1948 tempore
704 1874 1056 1947 captivitatis
1088 1874 1347 1944 suscepit
1375 1872 1668 1942 exsilium,
1702 1875 1801 1930 sed
1863 1876 2063 1931 Domi-
2094 1870 2138 1884 ⁵’
2176 1873 2382 1928 deatur
2413 1892 2425 1938 ;
2456 1873 2563 1928 nisi
2593 1877 2748 1928 terra
2793 1872 3222 1945 promissionis,
3253 1872 3324 1927 de
3384 1888 3502 1944 qua
3552 1871 3637 1926 hic
3685 1870 3780 1943 ipse

415 1982 528 2020 nus
557 1965 729 2020 Jcsus
760 1963 882 2019 suis
913 1962 1103 2018 verbis
1129 1961 1441 2017 eradicavit
1472 1979 1540 2017 ex
1591 1962 1815 2018 intimis
1876 1968 2065 2035 pecto-
2173 1960 2320 2016 dixit
2357 1961 2678 2033 Propheta:
2717 1987 2744 2011 (ι
2801 1962 2982 2017 Credo
3038 1961 3230 2016 videre
3288 1961 3444 2016 bona
3485 1960 3695 2016 Domini
3736 1961 3777 2014 in

415 2054 577 2109 ribus
609 2053 749 2108 vitia
779 2051 1110 2124 gentilium,
1145 2052 1447 2124 perfidiam
1483 2051 1808 2117 nationum,
1853 2059 1909 2108 et
1938 2070 2060 2108 ver-
2173 2053 2328 2105 terra
2348 2049 2665 2106 viventium
2699 2052 2867 2120 (Psal.
2900 2067 3056 2120 xxxx,
3091 2050 3176 2120 13)
3198 2050 3226 2103 ?
3267 2072 3292 2097 »
3349 2050 3477 2105 Non
3533 2049 3779 2105 immerito

413 2148 679 2200 sutarum
711 2141 1128 2214 cogitationum
1168 2157 1342 2212 prava
1372 2145 1701 2195 commenta
1755 2142 2062 2208 destruxit,
2172 2137 2350 2210 igitur
2402 2139 2527 2209 ejus
2581 2144 2700 2194 tam
2751 2138 3029 2212 praeclara
3086 2137 3379 2210 possessio
3435 2142 3541 2207 est,
3589 2138 3640 2192 in
3690 2154 3778 2208 qua

412 2237 587 2304 atque
619 2230 817 2286 omnia
846 2228 1091 2300 vestigia
1134 2228 1461 2299 iniquitatis
1518 2228 1784 2284 abolevit.
1845 2231 2061 2286 Deinde
2173 2243 2285 2282 non
2320 2227 2514 2282 saeculi
2562 2228 2807 2284 adversa
2838 2228 3238 2295 dominantur,
3274 2227 3376 2283 sed
3415 2227 3633 2283 Domini
3653 2227 3777 2281 bona

415 2320 629 2374 infudit
661 2323 862 2390 postea
893 2318 1090 2387 fidem,
1123 2321 1178 2371 et
1235 2317 1604 2372 continentiae
1664 2317 2056 2390 disciplinam,
2171 2321 2385 2372 azterna
2410 2315 2780 2372 fructiﬁcant.
2816 2317 3063 2389 Ideoque
3091 2334 3205 2372 non
3245 2316 3442 2388 gladio
3481 2314 3774 2386 acquiritur,

413 2425 484 2464 ne
513 2412 791 2479 tanquam
827 2406 884 2461 in
917 2423 1051 2461 vase
1087 2411 1359 2478 corrupto
1393 2406 1731 2462 confusione
1785 2407 2057 2464 vitiorum
2169 2405 2270 2461 sed
2294 2405 2744 2462 mansuetudine
2771 2405 3127 2477 possidetur,
3158 2404 3310 2460 sicut
3340 2403 3614 2460 Dominus
3634 2403 3774 2458 Jesus

411 2500 814 2554 coacescerent
845 2500 1210 2551 sacramenta
1233 2495 1536 2551 virtutum.
2166 2494 2512 2550 testiﬁcatus
2540 2499 2630 2550 est
2672 2493 2910 2551 dicens:
2946 2517 2973 2544 «
3009 2493 3168 2550 Beati
3227 2494 3440 2561 mites;
3498 2493 3600 2564 ipsi
3651 2492 3773 2546 enim

483 2587 565 2642 11.
617 2585 777 2641 Unde
835 2583 1075 2656 pulchre
1132 2584 1237 2639 tibi
1299 2584 1610 2657 Apostolus
1671 2586 1848 2640 dicit:
1912 2587 2054 2641 «Sed
2168 2582 2556 2654 possidebunt
2611 2587 2828 2638 terram
2886 2583 3090 2654 (Matth.
3139 2599 3191 2650 v,
3253 2583 3326 2652 4).
3393 2603 3422 2629 ››
3466 2581 3627 2636 Nemo
3667 2595 3771 2650 ergo

408 2674 669 2748 regnavit
701 2690 860 2730 mors
891 2675 962 2728 ab
992 2673 1175 2728 Adam
1220 2691 1408 2745 usque
1463 2675 1534 2730 ad
1585 2675 1817 2746 Moysen
1879 2677 2053 2746 (Rom.
2166 2670 2551 2743 impaciﬁcus,
2605 2687 2776 2726 nemo
2834 2686 3116 2743 arrogans
3171 2673 3271 2726 aut
3313 2669 3643 2741 superbus;
3693 2667 3770 2722 sed

405 2782 460 2831 v,
494 2766 570 2834 4).
607 2789 634 2812 ››
667 2763 813 2827 Quid
846 2767 934 2817 est
982 2765 1226 2834 Moyses,
1264 2762 1373 2817 nisi
1406 2762 1533 2829 lex;
1595 2764 1870 2834 quoniam
1931 2765 2055 2836 ipse
2165 2763 2512 2815 mansuetus
2541 2763 2598 2814 et
2628 2758 2872 2815 humilis
2902 2759 3111 2814 corde:
3148 2758 3248 2830 qui
3282 2757 3432 2813 nihil
3491 2756 3594 2812 sibi
3644 2771 3770 2809 arro-

404 2853 691 2922 interpres
747 2855 835 2905 est
892 2850 1075 2922 legis:
1136 2850 1519 2923 finistautem
1569 2850 1714 2922 legis
1787 2851 2052 2907 Christus
2162 2851 2278 2919 get,
2315 2848 2413 2903 sed
2447 2852 2636 2903 totum
2696 2849 2766 2903 ad
2826 2848 3075 2920 gratiam
3132 2847 3381 2902 referat:
3446 2862 3556 2901 non
3602 2844 3653 2898 in
3690 2858 3771 2896 sua

403 2941 618 2996 Jesus?
662 2937 942 3009 Regnavit
970 2955 1103 3009 ergo
1136 2942 1436 3010 peccatum
1467 2940 1524 2993 in
1579 2939 1687 2993 hoc
1715 2941 1954 3008 mundo,
1998 2946 2054 2996 et
2163 2936 2502 2993 fortitudine
2530 2936 2833 3009 glorietur,
2865 2937 2966 2993 sed
2999 2937 3235 2992 dextera
3249 2935 3349 2991 Dei
3383 2935 3577 2990 credat
3595 2949 3647 2988 se
3670 2946 3770 2986 esse

403 3029 463 3083 in
497 3031 732 3100 peccato
790 3042 947 3080 mors
997 3043 1165 3088 saeva,
1223 3031 1397 3098 atque
1455 3027 1863 3083 intollerahilis
1894 3047 2049 3101 quas-
2160 3029 2490 3096 protectum
2523 3025 2772 3081 dicens:
2809 3049 2836 3074 ‹‹
2869 3029 3114 3080 Dextera
3166 3023 3400 3080 Domini
3456 3023 3582 3080 fecit
3627 3019 3767 3074 virtu-

403 3117 539 3172 dam
591 3132 762 3187 pcena
825 3114 1064 3186 peccati.
1119 3115 1324 3170 Docuit
1381 3116 1617 3187 quidem
1667 3134 1774 3172 nos
1822 3118 2049 3189 Moyses
2089 3182 2120 3189 _
2158 3116 2300 3180 tem,
2331 3116 2566 3170 dextera
2593 3113 2824 3170 Domini
2851 3113 3123 3170 exaltavit
3151 3129 3245 3169 me
3276 3114 3623 3184 (Psal.cxvn,
3651 3109 3766 3180 46).»

401 3205 588 3261 levare
618 3205 688 3260 ad
748 3204 1058 3258 Dominum
1111 3220 1342 3268 manus,
1378 3205 1457 3276 pii
1498 3204 1690 3260 cultus
1732 3206 2048 3262 instituens
2079 3182 2121 3249 (ἶ
2161 3200 2364 3257 Gladio
2413 3218 2644 3274 quoque
2702 3201 2804 3258 Dei
2843 3206 3128 3258 memoret
3197 3218 3261 3258 se
3315 3218 3451 3258 esse
3501 3201 3762 3261 servatum,

399 3292 790 3365 disciplinam.
825 3293 1032 3347 Docuit
1062 3294 1556 3364 quemadmodum
1595 3293 1870 3350 Amalech
1932 3313 2051 3351 ver-
2160 3288 2561 3346 illuminatum
2610 3307 2844 3362 quoque
2896 3290 2997 3348 Dei
3055 3289 3218 3346 vultu
3270 3287 3670 3362 omnipotentis
3723 3285 3765 3337 in

401 3382 738 3453 sutiloquus
768 3382 1098 3436 vinceretur
1156 3382 1405 3451 (-t6);ut
1462 3397 1655 3437 mores
1715 3387 1947 3439 nostros
1995 3388 2051 3439 et
2158 3379 2376 3451 quibus
2433 3379 2708 3435 omnibus
2765 3379 3032 3435 Christus
3089 3381 3179 3434 est
3233 3383 3545 3450 protector,
3601 3375 3764 3429 dexte-

400 3487 577 3544 opera
607 3471 752 3526 891
799 3469 1127 3525 levaremus
1185 3471 1255 3524 ad
1313 3471 1636 3538 Christum,
1695 3472 1779 3527 sic
1827 3473 2048 3528 destrui
2159 3484 2242 3535 ra,
2277 3468 2546 3524 defensor
2574 3471 2631 3524 et
2659 3467 2891 3540 gladius
2922 3469 3053 3538 (47).
3088 3467 3251 3522 Unde
3282 3471 3338 3522 et
3370 3467 3598 3523 Simeon
3649 3461 3763 3516 dixit

401 3576 571 3631 posse
604 3559 903 3629 perfidiam
930 3575 941 3612 :
994 3559 1084 3614 sin
1142 3575 1276 3614 vero
1327 3559 1710 3629 dejiceremus
1769 3560 2048 3631 animam,
2159 3557 2231 3612 ad
2263 3557 2544 3612 Mariam:
2580 3580 2608 3606 «
2641 3557 2711 3612 Et
2737 3560 2902 3612 tuam
2933 3556 3120 3629 ipsius
3143 3556 3406 3611 animam
3433 3548 3764 3628 pertransibit

400 3646 816 3702 inclinaremus
865 3647 1155 3715 affectum,
1197 3651 1253 3701 et
1309 3664 1343 3702 a
1402 3648 1775 3703 continentia;
1856 3650 2050 3705 studio
2157 3643 2388 3717 gladius
2418 3645 2566 3716 (Luc.
2602 3662 2665 3710 ιι,
2689 3645 2799 3716 35).
2835 3667 2862 3694 ››
2895 3644 3136 3701 Gladius
3193 3644 3350 3700 enim
3411 3643 3510 3699 Dei
3564 3641 3763 3699 verbum

401 3738 792 3790 averteremus
818 3735 1142 3806 ingenium,
1176 3739 1240 3790 ut
1269 3737 1571 3807 persuasio
1603 3753 1709 3792 nos
1754 3755 1903 3793 vana
1958 3756 2052 3794 su-
2157 3738 2266 3799 est,
2301 3733 2455 3804 quod
2487 3733 2716 3789 acutius
2745 3733 2906 3789 omni
2935 3732 3129 3806 gladio
3161 3748 3348 3804 usque
3376 3733 3451 3789 ad
3497 3727 3766 3786 divisiones

401 3828 668 3896 peraret;
701 3823 928 3878 nullum
978 3823 1302 3878 remedium
1363 3824 1649 3890 futurum,
1708 3825 1823 3880 nisi
1875 3827 2049 3882 Jesus
2157 3821 2365 3876 animae
2396 3820 2891 3894 cogitationesque
2921 3821 3254 3894 pertransit,
3289 3824 3355 3876 ut
3407 3819 3567 3876 nulla
3608 3813 3769 3888 cogni-

399 3913 679 3984 depressa
691 3911 817 3981 jam
848 3909 1086 3965 brachia
1114 3910 1319 3982 Moysi,
1341 3911 2047 3981 tanquaminﬁrmitatem
2159 3911 2379 3966 tionem
2423 3911 2550 3982 ejus
2607 3909 2833 3966 occulta
2888 3913 3251 3982 praetereant.
3309 3907 3526 3964 Vultus
3578 3915 3768 3978 quoque

399 3999 540 4070 legis
571 3998 880 4064 attolleret,
911 4003 968 4053 et
997 4015 1105 4054 sua
1126 3998 1524 4054 misericordia
1553 4000 1886 4056 sustineret.
1936 4001 2046 4056 Sed
2159 3999 2386 4070 paterni
2418 3999 2696 4071 splendor
2718 4003 2808 4054 est
2838 3999 3127 4068 Christus,
3159 4002 3216 4054 et
3244 3996 3376 4053 ideo
3407 3996 3582 4052 dicit:
3633 4016 3656 4043 α
3686 3988 3768 4056 Olli

398 4089 700 4144 inﬁrmum
735 4087 924 4143 adhuc
955 4086 1163 4143 fuisset
1188 4086 1332 4160 legis
1362 4087 1647 4144 auxilium
1677 4107 1690 4156 ;
1750 4089 1862 4144 nisi
1922 4088 2048 4162 ipse
2161 4103 2254 4144 me
2285 4088 2443 4144 videt
2470 4087 2625 4143 videt
2652 4091 2710 4143 et
2739 4088 2967 4143 Patrem
3000 4088 3176 4159 (Joan.
3209 4103 3325 4153 XIV,
3348 4087 3408 4155 9)
3465 4103 3480 4152 ;
3539 4106 3564 4134 n
3632 4077 3766 4152 quasi

396 4179 570 4235 Jesus
617 4176 876 4232 venisset
933 4177 991 4232 in
1025 4182 1230 4244 terras,
1287 4176 1385 4248 qui
1418 4176 1475 4231 in
1508 4192 1569 4232 se
1601 4180 1830 4232 nostras
1861 4177 2044 4233 susci-
2162 4176 2440 4248 splendor
2466 4175 2663 4249 gloriae
2695 4177 2843 4248 ejus,
2876 4180 2932 4232 et
2960 4177 3153 4248 imago
3181 4173 3548 4232 substantiae.
3588 4169 3662 4227 Ad
3708 4166 3767 4238 ip-

399 4272 559 4339 peret
588 4265 979 4332 infirmitates,
1010 4282 1182 4336 quem
1207 4264 1397 4320 solum
1422 4270 1614 4321 nostra
1650 4270 1886 4338 peccata
1915 4282 2044 4339 gra-
2158 4281 2292 4320 sum
2322 4280 2459 4336 ergo
2491 4264 2688 4320 omnia
2711 4265 2842 4335 jure
2885 4264 3186 4320 referenda
3216 4267 3376 4319 sunt.
3410 4262 3530 4335 Ipsi
3561 4259 3762 4330 Moyses,

398 4372 529 4411 vare
562 4371 674 4410 non
708 4359 969 4427 possent,
1003 4371 1107 4410 nec
1140 4353 1420 4410 inclinare
1451 4371 1662 4410 manus
1719 4355 1884 4425 ejus:
1945 4356 2045 4427 qui
2162 4353 2277 4424 ipsi
2331 4354 2540 4420 Aaron,
2615 4352 2728 4426 ipsi
2787 4353 2939 4410 892
2993 4352 3169 4410 etiam
3218 4352 3422 4408 Patres
3501 4345 3764 4405 sacrabant

397 4462 458 4500 se
489 4443 793 4500 inclinavit
836 4458 1021 4514 usque
1079 4443 1150 4497 ad
1211 4446 1480 4509 mortem,
1538 4446 1785 4499 mortem
1845 4448 2044 4499 autem
2159 4442 2435 4498 universa
2491 4459 2628 4514 qua
2675 4445 2996 4516 gesserant,
3029 4446 3095 4497 ut
3149 4441 3221 4496 de
3276 4439 3550 4496 hostibus
3603 4435 3765 4491 trium-

396 4534 588 4588 crucis
613 4533 671 4587 in
703 4549 820 4604 qua
849 4532 1189 4603 expandens
1229 4548 1441 4586 manus
1496 4548 1653 4599 suas,
1708 4536 1894 4588 totum
1953 4550 2044 4588 or-
2078 4548 2126 4614 Ι)
2162 4531 2430 4603 pharent.
2462 4531 2661 4603 Neque
2691 4530 2848 4586 enim
2878 4530 2936 4586 in
2969 4547 3076 4587 sua
3106 4528 3464 4586 conﬁdentia
3517 4523 3648 4581 dixit
3693 4519 3763 4574 Je-

399 4621 534 4676 bem
567 4621 666 4691 qui
701 4625 825 4676 erat
857 4620 1174 4691 periturus,
1226 4620 1443 4676 erexit:
1506 4619 1716 4676 levavit
1763 4622 2048 4691 jacentes,
2163 4638 2266 4676 sus
2315 4619 2504 4676 Nave:
2567 4621 2691 4676 Stet
2747 4618 2834 4676 sol
2912 4624 3113 4676 contra
3170 4618 3411 4675 Gabaon
3497 4616 3660 4687 (Iosue
3721 4625 3761 4675 ι,

398 4714 572 4781 atque
604 4709 674 4764 ad
707 4725 768 4765 se
801 4708 1066 4764 omnium
1098 4708 1361 4782 gentium
1395 4709 1568 4764 ﬁdem
1598 4709 1790 4775 traxit,
1851 4710 2050 4767 dicens
2168 4710 2250 4781 12)
2279 4728 2335 4776 ;››
2364 4709 2464 4765 sed
2479 4708 2618 4780 quia
2640 4709 3032 4781 praesumebat
3054 4708 3110 4764 in
3127 4706 3378 4776 Christo,
3401 4719 3575 4778 quem
3595 4701 3759 4758 ducem

397 4795 656 4854 homini:
691 4822 717 4847 ‹‹
756 4797 934 4852 Hodie
994 4813 1222 4852 mecum
1282 4798 1395 4852 eris
1455 4797 1511 4852 in
1572 4799 1842 4870 paradiso
1897 4801 2047 4870 (Luc.
2160 4796 2381 4853 militiai
2414 4797 2666 4854 cmlestis
2696 4797 2947 4871 agnovit,
2970 4801 3027 4854 et
3054 4795 3396 4870 suppliciter
3427 4790 3699 4850 adoravit:
3723 4791 3762 4839 et

394 4903 554 4955 xxm,
584 4887 695 4958 44).
727 4909 754 4935 ››
789 4886 908 4941 Hoc
952 4889 1042 4942 est
1096 4902 1232 4958 ergo
1289 4886 1624 4958 disperdere
1671 4890 1843 4959 atque
1891 4887 2052 4960 plan-
2159 4886 2288 4944 ideo
2320 4891 2521 4960 gentes
2552 4887 2702 4943 feras
2727 4887 3021 4944 eradicare
3050 4883 3394 4958 promeruit,
3428 4886 3485 4938 et
3527 4875 3761 4960 populus!

395 4983 542 5044 tare,
587 4981 650 5030 ut
705 4975 913 5031 vitiosa
971 4975 1358 5042 eradicentur,
1417 4974 1660 5031 meliora
1711 4958 2052 5049 plantentur
2159 4958 2397 5032 Patrum
2430 4974 2489 5031 in
2522 4979 2739 5032 terram
2796 4973 3265 5048 repromissionis
3321 4958 3765 5035 inducere;q11ia

395 5066 451 5122 in
488 5065 819 5138 pectoribus
851 5063 1238 5135 singulorum.
1279 5069 1350 5120 De
1381 5083 1496 5136 quo
1527 5064 1799 5136 praeclare
1827 5067 2051 5140 Moyses
2163 5064 2313 5120 nihil
2368 5065 2494 5122 suis
2546 5064 2819 5136 operibus
2874 5064 3212 5136 deputabat,
3270 5061 3514 5118 credens
3568 5053 3762 5124 indigna

395 5154 452 5210 in
493 5154 668 5210 Exodi
701 5155 928 5210 cantico
962 5155 1044 5209 ait
1073 5171 1084 5209 :
1117 5177 1143 5203 ‹‹
1177 5155 1466 5211 lnducens
1495 5153 1771 5226 plantabo
1835 5139 1934 5212 eos
1991 5156 2047 5210 in
2165 5171 2292 5211 esse
2322 5170 2498 5226 opera
2527 5153 2834 5210 hominum
2873 5156 3034 5209 tanta
3088 5150 3284 5225 gloriae
3341 5139 3762 5206 remuneratione

397 5249 651 5299 montem
685 5243 1045 5299 haereditatis
1077 5248 1208 5311 tuas,
1254 5243 1311 5298 in
1371 5247 1764 5316 praeparatum
1824 5244 2049 5301 habita-
2167 5243 2456 5302 caelestis:
2489 5259 2668 5315 quam
2697 5241 2986 5300 Dominus
3041 5257 3111 5297 ex
3166 5257 3276 5297 sua
3333 5237 3524 5311 magis
3577 5227 3761 5290 miseri-

444 5419 578 5497 ,(46)
611 5421 826 5497 Omnes
868 5422 1004 5497 edit.
1052 5422 1109 5476 in
1171 5439 1430 5495 corpore,
1491 5422 1751 5497 Amalech
1807 5424 2051 5480 versutia
2157 5425 2424 5497 titoquit's,
2476 5422 2755 5479 mendum
2803 5424 2892 5478 est
2939 5420 3265 5478 scribarum
3305 5411 3631 5492 ignorantia
3671 5406 3754 5460 im-

398 5493 722 5570 qinceretur.
758 5493 903 5570 Mss_._
933 5493 1173 5570 aliquot,
1220 5493 1291 5570 ad
1341 5500 1456 5551 vet.
1519 5494 1656 5570 edit.
1720 5494 1777 5548 in
1836 5511 2046 5570 marg,
2159 5493 2507 5570 putandum-

400 5557 651 5640 Amalech
700 5567 903 5640 versuti
962 5556 1508 5640 locagh'vinccrefur,
1568 5566 1692 5640 lege
1759 5556 2049 5622 ver-sutile:-
2159 5556 2180 5570 ’
2233 5568 2345 5640 (47)
2377 5565 2525 5622 Vict.
2552 5563 2712 5640 Colb.
2747 5580 2813 5622 ac
2841 5567 2966 5640 vet._
2985 5561 3121 5640 edit.
3157 5563 3217 5621 in
3262 5577 3475 5634 marg.,
3515 5556 3750 5631 protector,

402 5641 556 5699 quas,
589 5633 695 5686 etc.
731 5632 877 5688 Nam
910 5636 1064 5707 quod
1095 5635 1244 5693 Vict.
1273 5642 1330 5692 et
1376 5637 1534 5693 Colb.
1573 5632 1810 5706 habent,
1864 5655 2049 5695 versu-
2159 5632 2501 5698 ut'deactera:
2531 5637 2801 5710 defensor,
2832 5635 3144 5710 utgladim.
