  <div class='ocr_page' id='page_1' title='image "/cluster/home/n/w/nwhite01/storage/ocr_20150623/14/uva.x000826552/589.png"; bbox 0 0 3856 6206; ppageno 0'>
   <div class='ocr_carea' id='block_1_1' title="bbox 167 270 327 340">
    <p class='ocr_par' dir='ltr' id='par_1_1' title="bbox 167 270 327 340">
     <span class='ocr_line' id='line_1_1' title="bbox 167 270 327 340; baseline -0.025 0"><span class='ocrx_word' id='word_1_1' title='bbox 167 270 327 340; x_wconf 68' lang='grc'>1149</span> 
     </span>
    </p>
   </div>
   <div class='ocr_carea' id='block_1_2' title="bbox 170 493 1843 552">
    <p class='ocr_par' dir='ltr' id='par_1_2' title="bbox 170 493 1843 552">
     <span class='ocr_line' id='line_1_2' title="bbox 170 493 1843 552; baseline -0.001 -1"><span class='ocrx_word' id='word_1_2' title='bbox 170 511 302 551; x_wconf 91' lang='lat' dir='ltr'>rum</span> <span class='ocrx_word' id='word_1_3' title='bbox 333 495 565 551; x_wconf 80' lang='lat' dir='ltr'>statuit</span> <span class='ocrx_word' id='word_1_4' title='bbox 596 495 657 551; x_wconf 91' lang='lat' dir='ltr'>in</span> <span class='ocrx_word' id='word_1_5' title='bbox 687 511 750 551; x_wconf 91' lang='lat' dir='ltr'>se</span> <span class='ocrx_word' id='word_1_6' title='bbox 779 493 1150 552; x_wconf 79' lang='lat' dir='ltr'>credentibus</span> <span class='ocrx_word' id='word_1_7' title='bbox 1197 494 1628 550; x_wconf 84' lang='lat' dir='ltr'>conferendam.</span> <span class='ocrx_word' id='word_1_8' title='bbox 1679 493 1843 549; x_wconf 90' lang='lat' dir='ltr'>Unde</span> 
     </span>
    </p>
   </div>
   <div class='ocr_carea' id='block_1_3' title="bbox 169 582 1840 656">
    <p class='ocr_par' dir='ltr' id='par_1_3' title="bbox 169 582 1840 656">
     <span class='ocr_line' id='line_1_3' title="bbox 169 582 1840 656; baseline -0.003 -15"><span class='ocrx_word' id='word_1_9' title='bbox 169 588 225 641; x_wconf 89' lang='lat' dir='ltr'>et</span> <span class='ocrx_word' id='word_1_10' title='bbox 251 582 576 639; x_wconf 80' lang='lat' dir='ltr'>Abraham</span> <span class='ocrx_word' id='word_1_11' title='bbox 618 582 866 656; x_wconf 83' lang='lat' dir='ltr'>impigre</span> <span class='ocrx_word' id='word_1_12' title='bbox 909 583 1025 639; x_wconf 93' lang='lat' dir='ltr'>Deo</span> <span class='ocrx_word' id='word_1_13' title='bbox 1075 583 1342 650; x_wconf 83' lang='lat' dir='ltr'>credidit,</span> <span class='ocrx_word' id='word_1_14' title='bbox 1393 585 1457 638; x_wconf 91' lang='lat' dir='ltr'>ut</span> <span class='ocrx_word' id='word_1_15' title='bbox 1503 583 1657 655; x_wconf 89' lang='lat' dir='ltr'>apud</span> <span class='ocrx_word' id='word_1_16' title='bbox 1706 598 1840 637; x_wconf 87' lang='lat' dir='ltr'>eum</span> 
     </span>
    </p>
   </div>
   <div class='ocr_carea' id='block_1_4' title="bbox 162 670 1841 746">
    <p class='ocr_par' dir='ltr' id='par_1_4' title="bbox 162 670 1841 746">
     <span class='ocr_line' id='line_1_4' title="bbox 162 670 1841 746; baseline -0.001 -17"><span class='ocrx_word' id='word_1_17' title='bbox 162 670 633 746; x_wconf 82' lang='lat' dir='ltr'>justificationis</span> <span class='ocrx_word' id='word_1_18' title='bbox 662 672 912 744; x_wconf 81' lang='lat' dir='ltr'>gratiam</span> <span class='ocrx_word' id='word_1_19' title='bbox 955 671 1256 743; x_wconf 82' lang='lat' dir='ltr'>reperiret,</span> <span class='ocrx_word' id='word_1_20' title='bbox 1290 688 1471 744; x_wconf 88' lang='lat' dir='ltr'>quam</span> <span class='ocrx_word' id='word_1_21' title='bbox 1515 672 1841 727; x_wconf 89' lang='lat' dir='ltr'>mercedem</span> 
     </span>
    </p>
   </div>
   <div class='ocr_carea' id='block_1_5' title="bbox 170 759 1843 832">
    <p class='ocr_par' dir='ltr' id='par_1_5' title="bbox 170 759 1843 832">
     <span class='ocr_line' id='line_1_5' title="bbox 170 759 1843 832; baseline -0.002 -14"><span class='ocrx_word' id='word_1_22' title='bbox 170 760 260 818; x_wconf 88' lang='lat' dir='ltr'>sui</span> <span class='ocrx_word' id='word_1_23' title='bbox 305 761 518 832; x_wconf 89' lang='lat' dir='ltr'>operis</span> <span class='ocrx_word' id='word_1_24' title='bbox 571 759 919 829; x_wconf 85' lang='lat' dir='ltr'>collocaret;</span> <span class='ocrx_word' id='word_1_25' title='bbox 971 760 1241 816; x_wconf 86' lang='lat' dir='ltr'>uberiora</span> <span class='ocrx_word' id='word_1_26' title='bbox 1287 760 1444 816; x_wconf 89' lang='lat' dir='ltr'>enim</span> <span class='ocrx_word' id='word_1_27' title='bbox 1492 761 1647 816; x_wconf 89' lang='lat' dir='ltr'>dona</span> <span class='ocrx_word' id='word_1_28' title='bbox 1702 764 1843 816; x_wconf 90' lang='lat' dir='ltr'>sunt</span> 
     </span>
    </p>
   </div>
   <div class='ocr_carea' id='block_1_6' title="bbox 167 850 1843 922">
    <p class='ocr_par' dir='ltr' id='par_1_6' title="bbox 167 850 1843 922">
     <span class='ocr_line' id='line_1_6' title="bbox 167 850 1843 922; baseline -0.001 -16"><span class='ocrx_word' id='word_1_29' title='bbox 167 850 513 922; x_wconf 87' lang='lat' dir='ltr'>largientis,</span> <span class='ocrx_word' id='word_1_30' title='bbox 570 866 747 922; x_wconf 87' lang='lat' dir='ltr'>quam</span> <span class='ocrx_word' id='word_1_31' title='bbox 797 866 1019 905; x_wconf 85' lang='lat' dir='ltr'>merces</span> <span class='ocrx_word' id='word_1_32' title='bbox 1066 850 1381 922; x_wconf 89' lang='lat' dir='ltr'>operantis.</span> <span class='ocrx_word' id='word_1_33' title='bbox 1434 850 1745 922; x_wconf 87' lang='lat' dir='ltr'>Propterea</span> <span class='ocrx_word' id='word_1_34' title='bbox 1786 857 1843 906; x_wconf 90' lang='lat' dir='ltr'>et</span> 
     </span>
    </p>
   </div>
   <div class='ocr_carea' id='block_1_7' title="bbox 169 937 1844 1011">
    <p class='ocr_par' dir='ltr' id='par_1_7' title="bbox 169 937 1844 1011">
     <span class='ocr_line' id='line_1_7' title="bbox 169 937 1844 1011; baseline -0.001 -17"><span class='ocrx_word' id='word_1_35' title='bbox 169 938 253 994; x_wconf 88' lang='lat' dir='ltr'>illi</span> <span class='ocrx_word' id='word_1_36' title='bbox 286 939 392 1010; x_wconf 89' lang='lat' dir='ltr'>qui</span> <span class='ocrx_word' id='word_1_37' title='bbox 426 937 833 1011; x_wconf 69' lang='lat' dir='ltr'>mqualitatem</span> <span class='ocrx_word' id='word_1_38' title='bbox 870 939 1155 993; x_wconf 85' lang='lat' dir='ltr'>mercedis</span> <span class='ocrx_word' id='word_1_39' title='bbox 1185 938 1492 1005; x_wconf 91' lang='lat' dir='ltr'>inviderat,</span> <span class='ocrx_word' id='word_1_40' title='bbox 1543 939 1844 1010; x_wconf 88' lang='lat' dir='ltr'>respondit</span> 
     </span>
    </p>
   </div>
   <div class='ocr_carea' id='block_1_8' title="bbox 170 1025 1840 1100">
    <p class='ocr_par' dir='ltr' id='par_1_8' title="bbox 170 1025 1840 1100">
     <span class='ocr_line' id='line_1_8' title="bbox 170 1025 1840 1100; baseline -0.001 -18"><span class='ocrx_word' id='word_1_41' title='bbox 170 1027 468 1083; x_wconf 89' lang='lat' dir='ltr'>Dominus</span> <span class='ocrx_word' id='word_1_42' title='bbox 497 1045 511 1082; x_wconf 92' lang='lat'>:</span> <span class='ocrx_word' id='word_1_43' title='bbox 554 1049 585 1077; x_wconf 84' lang='lat'>«</span> <span class='ocrx_word' id='word_1_44' title='bbox 615 1025 673 1082; x_wconf 90' lang='lat' dir='ltr'>Si</span> <span class='ocrx_word' id='word_1_45' title='bbox 703 1043 807 1100; x_wconf 94' lang='lat' dir='ltr'>ego</span> <span class='ocrx_word' id='word_1_46' title='bbox 841 1028 1051 1094; x_wconf 88' lang='lat' dir='ltr'>bonus,</span> <span class='ocrx_word' id='word_1_47' title='bbox 1087 1026 1293 1083; x_wconf 87' lang='lat' dir='ltr'>oculus</span> <span class='ocrx_word' id='word_1_48' title='bbox 1342 1031 1480 1083; x_wconf 89' lang='lat' dir='ltr'>tuus</span> <span class='ocrx_word' id='word_1_49' title='bbox 1511 1044 1691 1099; x_wconf 89' lang='lat' dir='ltr'>quare</span> <span class='ocrx_word' id='word_1_50' title='bbox 1741 1044 1840 1082; x_wconf 88' lang='lat' dir='ltr'>ne-</span> 
     </span>
    </p>
   </div>
   <div class='ocr_carea' id='block_1_9' title="bbox 171 1115 1839 1189">
    <p class='ocr_par' dir='ltr' id='par_1_9' title="bbox 171 1115 1839 1189">
     <span class='ocr_line' id='line_1_9' title="bbox 171 1115 1839 1189; baseline -0.001 -17"><span class='ocrx_word' id='word_1_51' title='bbox 171 1132 351 1189; x_wconf 88' lang='lat' dir='ltr'>quam</span> <span class='ocrx_word' id='word_1_52' title='bbox 386 1115 627 1186; x_wconf 76' lang='lat' dir='ltr'>(Mauh.</span> <span class='ocrx_word' id='word_1_53' title='bbox 678 1133 772 1183; x_wconf 82' lang='lat' dir='ltr'>xx,</span> <span class='ocrx_word' id='word_1_54' title='bbox 816 1116 952 1187; x_wconf 79' lang='lat'>15)?</span> <span class='ocrx_word' id='word_1_55' title='bbox 1003 1138 1030 1165; x_wconf 85' lang='lat'><strong>»</strong></span> <span class='ocrx_word' id='word_1_56' title='bbox 1078 1117 1277 1172; x_wconf 85' lang='lat' dir='ltr'>Patres</span> <span class='ocrx_word' id='word_1_57' title='bbox 1329 1132 1465 1189; x_wconf 86' lang='lat' dir='ltr'>ergo</span> <span class='ocrx_word' id='word_1_58' title='bbox 1513 1117 1699 1172; x_wconf 89' lang='lat' dir='ltr'>nostri</span> <span class='ocrx_word' id='word_1_59' title='bbox 1749 1120 1839 1171; x_wconf 91' lang='lat' dir='ltr'>ut-</span> 
     </span>
    </p>
   </div>
   <div class='ocr_carea' id='block_1_10' title="bbox 170 1203 1839 1277">
    <p class='ocr_par' dir='ltr' id='par_1_10' title="bbox 170 1203 1839 1277">
     <span class='ocr_line' id='line_1_10' title="bbox 170 1203 1839 1277; baseline -0.001 -17"><span class='ocrx_word' id='word_1_60' title='bbox 170 1207 304 1277; x_wconf 84' lang='lat' dir='ltr'>pote</span> <span class='ocrx_word' id='word_1_61' title='bbox 335 1203 607 1276; x_wconf 84' lang='lat' dir='ltr'>proximi</span> <span class='ocrx_word' id='word_1_62' title='bbox 639 1208 697 1259; x_wconf 92' lang='lat' dir='ltr'>et</span> <span class='ocrx_word' id='word_1_63' title='bbox 744 1203 1003 1259; x_wconf 66' lang='lat' dir='ltr'>haeredes</span> <span class='ocrx_word' id='word_1_64' title='bbox 1049 1203 1542 1275; x_wconf 82' lang='lat' dir='ltr'>patriarcharum,</span> <span class='ocrx_word' id='word_1_65' title='bbox 1593 1204 1839 1276; x_wconf 90' lang='lat' dir='ltr'>plantati</span> 
     </span>
    </p>
   </div>
   <div class='ocr_carea' id='block_1_11' title="bbox 169 1291 1843 1364">
    <p class='ocr_par' dir='ltr' id='par_1_11' title="bbox 169 1291 1843 1364">
     <span class='ocr_line' id='line_1_11' title="bbox 169 1291 1843 1364; baseline 0.002 -17"><span class='ocrx_word' id='word_1_66' title='bbox 169 1293 228 1347; x_wconf 93' lang='lat' dir='ltr'>in</span> <span class='ocrx_word' id='word_1_67' title='bbox 258 1296 427 1348; x_wconf 88' lang='lat' dir='ltr'>terra</span> <span class='ocrx_word' id='word_1_68' title='bbox 459 1291 965 1364; x_wconf 88' lang='lat' dir='ltr'>repromissionis,</span> <span class='ocrx_word' id='word_1_69' title='bbox 1000 1308 1113 1348; x_wconf 93' lang='lat' dir='ltr'>non</span> <span class='ocrx_word' id='word_1_70' title='bbox 1148 1293 1272 1349; x_wconf 87' lang='lat' dir='ltr'>suis</span> <span class='ocrx_word' id='word_1_71' title='bbox 1302 1293 1411 1349; x_wconf 91' lang='lat' dir='ltr'>hoc</span> <span class='ocrx_word' id='word_1_72' title='bbox 1441 1294 1666 1350; x_wconf 88' lang='lat' dir='ltr'>meritis</span> <span class='ocrx_word' id='word_1_73' title='bbox 1712 1294 1843 1350; x_wconf 88' lang='lat' dir='ltr'>vin-</span> 
     </span>
    </p>
   </div>
   <div class='ocr_carea' id='block_1_12' title="bbox 171 1380 1843 1457">
    <p class='ocr_par' dir='ltr' id='par_1_12' title="bbox 171 1380 1843 1457">
     <span class='ocr_line' id='line_1_12' title="bbox 171 1380 1843 1457; baseline 0.001 -20"><span class='ocrx_word' id='word_1_74' title='bbox 171 1380 478 1437; x_wconf 87' lang='lat' dir='ltr'>dicabant.</span> <span class='ocrx_word' id='word_1_75' title='bbox 517 1380 655 1436; x_wconf 89' lang='lat' dir='ltr'>Ideo</span> <span class='ocrx_word' id='word_1_76' title='bbox 700 1396 803 1436; x_wconf 88' lang='lat' dir='ltr'>nec</span> <span class='ocrx_word' id='word_1_77' title='bbox 853 1381 1080 1453; x_wconf 83' lang='lat' dir='ltr'>Moyses</span> <span class='ocrx_word' id='word_1_78' title='bbox 1130 1398 1228 1437; x_wconf 91' lang='lat' dir='ltr'>eos</span> <span class='ocrx_word' id='word_1_79' title='bbox 1277 1382 1526 1449; x_wconf 88' lang='lat' dir='ltr'>induxit,</span> <span class='ocrx_word' id='word_1_80' title='bbox 1577 1399 1649 1439; x_wconf 92' lang='lat' dir='ltr'>ne</span> <span class='ocrx_word' id='word_1_81' title='bbox 1696 1383 1843 1457; x_wconf 87' lang='lat' dir='ltr'>legis</span> 
     </span>
    </p>
   </div>
   <div class='ocr_carea' id='block_1_13' title="bbox 171 1468 1844 1542">
    <p class='ocr_par' dir='ltr' id='par_1_13' title="bbox 171 1468 1844 1542">
     <span class='ocr_line' id='line_1_13' title="bbox 171 1468 1844 1542; baseline 0.002 -17"><span class='ocrx_word' id='word_1_82' title='bbox 171 1469 281 1525; x_wconf 92' lang='lat' dir='ltr'>hoc</span> <span class='ocrx_word' id='word_1_83' title='bbox 311 1468 703 1525; x_wconf 80' lang='lat' dir='ltr'>existimetur</span> <span class='ocrx_word' id='word_1_84' title='bbox 732 1485 882 1533; x_wconf 90' lang='lat' dir='ltr'>esse,</span> <span class='ocrx_word' id='word_1_85' title='bbox 917 1470 1018 1525; x_wconf 90' lang='lat' dir='ltr'>sed</span> <span class='ocrx_word' id='word_1_86' title='bbox 1051 1470 1289 1542; x_wconf 73' lang='lat' dir='ltr'>gratiae;</span> <span class='ocrx_word' id='word_1_87' title='bbox 1322 1471 1412 1527; x_wconf 87' lang='lat' dir='ltr'>lex</span> <span class='ocrx_word' id='word_1_88' title='bbox 1442 1471 1599 1527; x_wconf 89' lang='lat' dir='ltr'>enim</span> <span class='ocrx_word' id='word_1_89' title='bbox 1633 1473 1844 1529; x_wconf 88' lang='lat' dir='ltr'>merita</span> 
     </span>
    </p>
   </div>
   <div class='ocr_carea' id='block_1_14' title="bbox 172 1556 1844 1632">
    <p class='ocr_par' dir='ltr' id='par_1_14' title="bbox 172 1556 1844 1632">
     <span class='ocr_line' id='line_1_14' title="bbox 172 1556 1844 1632; baseline 0.002 -19"><span class='ocrx_word' id='word_1_90' title='bbox 172 1556 501 1625; x_wconf 79' lang='lat' dir='ltr'>examinat,</span> <span class='ocrx_word' id='word_1_91' title='bbox 567 1556 758 1629; x_wconf 88' lang='lat' dir='ltr'>gratia</span> <span class='ocrx_word' id='word_1_92' title='bbox 815 1556 986 1612; x_wconf 83' lang='lat' dir='ltr'>fidem</span> <span class='ocrx_word' id='word_1_93' title='bbox 1045 1561 1290 1630; x_wconf 87' lang='lat' dir='ltr'>spectat.</span> <span class='ocrx_word' id='word_1_94' title='bbox 1353 1559 1515 1615; x_wconf 89' lang='lat' dir='ltr'>Unde</span> <span class='ocrx_word' id='word_1_95' title='bbox 1571 1560 1844 1632; x_wconf 84' lang='lat' dir='ltr'>praeclare</span> 
     </span>
    </p>
   </div>
   <div class='ocr_carea' id='block_1_15' title="bbox 170 1644 1845 1720">
    <p class='ocr_par' dir='ltr' id='par_1_15' title="bbox 170 1644 1845 1720">
     <span class='ocr_line' id='line_1_15' title="bbox 170 1644 1845 1720; baseline 0.001 -20"><span class='ocrx_word' id='word_1_96' title='bbox 170 1644 501 1718; x_wconf 82' lang='lat' dir='ltr'>Apostolus</span> <span class='ocrx_word' id='word_1_97' title='bbox 535 1645 711 1700; x_wconf 83' lang='lat' dir='ltr'>fidem</span> <span class='ocrx_word' id='word_1_98' title='bbox 738 1648 970 1716; x_wconf 85' lang='lat' dir='ltr'>patrum</span> <span class='ocrx_word' id='word_1_99' title='bbox 1003 1649 1238 1701; x_wconf 89' lang='lat' dir='ltr'>secutus</span> <span class='ocrx_word' id='word_1_100' title='bbox 1272 1647 1389 1702; x_wconf 87' lang='lat' dir='ltr'>ait:</span> <span class='ocrx_word' id='word_1_101' title='bbox 1425 1671 1452 1697; x_wconf 89' lang='grc'>‹‹</span> <span class='ocrx_word' id='word_1_102' title='bbox 1503 1648 1613 1704; x_wconf 86' lang='lat' dir='ltr'>Sed</span> <span class='ocrx_word' id='word_1_103' title='bbox 1660 1664 1845 1720; x_wconf 90' lang='lat' dir='ltr'>neque</span> 
     </span>
    </p>
   </div>
   <div class='ocr_carea' id='block_1_16' title="bbox 1274 266 2530 335">
    <p class='ocr_par' dir='ltr' id='par_1_16' title="bbox 1274 266 2530 335">
     <span class='ocr_line' id='line_1_16' title="bbox 1274 266 2530 335; baseline 0.003 -4"><span class='ocrx_word' id='word_1_104' title='bbox 1274 268 1734 333; x_wconf 79' lang='lat' dir='ltr'>ENARRATIO</span> <span class='ocrx_word' id='word_1_105' title='bbox 1777 266 1857 331; x_wconf 86' lang='lat' dir='ltr'><strong>IN</strong></span> <span class='ocrx_word' id='word_1_106' title='bbox 1900 266 2281 333; x_wconf 82' lang='lat' dir='ltr'>PSA-LMUM</span> <span class='ocrx_word' id='word_1_107' title='bbox 2321 269 2530 335; x_wconf 81' lang='lat' dir='ltr'><strong>XLIII.</strong></span> 
     </span>
    </p>
   </div>
   <div class='ocr_carea' id='block_1_17' title="bbox 169 402 2303 479">
    <p class='ocr_par' dir='ltr' id='par_1_17' title="bbox 169 402 2303 479">
     <span class='ocr_line' id='line_1_17' title="bbox 169 402 2303 479; baseline -0.003 -14"><span class='ocrx_word' id='word_1_108' title='bbox 169 403 393 478; x_wconf 88' lang='lat' dir='ltr'>cordia,</span> <span class='ocrx_word' id='word_1_109' title='bbox 428 421 625 479; x_wconf 88' lang='lat' dir='ltr'>quam</span> <span class='ocrx_word' id='word_1_110' title='bbox 655 421 761 479; x_wconf 90' lang='lat' dir='ltr'>pro</span> <span class='ocrx_word' id='word_1_111' title='bbox 782 406 1119 463; x_wconf 89' lang='lat' dir='ltr'>nostrorum</span> <span class='ocrx_word' id='word_1_112' title='bbox 1147 403 1638 478; x_wconf 88' lang='lat' dir='ltr'>contemplatione</span> <span class='ocrx_word' id='word_1_113' title='bbox 1669 404 1842 460; x_wconf 84' lang='lat' dir='ltr'>facto-</span> <span class='ocrx_word' id='word_1_114' title='bbox 1874 403 1927 469; x_wconf 83' lang='grc' dir='ltr'><strong>Α</strong></span> <span class='ocrx_word' id='word_1_115' title='bbox 1958 406 2024 458; x_wconf 89' lang='lat' dir='ltr'>ut</span> <span class='ocrx_word' id='word_1_116' title='bbox 2078 402 2239 458; x_wconf 89' lang='lat' dir='ltr'>dicas</span> <span class='ocrx_word' id='word_1_117' title='bbox 2290 421 2303 459; x_wconf 95' lang='lat'>:</span> 
     </span>
    </p>
   </div>
   <div class='ocr_carea' id='block_1_18' title="bbox 3444 268 3618 337">
    <p class='ocr_par' dir='ltr' id='par_1_18' title="bbox 3444 268 3618 337">
     <span class='ocr_line' id='line_1_18' title="bbox 3444 268 3618 337; baseline -0.006 -1"><span class='ocrx_word' id='word_1_118' title='bbox 3444 274 3467 336; x_wconf 72' lang='lat' dir='ltr'>l</span> <span class='ocrx_word' id='word_1_119' title='bbox 3484 268 3618 337; x_wconf 63' lang='lat'>1503</span> 
     </span>
    </p>
   </div>
   <div class='ocr_carea' id='block_1_19' title="bbox 2359 392 3600 481">
    <p class='ocr_par' dir='ltr' id='par_1_19' title="bbox 2359 392 3600 481">
     <span class='ocr_line' id='line_1_19' title="bbox 2359 392 3600 481; baseline 0.003 -22"><span class='ocrx_word' id='word_1_120' title='bbox 2359 424 2388 453; x_wconf 87' lang='lat'><strong><em>«</em></strong></span> <span class='ocrx_word' id='word_1_121' title='bbox 2436 403 2522 459; x_wconf 90' lang='lat' dir='ltr'>Tu</span> <span class='ocrx_word' id='word_1_122' title='bbox 2553 418 2615 461; x_wconf 91' lang='lat' dir='ltr'>es</span> <span class='ocrx_word' id='word_1_123' title='bbox 2662 392 2787 477; x_wconf 84' lang='lat' dir='ltr'>ipse</span> <span class='ocrx_word' id='word_1_124' title='bbox 2818 404 2935 464; x_wconf 83' lang='lat' dir='ltr'>Rex</span> <span class='ocrx_word' id='word_1_125' title='bbox 2984 398 3172 467; x_wconf 82' lang='lat' dir='ltr'>meus.</span> <span class='ocrx_word' id='word_1_126' title='bbox 3212 427 3241 458; x_wconf 86' lang='grc'><strong>››</strong></span> <span class='ocrx_word' id='word_1_127' title='bbox 3293 405 3416 464; x_wconf 89' lang='lat' dir='ltr'>Non</span> <span class='ocrx_word' id='word_1_128' title='bbox 3463 405 3600 481; x_wconf 90' lang='lat' dir='ltr'>qui-</span> 
     </span>
    </p>
   </div>
   <div class='ocr_carea' id='block_1_20' title="bbox 1950 492 3595 571">
    <p class='ocr_par' dir='ltr' id='par_1_20' title="bbox 1950 492 3595 571">
     <span class='ocr_line' id='line_1_20' title="bbox 1950 492 3595 571; baseline 0.003 -24"><span class='ocrx_word' id='word_1_129' title='bbox 1950 507 2202 563; x_wconf 87' lang='lat' dir='ltr'>cumque</span> <span class='ocrx_word' id='word_1_130' title='bbox 2230 492 2339 547; x_wconf 89' lang='lat' dir='ltr'>hoc</span> <span class='ocrx_word' id='word_1_131' title='bbox 2368 492 2529 559; x_wconf 90' lang='lat' dir='ltr'>dicit,</span> <span class='ocrx_word' id='word_1_132' title='bbox 2564 492 2662 548; x_wconf 91' lang='lat' dir='ltr'>sed</span> <span class='ocrx_word' id='word_1_133' title='bbox 2697 494 2757 548; x_wconf 85' lang='lat' dir='ltr'>in</span> <span class='ocrx_word' id='word_1_134' title='bbox 2787 510 2904 568; x_wconf 88' lang='lat' dir='ltr'>quo</span> <span class='ocrx_word' id='word_1_135' title='bbox 2935 492 3034 553; x_wconf 91' lang='lat' dir='ltr'>Dei</span> <span class='ocrx_word' id='word_1_136' title='bbox 3066 513 3313 571; x_wconf 80' lang='lat' dir='ltr'>regnum</span> <span class='ocrx_word' id='word_1_137' title='bbox 3344 501 3434 555; x_wconf 90' lang='lat' dir='ltr'>est</span> <span class='ocrx_word' id='word_1_138' title='bbox 3473 514 3486 554; x_wconf 91' lang='lat'>:</span> <span class='ocrx_word' id='word_1_139' title='bbox 3536 498 3595 552; x_wconf 87' lang='lat' dir='ltr'>in</span> 
     </span>
    </p>
   </div>
   <div class='ocr_carea' id='block_1_21' title="bbox 1953 582 3597 657">
    <p class='ocr_par' dir='ltr' id='par_1_21' title="bbox 1953 582 3597 657">
     <span class='ocr_line' id='line_1_21' title="bbox 1953 582 3597 657; baseline 0.004 -23"><span class='ocrx_word' id='word_1_140' title='bbox 1953 597 2068 653; x_wconf 89' lang='lat' dir='ltr'>quo</span> <span class='ocrx_word' id='word_1_141' title='bbox 2098 585 2291 635; x_wconf 77' lang='lat' dir='ltr'>autem</span> <span class='ocrx_word' id='word_1_142' title='bbox 2326 588 2531 653; x_wconf 83' lang='lat' dir='ltr'>regnat</span> <span class='ocrx_word' id='word_1_143' title='bbox 2558 582 2735 648; x_wconf 89' lang='lat' dir='ltr'>Deus,</span> <span class='ocrx_word' id='word_1_144' title='bbox 2769 584 2970 654; x_wconf 88' lang='lat' dir='ltr'>utique</span> <span class='ocrx_word' id='word_1_145' title='bbox 3006 584 3065 639; x_wconf 91' lang='lat' dir='ltr'>in</span> <span class='ocrx_word' id='word_1_146' title='bbox 3098 601 3166 641; x_wconf 91' lang='lat' dir='ltr'>eo</span> <span class='ocrx_word' id='word_1_147' title='bbox 3216 591 3453 657; x_wconf 90' lang='lat' dir='ltr'>peccata</span> <span class='ocrx_word' id='word_1_148' title='bbox 3482 603 3597 642; x_wconf 91' lang='lat' dir='ltr'>non</span> 
     </span>
    </p>
   </div>
   <div class='ocr_carea' id='block_1_22' title="bbox 1951 670 3597 743">
    <p class='ocr_par' dir='ltr' id='par_1_22' title="bbox 1951 670 3597 743">
     <span class='ocr_line' id='line_1_22' title="bbox 1951 670 3597 743; baseline 0.002 -17"><span class='ocrx_word' id='word_1_149' title='bbox 1951 674 2245 743; x_wconf 89' lang='lat' dir='ltr'>regnant:</span> <span class='ocrx_word' id='word_1_150' title='bbox 2306 687 2421 726; x_wconf 90' lang='lat' dir='ltr'>non</span> <span class='ocrx_word' id='word_1_151' title='bbox 2479 670 2636 725; x_wconf 91' lang='lat' dir='ltr'>enim</span> <span class='ocrx_word' id='word_1_152' title='bbox 2688 671 2802 726; x_wconf 89' lang='lat' dir='ltr'>Deo</span> <span class='ocrx_word' id='word_1_153' title='bbox 2852 687 3098 743; x_wconf 89' lang='lat' dir='ltr'>regnum</span> <span class='ocrx_word' id='word_1_154' title='bbox 3152 678 3242 730; x_wconf 89' lang='lat' dir='ltr'>est</span> <span class='ocrx_word' id='word_1_155' title='bbox 3287 691 3597 732; x_wconf 88' lang='lat' dir='ltr'>commune</span> 
     </span>
    </p>
   </div>
   <div class='ocr_carea' id='block_1_23' title="bbox 1951 758 3598 830">
    <p class='ocr_par' dir='ltr' id='par_1_23' title="bbox 1951 758 3598 830">
     <span class='ocr_line' id='line_1_23' title="bbox 1951 758 3598 830; baseline 0.002 -15"><span class='ocrx_word' id='word_1_156' title='bbox 1951 776 2085 815; x_wconf 91' lang='lat' dir='ltr'>cum</span> <span class='ocrx_word' id='word_1_157' title='bbox 2116 758 2381 814; x_wconf 84' lang='lat' dir='ltr'>crimine.</span> <span class='ocrx_word' id='word_1_158' title='bbox 2417 759 2556 825; x_wconf 84' lang='lat' dir='ltr'>Quis</span> <span class='ocrx_word' id='word_1_159' title='bbox 2589 763 2785 813; x_wconf 66' lang='lat' dir='ltr'>autem</span> <span class='ocrx_word' id='word_1_160' title='bbox 2817 759 2958 815; x_wconf 84' lang='lat' dir='ltr'>dicit</span> <span class='ocrx_word' id='word_1_161' title='bbox 3005 761 3187 815; x_wconf 91' lang='lat' dir='ltr'>Deum</span> <span class='ocrx_word' id='word_1_162' title='bbox 3238 778 3433 830; x_wconf 89' lang='lat' dir='ltr'>suum,</span> <span class='ocrx_word' id='word_1_163' title='bbox 3485 762 3598 818; x_wconf 88' lang='lat' dir='ltr'>nisi</span> 
     </span>
    </p>
   </div>
   <div class='ocr_carea' id='block_1_24' title="bbox 1950 846 3600 921">
    <p class='ocr_par' dir='ltr' id='par_1_24' title="bbox 1950 846 3600 921">
     <span class='ocr_line' id='line_1_24' title="bbox 1950 846 3600 921; baseline 0.002 -20"><span class='ocrx_word' id='word_1_164' title='bbox 1950 848 2051 921; x_wconf 87' lang='lat' dir='ltr'>qui</span> <span class='ocrx_word' id='word_1_165' title='bbox 2111 848 2221 921; x_wconf 80' lang='lat' dir='ltr'>ipsi</span> <span class='ocrx_word' id='word_1_166' title='bbox 2278 847 2515 903; x_wconf 87' lang='lat' dir='ltr'>exhibet</span> <span class='ocrx_word' id='word_1_167' title='bbox 2569 846 2810 918; x_wconf 89' lang='lat' dir='ltr'>plenum</span> <span class='ocrx_word' id='word_1_168' title='bbox 2869 848 3203 903; x_wconf 68' lang='lat' dir='ltr'>reverentiae</span> <span class='ocrx_word' id='word_1_169' title='bbox 3262 853 3319 903; x_wconf 90' lang='lat' dir='ltr'>et</span> <span class='ocrx_word' id='word_1_170' title='bbox 3366 850 3600 920; x_wconf 86' lang='lat' dir='ltr'>pietatis</span> 
     </span>
    </p>
   </div>
   <div class='ocr_carea' id='block_1_25' title="bbox 1950 935 3600 1007">
    <p class='ocr_par' dir='ltr' id='par_1_25' title="bbox 1950 935 3600 1007">
     <span class='ocr_line' id='line_1_25' title="bbox 1950 935 3600 1007; baseline 0.001 -16"><span class='ocrx_word' id='word_1_171' title='bbox 1950 936 2468 993; x_wconf 70' lang='lat' dir='ltr'>aifectum?Justo</span> <span class='ocrx_word' id='word_1_172' title='bbox 2520 936 2678 991; x_wconf 90' lang='lat' dir='ltr'>enim</span> <span class='ocrx_word' id='word_1_173' title='bbox 2728 935 2977 991; x_wconf 89' lang='lat' dir='ltr'>dicitur:</span> <span class='ocrx_word' id='word_1_174' title='bbox 3017 957 3045 985; x_wconf 88' lang='grc'>‹‹</span> <span class='ocrx_word' id='word_1_175' title='bbox 3094 937 3212 1007; x_wconf 89' lang='lat' dir='ltr'>Ego</span> <span class='ocrx_word' id='word_1_176' title='bbox 3263 951 3395 991; x_wconf 91' lang='lat' dir='ltr'>sum</span> <span class='ocrx_word' id='word_1_177' title='bbox 3446 936 3600 992; x_wconf 86' lang='lat' dir='ltr'>Deus</span> 
     </span>
    </p>
   </div>
   <div class='ocr_carea' id='block_1_26' title="bbox 1952 1023 3602 1097">
    <p class='ocr_par' dir='ltr' id='par_1_26' title="bbox 1952 1023 3602 1097">
     <span class='ocr_line' id='line_1_26' title="bbox 1952 1023 3602 1097; baseline -0.001 -17"><span class='ocrx_word' id='word_1_178' title='bbox 1952 1030 2091 1081; x_wconf 89' lang='lat' dir='ltr'>tuus</span> <span class='ocrx_word' id='word_1_179' title='bbox 2122 1026 2273 1097; x_wconf 77' lang='lat' dir='ltr'>(Osee</span> <span class='ocrx_word' id='word_1_180' title='bbox 2299 1042 2400 1092; x_wconf 78' lang='lat' dir='ltr'>x11,</span> <span class='ocrx_word' id='word_1_181' title='bbox 2432 1025 2507 1091; x_wconf 88' lang='lat'>9).</span> <span class='ocrx_word' id='word_1_182' title='bbox 2544 1049 2571 1073; x_wconf 84' lang='lat'>»</span> <span class='ocrx_word' id='word_1_183' title='bbox 2608 1023 2868 1095; x_wconf 89' lang='lat' dir='ltr'>Denique</span> <span class='ocrx_word' id='word_1_184' title='bbox 2901 1027 2957 1078; x_wconf 88' lang='lat' dir='ltr'>et</span> <span class='ocrx_word' id='word_1_185' title='bbox 2987 1024 3245 1079; x_wconf 86' lang='lat' dir='ltr'>Thomas</span> <span class='ocrx_word' id='word_1_186' title='bbox 3278 1024 3377 1080; x_wconf 92' lang='lat' dir='ltr'>ubi</span> <span class='ocrx_word' id='word_1_187' title='bbox 3411 1023 3602 1097; x_wconf 85' lang='lat' dir='ltr'>tetigit</span> 
     </span>
    </p>
   </div>
   <div class='ocr_carea' id='block_1_27' title="bbox 1952 1112 3601 1185">
    <p class='ocr_par' dir='ltr' id='par_1_27' title="bbox 1952 1112 3601 1185">
     <span class='ocr_line' id='line_1_27' title="bbox 1952 1112 3601 1185; baseline -0.001 -15"><span class='ocrx_word' id='word_1_188' title='bbox 1952 1113 2397 1185; x_wconf 85' lang='lat' dir='ltr'>manu-propria</span> <span class='ocrx_word' id='word_1_189' title='bbox 2443 1112 2598 1169; x_wconf 89' lang='lat' dir='ltr'>latus</span> <span class='ocrx_word' id='word_1_190' title='bbox 2645 1112 2881 1177; x_wconf 86' lang='lat' dir='ltr'>Christi,</span> <span class='ocrx_word' id='word_1_191' title='bbox 2943 1116 2999 1167; x_wconf 87' lang='lat' dir='ltr'>et</span> <span class='ocrx_word' id='word_1_192' title='bbox 3044 1112 3333 1168; x_wconf 87' lang='lat' dir='ltr'>evidentia</span> <span class='ocrx_word' id='word_1_193' title='bbox 3382 1112 3601 1168; x_wconf 91' lang='lat' dir='ltr'>indicia</span> 
     </span>
    </p>
   </div>
   <div class='ocr_carea' id='block_1_28' title="bbox 1951 1200 3595 1275">
    <p class='ocr_par' dir='ltr' id='par_1_28' title="bbox 1951 1200 3595 1275">
     <span class='ocr_line' id='line_1_28' title="bbox 1951 1200 3595 1275; baseline -0.001 -16"><span class='ocrx_word' id='word_1_194' title='bbox 1951 1203 2293 1259; x_wconf 75' lang='lat' dir='ltr'>indubitatae</span> <span class='ocrx_word' id='word_1_195' title='bbox 2369 1201 2813 1259; x_wconf 86' lang='lat' dir='ltr'>resurrectionis</span> <span class='ocrx_word' id='word_1_196' title='bbox 2890 1200 3147 1265; x_wconf 86' lang='lat' dir='ltr'>invenit,</span> <span class='ocrx_word' id='word_1_197' title='bbox 3229 1201 3595 1275; x_wconf 89' lang='lat' dir='ltr'>respondit:</span> 
     </span>
    </p>
   </div>
   <div class='ocr_carea' id='block_1_29' title="bbox 1952 1291 3596 1361">
    <p class='ocr_par' dir='ltr' id='par_1_29' title="bbox 1952 1291 3596 1361">
     <span class='ocr_line' id='line_1_29' title="bbox 1952 1291 3596 1361; baseline -0.005 -13"><span class='ocrx_word' id='word_1_198' title='bbox 1952 1292 2235 1348; x_wconf 89' lang='lat' dir='ltr'>Dominus</span> <span class='ocrx_word' id='word_1_199' title='bbox 2268 1307 2453 1355; x_wconf 89' lang='lat' dir='ltr'>meus,</span> <span class='ocrx_word' id='word_1_200' title='bbox 2503 1295 2560 1345; x_wconf 91' lang='lat' dir='ltr'>et</span> <span class='ocrx_word' id='word_1_201' title='bbox 2617 1291 2768 1345; x_wconf 89' lang='lat' dir='ltr'>Deus</span> <span class='ocrx_word' id='word_1_202' title='bbox 2826 1305 2992 1344; x_wconf 85' lang='lat' dir='ltr'>meus</span> <span class='ocrx_word' id='word_1_203' title='bbox 3051 1291 3331 1359; x_wconf 80' lang='lat' dir='ltr'>(Joan.xx,</span> <span class='ocrx_word' id='word_1_204' title='bbox 3393 1292 3501 1361; x_wconf 82' lang='lat'>28).</span> <span class='ocrx_word' id='word_1_205' title='bbox 3569 1314 3596 1341; x_wconf 73' lang='grc' dir='ltr'><strong>υ</strong></span> 
     </span>
    </p>
   </div>
   <div class='ocr_carea' id='block_1_30' title="bbox 1951 1376 3603 1451">
    <p class='ocr_par' dir='ltr' id='par_1_30' title="bbox 1951 1376 3603 1451">
     <span class='ocr_line' id='line_1_30' title="bbox 1951 1376 3603 1451; baseline -0.001 -15"><span class='ocrx_word' id='word_1_206' title='bbox 1951 1379 2256 1444; x_wconf 88' lang='lat' dir='ltr'>Dominus,</span> <span class='ocrx_word' id='word_1_207' title='bbox 2290 1380 2430 1451; x_wconf 88' lang='lat' dir='ltr'>quia</span> <span class='ocrx_word' id='word_1_208' title='bbox 2459 1379 2706 1434; x_wconf 90' lang='lat' dir='ltr'>redemit</span> <span class='ocrx_word' id='word_1_209' title='bbox 2735 1376 2996 1433; x_wconf 81' lang='lat' dir='ltr'>servulos</span> <span class='ocrx_word' id='word_1_210' title='bbox 3028 1394 3201 1432; x_wconf 86' lang='lat' dir='ltr'>suos:</span> <span class='ocrx_word' id='word_1_211' title='bbox 3231 1378 3405 1444; x_wconf 88' lang='lat' dir='ltr'>Deus,</span> <span class='ocrx_word' id='word_1_212' title='bbox 3462 1379 3603 1451; x_wconf 90' lang='lat' dir='ltr'>quia</span> 
     </span>
    </p>
   </div>
   <div class='ocr_carea' id='block_1_31' title="bbox 1953 1466 3600 1538">
    <p class='ocr_par' dir='ltr' id='par_1_31' title="bbox 1953 1466 3600 1538">
     <span class='ocr_line' id='line_1_31' title="bbox 1953 1466 3600 1538; baseline -0.001 -14"><span class='ocrx_word' id='word_1_213' title='bbox 1953 1486 2067 1524; x_wconf 92' lang='lat' dir='ltr'>non</span> <span class='ocrx_word' id='word_1_214' title='bbox 2099 1467 2290 1524; x_wconf 91' lang='lat' dir='ltr'>solum</span> <span class='ocrx_word' id='word_1_215' title='bbox 2322 1467 2658 1532; x_wconf 84' lang='lat' dir='ltr'>resurrexit,</span> <span class='ocrx_word' id='word_1_216' title='bbox 2702 1468 2802 1522; x_wconf 91' lang='lat' dir='ltr'>sed</span> <span class='ocrx_word' id='word_1_217' title='bbox 2825 1467 3001 1522; x_wconf 87' lang='lat' dir='ltr'>etiam</span> <span class='ocrx_word' id='word_1_218' title='bbox 3022 1466 3147 1538; x_wconf 91' lang='lat' dir='ltr'>ipse</span> <span class='ocrx_word' id='word_1_219' title='bbox 3182 1483 3243 1522; x_wconf 90' lang='lat' dir='ltr'>se</span> <span class='ocrx_word' id='word_1_220' title='bbox 3275 1468 3600 1523; x_wconf 89' lang='lat' dir='ltr'>suscitavit.</span> 
     </span>
    </p>
   </div>
   <div class='ocr_carea' id='block_1_32' title="bbox 1952 1554 3603 1627">
    <p class='ocr_par' dir='ltr' id='par_1_32' title="bbox 1952 1554 3603 1627">
     <span class='ocr_line' id='line_1_32' title="bbox 1952 1554 3603 1627; baseline -0.001 -15"><span class='ocrx_word' id='word_1_221' title='bbox 1952 1557 2248 1613; x_wconf 87' lang='lat' dir='ltr'>Mandavit</span> <span class='ocrx_word' id='word_1_222' title='bbox 2279 1561 2473 1612; x_wconf 87' lang='lat' dir='ltr'>autem</span> <span class='ocrx_word' id='word_1_223' title='bbox 2524 1555 2742 1611; x_wconf 89' lang='lat' dir='ltr'>salutes</span> <span class='ocrx_word' id='word_1_224' title='bbox 2789 1556 3007 1622; x_wconf 90' lang='lat' dir='ltr'>Jacob;</span> <span class='ocrx_word' id='word_1_225' title='bbox 3061 1554 3199 1627; x_wconf 89' lang='lat' dir='ltr'>quia</span> <span class='ocrx_word' id='word_1_226' title='bbox 3246 1554 3307 1610; x_wconf 86' lang='lat' dir='ltr'>in</span> <span class='ocrx_word' id='word_1_227' title='bbox 3350 1555 3603 1627; x_wconf 83' lang='lat' dir='ltr'>singulis</span> 
     </span>
    </p>
   </div>
   <div class='ocr_carea' id='block_1_33' title="bbox 1940 1631 3604 1715">
    <p class='ocr_par' dir='ltr' id='par_1_33' title="bbox 1940 1631 3604 1715">
     <span class='ocr_line' id='line_1_33' title="bbox 1940 1631 3604 1715; baseline -0.001 -15"><span class='ocrx_word' id='word_1_228' title='bbox 1940 1631 2203 1700; x_wconf 80' lang='lat' dir='ltr'>oraculis</span> <span class='ocrx_word' id='word_1_229' title='bbox 2234 1643 2397 1700; x_wconf 78' lang='lat' dir='ltr'>salus</span> <span class='ocrx_word' id='word_1_230' title='bbox 2440 1648 2569 1699; x_wconf 89' lang='lat' dir='ltr'>est:</span> <span class='ocrx_word' id='word_1_231' title='bbox 2621 1643 2681 1698; x_wconf 89' lang='lat' dir='ltr'>in</span> <span class='ocrx_word' id='word_1_232' title='bbox 2731 1644 2980 1715; x_wconf 81' lang='lat' dir='ltr'>singulis</span> <span class='ocrx_word' id='word_1_233' title='bbox 3026 1660 3257 1715; x_wconf 88' lang='lat' dir='ltr'>quoque</span> <span class='ocrx_word' id='word_1_234' title='bbox 3308 1642 3472 1699; x_wconf 88' lang='lat' dir='ltr'>salus</span> <span class='ocrx_word' id='word_1_235' title='bbox 3515 1649 3604 1701; x_wconf 88' lang='lat' dir='ltr'>est</span> 
     </span>
    </p>
   </div>
   <div class='ocr_carea' id='block_1_34' title="bbox 173 1730 3603 1835">
    <p class='ocr_par' dir='ltr' id='par_1_34' title="bbox 173 1730 3603 1835">
     <span class='ocr_line' id='line_1_34' title="bbox 173 1730 3603 1835; baseline 0 -47"><span class='ocrx_word' id='word_1_236' title='bbox 173 1730 272 1806; x_wconf 63' lang='grc' dir='ltr'><strong>(χῖιὶ</strong></span> <span class='ocrx_word' id='word_1_237' title='bbox 304 1731 573 1806; x_wconf 87' lang='lat' dir='ltr'>plantat,</span> <span class='ocrx_word' id='word_1_238' title='bbox 605 1737 693 1789; x_wconf 89' lang='lat' dir='ltr'>est</span> <span class='ocrx_word' id='word_1_239' title='bbox 723 1733 1066 1805; x_wconf 89' lang='lat' dir='ltr'>quidquam,</span> <span class='ocrx_word' id='word_1_240' title='bbox 1115 1751 1305 1806; x_wconf 88' lang='lat' dir='ltr'>neque</span> <span class='ocrx_word' id='word_1_241' title='bbox 1354 1736 1454 1807; x_wconf 90' lang='lat' dir='ltr'>qui</span> <span class='ocrx_word' id='word_1_242' title='bbox 1501 1737 1689 1809; x_wconf 87' lang='lat' dir='ltr'>rigat;</span> <span class='ocrx_word' id='word_1_243' title='bbox 1742 1736 1842 1791; x_wconf 90' lang='lat' dir='ltr'>sed</span> <span class='ocrx_word' id='word_1_244' title='bbox 1876 1770 1924 1835; x_wconf 82' lang='grc' dir='ltr'><strong>Β</strong></span> <span class='ocrx_word' id='word_1_245' title='bbox 1956 1732 2399 1789; x_wconf 86' lang='lat' dir='ltr'>mansionibus:</span> <span class='ocrx_word' id='word_1_246' title='bbox 2435 1732 2595 1789; x_wconf 88' lang='lat' dir='ltr'>salus</span> <span class='ocrx_word' id='word_1_247' title='bbox 2623 1731 2683 1787; x_wconf 91' lang='lat' dir='ltr'>in</span> <span class='ocrx_word' id='word_1_248' title='bbox 2717 1731 3060 1789; x_wconf 83' lang='lat' dir='ltr'>ministeriis</span> <span class='ocrx_word' id='word_1_249' title='bbox 3090 1731 3455 1805; x_wconf 85' lang='lat' dir='ltr'>angelorum,</span> <span class='ocrx_word' id='word_1_250' title='bbox 3501 1732 3603 1805; x_wconf 89' lang='lat' dir='ltr'>qui</span> 
     </span>
    </p>
   </div>
   <div class='ocr_carea' id='block_1_35' title="bbox 175 1821 3603 1894">
    <p class='ocr_par' dir='ltr' id='par_1_35' title="bbox 175 1821 3603 1894">
     <span class='ocr_line' id='line_1_35' title="bbox 175 1821 3603 1894; baseline 0 -16"><span class='ocrx_word' id='word_1_251' title='bbox 175 1821 277 1894; x_wconf 91' lang='lat' dir='ltr'>qui</span> <span class='ocrx_word' id='word_1_252' title='bbox 307 1822 757 1878; x_wconf 88' lang='lat' dir='ltr'>incrementum</span> <span class='ocrx_word' id='word_1_253' title='bbox 789 1823 890 1877; x_wconf 92' lang='lat' dir='ltr'>dat</span> <span class='ocrx_word' id='word_1_254' title='bbox 935 1822 1088 1878; x_wconf 88' lang='lat' dir='ltr'>Deus</span> <span class='ocrx_word' id='word_1_255' title='bbox 1120 1824 1168 1894; x_wconf 94' lang='grc' dir='ltr'>(Ι</span> <span class='ocrx_word' id='word_1_256' title='bbox 1217 1823 1338 1879; x_wconf 86' lang='lat' dir='ltr'>Cor.</span> <span class='ocrx_word' id='word_1_257' title='bbox 1381 1842 1470 1892; x_wconf 82' lang='grc' dir='ltr'><strong>ιιι,</strong></span> <span class='ocrx_word' id='word_1_258' title='bbox 1516 1828 1593 1894; x_wconf 90' lang='grc'>7).</span> <span class='ocrx_word' id='word_1_259' title='bbox 1631 1847 1659 1875; x_wconf 89' lang='grc'><strong>››</strong></span> <span class='ocrx_word' id='word_1_260' title='bbox 1716 1826 1842 1879; x_wconf 91' lang='lat' dir='ltr'>Non</span> <span class='ocrx_word' id='word_1_261' title='bbox 1876 1821 1923 1835; x_wconf 81' lang='grc'><em>”’</em></span> <span class='ocrx_word' id='word_1_262' title='bbox 1954 1822 2027 1878; x_wconf 90' lang='lat' dir='ltr'>ad</span> <span class='ocrx_word' id='word_1_263' title='bbox 2059 1822 2477 1894; x_wconf 91' lang='lat' dir='ltr'>protectionem</span> <span class='ocrx_word' id='word_1_264' title='bbox 2510 1821 2817 1877; x_wconf 88' lang='lat' dir='ltr'>hominum</span> <span class='ocrx_word' id='word_1_265' title='bbox 2841 1822 3307 1893; x_wconf 87' lang='lat' dir='ltr'>deputantur.Ex</span> <span class='ocrx_word' id='word_1_266' title='bbox 3327 1822 3603 1878; x_wconf 89' lang='lat' dir='ltr'>mandato</span> 
     </span>
    </p>
   </div>
   <div class='ocr_carea' id='block_1_36' title="bbox 174 1910 1845 1986">
    <p class='ocr_par' dir='ltr' id='par_1_36' title="bbox 174 1910 1845 1986">
     <span class='ocr_line' id='line_1_36' title="bbox 174 1910 1845 1986; baseline 0.001 -20"><span class='ocrx_word' id='word_1_267' title='bbox 174 1910 332 1966; x_wconf 87' lang='lat' dir='ltr'>enim</span> <span class='ocrx_word' id='word_1_268' title='bbox 364 1911 556 1967; x_wconf 90' lang='lat' dir='ltr'>Jesus</span> <span class='ocrx_word' id='word_1_269' title='bbox 581 1910 734 1966; x_wconf 85' lang='lat' dir='ltr'>Nave</span> <span class='ocrx_word' id='word_1_270' title='bbox 763 1911 863 1982; x_wconf 86' lang='lat' dir='ltr'>qui</span> <span class='ocrx_word' id='word_1_271' title='bbox 897 1911 1144 1978; x_wconf 88' lang='lat' dir='ltr'>induxit,</span> <span class='ocrx_word' id='word_1_272' title='bbox 1179 1928 1369 1984; x_wconf 89' lang='lat' dir='ltr'>neque</span> <span class='ocrx_word' id='word_1_273' title='bbox 1409 1914 1509 1986; x_wconf 90' lang='lat' dir='ltr'>qui</span> <span class='ocrx_word' id='word_1_274' title='bbox 1560 1912 1845 1986; x_wconf 85' lang='lat' dir='ltr'>plantavit</span> 
     </span>
    </p>
   </div>
   <div class='ocr_carea' id='block_1_37' title="bbox 176 1998 1845 2072">
    <p class='ocr_par' dir='ltr' id='par_1_37' title="bbox 176 1998 1845 2072">
     <span class='ocr_line' id='line_1_37' title="bbox 176 1998 1845 2072; baseline 0.001 -17"><span class='ocrx_word' id='word_1_275' title='bbox 176 2016 275 2056; x_wconf 91' lang='lat' dir='ltr'>eos</span> <span class='ocrx_word' id='word_1_276' title='bbox 302 2018 316 2068; x_wconf 93' lang='lat'><strong>;</strong></span> <span class='ocrx_word' id='word_1_277' title='bbox 353 2000 465 2056; x_wconf 90' lang='lat' dir='ltr'>sed</span> <span class='ocrx_word' id='word_1_278' title='bbox 499 2004 655 2055; x_wconf 91' lang='lat' dir='ltr'>Deus</span> <span class='ocrx_word' id='word_1_279' title='bbox 678 1998 777 2070; x_wconf 91' lang='lat' dir='ltr'>qui</span> <span class='ocrx_word' id='word_1_280' title='bbox 800 1998 1229 2055; x_wconf 90' lang='lat' dir='ltr'>incrementum</span> <span class='ocrx_word' id='word_1_281' title='bbox 1244 2001 1459 2072; x_wconf 90' lang='lat' dir='ltr'>populo</span> <span class='ocrx_word' id='word_1_282' title='bbox 1483 2001 1845 2069; x_wconf 89' lang='lat' dir='ltr'>dedit,habet</span> 
     </span>
    </p>
   </div>
   <div class='ocr_carea' id='block_1_38' title="bbox 175 2087 843 2161">
    <p class='ocr_par' dir='ltr' id='par_1_38' title="bbox 175 2087 843 2161">
     <span class='ocr_line' id='line_1_38' title="bbox 175 2087 843 2161; baseline -0.004 -17"><span class='ocrx_word' id='word_1_283' title='bbox 175 2087 377 2161; x_wconf 70' lang='lat' dir='ltr'>gloriae</span> <span class='ocrx_word' id='word_1_284' title='bbox 413 2087 843 2161; x_wconf 90' lang='lat' dir='ltr'>principatum.</span> 
     </span>
    </p>
   </div>
   <div class='ocr_carea' id='block_1_39' title="bbox 250 2176 1844 2249">
    <p class='ocr_par' dir='ltr' id='par_1_39' title="bbox 250 2176 1844 2249">
     <span class='ocr_line' id='line_1_39' title="bbox 250 2176 1844 2249; baseline 0.003 -19"><span class='ocrx_word' id='word_1_285' title='bbox 250 2177 340 2232; x_wconf 84' lang='grc'>13.</span> <span class='ocrx_word' id='word_1_286' title='bbox 374 2177 504 2233; x_wconf 91' lang='lat' dir='ltr'>Nec</span> <span class='ocrx_word' id='word_1_287' title='bbox 533 2180 591 2232; x_wconf 89' lang='lat' dir='ltr'>te</span> <span class='ocrx_word' id='word_1_288' title='bbox 621 2179 847 2231; x_wconf 88' lang='lat' dir='ltr'>moveat</span> <span class='ocrx_word' id='word_1_289' title='bbox 876 2176 1016 2247; x_wconf 90' lang='lat' dir='ltr'>quia</span> <span class='ocrx_word' id='word_1_290' title='bbox 1044 2177 1315 2249; x_wconf 90' lang='lat' dir='ltr'>superius</span> <span class='ocrx_word' id='word_1_291' title='bbox 1354 2178 1500 2233; x_wconf 89' lang='lat' dir='ltr'>dixit</span> <span class='ocrx_word' id='word_1_292' title='bbox 1528 2197 1540 2234; x_wconf 93' lang='lat'>:</span> <span class='ocrx_word' id='word_1_293' title='bbox 1576 2202 1603 2229; x_wconf 90' lang='grc'>‹‹</span> <span class='ocrx_word' id='word_1_294' title='bbox 1636 2179 1844 2235; x_wconf 90' lang='lat' dir='ltr'>Manus</span> 
     </span>
    </p>
   </div>
   <div class='ocr_carea' id='block_1_40' title="bbox 180 2264 1840 2338">
    <p class='ocr_par' dir='ltr' id='par_1_40' title="bbox 180 2264 1840 2338">
     <span class='ocr_line' id='line_1_40' title="bbox 180 2264 1840 2338; baseline 0.001 -17"><span class='ocrx_word' id='word_1_295' title='bbox 180 2268 284 2321; x_wconf 88' lang='lat' dir='ltr'>tua</span> <span class='ocrx_word' id='word_1_296' title='bbox 340 2268 562 2338; x_wconf 87' lang='lat' dir='ltr'>gentes</span> <span class='ocrx_word' id='word_1_297' title='bbox 619 2264 988 2336; x_wconf 90' lang='lat' dir='ltr'>disperdidit,</span> <span class='ocrx_word' id='word_1_298' title='bbox 1049 2269 1106 2321; x_wconf 90' lang='lat' dir='ltr'>et</span> <span class='ocrx_word' id='word_1_299' title='bbox 1160 2266 1437 2338; x_wconf 90' lang='lat' dir='ltr'>plantasti</span> <span class='ocrx_word' id='word_1_300' title='bbox 1495 2283 1593 2323; x_wconf 89' lang='lat' dir='ltr'>eos</span> <span class='ocrx_word' id='word_1_301' title='bbox 1651 2268 1840 2338; x_wconf 82' lang='lat' dir='ltr'>(Psal.</span> 
     </span>
    </p>
   </div>
   <div class='ocr_carea' id='block_1_41' title="bbox 178 2352 1871 2429">
    <p class='ocr_par' dir='ltr' id='par_1_41' title="bbox 178 2352 1871 2429">
     <span class='ocr_line' id='line_1_41' title="bbox 178 2352 1871 2429; baseline 0.003 -22"><span class='ocrx_word' id='word_1_302' title='bbox 178 2370 357 2422; x_wconf 69' lang='lat' dir='ltr'>xnxn,</span> <span class='ocrx_word' id='word_1_303' title='bbox 389 2354 473 2425; x_wconf 91' lang='lat'>3).</span> <span class='ocrx_word' id='word_1_304' title='bbox 513 2375 542 2403; x_wconf 83' lang='grc'><strong>››</strong></span> <span class='ocrx_word' id='word_1_305' title='bbox 574 2352 720 2409; x_wconf 89' lang='lat' dir='ltr'>Hinc</span> <span class='ocrx_word' id='word_1_306' title='bbox 750 2352 907 2409; x_wconf 90' lang='lat' dir='ltr'>enim</span> <span class='ocrx_word' id='word_1_307' title='bbox 937 2352 1165 2427; x_wconf 88' lang='lat' dir='ltr'>colligis</span> <span class='ocrx_word' id='word_1_308' title='bbox 1196 2355 1334 2427; x_wconf 92' lang='lat' dir='ltr'>quia</span> <span class='ocrx_word' id='word_1_309' title='bbox 1363 2372 1479 2411; x_wconf 91' lang='lat' dir='ltr'>non</span> <span class='ocrx_word' id='word_1_310' title='bbox 1518 2358 1710 2412; x_wconf 90' lang='lat' dir='ltr'>omnis</span> <span class='ocrx_word' id='word_1_311' title='bbox 1742 2358 1871 2429; x_wconf 21' lang='lat' dir='ltr'>quia</span> 
     </span>
    </p>
   </div>
   <div class='ocr_carea' id='block_1_42' title="bbox 181 2438 1842 2518">
    <p class='ocr_par' dir='ltr' id='par_1_42' title="bbox 181 2438 1842 2518">
     <span class='ocr_line' id='line_1_42' title="bbox 181 2438 1842 2518; baseline 0.004 -25"><span class='ocrx_word' id='word_1_312' title='bbox 181 2438 434 2511; x_wconf 76' lang='lat' dir='ltr'>plantat,</span> <span class='ocrx_word' id='word_1_313' title='bbox 467 2444 574 2496; x_wconf 89' lang='lat' dir='ltr'>aut</span> <span class='ocrx_word' id='word_1_314' title='bbox 603 2441 703 2514; x_wconf 90' lang='lat' dir='ltr'>qui</span> <span class='ocrx_word' id='word_1_315' title='bbox 735 2441 902 2514; x_wconf 87' lang='lat' dir='ltr'>rigat,</span> <span class='ocrx_word' id='word_1_316' title='bbox 935 2441 1361 2500; x_wconf 88' lang='lat' dir='ltr'>incrementum</span> <span class='ocrx_word' id='word_1_317' title='bbox 1411 2444 1545 2499; x_wconf 89' lang='lat' dir='ltr'>dat:</span> <span class='ocrx_word' id='word_1_318' title='bbox 1597 2446 1698 2500; x_wconf 91' lang='lat' dir='ltr'>sed</span> <span class='ocrx_word' id='word_1_319' title='bbox 1743 2445 1842 2518; x_wconf 89' lang='lat' dir='ltr'>qui</span> 
     </span>
    </p>
   </div>
   <div class='ocr_carea' id='block_1_43' title="bbox 180 2527 1841 2605">
    <p class='ocr_par' dir='ltr' id='par_1_43' title="bbox 180 2527 1841 2605">
     <span class='ocr_line' id='line_1_43' title="bbox 180 2527 1841 2605; baseline 0.005 -23"><span class='ocrx_word' id='word_1_320' title='bbox 180 2527 625 2585; x_wconf 84' lang='lat' dir='ltr'>incrementum</span> <span class='ocrx_word' id='word_1_321' title='bbox 684 2533 875 2601; x_wconf 89' lang='lat' dir='ltr'>potest</span> <span class='ocrx_word' id='word_1_322' title='bbox 920 2532 1079 2597; x_wconf 89' lang='lat' dir='ltr'>dare,</span> <span class='ocrx_word' id='word_1_323' title='bbox 1135 2536 1326 2604; x_wconf 87' lang='lat' dir='ltr'>potest</span> <span class='ocrx_word' id='word_1_324' title='bbox 1381 2532 1507 2605; x_wconf 91' lang='lat' dir='ltr'>ipse</span> <span class='ocrx_word' id='word_1_325' title='bbox 1554 2532 1841 2605; x_wconf 89' lang='lat' dir='ltr'>plantare,</span> 
     </span>
    </p>
   </div>
   <div class='ocr_carea' id='block_1_44' title="bbox 181 2614 1843 2693">
    <p class='ocr_par' dir='ltr' id='par_1_44' title="bbox 181 2614 1843 2693">
     <span class='ocr_line' id='line_1_44' title="bbox 181 2614 1843 2693; baseline 0.004 -22"><span class='ocrx_word' id='word_1_326' title='bbox 181 2614 336 2672; x_wconf 89' lang='lat' dir='ltr'>sicut</span> <span class='ocrx_word' id='word_1_327' title='bbox 365 2621 579 2690; x_wconf 87' lang='lat' dir='ltr'>gentes</span> <span class='ocrx_word' id='word_1_328' title='bbox 608 2618 905 2691; x_wconf 88' lang='lat' dir='ltr'>plantasse</span> <span class='ocrx_word' id='word_1_329' title='bbox 935 2619 1151 2675; x_wconf 89' lang='lat' dir='ltr'>dicitur</span> <span class='ocrx_word' id='word_1_330' title='bbox 1188 2620 1491 2677; x_wconf 88' lang='lat' dir='ltr'>Dominus.</span> <span class='ocrx_word' id='word_1_331' title='bbox 1527 2621 1656 2693; x_wconf 89' lang='lat' dir='ltr'>Ipse</span> <span class='ocrx_word' id='word_1_332' title='bbox 1687 2622 1843 2679; x_wconf 91' lang='lat' dir='ltr'>enim</span> 
     </span>
    </p>
   </div>
   <div class='ocr_carea' id='block_1_45' title="bbox 180 2702 1845 2779">
    <p class='ocr_par' dir='ltr' id='par_1_45' title="bbox 180 2702 1845 2779">
     <span class='ocr_line' id='line_1_45' title="bbox 180 2702 1845 2779; baseline 0.005 -20"><span class='ocrx_word' id='word_1_333' title='bbox 180 2702 495 2776; x_wconf 87' lang='lat' dir='ltr'>plantavit,</span> <span class='ocrx_word' id='word_1_334' title='bbox 531 2706 633 2779; x_wconf 90' lang='lat' dir='ltr'>qui</span> <span class='ocrx_word' id='word_1_335' title='bbox 664 2706 1008 2779; x_wconf 89' lang='lat' dir='ltr'>plantationi</span> <span class='ocrx_word' id='word_1_336' title='bbox 1049 2709 1289 2764; x_wconf 91' lang='lat' dir='ltr'>donavit</span> <span class='ocrx_word' id='word_1_337' title='bbox 1333 2709 1644 2779; x_wconf 71' lang='lat' dir='ltr'>affectum;</span> <span class='ocrx_word' id='word_1_338' title='bbox 1680 2711 1739 2766; x_wconf 90' lang='lat' dir='ltr'>in</span> <span class='ocrx_word' id='word_1_339' title='bbox 1770 2711 1845 2768; x_wconf 90' lang='lat' dir='ltr'>iis</span> 
     </span>
    </p>
   </div>
   <div class='ocr_carea' id='block_1_46' title="bbox 183 2795 1844 2871">
    <p class='ocr_par' dir='ltr' id='par_1_46' title="bbox 183 2795 1844 2871">
     <span class='ocr_line' id='line_1_46' title="bbox 183 2795 1844 2871; baseline 0.004 -23"><span class='ocrx_word' id='word_1_340' title='bbox 183 2796 383 2849; x_wconf 89' lang='lat' dir='ltr'>tamen</span> <span class='ocrx_word' id='word_1_341' title='bbox 425 2795 532 2867; x_wconf 90' lang='lat' dir='ltr'>qui</span> <span class='ocrx_word' id='word_1_342' title='bbox 562 2811 665 2867; x_wconf 90' lang='lat' dir='ltr'>per</span> <span class='ocrx_word' id='word_1_343' title='bbox 696 2795 870 2850; x_wconf 82' lang='lat' dir='ltr'>ﬁdem</span> <span class='ocrx_word' id='word_1_344' title='bbox 916 2795 1130 2851; x_wconf 84' lang='lat' dir='ltr'>Christi</span> <span class='ocrx_word' id='word_1_345' title='bbox 1182 2797 1428 2854; x_wconf 92' lang='lat' dir='ltr'>Domino</span> <span class='ocrx_word' id='word_1_346' title='bbox 1460 2798 1687 2871; x_wconf 85' lang='lat' dir='ltr'>placere</span> <span class='ocrx_word' id='word_1_347' title='bbox 1717 2816 1844 2855; x_wconf 87' lang='lat' dir='ltr'>me-</span> 
     </span>
    </p>
   </div>
   <div class='ocr_carea' id='block_1_47' title="bbox 184 2882 1844 2951">
    <p class='ocr_par' dir='ltr' id='par_1_47' title="bbox 184 2882 1844 2951">
     <span class='ocr_line' id='line_1_47' title="bbox 184 2882 1844 2951; baseline 0.004 -14"><span class='ocrx_word' id='word_1_348' title='bbox 184 2887 460 2951; x_wconf 85' lang='lat' dir='ltr'>ruerunt,</span> <span class='ocrx_word' id='word_1_349' title='bbox 505 2883 599 2938; x_wconf 91' lang='lat' dir='ltr'>cui</span> <span class='ocrx_word' id='word_1_350' title='bbox 650 2882 755 2938; x_wconf 88' lang='lat' dir='ltr'>soli</span> <span class='ocrx_word' id='word_1_351' title='bbox 817 2901 850 2938; x_wconf 89' lang='lat' dir='ltr'>a</span> <span class='ocrx_word' id='word_1_352' title='bbox 901 2883 1066 2940; x_wconf 89' lang='lat' dir='ltr'>Patre</span> <span class='ocrx_word' id='word_1_353' title='bbox 1121 2885 1338 2942; x_wconf 91' lang='lat' dir='ltr'>dicitur</span> <span class='ocrx_word' id='word_1_354' title='bbox 1392 2887 1546 2943; x_wconf 90' lang='lat' dir='ltr'>Deo:</span> <span class='ocrx_word' id='word_1_355' title='bbox 1580 2911 1609 2938; x_wconf 85' lang='lat'><strong><em>«</em></strong></span> <span class='ocrx_word' id='word_1_356' title='bbox 1662 2888 1844 2944; x_wconf 88' lang='lat' dir='ltr'>Filius</span> 
     </span>
    </p>
   </div>
   <div class='ocr_carea' id='block_1_48' title="bbox 188 2971 1839 3049">
    <p class='ocr_par' dir='ltr' id='par_1_48' title="bbox 188 2971 1839 3049">
     <span class='ocr_line' id='line_1_48' title="bbox 188 2971 1839 3049; baseline 0.001 -24"><span class='ocrx_word' id='word_1_357' title='bbox 188 2986 358 3027; x_wconf 89' lang='lat' dir='ltr'>meus</span> <span class='ocrx_word' id='word_1_358' title='bbox 409 2975 478 3027; x_wconf 90' lang='lat' dir='ltr'>tu</span> <span class='ocrx_word' id='word_1_359' title='bbox 541 2987 639 3027; x_wconf 89' lang='lat' dir='ltr'>es:</span> <span class='ocrx_word' id='word_1_360' title='bbox 698 2971 756 3027; x_wconf 91' lang='lat' dir='ltr'>in</span> <span class='ocrx_word' id='word_1_361' title='bbox 805 2976 861 3028; x_wconf 88' lang='lat' dir='ltr'>te</span> <span class='ocrx_word' id='word_1_362' title='bbox 921 2972 1247 3045; x_wconf 90' lang='lat' dir='ltr'>complacui</span> <span class='ocrx_word' id='word_1_363' title='bbox 1306 2976 1489 3046; x_wconf 83' lang='lat' dir='ltr'>(Marc,</span> <span class='ocrx_word' id='word_1_364' title='bbox 1544 2995 1584 3043; x_wconf 84' lang='lat'>1,</span> <span class='ocrx_word' id='word_1_365' title='bbox 1644 2977 1754 3049; x_wconf 76' lang='grc'>41).</span> <span class='ocrx_word' id='word_1_366' title='bbox 1810 2999 1839 3027; x_wconf 86' lang='grc'><strong>››</strong></span> 
     </span>
    </p>
   </div>
   <div class='ocr_carea' id='block_1_49' title="bbox 188 3058 1843 3138">
    <p class='ocr_par' dir='ltr' id='par_1_49' title="bbox 188 3058 1843 3138">
     <span class='ocr_line' id='line_1_49' title="bbox 188 3058 1843 3138; baseline 0.005 -26"><span class='ocrx_word' id='word_1_367' title='bbox 188 3058 294 3124; x_wconf 85' lang='lat' dir='ltr'>Qui</span> <span class='ocrx_word' id='word_1_368' title='bbox 328 3076 473 3133; x_wconf 77' lang='lat' dir='ltr'>ergo</span> <span class='ocrx_word' id='word_1_369' title='bbox 508 3058 819 3132; x_wconf 88' lang='lat' dir='ltr'>participes</span> <span class='ocrx_word' id='word_1_370' title='bbox 860 3060 1069 3116; x_wconf 84' lang='lat' dir='ltr'>Christi</span> <span class='ocrx_word' id='word_1_371' title='bbox 1122 3066 1279 3129; x_wconf 89' lang='lat' dir='ltr'>sunt,</span> <span class='ocrx_word' id='word_1_372' title='bbox 1330 3064 1402 3119; x_wconf 88' lang='lat' dir='ltr'>ab</span> <span class='ocrx_word' id='word_1_373' title='bbox 1451 3081 1517 3120; x_wconf 92' lang='lat' dir='ltr'>eo</span> <span class='ocrx_word' id='word_1_374' title='bbox 1575 3065 1843 3138; x_wconf 86' lang='lat' dir='ltr'>placendi</span> 
     </span>
    </p>
   </div>
   <div class='ocr_carea' id='block_1_50' title="bbox 1951 1909 3603 1983">
    <p class='ocr_par' dir='ltr' id='par_1_50' title="bbox 1951 1909 3603 1983">
     <span class='ocr_line' id='line_1_50' title="bbox 1951 1909 3603 1983; baseline 0 -17"><span class='ocrx_word' id='word_1_375' title='bbox 1951 1927 2088 1983; x_wconf 89' lang='lat' dir='ltr'>ergo</span> <span class='ocrx_word' id='word_1_376' title='bbox 2117 1911 2213 1966; x_wconf 89' lang='lat' dir='ltr'>Dei</span> <span class='ocrx_word' id='word_1_377' title='bbox 2247 1909 2408 1966; x_wconf 89' lang='lat' dir='ltr'>salus</span> <span class='ocrx_word' id='word_1_378' title='bbox 2439 1910 2690 1976; x_wconf 86' lang='lat' dir='ltr'>homini,</span> <span class='ocrx_word' id='word_1_379' title='bbox 2726 1927 2840 1965; x_wconf 89' lang='lat' dir='ltr'>non</span> <span class='ocrx_word' id='word_1_380' title='bbox 2875 1927 2943 1964; x_wconf 83' lang='lat' dir='ltr'>ex</span> <span class='ocrx_word' id='word_1_381' title='bbox 2976 1927 3081 1965; x_wconf 86' lang='lat' dir='ltr'>sua</span> <span class='ocrx_word' id='word_1_382' title='bbox 3112 1909 3445 1981; x_wconf 89' lang='lat' dir='ltr'>operatione</span> <span class='ocrx_word' id='word_1_383' title='bbox 3469 1927 3603 1966; x_wconf 88' lang='lat' dir='ltr'>con-</span> 
     </span>
    </p>
   </div>
   <div class='ocr_carea' id='block_1_51' title="bbox 1953 1998 3601 2070">
    <p class='ocr_par' dir='ltr' id='par_1_51' title="bbox 1953 1998 3601 2070">
     <span class='ocr_line' id='line_1_51' title="bbox 1953 1998 3601 2070; baseline 0 -16"><span class='ocrx_word' id='word_1_384' title='bbox 1953 2000 2155 2055; x_wconf 87' lang='lat' dir='ltr'>fertur.</span> <span class='ocrx_word' id='word_1_385' title='bbox 2189 2001 2345 2055; x_wconf 88' lang='lat' dir='ltr'>Dens</span> <span class='ocrx_word' id='word_1_386' title='bbox 2373 1998 2529 2055; x_wconf 89' lang='lat' dir='ltr'>enim</span> <span class='ocrx_word' id='word_1_387' title='bbox 2563 1998 2769 2054; x_wconf 87' lang='lat' dir='ltr'>maluit</span> <span class='ocrx_word' id='word_1_388' title='bbox 2799 2002 2865 2054; x_wconf 92' lang='lat' dir='ltr'>ut</span> <span class='ocrx_word' id='word_1_389' title='bbox 2895 1998 3056 2054; x_wconf 91' lang='lat' dir='ltr'>salus</span> <span class='ocrx_word' id='word_1_390' title='bbox 3088 1998 3310 2053; x_wconf 88' lang='lat' dir='ltr'>homini</span> <span class='ocrx_word' id='word_1_391' title='bbox 3358 1999 3469 2053; x_wconf 85' lang='lat' dir='ltr'>fide</span> <span class='ocrx_word' id='word_1_392' title='bbox 3501 2016 3601 2070; x_wconf 87' lang='lat' dir='ltr'>po-</span> 
     </span>
    </p>
   </div>
   <div class='ocr_carea' id='block_1_52' title="bbox 1949 2086 3603 2161">
    <p class='ocr_par' dir='ltr' id='par_1_52' title="bbox 1949 2086 3603 2161">
     <span class='ocr_line' id='line_1_52' title="bbox 1949 2086 3603 2161; baseline 0 -18"><span class='ocrx_word' id='word_1_393' title='bbox 1949 2089 2271 2161; x_wconf 88' lang='lat' dir='ltr'>tius,quam</span> <span class='ocrx_word' id='word_1_394' title='bbox 2304 2089 2579 2161; x_wconf 89' lang='lat' dir='ltr'>operibus</span> <span class='ocrx_word' id='word_1_395' title='bbox 2605 2093 3059 2161; x_wconf 71' lang='lat' dir='ltr'>quaereretur,ne</span> <span class='ocrx_word' id='word_1_396' title='bbox 3089 2088 3223 2160; x_wconf 89' lang='lat' dir='ltr'>quis</span> <span class='ocrx_word' id='word_1_397' title='bbox 3250 2086 3603 2159; x_wconf 88' lang='lat' dir='ltr'>gloriaretur</span> 
     </span>
    </p>
   </div>
   <div class='ocr_carea' id='block_1_53' title="bbox 1954 2175 3597 2250">
    <p class='ocr_par' dir='ltr' id='par_1_53' title="bbox 1954 2175 3597 2250">
     <span class='ocr_line' id='line_1_53' title="bbox 1954 2175 3597 2250; baseline 0.001 -20"><span class='ocrx_word' id='word_1_398' title='bbox 1954 2176 2013 2231; x_wconf 90' lang='lat' dir='ltr'>in</span> <span class='ocrx_word' id='word_1_399' title='bbox 2041 2177 2164 2233; x_wconf 89' lang='lat' dir='ltr'>suis</span> <span class='ocrx_word' id='word_1_400' title='bbox 2196 2177 2384 2241; x_wconf 82' lang='lat' dir='ltr'>factis,</span> <span class='ocrx_word' id='word_1_401' title='bbox 2416 2183 2474 2233; x_wconf 91' lang='lat' dir='ltr'>et</span> <span class='ocrx_word' id='word_1_402' title='bbox 2503 2181 2805 2250; x_wconf 89' lang='lat' dir='ltr'>peccatum</span> <span class='ocrx_word' id='word_1_403' title='bbox 2853 2176 3193 2232; x_wconf 87' lang='lat' dir='ltr'>incurreret.</span> <span class='ocrx_word' id='word_1_404' title='bbox 3245 2175 3351 2240; x_wconf 89' lang='lat' dir='ltr'>Qui</span> <span class='ocrx_word' id='word_1_405' title='bbox 3400 2178 3597 2232; x_wconf 90' lang='lat' dir='ltr'>autem</span> 
     </span>
    </p>
   </div>
   <div class='ocr_carea' id='block_1_54' title="bbox 1952 2262 3605 2337">
    <p class='ocr_par' dir='ltr' id='par_1_54' title="bbox 1952 2262 3605 2337">
     <span class='ocr_line' id='line_1_54' title="bbox 1952 2262 3605 2337; baseline -0.001 -17"><span class='ocrx_word' id='word_1_406' title='bbox 1952 2262 2237 2337; x_wconf 87' lang='lat' dir='ltr'>gloriatur</span> <span class='ocrx_word' id='word_1_407' title='bbox 2265 2266 2322 2321; x_wconf 90' lang='lat' dir='ltr'>in</span> <span class='ocrx_word' id='word_1_408' title='bbox 2355 2266 2627 2333; x_wconf 89' lang='lat' dir='ltr'>Domino,</span> <span class='ocrx_word' id='word_1_409' title='bbox 2659 2267 2914 2322; x_wconf 83' lang='lat' dir='ltr'>fructum</span> <span class='ocrx_word' id='word_1_410' title='bbox 2947 2265 3182 2337; x_wconf 84' lang='lat' dir='ltr'>pietatis</span> <span class='ocrx_word' id='word_1_411' title='bbox 3229 2263 3504 2337; x_wconf 88' lang='lat' dir='ltr'>acquirit,</span> <span class='ocrx_word' id='word_1_412' title='bbox 3547 2268 3605 2321; x_wconf 90' lang='lat' dir='ltr'>et</span> 
     </span>
    </p>
   </div>
   <div class='ocr_carea' id='block_1_55' title="bbox 1945 2354 2737 2424">
    <p class='ocr_par' dir='ltr' id='par_1_55' title="bbox 1945 2354 2737 2424">
     <span class='ocr_line' id='line_1_55' title="bbox 1945 2354 2737 2424; baseline 0 -16"><span class='ocrx_word' id='word_1_413' title='bbox 1945 2354 2240 2424; x_wconf 65' lang='lat' dir='ltr'>jactantiaz</span> <span class='ocrx_word' id='word_1_414' title='bbox 2273 2354 2494 2410; x_wconf 90' lang='lat' dir='ltr'>crimen</span> <span class='ocrx_word' id='word_1_415' title='bbox 2525 2355 2737 2410; x_wconf 88' lang='lat' dir='ltr'>evadit.</span> 
     </span>
    </p>
   </div>
   <div class='ocr_carea' id='block_1_56' title="bbox 2027 2442 3604 2516">
    <p class='ocr_par' dir='ltr' id='par_1_56' title="bbox 2027 2442 3604 2516">
     <span class='ocr_line' id='line_1_56' title="bbox 2027 2442 3604 2516; baseline 0.002 -20"><span class='ocrx_word' id='word_1_416' title='bbox 2027 2444 2111 2497; x_wconf 90' lang='grc'>15.</span> <span class='ocrx_word' id='word_1_417' title='bbox 2146 2442 2331 2514; x_wconf 89' lang='lat' dir='ltr'>(Vers.</span> <span class='ocrx_word' id='word_1_418' title='bbox 2383 2443 2462 2513; x_wconf 87' lang='lat'>6.)</span> <span class='ocrx_word' id='word_1_419' title='bbox 2518 2443 2622 2497; x_wconf 88' lang='lat' dir='ltr'>Hic</span> <span class='ocrx_word' id='word_1_420' title='bbox 2668 2442 2847 2516; x_wconf 90' lang='lat' dir='ltr'>igitur</span> <span class='ocrx_word' id='word_1_421' title='bbox 2892 2446 2979 2498; x_wconf 91' lang='lat' dir='ltr'>est</span> <span class='ocrx_word' id='word_1_422' title='bbox 3028 2442 3126 2515; x_wconf 92' lang='lat' dir='ltr'>qui</span> <span class='ocrx_word' id='word_1_423' title='bbox 3177 2445 3367 2514; x_wconf 85' lang='lat' dir='ltr'>potest</span> <span class='ocrx_word' id='word_1_424' title='bbox 3412 2442 3604 2499; x_wconf 85' lang='lat' dir='ltr'>dicere</span> 
     </span>
    </p>
   </div>
   <div class='ocr_carea' id='block_1_57' title="bbox 1953 2530 3601 2587">
    <p class='ocr_par' dir='ltr' id='par_1_57' title="bbox 1953 2530 3601 2587">
     <span class='ocr_line' id='line_1_57' title="bbox 1953 2530 3601 2587; baseline 0.001 -1"><span class='ocrx_word' id='word_1_425' title='bbox 1953 2553 1980 2581; x_wconf 85' lang='lat'><strong>«</strong></span> <span class='ocrx_word' id='word_1_426' title='bbox 2033 2531 2097 2586; x_wconf 88' lang='lat' dir='ltr'><strong>In</strong></span> <span class='ocrx_word' id='word_1_427' title='bbox 2141 2536 2198 2586; x_wconf 91' lang='lat' dir='ltr'>te</span> <span class='ocrx_word' id='word_1_428' title='bbox 2250 2530 2521 2586; x_wconf 90' lang='lat' dir='ltr'>inimicos</span> <span class='ocrx_word' id='word_1_429' title='bbox 2562 2536 2792 2587; x_wconf 90' lang='lat' dir='ltr'>nostros</span> <span class='ocrx_word' id='word_1_430' title='bbox 2843 2530 3257 2587; x_wconf 89' lang='lat' dir='ltr'>ventilabimus</span> <span class='ocrx_word' id='word_1_431' title='bbox 3317 2548 3521 2587; x_wconf 86' lang='lat' dir='ltr'>cornu.</span> <span class='ocrx_word' id='word_1_432' title='bbox 3572 2554 3601 2580; x_wconf 88' lang='lat'><strong>»</strong></span> 
     </span>
    </p>
   </div>
   <div class='ocr_carea' id='block_1_58' title="bbox 1953 2618 3604 2683">
    <p class='ocr_par' dir='ltr' id='par_1_58' title="bbox 1953 2618 3604 2683">
     <span class='ocr_line' id='line_1_58' title="bbox 1953 2618 3604 2683; baseline 0.001 -9"><span class='ocrx_word' id='word_1_433' title='bbox 1953 2619 2103 2683; x_wconf 87' lang='lat' dir='ltr'>Quid</span> <span class='ocrx_word' id='word_1_434' title='bbox 2134 2624 2224 2676; x_wconf 92' lang='lat' dir='ltr'>est</span> <span class='ocrx_word' id='word_1_435' title='bbox 2252 2618 2530 2675; x_wconf 88' lang='lat' dir='ltr'>ventilare</span> <span class='ocrx_word' id='word_1_436' title='bbox 2577 2620 2805 2675; x_wconf 86' lang='lat' dir='ltr'>cornu?</span> <span class='ocrx_word' id='word_1_437' title='bbox 2854 2620 3022 2675; x_wconf 89' lang='lat' dir='ltr'>Dedit</span> <span class='ocrx_word' id='word_1_438' title='bbox 3056 2619 3335 2676; x_wconf 90' lang='lat' dir='ltr'>Dominus</span> <span class='ocrx_word' id='word_1_439' title='bbox 3383 2636 3604 2677; x_wconf 91' lang='lat' dir='ltr'>cornua</span> 
     </span>
    </p>
   </div>
   <div class='ocr_carea' id='block_1_59' title="bbox 1954 2707 3603 2781">
    <p class='ocr_par' dir='ltr' id='par_1_59' title="bbox 1954 2707 3603 2781">
     <span class='ocr_line' id='line_1_59' title="bbox 1954 2707 3603 2781; baseline 0.001 -18"><span class='ocrx_word' id='word_1_440' title='bbox 1954 2707 2225 2781; x_wconf 90' lang='lat' dir='ltr'>pluribus</span> <span class='ocrx_word' id='word_1_441' title='bbox 2256 2707 2679 2775; x_wconf 89' lang='lat' dir='ltr'>animantibus,</span> <span class='ocrx_word' id='word_1_442' title='bbox 2711 2712 2778 2763; x_wconf 92' lang='lat' dir='ltr'>ut</span> <span class='ocrx_word' id='word_1_443' title='bbox 2809 2708 3038 2779; x_wconf 87' lang='lat' dir='ltr'>possint</span> <span class='ocrx_word' id='word_1_444' title='bbox 3069 2723 3130 2763; x_wconf 89' lang='lat' dir='ltr'>se</span> <span class='ocrx_word' id='word_1_445' title='bbox 3161 2726 3194 2764; x_wconf 91' lang='lat' dir='ltr'>a</span> <span class='ocrx_word' id='word_1_446' title='bbox 3227 2708 3482 2765; x_wconf 87' lang='lat' dir='ltr'>ferarum</span> <span class='ocrx_word' id='word_1_447' title='bbox 3513 2710 3603 2764; x_wconf 84' lang='lat' dir='ltr'>in-</span> 
     </span>
    </p>
   </div>
   <div class='ocr_carea' id='block_1_60' title="bbox 1954 2796 3604 2869">
    <p class='ocr_par' dir='ltr' id='par_1_60' title="bbox 1954 2796 3604 2869">
     <span class='ocr_line' id='line_1_60' title="bbox 1954 2796 3604 2869; baseline 0 -18"><span class='ocrx_word' id='word_1_448' title='bbox 1954 2797 2220 2853; x_wconf 86' lang='lat' dir='ltr'>cursione</span> <span class='ocrx_word' id='word_1_449' title='bbox 2250 2797 2579 2852; x_wconf 89' lang='lat' dir='ltr'>defendere.</span> <span class='ocrx_word' id='word_1_450' title='bbox 2617 2797 2867 2869; x_wconf 89' lang='lat' dir='ltr'>Ideoque</span> <span class='ocrx_word' id='word_1_451' title='bbox 2899 2801 2956 2851; x_wconf 90' lang='lat' dir='ltr'>et</span> <span class='ocrx_word' id='word_1_452' title='bbox 2983 2797 3090 2852; x_wconf 90' lang='lat' dir='ltr'>bos</span> <span class='ocrx_word' id='word_1_453' title='bbox 3123 2796 3277 2853; x_wconf 90' lang='lat' dir='ltr'>leoni</span> <span class='ocrx_word' id='word_1_454' title='bbox 3326 2797 3604 2869; x_wconf 88' lang='lat' dir='ltr'>frequen-</span> 
     </span>
    </p>
   </div>
   <div class='ocr_carea' id='block_1_61' title="bbox 1953 2885 3602 2957">
    <p class='ocr_par' dir='ltr' id='par_1_61' title="bbox 1953 2885 3602 2957">
     <span class='ocr_line' id='line_1_61' title="bbox 1953 2885 3602 2957; baseline -0.001 -17"><span class='ocrx_word' id='word_1_455' title='bbox 1953 2888 2042 2940; x_wconf 89' lang='lat' dir='ltr'>ter</span> <span class='ocrx_word' id='word_1_456' title='bbox 2070 2885 2291 2940; x_wconf 88' lang='lat' dir='ltr'>resistit</span> <span class='ocrx_word' id='word_1_457' title='bbox 2321 2902 2527 2940; x_wconf 89' lang='lat' dir='ltr'>ursum</span> <span class='ocrx_word' id='word_1_458' title='bbox 2560 2886 2842 2956; x_wconf 88' lang='lat' dir='ltr'>proterit;</span> <span class='ocrx_word' id='word_1_459' title='bbox 2877 2902 3080 2941; x_wconf 88' lang='lat' dir='ltr'>cervus</span> <span class='ocrx_word' id='word_1_460' title='bbox 3111 2900 3347 2957; x_wconf 89' lang='lat' dir='ltr'>quoque</span> <span class='ocrx_word' id='word_1_461' title='bbox 3395 2900 3602 2956; x_wconf 89' lang='lat' dir='ltr'>quam-</span> 
     </span>
    </p>
   </div>
   <div class='ocr_carea' id='block_1_62' title="bbox 1953 2973 3599 3045">
    <p class='ocr_par' dir='ltr' id='par_1_62' title="bbox 1953 2973 3599 3045">
     <span class='ocr_line' id='line_1_62' title="bbox 1953 2973 3599 3045; baseline 0 -16"><span class='ocrx_word' id='word_1_462' title='bbox 1953 2973 2038 3030; x_wconf 89' lang='lat' dir='ltr'>vis</span> <span class='ocrx_word' id='word_1_463' title='bbox 2069 2975 2145 3029; x_wconf 88' lang='lat' dir='ltr'>sit</span> <span class='ocrx_word' id='word_1_464' title='bbox 2175 2974 2440 3045; x_wconf 88' lang='lat' dir='ltr'>pavidus,</span> <span class='ocrx_word' id='word_1_465' title='bbox 2472 2978 2668 3029; x_wconf 90' lang='lat' dir='ltr'>tamen</span> <span class='ocrx_word' id='word_1_466' title='bbox 2702 2982 2755 3029; x_wconf 89' lang='lat' dir='ltr'>el</span> <span class='ocrx_word' id='word_1_467' title='bbox 2786 2974 2910 3045; x_wconf 91' lang='lat' dir='ltr'>ipse</span> <span class='ocrx_word' id='word_1_468' title='bbox 2949 2973 3223 3030; x_wconf 88' lang='lat' dir='ltr'>cornibus</span> <span class='ocrx_word' id='word_1_469' title='bbox 3255 2991 3317 3030; x_wconf 89' lang='lat' dir='ltr'>se</span> <span class='ocrx_word' id='word_1_470' title='bbox 3363 2978 3599 3030; x_wconf 88' lang='lat' dir='ltr'>tuetur:</span> 
     </span>
    </p>
   </div>
   <div class='ocr_carea' id='block_1_63' title="bbox 1959 3061 3604 3135">
    <p class='ocr_par' dir='ltr' id='par_1_63' title="bbox 1959 3061 3604 3135">
     <span class='ocr_line' id='line_1_63' title="bbox 1959 3061 3604 3135; baseline 0.001 -18"><span class='ocrx_word' id='word_1_471' title='bbox 1959 3062 2108 3118; x_wconf 91' lang='lat' dir='ltr'>aries</span> <span class='ocrx_word' id='word_1_472' title='bbox 2138 3078 2371 3134; x_wconf 86' lang='lat' dir='ltr'>quoque</span> <span class='ocrx_word' id='word_1_473' title='bbox 2401 3062 2610 3116; x_wconf 88' lang='lat' dir='ltr'>arietat</span> <span class='ocrx_word' id='word_1_474' title='bbox 2639 3061 2866 3134; x_wconf 90' lang='lat' dir='ltr'>lupum.</span> <span class='ocrx_word' id='word_1_475' title='bbox 2902 3063 3051 3133; x_wconf 85' lang='lat' dir='ltr'>Ergo</span> <span class='ocrx_word' id='word_1_476' title='bbox 3095 3079 3162 3118; x_wconf 89' lang='lat' dir='ltr'>ea</span> <span class='ocrx_word' id='word_1_477' title='bbox 3217 3080 3344 3135; x_wconf 82' lang='lat' dir='ltr'>quae</span> <span class='ocrx_word' id='word_1_478' title='bbox 3383 3078 3604 3118; x_wconf 87' lang='lat' dir='ltr'>cornua</span> 
     </span>
    </p>
   </div>
   <div class='ocr_carea' id='block_1_64' title="bbox 191 3129 3601 3226">
    <p class='ocr_par' dir='ltr' id='par_1_64' title="bbox 191 3129 3601 3226">
     <span class='ocr_line' id='line_1_64' title="bbox 191 3129 3601 3226; baseline 0 -23"><span class='ocrx_word' id='word_1_479' title='bbox 191 3129 446 3218; x_wconf 77' lang='lat' dir='ltr'>gratiam</span> <span class='ocrx_word' id='word_1_480' title='bbox 479 3129 940 3219; x_wconf 78' lang='lat' dir='ltr'>consequuntur.</span> <span class='ocrx_word' id='word_1_481' title='bbox 971 3149 1042 3204; x_wconf 87' lang='lat' dir='ltr'>Et</span> <span class='ocrx_word' id='word_1_482' title='bbox 1081 3149 1320 3221; x_wconf 76' lang='lat' dir='ltr'>pulchre</span> <span class='ocrx_word' id='word_1_483' title='bbox 1352 3151 1467 3206; x_wconf 92' lang='lat' dir='ltr'>ait:</span> <span class='ocrx_word' id='word_1_484' title='bbox 1506 3173 1535 3203; x_wconf 88' lang='lat'><strong>«</strong></span> <span class='ocrx_word' id='word_1_485' title='bbox 1576 3129 1845 3226; x_wconf 76' lang='lat' dir='ltr'>Compla-</span> <span class='ocrx_word' id='word_1_486' title='bbox 1878 3129 1921 3197; x_wconf 66' lang='grc' dir='ltr'>α</span> <span class='ocrx_word' id='word_1_487' title='bbox 1959 3129 2176 3205; x_wconf 83' lang='lat' dir='ltr'>habent</span> <span class='ocrx_word' id='word_1_488' title='bbox 2201 3129 2787 3215; x_wconf 80' lang='lat' dir='ltr'>animalia,ventilare</span> <span class='ocrx_word' id='word_1_489' title='bbox 2817 3129 3252 3206; x_wconf 47' lang='lat' dir='ltr'>dicuntur.Sed—</span> <span class='ocrx_word' id='word_1_490' title='bbox 3267 3150 3443 3206; x_wconf 88' lang='lat' dir='ltr'>homo</span> <span class='ocrx_word' id='word_1_491' title='bbox 3475 3166 3601 3205; x_wconf 89' lang='lat' dir='ltr'>cor-</span> 
     </span>
    </p>
   </div>
   <div class='ocr_carea' id='block_1_65' title="bbox 192 3235 1846 3313">
    <p class='ocr_par' dir='ltr' id='par_1_65' title="bbox 192 3235 1846 3313">
     <span class='ocr_line' id='line_1_65' title="bbox 192 3235 1846 3313; baseline 0.006 -24"><span class='ocrx_word' id='word_1_492' title='bbox 192 3235 312 3289; x_wconf 88' lang='lat' dir='ltr'>cuit</span> <span class='ocrx_word' id='word_1_493' title='bbox 341 3236 453 3291; x_wconf 88' lang='lat' dir='ltr'>tibi</span> <span class='ocrx_word' id='word_1_494' title='bbox 484 3236 545 3291; x_wconf 92' lang='lat' dir='ltr'>in</span> <span class='ocrx_word' id='word_1_495' title='bbox 578 3235 715 3304; x_wconf 90' lang='lat' dir='ltr'>illis,</span> <span class='ocrx_word' id='word_1_496' title='bbox 754 3259 780 3285; x_wconf 88' lang='lat'><strong>»</strong></span> <span class='ocrx_word' id='word_1_497' title='bbox 816 3241 877 3292; x_wconf 91' lang='lat' dir='ltr'>ut</span> <span class='ocrx_word' id='word_1_498' title='bbox 909 3238 1192 3293; x_wconf 90' lang='lat' dir='ltr'>distantia</span> <span class='ocrx_word' id='word_1_499' title='bbox 1239 3239 1504 3294; x_wconf 87' lang='lat' dir='ltr'>videatur</span> <span class='ocrx_word' id='word_1_500' title='bbox 1542 3243 1675 3313; x_wconf 89' lang='lat' dir='ltr'>jure</span> <span class='ocrx_word' id='word_1_501' title='bbox 1727 3259 1846 3298; x_wconf 88' lang='lat' dir='ltr'>ser-</span> 
     </span>
    </p>
   </div>
   <div class='ocr_carea' id='block_1_66' title="bbox 192 3325 1849 3405">
    <p class='ocr_par' dir='ltr' id='par_1_66' title="bbox 192 3325 1849 3405">
     <span class='ocr_line' id='line_1_66' title="bbox 192 3325 1849 3405; baseline 0.007 -29"><span class='ocrx_word' id='word_1_502' title='bbox 192 3326 344 3380; x_wconf 89' lang='lat' dir='ltr'>vata.</span> <span class='ocrx_word' id='word_1_503' title='bbox 389 3325 567 3381; x_wconf 81' lang='lat' dir='ltr'>Recte</span> <span class='ocrx_word' id='word_1_504' title='bbox 621 3326 775 3380; x_wconf 89' lang='lat' dir='ltr'>enim</span> <span class='ocrx_word' id='word_1_505' title='bbox 826 3327 979 3382; x_wconf 90' lang='lat' dir='ltr'>Deus</span> <span class='ocrx_word' id='word_1_506' title='bbox 1026 3327 1085 3381; x_wconf 90' lang='lat' dir='ltr'>in</span> <span class='ocrx_word' id='word_1_507' title='bbox 1136 3326 1278 3384; x_wconf 89' lang='lat' dir='ltr'>Filio</span> <span class='ocrx_word' id='word_1_508' title='bbox 1333 3329 1657 3401; x_wconf 87' lang='lat' dir='ltr'>complacet</span> <span class='ocrx_word' id='word_1_509' title='bbox 1710 3332 1849 3405; x_wconf 86' lang='lat' dir='ltr'>quia</span> 
     </span>
    </p>
   </div>
   <div class='ocr_carea' id='block_1_67' title="bbox 194 3413 1843 3489">
    <p class='ocr_par' dir='ltr' id='par_1_67' title="bbox 194 3413 1843 3489">
     <span class='ocr_line' id='line_1_67' title="bbox 194 3413 1843 3489; baseline 0.007 -24"><span class='ocrx_word' id='word_1_510' title='bbox 194 3413 439 3484; x_wconf 62' lang='lat' dir='ltr'>aequalis</span> <span class='ocrx_word' id='word_1_511' title='bbox 469 3417 561 3470; x_wconf 90' lang='lat' dir='ltr'>est</span> <span class='ocrx_word' id='word_1_512' title='bbox 606 3414 781 3485; x_wconf 89' lang='lat' dir='ltr'>Patri,</span> <span class='ocrx_word' id='word_1_513' title='bbox 828 3431 934 3471; x_wconf 90' lang='lat' dir='ltr'>nec</span> <span class='ocrx_word' id='word_1_514' title='bbox 982 3416 1040 3471; x_wconf 90' lang='lat' dir='ltr'>in</span> <span class='ocrx_word' id='word_1_515' title='bbox 1091 3415 1210 3471; x_wconf 89' lang='lat' dir='ltr'>ullo</span> <span class='ocrx_word' id='word_1_516' title='bbox 1253 3417 1486 3474; x_wconf 90' lang='lat' dir='ltr'>decolor</span> <span class='ocrx_word' id='word_1_517' title='bbox 1531 3418 1843 3489; x_wconf 87' lang='lat' dir='ltr'>invenitur,</span> 
     </span>
    </p>
   </div>
   <div class='ocr_carea' id='block_1_68' title="bbox 193 3500 1846 3576">
    <p class='ocr_par' dir='ltr' id='par_1_68' title="bbox 193 3500 1846 3576">
     <span class='ocr_line' id='line_1_68' title="bbox 193 3500 1846 3576; baseline 0.008 -23"><span class='ocrx_word' id='word_1_518' title='bbox 193 3500 332 3572; x_wconf 89' lang='lat' dir='ltr'>quia</span> <span class='ocrx_word' id='word_1_519' title='bbox 375 3501 704 3575; x_wconf 82' lang='lat' dir='ltr'>complacet</span> <span class='ocrx_word' id='word_1_520' title='bbox 762 3503 972 3560; x_wconf 72' lang='lat' dir='ltr'>divinae</span> <span class='ocrx_word' id='word_1_521' title='bbox 1019 3504 1154 3576; x_wconf 86' lang='lat' dir='ltr'>jure</span> <span class='ocrx_word' id='word_1_522' title='bbox 1209 3510 1453 3575; x_wconf 83' lang='lat' dir='ltr'>naturae,</span> <span class='ocrx_word' id='word_1_523' title='bbox 1511 3510 1568 3562; x_wconf 93' lang='lat' dir='ltr'>et</span> <span class='ocrx_word' id='word_1_524' title='bbox 1621 3509 1846 3567; x_wconf 90' lang='lat' dir='ltr'>unitate</span> 
     </span>
    </p>
   </div>
   <div class='ocr_carea' id='block_1_69' title="bbox 190 3588 1840 3666">
    <p class='ocr_par' dir='ltr' id='par_1_69' title="bbox 190 3588 1840 3666">
     <span class='ocr_line' id='line_1_69' title="bbox 190 3588 1840 3666; baseline 0.005 -22"><span class='ocrx_word' id='word_1_525' title='bbox 190 3588 561 3647; x_wconf 75' lang='lat' dir='ltr'>substantias.</span> <span class='ocrx_word' id='word_1_526' title='bbox 622 3592 692 3646; x_wconf 90' lang='lat' dir='ltr'>Et</span> <span class='ocrx_word' id='word_1_527' title='bbox 747 3596 898 3648; x_wconf 87' lang='lat' dir='ltr'>recte</span> <span class='ocrx_word' id='word_1_528' title='bbox 947 3593 1272 3666; x_wconf 84' lang='lat' dir='ltr'>complacet</span> <span class='ocrx_word' id='word_1_529' title='bbox 1311 3593 1372 3649; x_wconf 94' lang='lat' dir='ltr'>in</span> <span class='ocrx_word' id='word_1_530' title='bbox 1434 3593 1572 3652; x_wconf 87' lang='lat' dir='ltr'>Filio</span> <span class='ocrx_word' id='word_1_531' title='bbox 1631 3596 1840 3666; x_wconf 89' lang='lat' dir='ltr'>Pater;</span> 
     </span>
    </p>
   </div>
   <div class='ocr_carea' id='block_1_70' title="bbox 189 3676 1842 3747">
    <p class='ocr_par' dir='ltr' id='par_1_70' title="bbox 189 3676 1842 3747">
     <span class='ocr_line' id='line_1_70' title="bbox 189 3676 1842 3747; baseline 0.007 -15"><span class='ocrx_word' id='word_1_532' title='bbox 189 3676 325 3747; x_wconf 79' lang='lat' dir='ltr'>quia</span> <span class='ocrx_word' id='word_1_533' title='bbox 356 3678 537 3736; x_wconf 85' lang='lat' dir='ltr'>Pater</span> <span class='ocrx_word' id='word_1_534' title='bbox 577 3678 996 3736; x_wconf 84' lang='lat' dir='ltr'>honorificatur</span> <span class='ocrx_word' id='word_1_535' title='bbox 1042 3682 1101 3737; x_wconf 91' lang='lat' dir='ltr'>in</span> <span class='ocrx_word' id='word_1_536' title='bbox 1151 3681 1311 3747; x_wconf 86' lang='lat' dir='ltr'>Filio,</span> <span class='ocrx_word' id='word_1_537' title='bbox 1366 3682 1518 3739; x_wconf 91' lang='lat' dir='ltr'>sicut</span> <span class='ocrx_word' id='word_1_538' title='bbox 1565 3685 1623 3740; x_wconf 90' lang='lat' dir='ltr'>in</span> <span class='ocrx_word' id='word_1_539' title='bbox 1673 3686 1842 3743; x_wconf 89' lang='lat' dir='ltr'>Patre</span> 
     </span>
    </p>
   </div>
   <div class='ocr_carea' id='block_1_71' title="bbox 190 3764 1839 3846">
    <p class='ocr_par' dir='ltr' id='par_1_71' title="bbox 190 3764 1839 3846">
     <span class='ocr_line' id='line_1_71' title="bbox 190 3764 1839 3846; baseline 0.007 -27"><span class='ocrx_word' id='word_1_540' title='bbox 190 3764 392 3823; x_wconf 81' lang='lat' dir='ltr'>Filius.</span> <span class='ocrx_word' id='word_1_541' title='bbox 433 3769 495 3823; x_wconf 92' lang='lat' dir='ltr'><strong>In</strong></span> <span class='ocrx_word' id='word_1_542' title='bbox 529 3768 699 3823; x_wconf 91' lang='lat' dir='ltr'>nobis</span> <span class='ocrx_word' id='word_1_543' title='bbox 723 3773 920 3826; x_wconf 87' lang='lat' dir='ltr'>autem</span> <span class='ocrx_word' id='word_1_544' title='bbox 951 3770 1067 3826; x_wconf 76' lang='lat' dir='ltr'>Deo</span> <span class='ocrx_word' id='word_1_545' title='bbox 1092 3771 1466 3843; x_wconf 89' lang='lat' dir='ltr'>complacuit,</span> <span class='ocrx_word' id='word_1_546' title='bbox 1500 3774 1641 3846; x_wconf 89' lang='lat' dir='ltr'>quia</span> <span class='ocrx_word' id='word_1_547' title='bbox 1670 3776 1839 3832; x_wconf 90' lang='lat' dir='ltr'>nobis</span> 
     </span>
    </p>
   </div>
   <div class='ocr_carea' id='block_1_72' title="bbox 181 3851 1837 3930">
    <p class='ocr_par' dir='ltr' id='par_1_72' title="bbox 181 3851 1837 3930">
     <span class='ocr_line' id='line_1_72' title="bbox 181 3851 1837 3930; baseline 0.008 -24"><span class='ocrx_word' id='word_1_548' title='bbox 181 3851 306 3925; x_wconf 87' lang='lat' dir='ltr'>ipse</span> <span class='ocrx_word' id='word_1_549' title='bbox 331 3855 595 3921; x_wconf 84' lang='lat' dir='ltr'>donavit,</span> <span class='ocrx_word' id='word_1_550' title='bbox 628 3860 694 3912; x_wconf 91' lang='lat' dir='ltr'>ut</span> <span class='ocrx_word' id='word_1_551' title='bbox 722 3857 772 3912; x_wconf 91' lang='lat' dir='ltr'>ei</span> <span class='ocrx_word' id='word_1_552' title='bbox 825 3857 1051 3930; x_wconf 87' lang='lat' dir='ltr'>placere</span> <span class='ocrx_word' id='word_1_553' title='bbox 1110 3860 1427 3930; x_wconf 90' lang='lat' dir='ltr'>possimus.</span> <span class='ocrx_word' id='word_1_554' title='bbox 1490 3861 1584 3917; x_wconf 91' lang='lat' dir='ltr'>Pie</span> <span class='ocrx_word' id='word_1_555' title='bbox 1641 3867 1837 3920; x_wconf 91' lang='lat' dir='ltr'>autem</span> 
     </span>
    </p>
   </div>
   <div class='ocr_carea' id='block_1_73' title="bbox 182 3942 1834 4025">
    <p class='ocr_par' dir='ltr' id='par_1_73' title="bbox 182 3942 1834 4025">
     <span class='ocr_line' id='line_1_73' title="bbox 182 3942 1834 4025; baseline 0.008 -29"><span class='ocrx_word' id='word_1_556' title='bbox 182 3945 238 3996; x_wconf 88' lang='lat' dir='ltr'>et</span> <span class='ocrx_word' id='word_1_557' title='bbox 264 3942 376 4000; x_wconf 90' lang='lat' dir='ltr'>hoc</span> <span class='ocrx_word' id='word_1_558' title='bbox 393 3944 637 4000; x_wconf 79' lang='lat' dir='ltr'>homini</span> <span class='ocrx_word' id='word_1_559' title='bbox 668 3945 1001 4017; x_wconf 89' lang='lat' dir='ltr'>specialiter</span> <span class='ocrx_word' id='word_1_560' title='bbox 1027 3948 1333 4019; x_wconf 86' lang='lat' dir='ltr'>donatum,</span> <span class='ocrx_word' id='word_1_561' title='bbox 1389 3967 1503 4007; x_wconf 91' lang='lat' dir='ltr'>non</span> <span class='ocrx_word' id='word_1_562' title='bbox 1556 3968 1834 4025; x_wconf 88' lang='lat' dir='ltr'>arrogan-</span> 
     </span>
    </p>
   </div>
   <div class='ocr_carea' id='block_1_74' title="bbox 183 4029 1835 4107">
    <p class='ocr_par' dir='ltr' id='par_1_74' title="bbox 183 4029 1835 4107">
     <span class='ocr_line' id='line_1_74' title="bbox 183 4029 1835 4107; baseline 0.009 -24"><span class='ocrx_word' id='word_1_563' title='bbox 183 4029 300 4087; x_wconf 87' lang='lat' dir='ltr'>tius</span> <span class='ocrx_word' id='word_1_564' title='bbox 331 4037 691 4106; x_wconf 86' lang='lat' dir='ltr'>usurpatum</span> <span class='ocrx_word' id='word_1_565' title='bbox 730 4034 1034 4107; x_wconf 89' lang='lat' dir='ltr'>Scriptura</span> <span class='ocrx_word' id='word_1_566' title='bbox 1063 4052 1169 4091; x_wconf 90' lang='lat' dir='ltr'>nos</span> <span class='ocrx_word' id='word_1_567' title='bbox 1217 4038 1431 4094; x_wconf 90' lang='lat' dir='ltr'>docuit.</span> <span class='ocrx_word' id='word_1_568' title='bbox 1475 4039 1649 4097; x_wconf 86' lang='lat' dir='ltr'>Decet</span> <span class='ocrx_word' id='word_1_569' title='bbox 1678 4042 1835 4098; x_wconf 89' lang='lat' dir='ltr'>enim</span> 
     </span>
    </p>
   </div>
   <div class='ocr_carea' id='block_1_75' title="bbox 186 4119 1834 4196">
    <p class='ocr_par' dir='ltr' id='par_1_75' title="bbox 186 4119 1834 4196">
     <span class='ocr_line' id='line_1_75' title="bbox 186 4119 1834 4196; baseline 0.008 -24"><span class='ocrx_word' id='word_1_570' title='bbox 186 4119 330 4175; x_wconf 89' lang='lat' dir='ltr'>utin</span> <span class='ocrx_word' id='word_1_571' title='bbox 365 4121 445 4177; x_wconf 89' lang='lat' dir='ltr'>iis</span> <span class='ocrx_word' id='word_1_572' title='bbox 474 4121 834 4195; x_wconf 89' lang='lat' dir='ltr'>complaceat</span> <span class='ocrx_word' id='word_1_573' title='bbox 882 4123 1018 4192; x_wconf 92' lang='lat' dir='ltr'>Deo,</span> <span class='ocrx_word' id='word_1_574' title='bbox 1070 4141 1217 4196; x_wconf 90' lang='lat' dir='ltr'>quos</span> <span class='ocrx_word' id='word_1_575' title='bbox 1266 4127 1337 4181; x_wconf 95' lang='lat' dir='ltr'>ad</span> <span class='ocrx_word' id='word_1_576' title='bbox 1386 4126 1834 4186; x_wconf 88' lang='lat' dir='ltr'>similitudinem</span> 
     </span>
    </p>
   </div>
   <div class='ocr_carea' id='block_1_76' title="bbox 186 4209 1835 4285">
    <p class='ocr_par' dir='ltr' id='par_1_76' title="bbox 186 4209 1835 4285">
     <span class='ocr_line' id='line_1_76' title="bbox 186 4209 1835 4285; baseline 0.008 -25"><span class='ocrx_word' id='word_1_577' title='bbox 186 4221 351 4265; x_wconf 83' lang='lat' dir='ltr'>suam</span> <span class='ocrx_word' id='word_1_578' title='bbox 385 4209 545 4281; x_wconf 89' lang='lat' dir='ltr'>fecit,</span> <span class='ocrx_word' id='word_1_579' title='bbox 596 4214 653 4267; x_wconf 89' lang='lat' dir='ltr'>et</span> <span class='ocrx_word' id='word_1_580' title='bbox 700 4227 848 4283; x_wconf 88' lang='lat' dir='ltr'>quos</span> <span class='ocrx_word' id='word_1_581' title='bbox 898 4229 1001 4285; x_wconf 90' lang='lat' dir='ltr'>per</span> <span class='ocrx_word' id='word_1_582' title='bbox 1052 4212 1370 4285; x_wconf 89' lang='lat' dir='ltr'>imaginem</span> <span class='ocrx_word' id='word_1_583' title='bbox 1425 4232 1594 4274; x_wconf 88' lang='lat' dir='ltr'>suam</span> <span class='ocrx_word' id='word_1_584' title='bbox 1650 4217 1835 4274; x_wconf 89' lang='lat' dir='ltr'>voluit</span> 
     </span>
    </p>
   </div>
   <div class='ocr_carea' id='block_1_77' title="bbox 188 4295 1833 4378">
    <p class='ocr_par' dir='ltr' id='par_1_77' title="bbox 188 4295 1833 4378">
     <span class='ocr_line' id='line_1_77' title="bbox 188 4295 1833 4378; baseline 0.009 -31"><span class='ocrx_word' id='word_1_585' title='bbox 188 4295 630 4369; x_wconf 65' lang='lat' dir='ltr'>prarogativam</span> <span class='ocrx_word' id='word_1_586' title='bbox 663 4298 861 4370; x_wconf 79' lang='lat' dir='ltr'>gratiae</span> <span class='ocrx_word' id='word_1_587' title='bbox 891 4299 1105 4355; x_wconf 90' lang='lat' dir='ltr'>habere</span> <span class='ocrx_word' id='word_1_588' title='bbox 1145 4299 1415 4358; x_wconf 75' lang='lat' dir='ltr'>coelestis.</span> <span class='ocrx_word' id='word_1_589' title='bbox 1463 4303 1528 4358; x_wconf 90' lang='lat' dir='ltr'><strong>In</strong></span> <span class='ocrx_word' id='word_1_590' title='bbox 1579 4303 1833 4378; x_wconf 84' lang='lat' dir='ltr'>imagine</span> 
     </span>
    </p>
   </div>
   <div class='ocr_carea' id='block_1_78' title="bbox 187 4385 1835 4464">
    <p class='ocr_par' dir='ltr' id='par_1_78' title="bbox 187 4385 1835 4464">
     <span class='ocr_line' id='line_1_78' title="bbox 187 4385 1835 4464; baseline 0.01 -30"><span class='ocrx_word' id='word_1_591' title='bbox 187 4396 321 4454; x_wconf 86' lang='lat' dir='ltr'>ergo</span> <span class='ocrx_word' id='word_1_592' title='bbox 351 4401 465 4442; x_wconf 90' lang='lat' dir='ltr'>sua</span> <span class='ocrx_word' id='word_1_593' title='bbox 493 4389 646 4440; x_wconf 90' lang='lat' dir='ltr'>Deus</span> <span class='ocrx_word' id='word_1_594' title='bbox 677 4385 1036 4459; x_wconf 89' lang='lat' dir='ltr'>complacet:</span> <span class='ocrx_word' id='word_1_595' title='bbox 1068 4388 1128 4443; x_wconf 89' lang='lat' dir='ltr'>in</span> <span class='ocrx_word' id='word_1_596' title='bbox 1160 4387 1232 4444; x_wconf 90' lang='lat' dir='ltr'>iis</span> <span class='ocrx_word' id='word_1_597' title='bbox 1262 4394 1457 4446; x_wconf 87' lang='lat' dir='ltr'>autem</span> <span class='ocrx_word' id='word_1_598' title='bbox 1496 4392 1594 4464; x_wconf 90' lang='lat' dir='ltr'>qui</span> <span class='ocrx_word' id='word_1_599' title='bbox 1626 4409 1835 4450; x_wconf 90' lang='lat' dir='ltr'>secun-</span> 
     </span>
    </p>
   </div>
   <div class='ocr_carea' id='block_1_79' title="bbox 1957 3236 3604 3309">
    <p class='ocr_par' dir='ltr' id='par_1_79' title="bbox 1957 3236 3604 3309">
     <span class='ocr_line' id='line_1_79' title="bbox 1957 3236 3604 3309; baseline -0.001 -16"><span class='ocrx_word' id='word_1_600' title='bbox 1957 3255 2075 3293; x_wconf 89' lang='lat' dir='ltr'>nua</span> <span class='ocrx_word' id='word_1_601' title='bbox 2105 3254 2220 3293; x_wconf 89' lang='lat' dir='ltr'>non</span> <span class='ocrx_word' id='word_1_602' title='bbox 2269 3237 2463 3292; x_wconf 89' lang='lat' dir='ltr'>habet.</span> <span class='ocrx_word' id='word_1_603' title='bbox 2519 3236 2819 3302; x_wconf 86' lang='lat' dir='ltr'>Quomodo</span> <span class='ocrx_word' id='word_1_604' title='bbox 2868 3253 3005 3309; x_wconf 88' lang='lat' dir='ltr'>ergo</span> <span class='ocrx_word' id='word_1_605' title='bbox 3054 3237 3346 3293; x_wconf 85' lang='lat' dir='ltr'>ventilat?</span> <span class='ocrx_word' id='word_1_606' title='bbox 3392 3237 3604 3293; x_wconf 81' lang='lat' dir='ltr'>Unde?</span> 
     </span>
    </p>
   </div>
   <div class='ocr_carea' id='block_1_80' title="bbox 1955 3324 3600 3398">
    <p class='ocr_par' dir='ltr' id='par_1_80' title="bbox 1955 3324 3600 3398">
     <span class='ocr_line' id='line_1_80' title="bbox 1955 3324 3600 3398; baseline -0.001 -17"><span class='ocrx_word' id='word_1_607' title='bbox 1955 3326 2101 3381; x_wconf 82' lang='lat' dir='ltr'>Vide</span> <span class='ocrx_word' id='word_1_608' title='bbox 2130 3326 2426 3397; x_wconf 76' lang='lat' dir='ltr'>Scriptura</span> <span class='ocrx_word' id='word_1_609' title='bbox 2455 3325 2593 3396; x_wconf 89' lang='lat' dir='ltr'>quid</span> <span class='ocrx_word' id='word_1_610' title='bbox 2627 3324 2815 3380; x_wconf 88' lang='lat' dir='ltr'>dicat:</span> <span class='ocrx_word' id='word_1_611' title='bbox 2851 3348 2879 3373; x_wconf 86' lang='lat'><strong>«</strong></span> <span class='ocrx_word' id='word_1_612' title='bbox 2914 3326 2973 3379; x_wconf 87' lang='lat' dir='ltr'><strong>In</strong></span> <span class='ocrx_word' id='word_1_613' title='bbox 3008 3328 3086 3391; x_wconf 86' lang='lat' dir='ltr'>te,</span> <span class='ocrx_word' id='word_1_614' title='bbox 3138 3325 3353 3398; x_wconf 90' lang='lat' dir='ltr'>inquit,</span> <span class='ocrx_word' id='word_1_615' title='bbox 3403 3326 3600 3381; x_wconf 90' lang='lat' dir='ltr'>inimi-</span> 
     </span>
    </p>
   </div>
   <div class='ocr_carea' id='block_1_81' title="bbox 1955 3413 3595 3471">
    <p class='ocr_par' dir='ltr' id='par_1_81' title="bbox 1955 3413 3595 3471">
     <span class='ocr_line' id='line_1_81' title="bbox 1955 3413 3595 3471; baseline -0.001 0"><span class='ocrx_word' id='word_1_616' title='bbox 1955 3432 2054 3471; x_wconf 92' lang='lat' dir='ltr'>cos</span> <span class='ocrx_word' id='word_1_617' title='bbox 2086 3419 2314 3471; x_wconf 88' lang='lat' dir='ltr'>nostros</span> <span class='ocrx_word' id='word_1_618' title='bbox 2341 3413 2755 3470; x_wconf 87' lang='lat' dir='ltr'>ventilabimus</span> <span class='ocrx_word' id='word_1_619' title='bbox 2785 3430 2986 3469; x_wconf 90' lang='lat' dir='ltr'>cornu.</span> <span class='ocrx_word' id='word_1_620' title='bbox 3025 3437 3053 3463; x_wconf 86' lang='grc'>››</span> <span class='ocrx_word' id='word_1_621' title='bbox 3085 3414 3277 3469; x_wconf 90' lang='lat' dir='ltr'>Cornu</span> <span class='ocrx_word' id='word_1_622' title='bbox 3331 3419 3595 3470; x_wconf 90' lang='lat' dir='ltr'>nostrum</span> 
     </span>
    </p>
   </div>
   <div class='ocr_carea' id='block_1_82' title="bbox 1954 3502 3599 3573">
    <p class='ocr_par' dir='ltr' id='par_1_82' title="bbox 1954 3502 3599 3573">
     <span class='ocr_line' id='line_1_82' title="bbox 1954 3502 3599 3573; baseline -0.001 -13"><span class='ocrx_word' id='word_1_623' title='bbox 1954 3520 2017 3561; x_wconf 90' lang='lat' dir='ltr'>es</span> <span class='ocrx_word' id='word_1_624' title='bbox 2041 3504 2377 3573; x_wconf 90' lang='lat' dir='ltr'>tu,Domine</span> <span class='ocrx_word' id='word_1_625' title='bbox 2405 3504 2633 3571; x_wconf 86' lang='lat' dir='ltr'>Jesu,et</span> <span class='ocrx_word' id='word_1_626' title='bbox 2662 3502 2789 3559; x_wconf 89' lang='lat' dir='ltr'>ideo</span> <span class='ocrx_word' id='word_1_627' title='bbox 2817 3503 2970 3559; x_wconf 89' lang='lat' dir='ltr'>sicut</span> <span class='ocrx_word' id='word_1_628' title='bbox 3002 3519 3115 3558; x_wconf 86' lang='lat' dir='ltr'>non</span> <span class='ocrx_word' id='word_1_629' title='bbox 3147 3504 3206 3559; x_wconf 90' lang='lat' dir='ltr'>in</span> <span class='ocrx_word' id='word_1_630' title='bbox 3237 3503 3473 3559; x_wconf 88' lang='lat' dir='ltr'>brachio</span> <span class='ocrx_word' id='word_1_631' title='bbox 3496 3521 3599 3559; x_wconf 93' lang='lat' dir='ltr'>no-</span> 
     </span>
    </p>
   </div>
   <div class='ocr_carea' id='block_1_83' title="bbox 1954 3590 3599 3665">
    <p class='ocr_par' dir='ltr' id='par_1_83' title="bbox 1954 3590 3599 3665">
     <span class='ocr_line' id='line_1_83' title="bbox 1954 3590 3599 3665; baseline 0 -18"><span class='ocrx_word' id='word_1_632' title='bbox 1954 3596 2074 3648; x_wconf 90' lang='lat' dir='ltr'>stro</span> <span class='ocrx_word' id='word_1_633' title='bbox 2102 3592 2536 3665; x_wconf 68' lang='lat' dir='ltr'>praesumimus,</span> <span class='ocrx_word' id='word_1_634' title='bbox 2569 3590 2651 3647; x_wconf 90' lang='lat' dir='ltr'>ita</span> <span class='ocrx_word' id='word_1_635' title='bbox 2680 3608 2784 3647; x_wconf 88' lang='lat' dir='ltr'>nec</span> <span class='ocrx_word' id='word_1_636' title='bbox 2813 3590 2871 3645; x_wconf 89' lang='lat' dir='ltr'>in</span> <span class='ocrx_word' id='word_1_637' title='bbox 2905 3591 3183 3647; x_wconf 87' lang='lat' dir='ltr'>cornibus</span> <span class='ocrx_word' id='word_1_638' title='bbox 3214 3592 3432 3647; x_wconf 91' lang='lat' dir='ltr'>nostris</span> <span class='ocrx_word' id='word_1_639' title='bbox 3461 3609 3599 3648; x_wconf 90' lang='lat' dir='ltr'>ven-</span> 
     </span>
    </p>
   </div>
   <div class='ocr_carea' id='block_1_84' title="bbox 1950 3679 3602 3753">
    <p class='ocr_par' dir='ltr' id='par_1_84' title="bbox 1950 3679 3602 3753">
     <span class='ocr_line' id='line_1_84' title="bbox 1950 3679 3602 3753; baseline 0 -17"><span class='ocrx_word' id='word_1_640' title='bbox 1950 3681 2160 3738; x_wconf 90' lang='lat' dir='ltr'>tilandi</span> <span class='ocrx_word' id='word_1_641' title='bbox 2185 3682 2472 3739; x_wconf 84' lang='lat' dir='ltr'>habemus</span> <span class='ocrx_word' id='word_1_642' title='bbox 2504 3680 2863 3753; x_wconf 76' lang='lat' dir='ltr'>praesidium,</span> <span class='ocrx_word' id='word_1_643' title='bbox 2897 3680 2999 3735; x_wconf 90' lang='lat' dir='ltr'>sed</span> <span class='ocrx_word' id='word_1_644' title='bbox 3029 3680 3089 3735; x_wconf 92' lang='lat' dir='ltr'>in</span> <span class='ocrx_word' id='word_1_645' title='bbox 3119 3679 3370 3736; x_wconf 90' lang='lat' dir='ltr'>Christo.</span> <span class='ocrx_word' id='word_1_646' title='bbox 3417 3681 3602 3736; x_wconf 87' lang='lat' dir='ltr'>Habet</span> 
     </span>
    </p>
   </div>
   <div class='ocr_carea' id='block_1_85' title="bbox 1949 3769 3592 3842">
    <p class='ocr_par' dir='ltr' id='par_1_85' title="bbox 1949 3769 3592 3842">
     <span class='ocr_line' id='line_1_85' title="bbox 1949 3769 3592 3842; baseline -0.001 -16"><span class='ocrx_word' id='word_1_647' title='bbox 1949 3770 2103 3826; x_wconf 88' lang='lat' dir='ltr'>enim</span> <span class='ocrx_word' id='word_1_648' title='bbox 2129 3772 2272 3827; x_wconf 82' lang='lat' dir='ltr'>fides</span> <span class='ocrx_word' id='word_1_649' title='bbox 2303 3788 2522 3827; x_wconf 89' lang='lat' dir='ltr'>cornua</span> <span class='ocrx_word' id='word_1_650' title='bbox 2549 3787 2808 3842; x_wconf 77' lang='lat' dir='ltr'>sua,qu:e</span> <span class='ocrx_word' id='word_1_651' title='bbox 2844 3773 3150 3824; x_wconf 89' lang='lat' dir='ltr'>mutuatur</span> <span class='ocrx_word' id='word_1_652' title='bbox 3178 3786 3212 3825; x_wconf 91' lang='lat' dir='ltr'>a</span> <span class='ocrx_word' id='word_1_653' title='bbox 3241 3769 3592 3825; x_wconf 89' lang='lat' dir='ltr'>Christo.Si-</span> 
     </span>
    </p>
   </div>
   <div class='ocr_carea' id='block_1_86' title="bbox 1948 3857 3593 3931">
    <p class='ocr_par' dir='ltr' id='par_1_86' title="bbox 1948 3857 3593 3931">
     <span class='ocr_line' id='line_1_86' title="bbox 1948 3857 3593 3931; baseline -0.001 -17"><span class='ocrx_word' id='word_1_654' title='bbox 1948 3858 2181 3931; x_wconf 89' lang='lat' dir='ltr'>quidem</span> <span class='ocrx_word' id='word_1_655' title='bbox 2200 3876 2315 3915; x_wconf 92' lang='lat' dir='ltr'>non</span> <span class='ocrx_word' id='word_1_656' title='bbox 2332 3859 2514 3916; x_wconf 91' lang='lat' dir='ltr'>otiose</span> <span class='ocrx_word' id='word_1_657' title='bbox 2527 3860 2585 3915; x_wconf 93' lang='lat' dir='ltr'>in</span> <span class='ocrx_word' id='word_1_658' title='bbox 2598 3858 3102 3915; x_wconf 88' lang='lat' dir='ltr'>benedictionibus</span> <span class='ocrx_word' id='word_1_659' title='bbox 3122 3858 3301 3931; x_wconf 86' lang='lat' dir='ltr'>Moysi</span> <span class='ocrx_word' id='word_1_660' title='bbox 3318 3857 3593 3930; x_wconf 90' lang='lat' dir='ltr'>legimus:</span> 
     </span>
    </p>
   </div>
   <div class='ocr_carea' id='block_1_87' title="bbox 1949 3946 3594 4019">
    <p class='ocr_par' dir='ltr' id='par_1_87' title="bbox 1949 3946 3594 4019">
     <span class='ocr_line' id='line_1_87' title="bbox 1949 3946 3594 4019; baseline 0.004 -22"><span class='ocrx_word' id='word_1_661' title='bbox 1949 3970 1976 3997; x_wconf 88' lang='grc'>‹‹</span> <span class='ocrx_word' id='word_1_662' title='bbox 2008 3946 2149 4011; x_wconf 91' lang='lat' dir='ltr'>Quis</span> <span class='ocrx_word' id='word_1_663' title='bbox 2179 3948 2340 4004; x_wconf 90' lang='lat' dir='ltr'>visus</span> <span class='ocrx_word' id='word_1_664' title='bbox 2360 3953 2448 4004; x_wconf 89' lang='lat' dir='ltr'>est</span> <span class='ocrx_word' id='word_1_665' title='bbox 2478 3948 2537 4003; x_wconf 93' lang='lat' dir='ltr'>in</span> <span class='ocrx_word' id='word_1_666' title='bbox 2571 3948 2937 4015; x_wconf 90' lang='lat' dir='ltr'>rubo,veniat</span> <span class='ocrx_word' id='word_1_667' title='bbox 2967 3963 3145 4019; x_wconf 89' lang='lat' dir='ltr'>super</span> <span class='ocrx_word' id='word_1_668' title='bbox 3173 3950 3350 4019; x_wconf 90' lang='lat' dir='ltr'>caput</span> <span class='ocrx_word' id='word_1_669' title='bbox 3377 3947 3594 4019; x_wconf 89' lang='lat' dir='ltr'>Joseph</span> 
     </span>
    </p>
   </div>
   <div class='ocr_carea' id='block_1_88' title="bbox 1946 4022 3594 4109">
    <p class='ocr_par' dir='ltr' id='par_1_88' title="bbox 1946 4022 3594 4109">
     <span class='ocr_line' id='line_1_88' title="bbox 1946 4022 3594 4109; baseline -0.001 -18"><span class='ocrx_word' id='word_1_670' title='bbox 1946 4040 2002 4091; x_wconf 91' lang='lat' dir='ltr'>et</span> <span class='ocrx_word' id='word_1_671' title='bbox 2022 4022 2198 4108; x_wconf 74' lang='lat' dir='ltr'>super</span> <span class='ocrx_word' id='word_1_672' title='bbox 2212 4037 2486 4093; x_wconf 86' lang='lat' dir='ltr'>verticem</span> <span class='ocrx_word' id='word_1_673' title='bbox 2509 4038 2558 4109; x_wconf 87' lang='lat' dir='ltr'>ej</span> <span class='ocrx_word' id='word_1_674' title='bbox 2571 4037 3028 4109; x_wconf 83' lang='lat' dir='ltr'>us,glorilicatus</span> <span class='ocrx_word' id='word_1_675' title='bbox 3051 4035 3203 4091; x_wconf 90' lang='lat' dir='ltr'>inter</span> <span class='ocrx_word' id='word_1_676' title='bbox 3226 4036 3433 4091; x_wconf 84' lang='lat' dir='ltr'>fratres</span> <span class='ocrx_word' id='word_1_677' title='bbox 3455 4052 3594 4092; x_wconf 90' lang='lat' dir='ltr'>suos</span> 
     </span>
    </p>
   </div>
   <div class='ocr_carea' id='block_1_89' title="bbox 1946 4123 3596 4197">
    <p class='ocr_par' dir='ltr' id='par_1_89' title="bbox 1946 4123 3596 4197">
     <span class='ocr_line' id='line_1_89' title="bbox 1946 4123 3596 4197; baseline 0 -18"><span class='ocrx_word' id='word_1_678' title='bbox 1946 4124 2372 4197; x_wconf 77' lang='lat' dir='ltr'>primogenitae</span> <span class='ocrx_word' id='word_1_679' title='bbox 2401 4141 2414 4179; x_wconf 89' lang='lat'>:</span> <span class='ocrx_word' id='word_1_680' title='bbox 2448 4125 2603 4180; x_wconf 83' lang='lat' dir='ltr'>tauri</span> <span class='ocrx_word' id='word_1_681' title='bbox 2628 4125 2809 4181; x_wconf 90' lang='lat' dir='ltr'>decus</span> <span class='ocrx_word' id='word_1_682' title='bbox 2863 4123 3088 4197; x_wconf 89' lang='lat' dir='ltr'>species</span> <span class='ocrx_word' id='word_1_683' title='bbox 3136 4123 3345 4196; x_wconf 84' lang='lat' dir='ltr'>ipsius,</span> <span class='ocrx_word' id='word_1_684' title='bbox 3377 4139 3596 4179; x_wconf 90' lang='lat' dir='ltr'>cornua</span> 
     </span>
    </p>
   </div>
   <div class='ocr_carea' id='block_1_90' title="bbox 1943 4211 3597 4285">
    <p class='ocr_par' dir='ltr' id='par_1_90' title="bbox 1943 4211 3597 4285">
     <span class='ocr_line' id='line_1_90' title="bbox 1943 4211 3597 4285; baseline -0.001 -17"><span class='ocrx_word' id='word_1_685' title='bbox 1943 4213 2252 4268; x_wconf 88' lang='lat' dir='ltr'>unicornui</span> <span class='ocrx_word' id='word_1_686' title='bbox 2285 4228 2505 4268; x_wconf 91' lang='lat' dir='ltr'>cornua</span> <span class='ocrx_word' id='word_1_687' title='bbox 2533 4212 2756 4284; x_wconf 90' lang='lat' dir='ltr'>ipsius:</span> <span class='ocrx_word' id='word_1_688' title='bbox 2787 4213 2847 4267; x_wconf 91' lang='lat' dir='ltr'>in</span> <span class='ocrx_word' id='word_1_689' title='bbox 2879 4213 3028 4284; x_wconf 89' lang='lat' dir='ltr'>ipsis</span> <span class='ocrx_word' id='word_1_690' title='bbox 3058 4217 3264 4285; x_wconf 89' lang='lat' dir='ltr'>gentes</span> <span class='ocrx_word' id='word_1_691' title='bbox 3295 4211 3597 4266; x_wconf 87' lang='lat' dir='ltr'>ventilabit</span> 
     </span>
    </p>
   </div>
   <div class='ocr_carea' id='block_1_91' title="bbox 1944 4299 3597 4373">
    <p class='ocr_par' dir='ltr' id='par_1_91' title="bbox 1944 4299 3597 4373">
     <span class='ocr_line' id='line_1_91' title="bbox 1944 4299 3597 4373; baseline -0.001 -15"><span class='ocrx_word' id='word_1_692' title='bbox 1944 4300 2119 4358; x_wconf 88' lang='lat' dir='ltr'>simul</span> <span class='ocrx_word' id='word_1_693' title='bbox 2152 4317 2339 4373; x_wconf 90' lang='lat' dir='ltr'>usque</span> <span class='ocrx_word' id='word_1_694' title='bbox 2370 4301 2441 4356; x_wconf 89' lang='lat' dir='ltr'>ad</span> <span class='ocrx_word' id='word_1_695' title='bbox 2473 4305 2802 4357; x_wconf 84' lang='lat' dir='ltr'>extremum</span> <span class='ocrx_word' id='word_1_696' title='bbox 2835 4302 3159 4357; x_wconf 70' lang='lat' dir='ltr'>terrae.Haac</span> <span class='ocrx_word' id='word_1_697' title='bbox 3187 4302 3387 4357; x_wconf 86' lang='lat' dir='ltr'>decem</span> <span class='ocrx_word' id='word_1_698' title='bbox 3412 4299 3597 4356; x_wconf 89' lang='lat' dir='ltr'>millia</span> 
     </span>
    </p>
   </div>
   <div class='ocr_carea' id='block_1_92' title="bbox 1944 4388 3593 4463">
    <p class='ocr_par' dir='ltr' id='par_1_92' title="bbox 1944 4388 3593 4463">
     <span class='ocr_line' id='line_1_92' title="bbox 1944 4388 3593 4463; baseline 0 -18"><span class='ocrx_word' id='word_1_699' title='bbox 1944 4388 2228 4462; x_wconf 67' lang='lat' dir='ltr'>Ephrem,</span> <span class='ocrx_word' id='word_1_700' title='bbox 2262 4392 2319 4444; x_wconf 90' lang='lat' dir='ltr'>et</span> <span class='ocrx_word' id='word_1_701' title='bbox 2353 4388 2472 4444; x_wconf 76' lang='lat' dir='ltr'>haec</span> <span class='ocrx_word' id='word_1_702' title='bbox 2534 4389 2722 4444; x_wconf 88' lang='lat' dir='ltr'>millia</span> <span class='ocrx_word' id='word_1_703' title='bbox 2780 4390 3093 4446; x_wconf 88' lang='lat' dir='ltr'>Mannasse</span> <span class='ocrx_word' id='word_1_704' title='bbox 3122 4390 3593 4463; x_wconf 62' lang='lat' dir='ltr'>(DcuLxxmeO,</span> 
     </span>
    </p>
   </div>
   <div class='ocr_carea' id='block_1_93' title="bbox 188 4467 3592 4562">
    <p class='ocr_par' dir='ltr' id='par_1_93' title="bbox 188 4467 3592 4562">
     <span class='ocr_line' id='line_1_93' title="bbox 188 4467 3592 4562; baseline 0.003 -36"><span class='ocrx_word' id='word_1_705' title='bbox 188 4467 328 4562; x_wconf 73' lang='lat' dir='ltr'>dum</span> <span class='ocrx_word' id='word_1_706' title='bbox 386 4472 708 4545; x_wconf 89' lang='lat' dir='ltr'>imaginem</span> <span class='ocrx_word' id='word_1_707' title='bbox 758 4474 946 4546; x_wconf 90' lang='lat' dir='ltr'>ipsius</span> <span class='ocrx_word' id='word_1_708' title='bbox 1004 4480 1164 4543; x_wconf 91' lang='lat' dir='ltr'>sunt,</span> <span class='ocrx_word' id='word_1_709' title='bbox 1214 4477 1537 4551; x_wconf 80' lang='lat' dir='ltr'>cumplacet</span> <span class='ocrx_word' id='word_1_710' title='bbox 1586 4484 1720 4538; x_wconf 92' lang='lat' dir='ltr'>Deo.</span> <span class='ocrx_word' id='word_1_711' title='bbox 1774 4484 1837 4539; x_wconf 86' lang='lat' dir='ltr'><strong>In</strong></span> <span class='ocrx_word' id='word_1_712' title='bbox 1872 4479 2117 4562; x_wconf 66' lang='lat'>1347).»</span> <span class='ocrx_word' id='word_1_713' title='bbox 2153 4476 2294 4543; x_wconf 89' lang='lat' dir='ltr'>Quis</span> <span class='ocrx_word' id='word_1_714' title='bbox 2323 4482 2413 4533; x_wconf 89' lang='lat' dir='ltr'>est</span> <span class='ocrx_word' id='word_1_715' title='bbox 2442 4477 2501 4531; x_wconf 91' lang='lat' dir='ltr'>in</span> <span class='ocrx_word' id='word_1_716' title='bbox 2545 4477 2693 4532; x_wconf 87' lang='lat' dir='ltr'>rubo</span> <span class='ocrx_word' id='word_1_717' title='bbox 2743 4476 2906 4534; x_wconf 90' lang='lat' dir='ltr'>visus</span> <span class='ocrx_word' id='word_1_718' title='bbox 2954 4479 3159 4551; x_wconf 83' lang='lat' dir='ltr'>Moysi,</span> <span class='ocrx_word' id='word_1_719' title='bbox 3212 4480 3323 4535; x_wconf 89' lang='lat' dir='ltr'>nisi</span> <span class='ocrx_word' id='word_1_720' title='bbox 3378 4478 3592 4551; x_wconf 90' lang='lat' dir='ltr'>primo-</span> 
     </span>
    </p>
   </div>
   <div class='ocr_carea' id='block_1_94' title="bbox 188 4554 1829 4642">
    <p class='ocr_par' dir='ltr' id='par_1_94' title="bbox 188 4554 1829 4642">
     <span class='ocr_line' id='line_1_94' title="bbox 188 4554 1829 4642; baseline 0.009 -28"><span class='ocrx_word' id='word_1_721' title='bbox 188 4554 279 4615; x_wconf 85' lang='lat' dir='ltr'>his</span> <span class='ocrx_word' id='word_1_722' title='bbox 308 4565 508 4617; x_wconf 90' lang='lat' dir='ltr'>autem</span> <span class='ocrx_word' id='word_1_723' title='bbox 540 4578 715 4617; x_wconf 91' lang='lat' dir='ltr'>suum</span> <span class='ocrx_word' id='word_1_724' title='bbox 760 4579 995 4631; x_wconf 88' lang='lat' dir='ltr'>munus,</span> <span class='ocrx_word' id='word_1_725' title='bbox 1051 4567 1109 4619; x_wconf 89' lang='lat' dir='ltr'>et</span> <span class='ocrx_word' id='word_1_726' title='bbox 1154 4581 1330 4621; x_wconf 90' lang='lat' dir='ltr'>suum</span> <span class='ocrx_word' id='word_1_727' title='bbox 1377 4567 1621 4639; x_wconf 91' lang='lat' dir='ltr'>donum,</span> <span class='ocrx_word' id='word_1_728' title='bbox 1671 4574 1829 4642; x_wconf 91' lang='lat' dir='ltr'>quod</span> 
     </span>
    </p>
   </div>
   <div class='ocr_carea' id='block_1_95' title="bbox 186 4646 1827 4729">
    <p class='ocr_par' dir='ltr' id='par_1_95' title="bbox 186 4646 1827 4729">
     <span class='ocr_line' id='line_1_95' title="bbox 186 4646 1827 4729; baseline 0.01 -30"><span class='ocrx_word' id='word_1_729' title='bbox 186 4646 323 4703; x_wconf 85' lang='lat' dir='ltr'>tunc</span> <span class='ocrx_word' id='word_1_730' title='bbox 353 4649 724 4719; x_wconf 88' lang='lat' dir='ltr'>revelabitur,</span> <span class='ocrx_word' id='word_1_731' title='bbox 758 4668 892 4707; x_wconf 88' lang='lat' dir='ltr'>cum</span> <span class='ocrx_word' id='word_1_732' title='bbox 924 4652 1245 4725; x_wconf 89' lang='lat' dir='ltr'>perfectum</span> <span class='ocrx_word' id='word_1_733' title='bbox 1295 4653 1439 4711; x_wconf 90' lang='lat' dir='ltr'>illud</span> <span class='ocrx_word' id='word_1_734' title='bbox 1488 4658 1827 4729; x_wconf 87' lang='lat' dir='ltr'>advenerit;</span> 
     </span>
    </p>
   </div>
   <div class='ocr_carea' id='block_1_96' title="bbox 190 4735 1832 4813">
    <p class='ocr_par' dir='ltr' id='par_1_96' title="bbox 190 4735 1832 4813">
     <span class='ocr_line' id='line_1_96' title="bbox 190 4735 1832 4813; baseline 0.009 -25"><span class='ocrx_word' id='word_1_735' title='bbox 190 4735 326 4804; x_wconf 90' lang='lat' dir='ltr'>quia</span> <span class='ocrx_word' id='word_1_736' title='bbox 358 4761 387 4788; x_wconf 77' lang='grc' dir='ltr'>α</span> <span class='ocrx_word' id='word_1_737' title='bbox 422 4754 556 4794; x_wconf 88' lang='lat' dir='ltr'>cum</span> <span class='ocrx_word' id='word_1_738' title='bbox 591 4739 928 4812; x_wconf 84' lang='lat' dir='ltr'>apparuerit</span> <span class='ocrx_word' id='word_1_739' title='bbox 957 4740 1096 4813; x_wconf 92' lang='lat' dir='ltr'>quid</span> <span class='ocrx_word' id='word_1_740' title='bbox 1128 4740 1336 4810; x_wconf 89' lang='lat' dir='ltr'>simus,</span> <span class='ocrx_word' id='word_1_741' title='bbox 1384 4742 1607 4801; x_wconf 88' lang='lat' dir='ltr'>similes</span> <span class='ocrx_word' id='word_1_742' title='bbox 1638 4746 1688 4801; x_wconf 90' lang='lat' dir='ltr'>ei</span> <span class='ocrx_word' id='word_1_743' title='bbox 1720 4749 1832 4803; x_wconf 89' lang='lat' dir='ltr'>eri-</span> 
     </span>
    </p>
   </div>
   <div class='ocr_carea' id='block_1_97' title="bbox 190 4828 1420 4902">
    <p class='ocr_par' dir='ltr' id='par_1_97' title="bbox 190 4828 1420 4902">
     <span class='ocr_line' id='line_1_97' title="bbox 190 4828 1420 4902; baseline 0.007 -25"><span class='ocrx_word' id='word_1_744' title='bbox 190 4837 341 4881; x_wconf 89' lang='lat' dir='ltr'>mus.</span> <span class='ocrx_word' id='word_1_745' title='bbox 377 4848 408 4876; x_wconf 91' lang='grc'><em>‹‹</em></span> <span class='ocrx_word' id='word_1_746' title='bbox 441 4830 506 4882; x_wconf 92' lang='lat' dir='ltr'>ut</span> <span class='ocrx_word' id='word_1_747' title='bbox 534 4828 818 4901; x_wconf 90' lang='lat' dir='ltr'>scriptum</span> <span class='ocrx_word' id='word_1_748' title='bbox 853 4832 943 4885; x_wconf 90' lang='lat' dir='ltr'>est</span> <span class='ocrx_word' id='word_1_749' title='bbox 970 4828 1018 4900; x_wconf 88' lang='lat' dir='ltr'><strong>(I</strong></span> <span class='ocrx_word' id='word_1_750' title='bbox 1044 4831 1201 4885; x_wconf 81' lang='lat' dir='ltr'>Joan.</span> <span class='ocrx_word' id='word_1_751' title='bbox 1236 4846 1320 4898; x_wconf 80' lang='grc' dir='ltr'>ιιι,</span> <span class='ocrx_word' id='word_1_752' title='bbox 1344 4831 1420 4902; x_wconf 88' lang='lat'>2).</span> 
     </span>
    </p>
   </div>
   <div class='ocr_carea' id='block_1_98' title="bbox 253 4913 1833 4991">
    <p class='ocr_par' dir='ltr' id='par_1_98' title="bbox 253 4913 1833 4991">
     <span class='ocr_line' id='line_1_98' title="bbox 253 4913 1833 4991; baseline 0.008 -24"><span class='ocrx_word' id='word_1_753' title='bbox 253 4913 335 4969; x_wconf 78' lang='grc'>14.</span> <span class='ocrx_word' id='word_1_754' title='bbox 381 4913 570 4986; x_wconf 84' lang='lat' dir='ltr'>(Vers.</span> <span class='ocrx_word' id='word_1_755' title='bbox 604 4918 684 4987; x_wconf 84' lang='lat'>5.)</span> <span class='ocrx_word' id='word_1_756' title='bbox 717 4918 866 4990; x_wconf 83' lang='lat' dir='ltr'>Ergo</span> <span class='ocrx_word' id='word_1_757' title='bbox 900 4916 1000 4989; x_wconf 90' lang='lat' dir='ltr'>qui</span> <span class='ocrx_word' id='word_1_758' title='bbox 1030 4933 1145 4972; x_wconf 91' lang='lat' dir='ltr'>non</span> <span class='ocrx_word' id='word_1_759' title='bbox 1175 4917 1236 4972; x_wconf 91' lang='lat' dir='ltr'>in</span> <span class='ocrx_word' id='word_1_760' title='bbox 1261 4918 1498 4976; x_wconf 89' lang='lat' dir='ltr'>brachio</span> <span class='ocrx_word' id='word_1_761' title='bbox 1546 4938 1672 4991; x_wconf 85' lang='lat' dir='ltr'>suo,</span> <span class='ocrx_word' id='word_1_762' title='bbox 1724 4923 1833 4980; x_wconf 90' lang='lat' dir='ltr'>hoc</span> 
     </span>
    </p>
   </div>
   <div class='ocr_carea' id='block_1_99' title="bbox 192 5003 1829 5083">
    <p class='ocr_par' dir='ltr' id='par_1_99' title="bbox 192 5003 1829 5083">
     <span class='ocr_line' id='line_1_99' title="bbox 192 5003 1829 5083; baseline 0.009 -30"><span class='ocrx_word' id='word_1_763' title='bbox 192 5003 295 5065; x_wconf 87' lang='lat' dir='ltr'>est.</span> <span class='ocrx_word' id='word_1_764' title='bbox 330 5003 390 5059; x_wconf 83' lang='lat' dir='ltr'>in</span> <span class='ocrx_word' id='word_1_765' title='bbox 424 5021 532 5060; x_wconf 89' lang='lat' dir='ltr'>sua</span> <span class='ocrx_word' id='word_1_766' title='bbox 556 5006 889 5077; x_wconf 86' lang='lat' dir='ltr'>operatione</span> <span class='ocrx_word' id='word_1_767' title='bbox 920 5006 1242 5078; x_wconf 63' lang='lat' dir='ltr'>praesumit,</span> <span class='ocrx_word' id='word_1_768' title='bbox 1273 5008 1372 5063; x_wconf 90' lang='lat' dir='ltr'>sed</span> <span class='ocrx_word' id='word_1_769' title='bbox 1403 5008 1461 5064; x_wconf 89' lang='lat' dir='ltr'>in</span> <span class='ocrx_word' id='word_1_770' title='bbox 1497 5010 1591 5065; x_wconf 90' lang='lat' dir='ltr'>Dei</span> <span class='ocrx_word' id='word_1_771' title='bbox 1624 5013 1829 5083; x_wconf 82' lang='lat' dir='ltr'>gratia;</span> 
     </span>
    </p>
   </div>
   <div class='ocr_carea' id='block_1_100' title="bbox 201 5091 1835 5171">
    <p class='ocr_par' dir='ltr' id='par_1_100' title="bbox 201 5091 1835 5171">
     <span class='ocr_line' id='line_1_100' title="bbox 201 5091 1835 5171; baseline 0.007 -26"><span class='ocrx_word' id='word_1_772' title='bbox 201 5091 442 5148; x_wconf 85' lang='lat' dir='ltr'>credens</span> <span class='ocrx_word' id='word_1_773' title='bbox 476 5094 631 5167; x_wconf 89' lang='lat' dir='ltr'>quod</span> <span class='ocrx_word' id='word_1_774' title='bbox 661 5111 775 5149; x_wconf 88' lang='lat' dir='ltr'>non</span> <span class='ocrx_word' id='word_1_775' title='bbox 808 5094 960 5150; x_wconf 88' lang='lat' dir='ltr'>facta</span> <span class='ocrx_word' id='word_1_776' title='bbox 988 5111 1098 5150; x_wconf 90' lang='lat' dir='ltr'>sua</span> <span class='ocrx_word' id='word_1_777' title='bbox 1126 5100 1835 5171; x_wconf 82' lang='lat' dir='ltr'>unumquemquejustifi-</span> 
     </span>
    </p>
   </div>
   <div class='ocr_carea' id='block_1_101' title="bbox 190 5181 1830 5255">
    <p class='ocr_par' dir='ltr' id='par_1_101' title="bbox 190 5181 1830 5255">
     <span class='ocr_line' id='line_1_101' title="bbox 190 5181 1830 5255; baseline 0.01 -27"><span class='ocrx_word' id='word_1_778' title='bbox 190 5181 341 5246; x_wconf 84' lang='lat' dir='ltr'>cant,</span> <span class='ocrx_word' id='word_1_779' title='bbox 373 5181 475 5237; x_wconf 89' lang='lat' dir='ltr'>sed</span> <span class='ocrx_word' id='word_1_780' title='bbox 507 5182 654 5237; x_wconf 81' lang='lat' dir='ltr'>fides</span> <span class='ocrx_word' id='word_1_781' title='bbox 684 5187 975 5255; x_wconf 87' lang='lat' dir='ltr'>prompta,</span> <span class='ocrx_word' id='word_1_782' title='bbox 1022 5181 1165 5239; x_wconf 92' lang='lat' dir='ltr'>dicit</span> <span class='ocrx_word' id='word_1_783' title='bbox 1209 5186 1492 5242; x_wconf 90' lang='lat' dir='ltr'>Domino:</span> <span class='ocrx_word' id='word_1_784' title='bbox 1553 5210 1574 5236; x_wconf 77' lang='grc' dir='ltr'>ι</span> <span class='ocrx_word' id='word_1_785' title='bbox 1628 5189 1713 5244; x_wconf 92' lang='lat' dir='ltr'>Tu</span> <span class='ocrx_word' id='word_1_786' title='bbox 1766 5207 1830 5245; x_wconf 92' lang='lat' dir='ltr'>es</span> 
     </span>
    </p>
   </div>
   <div class='ocr_carea' id='block_1_102' title="bbox 191 5261 1829 5343">
    <p class='ocr_par' dir='ltr' id='par_1_102' title="bbox 191 5261 1829 5343">
     <span class='ocr_line' id='line_1_102' title="bbox 191 5261 1829 5343; baseline 0.008 -21"><span class='ocrx_word' id='word_1_787' title='bbox 191 5261 309 5335; x_wconf 76' lang='lat' dir='ltr'>ipse</span> <span class='ocrx_word' id='word_1_788' title='bbox 340 5269 458 5325; x_wconf 82' lang='lat' dir='ltr'>Rex</span> <span class='ocrx_word' id='word_1_789' title='bbox 490 5285 676 5336; x_wconf 91' lang='lat' dir='ltr'>meus,</span> <span class='ocrx_word' id='word_1_790' title='bbox 707 5275 765 5325; x_wconf 90' lang='lat' dir='ltr'>et</span> <span class='ocrx_word' id='word_1_791' title='bbox 792 5271 946 5327; x_wconf 90' lang='lat' dir='ltr'>Deus</span> <span class='ocrx_word' id='word_1_792' title='bbox 975 5286 1166 5338; x_wconf 89' lang='lat' dir='ltr'>meus,</span> <span class='ocrx_word' id='word_1_793' title='bbox 1199 5272 1299 5343; x_wconf 91' lang='lat' dir='ltr'>qui</span> <span class='ocrx_word' id='word_1_794' title='bbox 1330 5276 1575 5332; x_wconf 89' lang='lat' dir='ltr'>mandas</span> <span class='ocrx_word' id='word_1_795' title='bbox 1606 5276 1829 5335; x_wconf 82' lang='lat' dir='ltr'>salutes</span> 
     </span>
    </p>
   </div>
   <div class='ocr_carea' id='block_1_103' title="bbox 192 5349 1835 5431">
    <p class='ocr_par' dir='ltr' id='par_1_103' title="bbox 192 5349 1835 5431">
     <span class='ocr_line' id='line_1_103' title="bbox 192 5349 1835 5431; baseline 0.01 -26"><span class='ocrx_word' id='word_1_796' title='bbox 192 5349 385 5413; x_wconf 86' lang='lat' dir='ltr'>Jacob.</span> <span class='ocrx_word' id='word_1_797' title='bbox 471 5381 499 5407; x_wconf 87' lang='grc'><strong>››</strong></span> <span class='ocrx_word' id='word_1_798' title='bbox 569 5359 723 5415; x_wconf 74' lang='lat'>893</span> <span class='ocrx_word' id='word_1_799' title='bbox 785 5358 910 5414; x_wconf 90' lang='lat' dir='ltr'>Non</span> <span class='ocrx_word' id='word_1_800' title='bbox 988 5359 1426 5431; x_wconf 80' lang='lat' dir='ltr'>perfunctorius</span> <span class='ocrx_word' id='word_1_801' title='bbox 1479 5380 1671 5422; x_wconf 90' lang='lat' dir='ltr'>sermo</span> <span class='ocrx_word' id='word_1_802' title='bbox 1746 5373 1835 5423; x_wconf 88' lang='lat' dir='ltr'>est</span> 
     </span>
    </p>
   </div>
   <div class='ocr_carea' id='block_1_104' title="bbox 262 5466 1825 5569">
    <p class='ocr_par' dir='ltr' id='par_1_104' title="bbox 262 5495 1825 5569">
     <span class='ocr_line' id='line_1_104' title="bbox 262 5495 1825 5569; baseline 0.01 -17"><span class='ocrx_word' id='word_1_803' title='bbox 262 5495 368 5569; x_wconf 71' lang='grc'>(48)</span> <span class='ocrx_word' id='word_1_804' title='bbox 400 5500 552 5555; x_wconf 87' lang='lat' dir='ltr'>Edit.</span> <span class='ocrx_word' id='word_1_805' title='bbox 588 5502 776 5569; x_wconf 81' lang='lat' dir='ltr'>Rom.,</span> <span class='ocrx_word' id='word_1_806' title='bbox 812 5517 920 5557; x_wconf 84' lang='lat' dir='ltr'>non</span> <span class='ocrx_word' id='word_1_807' title='bbox 948 5518 1284 5560; x_wconf 72' lang='lat' dir='ltr'>consumere.</span> <span class='ocrx_word' id='word_1_808' title='bbox 1321 5506 1434 5561; x_wconf 91' lang='lat' dir='ltr'>Sed</span> <span class='ocrx_word' id='word_1_809' title='bbox 1468 5506 1524 5562; x_wconf 89' lang='lat' dir='ltr'>in</span> <span class='ocrx_word' id='word_1_810' title='bbox 1574 5508 1825 5568; x_wconf 85' lang='lat' dir='ltr'>aliarum</span> 
     </span>
    </p>
   </div>
   <div class='ocr_carea' id='block_1_105' title="bbox 195 5570 1824 5638">
    <p class='ocr_par' dir='ltr' id='par_1_105' title="bbox 195 5570 1824 5638">
     <span class='ocr_line' id='line_1_105' title="bbox 195 5570 1824 5638; baseline 0.007 -14"><span class='ocrx_word' id='word_1_811' title='bbox 195 5578 257 5619; x_wconf 76' lang='lat' dir='ltr'>ac</span> <span class='ocrx_word' id='word_1_812' title='bbox 284 5584 424 5629; x_wconf 90' lang='lat' dir='ltr'>mss.</span> <span class='ocrx_word' id='word_1_813' title='bbox 453 5570 701 5628; x_wconf 86' lang='lat' dir='ltr'>lectione</span> <span class='ocrx_word' id='word_1_814' title='bbox 731 5571 874 5627; x_wconf 91' lang='lat' dir='ltr'>nihil</span> <span class='ocrx_word' id='word_1_815' title='bbox 907 5574 1398 5632; x_wconf 86' lang='lat' dir='ltr'>mutandum.Est</span> <span class='ocrx_word' id='word_1_816' title='bbox 1425 5578 1581 5635; x_wconf 90' lang='lat' dir='ltr'>enim</span> <span class='ocrx_word' id='word_1_817' title='bbox 1613 5579 1707 5636; x_wconf 89' lang='lat' dir='ltr'>hic</span> <span class='ocrx_word' id='word_1_818' title='bbox 1737 5581 1824 5638; x_wconf 91' lang='lat' dir='ltr'>el-</span> 
     </span>
    </p>
   </div>
   <div class='ocr_carea' id='block_1_106' title="bbox 1944 4564 3594 4641">
    <p class='ocr_par' dir='ltr' id='par_1_106' title="bbox 1944 4564 3594 4641">
     <span class='ocr_line' id='line_1_106' title="bbox 1944 4564 3594 4641; baseline 0.001 -18"><span class='ocrx_word' id='word_1_819' title='bbox 1944 4567 2177 4641; x_wconf 89' lang='lat' dir='ltr'>genitus</span> <span class='ocrx_word' id='word_1_820' title='bbox 2208 4566 2303 4622; x_wconf 89' lang='lat' dir='ltr'>Dei</span> <span class='ocrx_word' id='word_1_821' title='bbox 2338 4564 2543 4632; x_wconf 85' lang='lat' dir='ltr'>Filius,</span> <span class='ocrx_word' id='word_1_822' title='bbox 2577 4565 2678 4638; x_wconf 90' lang='lat' dir='ltr'>qui</span> <span class='ocrx_word' id='word_1_823' title='bbox 2705 4565 2822 4621; x_wconf 87' lang='lat' dir='ltr'>ait:</span> <span class='ocrx_word' id='word_1_824' title='bbox 2863 4589 2891 4616; x_wconf 91' lang='grc'><strong>‹‹</strong></span> <span class='ocrx_word' id='word_1_825' title='bbox 2930 4567 3049 4639; x_wconf 83' lang='lat' dir='ltr'>Ego</span> <span class='ocrx_word' id='word_1_826' title='bbox 3102 4585 3236 4623; x_wconf 89' lang='lat' dir='ltr'>sum</span> <span class='ocrx_word' id='word_1_827' title='bbox 3286 4568 3440 4623; x_wconf 88' lang='lat' dir='ltr'>Deus</span> <span class='ocrx_word' id='word_1_828' title='bbox 3490 4584 3594 4640; x_wconf 87' lang='lat' dir='ltr'>pa-</span> 
     </span>
    </p>
   </div>
   <div class='ocr_carea' id='block_1_107' title="bbox 1943 4653 3592 4724">
    <p class='ocr_par' dir='ltr' id='par_1_107' title="bbox 1943 4653 3592 4724">
     <span class='ocr_line' id='line_1_107' title="bbox 1943 4653 3592 4724; baseline 0.001 -14"><span class='ocrx_word' id='word_1_829' title='bbox 1943 4660 2098 4710; x_wconf 90' lang='lat' dir='ltr'>trum</span> <span class='ocrx_word' id='word_1_830' title='bbox 2131 4660 2388 4721; x_wconf 90' lang='lat' dir='ltr'>tuorum,</span> <span class='ocrx_word' id='word_1_831' title='bbox 2422 4654 2576 4709; x_wconf 90' lang='lat' dir='ltr'>Deus</span> <span class='ocrx_word' id='word_1_832' title='bbox 2629 4653 2950 4720; x_wconf 85' lang='lat' dir='ltr'>Abraham,</span> <span class='ocrx_word' id='word_1_833' title='bbox 3000 4655 3153 4711; x_wconf 88' lang='lat' dir='ltr'>Deus</span> <span class='ocrx_word' id='word_1_834' title='bbox 3203 4655 3383 4724; x_wconf 89' lang='lat' dir='ltr'>Isaac,</span> <span class='ocrx_word' id='word_1_835' title='bbox 3437 4655 3592 4711; x_wconf 89' lang='lat' dir='ltr'>Deus</span> 
     </span>
    </p>
   </div>
   <div class='ocr_carea' id='block_1_108' title="bbox 1938 4742 3592 4815">
    <p class='ocr_par' dir='ltr' id='par_1_108' title="bbox 1938 4742 3592 4815">
     <span class='ocr_line' id='line_1_108' title="bbox 1938 4742 3592 4815; baseline 0 -16"><span class='ocrx_word' id='word_1_836' title='bbox 1938 4743 2119 4799; x_wconf 85' lang='lat' dir='ltr'>Jacob</span> <span class='ocrx_word' id='word_1_837' title='bbox 2149 4743 2339 4815; x_wconf 72' lang='lat' dir='ltr'>(Exod.</span> <span class='ocrx_word' id='word_1_838' title='bbox 2370 4758 2459 4806; x_wconf 81' lang='grc' dir='ltr'>ιιι,</span> <span class='ocrx_word' id='word_1_839' title='bbox 2491 4742 2596 4814; x_wconf 84' lang='lat'>6)?</span> <span class='ocrx_word' id='word_1_840' title='bbox 2622 4764 2649 4791; x_wconf 83' lang='grc'><strong>››</strong></span> <span class='ocrx_word' id='word_1_841' title='bbox 2677 4742 2808 4797; x_wconf 87' lang='lat' dir='ltr'>Ideo</span> <span class='ocrx_word' id='word_1_842' title='bbox 2838 4759 2901 4797; x_wconf 90' lang='lat' dir='ltr'>se</span> <span class='ocrx_word' id='word_1_843' title='bbox 2931 4743 3352 4799; x_wconf 89' lang='lat' dir='ltr'>demonstravit</span> <span class='ocrx_word' id='word_1_844' title='bbox 3383 4742 3592 4799; x_wconf 90' lang='lat' dir='ltr'>huma-</span> 
     </span>
    </p>
   </div>
   <div class='ocr_carea' id='block_1_109' title="bbox 1940 4831 3595 4904">
    <p class='ocr_par' dir='ltr' id='par_1_109' title="bbox 1940 4831 3595 4904">
     <span class='ocr_line' id='line_1_109' title="bbox 1940 4831 3595 4904; baseline -0.001 -17"><span class='ocrx_word' id='word_1_845' title='bbox 1940 4832 2032 4887; x_wconf 89' lang='lat' dir='ltr'>nis</span> <span class='ocrx_word' id='word_1_846' title='bbox 2062 4831 2524 4904; x_wconf 86' lang='lat' dir='ltr'>aspectibus,qui</span> <span class='ocrx_word' id='word_1_847' title='bbox 2553 4836 2836 4887; x_wconf 90' lang='lat' dir='ltr'>venturus</span> <span class='ocrx_word' id='word_1_848' title='bbox 2866 4836 2990 4886; x_wconf 90' lang='lat' dir='ltr'>erat</span> <span class='ocrx_word' id='word_1_849' title='bbox 3020 4835 3087 4885; x_wconf 91' lang='lat' dir='ltr'>ut</span> <span class='ocrx_word' id='word_1_850' title='bbox 3116 4831 3188 4885; x_wconf 89' lang='lat' dir='ltr'>ab</span> <span class='ocrx_word' id='word_1_851' title='bbox 3212 4831 3489 4888; x_wconf 90' lang='lat' dir='ltr'>omnibus</span> <span class='ocrx_word' id='word_1_852' title='bbox 3516 4832 3595 4886; x_wconf 86' lang='lat' dir='ltr'>vi-</span> 
     </span>
    </p>
   </div>
   <div class='ocr_carea' id='block_1_110' title="bbox 1938 4919 3589 4989">
    <p class='ocr_par' dir='ltr' id='par_1_110' title="bbox 1938 4919 3589 4989">
     <span class='ocr_line' id='line_1_110' title="bbox 1938 4919 3589 4989; baseline 0 -14"><span class='ocrx_word' id='word_1_853' title='bbox 1938 4919 2192 4975; x_wconf 87' lang='lat' dir='ltr'>deretur.</span> <span class='ocrx_word' id='word_1_854' title='bbox 2230 4920 2361 4975; x_wconf 92' lang='lat' dir='ltr'>Ideo</span> <span class='ocrx_word' id='word_1_855' title='bbox 2392 4920 2577 4974; x_wconf 90' lang='lat' dir='ltr'>rubus</span> <span class='ocrx_word' id='word_1_856' title='bbox 2608 4919 2909 4987; x_wconf 88' lang='lat' dir='ltr'>urebatur,</span> <span class='ocrx_word' id='word_1_857' title='bbox 2945 4922 3002 4973; x_wconf 80' lang='lat' dir='ltr'>et</span> <span class='ocrx_word' id='word_1_858' title='bbox 3032 4935 3146 4973; x_wconf 87' lang='lat' dir='ltr'>non</span> <span class='ocrx_word' id='word_1_859' title='bbox 3201 4919 3589 4989; x_wconf 87' lang='lat' dir='ltr'>exurebatur;</span> 
     </span>
    </p>
   </div>
   <div class='ocr_carea' id='block_1_111' title="bbox 1938 5006 3595 5080">
    <p class='ocr_par' dir='ltr' id='par_1_111' title="bbox 1938 5006 3595 5080">
     <span class='ocr_line' id='line_1_111' title="bbox 1938 5006 3595 5080; baseline 0.001 -17"><span class='ocrx_word' id='word_1_860' title='bbox 1938 5010 2037 5080; x_wconf 89' lang='lat' dir='ltr'>qui</span> <span class='ocrx_word' id='word_1_861' title='bbox 2068 5013 2283 5064; x_wconf 90' lang='lat' dir='ltr'>terram</span> <span class='ocrx_word' id='word_1_862' title='bbox 2317 5010 2488 5064; x_wconf 85' lang='lat' dir='ltr'>istam</span> <span class='ocrx_word' id='word_1_863' title='bbox 2521 5025 2648 5080; x_wconf 67' lang='lat' dir='ltr'>quas</span> <span class='ocrx_word' id='word_1_864' title='bbox 2676 5008 2847 5063; x_wconf 90' lang='lat' dir='ltr'>nobis</span> <span class='ocrx_word' id='word_1_865' title='bbox 2896 5007 3097 5079; x_wconf 89' lang='lat' dir='ltr'>spinas</span> <span class='ocrx_word' id='word_1_866' title='bbox 3140 5006 3508 5078; x_wconf 89' lang='lat' dir='ltr'>germinabat</span> <span class='ocrx_word' id='word_1_867' title='bbox 3537 5013 3595 5064; x_wconf 92' lang='lat' dir='ltr'>et</span> 
     </span>
    </p>
   </div>
   <div class='ocr_carea' id='block_1_112' title="bbox 1938 5093 3592 5169">
    <p class='ocr_par' dir='ltr' id='par_1_112' title="bbox 1938 5093 3592 5169">
     <span class='ocr_line' id='line_1_112' title="bbox 1938 5093 3592 5169; baseline -0.002 -16"><span class='ocrx_word' id='word_1_868' title='bbox 1938 5102 2156 5161; x_wconf 88' lang='lat' dir='ltr'>sentes,</span> <span class='ocrx_word' id='word_1_869' title='bbox 2190 5097 2536 5169; x_wconf 89' lang='lat' dir='ltr'>disponebat</span> <span class='ocrx_word' id='word_1_870' title='bbox 2569 5113 2735 5152; x_wconf 87' lang='lat' dir='ltr'>urere</span> <span class='ocrx_word' id='word_1_871' title='bbox 2767 5113 2869 5168; x_wconf 91' lang='lat' dir='ltr'>per</span> <span class='ocrx_word' id='word_1_872' title='bbox 2914 5093 3286 5150; x_wconf 75' lang='lat' dir='ltr'>continentis:</span> <span class='ocrx_word' id='word_1_873' title='bbox 3335 5093 3592 5165; x_wconf 80' lang='lat' dir='ltr'>discipli-</span> 
     </span>
    </p>
   </div>
   <div class='ocr_carea' id='block_1_113' title="bbox 1939 5181 3585 5257">
    <p class='ocr_par' dir='ltr' id='par_1_113' title="bbox 1939 5181 3585 5257">
     <span class='ocr_line' id='line_1_113' title="bbox 1939 5181 3585 5257; baseline -0.001 -16"><span class='ocrx_word' id='word_1_874' title='bbox 1939 5202 2098 5252; x_wconf 89' lang='lat' dir='ltr'>nam,</span> <span class='ocrx_word' id='word_1_875' title='bbox 2132 5202 2309 5257; x_wconf 89' lang='lat' dir='ltr'>quam</span> <span class='ocrx_word' id='word_1_876' title='bbox 2342 5201 2685 5241; x_wconf 90' lang='lat' dir='ltr'>consumere</span> <span class='ocrx_word' id='word_1_877' title='bbox 2709 5185 2821 5257; x_wconf 60' lang='lat'>(£8)</span> <span class='ocrx_word' id='word_1_878' title='bbox 2853 5200 2955 5256; x_wconf 88' lang='lat' dir='ltr'>per</span> <span class='ocrx_word' id='word_1_879' title='bbox 2993 5181 3197 5238; x_wconf 90' lang='lat' dir='ltr'>mortis</span> <span class='ocrx_word' id='word_1_880' title='bbox 3240 5197 3585 5239; x_wconf 65' lang='lat' dir='ltr'>aerumnam.</span> 
     </span>
    </p>
   </div>
   <div class='ocr_carea' id='block_1_114' title="bbox 1938 5272 3591 5346">
    <p class='ocr_par' dir='ltr' id='par_1_114' title="bbox 1938 5272 3591 5346">
     <span class='ocr_line' id='line_1_114' title="bbox 1938 5272 3591 5346; baseline -0.002 -16"><span class='ocrx_word' id='word_1_881' title='bbox 1938 5273 2101 5330; x_wconf 90' lang='lat' dir='ltr'>Unde</span> <span class='ocrx_word' id='word_1_882' title='bbox 2131 5273 2272 5329; x_wconf 90' lang='lat' dir='ltr'>dicit</span> <span class='ocrx_word' id='word_1_883' title='bbox 2298 5272 2619 5346; x_wconf 87' lang='lat' dir='ltr'>Propheta:</span> <span class='ocrx_word' id='word_1_884' title='bbox 2658 5295 2686 5321; x_wconf 91' lang='grc'>‹‹</span> <span class='ocrx_word' id='word_1_885' title='bbox 2747 5277 2858 5328; x_wconf 90' lang='lat' dir='ltr'>Ure</span> <span class='ocrx_word' id='word_1_886' title='bbox 2910 5288 3076 5328; x_wconf 91' lang='lat' dir='ltr'>renes</span> <span class='ocrx_word' id='word_1_887' title='bbox 3133 5286 3316 5339; x_wconf 87' lang='lat' dir='ltr'>meos,</span> <span class='ocrx_word' id='word_1_888' title='bbox 3376 5274 3435 5326; x_wconf 90' lang='lat' dir='ltr'>et</span> <span class='ocrx_word' id='word_1_889' title='bbox 3490 5288 3591 5328; x_wconf 90' lang='lat' dir='ltr'>cor</span> 
     </span>
    </p>
   </div>
   <div class='ocr_carea' id='block_1_115' title="bbox 1936 5360 3584 5433">
    <p class='ocr_par' dir='ltr' id='par_1_115' title="bbox 1936 5360 3584 5433">
     <span class='ocr_line' id='line_1_115' title="bbox 1936 5360 3584 5433; baseline -0.001 -14"><span class='ocrx_word' id='word_1_890' title='bbox 1936 5378 2130 5419; x_wconf 85' lang='lat' dir='ltr'>meum</span> <span class='ocrx_word' id='word_1_891' title='bbox 2164 5363 2333 5433; x_wconf 73' lang='grc' dir='ltr'>(1³δαί.</span> <span class='ocrx_word' id='word_1_892' title='bbox 2393 5380 2525 5427; x_wconf 80' lang='lat' dir='ltr'>xxv,</span> <span class='ocrx_word' id='word_1_893' title='bbox 2588 5364 2662 5427; x_wconf 82' lang='lat'>2).</span> <span class='ocrx_word' id='word_1_894' title='bbox 2721 5360 3069 5418; x_wconf 63' lang='lat' dir='ltr'>nitevelavit</span> <span class='ocrx_word' id='word_1_895' title='bbox 3117 5377 3255 5433; x_wconf 88' lang='lat' dir='ltr'>ergo</span> <span class='ocrx_word' id='word_1_896' title='bbox 3314 5360 3584 5417; x_wconf 86' lang='lat' dir='ltr'>futurum</span> 
     </span>
    </p>
   </div>
   <div class='ocr_carea' id='block_1_116' title="bbox 1935 5503 3583 5580">
    <p class='ocr_par' dir='ltr' id='par_1_116' title="bbox 1935 5503 3583 5580">
     <span class='ocr_line' id='line_1_116' title="bbox 1935 5503 3583 5580; baseline -0.003 -17"><span class='ocrx_word' id='word_1_897' title='bbox 1935 5505 2103 5580; x_wconf 87' lang='lat' dir='ltr'>lipsis</span> <span class='ocrx_word' id='word_1_898' title='bbox 2133 5503 2390 5580; x_wconf 84' lang='lat' dir='ltr'>adverbii</span> <span class='ocrx_word' id='word_1_899' title='bbox 2419 5507 2620 5580; x_wconf 66' lang='lat' dir='ltr'>magis,</span> <span class='ocrx_word' id='word_1_900' title='bbox 2650 5504 2740 5580; x_wconf 84' lang='lat' dir='ltr'>_vcl</span> <span class='ocrx_word' id='word_1_901' title='bbox 2767 5506 2951 5580; x_wconf 74' lang='lat' dir='ltr'>potius</span> <span class='ocrx_word' id='word_1_902' title='bbox 2985 5522 2996 5561; x_wconf 91' lang='lat'>:</span> <span class='ocrx_word' id='word_1_903' title='bbox 3032 5521 3157 5578; x_wconf 60' lang='lat' dir='ltr'>qua</span> <span class='ocrx_word' id='word_1_904' title='bbox 3195 5506 3380 5579; x_wconf 79' lang='lat' dir='ltr'>ﬁgura</span> <span class='ocrx_word' id='word_1_905' title='bbox 3415 5504 3583 5561; x_wconf 89' lang='lat' dir='ltr'>mini-</span> 
     </span>
    </p>
   </div>
   <div class='ocr_carea' id='block_1_117' title="bbox 1940 5576 2914 5650">
    <p class='ocr_par' dir='ltr' id='par_1_117' title="bbox 1940 5576 2914 5650">
     <span class='ocr_line' id='line_1_117' title="bbox 1940 5576 2914 5650; baseline -0.003 -14"><span class='ocrx_word' id='word_1_906' title='bbox 1940 5576 2033 5636; x_wconf 78' lang='lat' dir='ltr'>nie</span> <span class='ocrx_word' id='word_1_907' title='bbox 2056 5576 2319 5635; x_wconf 89' lang='lat' dir='ltr'>insolens</span> <span class='ocrx_word' id='word_1_908' title='bbox 2349 5577 2504 5650; x_wconf 89' lang='lat' dir='ltr'>apud</span> <span class='ocrx_word' id='word_1_909' title='bbox 2528 5576 2914 5635; x_wconf 86' lang='lat' dir='ltr'>Ambrosium</span> 
     </span>
    </p>
   </div>
  </div>
