  <div class='ocr_page' id='page_1' title='image "/cluster/home/n/w/nwhite01/storage/ocr_20150623/14/uva.x000826552/591.png"; bbox 0 0 3856 6206; ppageno 0'>
   <div class='ocr_carea' id='block_1_1' title="bbox 183 326 1872 418">
    <p class='ocr_par' dir='ltr' id='par_1_1' title="bbox 183 326 1853 418">
     <span class='ocr_line' id='line_1_1' title="bbox 183 326 1853 418; baseline 0.001 -25"><span class='ocrx_word' id='word_1_1' title='bbox 183 326 340 394; x_wconf 72' lang='lat' dir='ltr'>uss</span> <span class='ocrx_word' id='word_1_2' title='bbox 1274 331 1732 418; x_wconf 60' lang='lat' dir='ltr'>eumeum</span> <span class='ocrx_word' id='word_1_3' title='bbox 1773 331 1853 397; x_wconf 69' lang='grc' dir='ltr'>ιη</span> 
     </span>
    </p>
   </div>
   <div class='ocr_carea' id='block_1_2' title="bbox 2041 326 3617 418">
    <p class='ocr_par' dir='ltr' id='par_1_2' title="bbox 2041 329 3617 399">
     <span class='ocr_line' id='line_1_2' title="bbox 2041 329 3617 399; baseline 0.003 -5"><span class='ocrx_word' id='word_1_4' title='bbox 2041 329 2286 396; x_wconf 75' lang='lat' dir='ltr'>.LMUM</span> <span class='ocrx_word' id='word_1_5' title='bbox 2332 333 2578 396; x_wconf 78' lang='lat' dir='ltr'>XLIII.‘</span> <span class='ocrx_word' id='word_1_6' title='bbox 3460 339 3617 399; x_wconf 70' lang='lat' dir='ltr'>H54</span> 
     </span>
    </p>
   </div>
   <div class='ocr_carea' id='block_1_3' title="bbox 171 465 3617 540">
    <p class='ocr_par' dir='ltr' id='par_1_3' title="bbox 171 465 3617 540">
     <span class='ocr_line' id='line_1_3' title="bbox 171 465 3617 540; baseline 0.002 -25"><span class='ocrx_word' id='word_1_7' title='bbox 171 465 437 532; x_wconf 84' lang='lat' dir='ltr'>vertitur,</span> <span class='ocrx_word' id='word_1_8' title='bbox 476 467 549 521; x_wconf 91' lang='lat' dir='ltr'>ut</span> <span class='ocrx_word' id='word_1_9' title='bbox 579 465 861 538; x_wconf 86' lang='lat' dir='ltr'>scriptum</span> <span class='ocrx_word' id='word_1_10' title='bbox 906 467 1022 523; x_wconf 82' lang='lat' dir='ltr'>est:</span> <span class='ocrx_word' id='word_1_11' title='bbox 1065 485 1092 520; x_wconf 76' lang='grc' dir='ltr'><strong>α</strong></span> <span class='ocrx_word' id='word_1_12' title='bbox 1119 466 1167 522; x_wconf 80' lang='grc' dir='ltr'>Α</span> <span class='ocrx_word' id='word_1_13' title='bbox 1202 482 1438 522; x_wconf 84' lang='lat' dir='ltr'>summo</span> <span class='ocrx_word' id='word_1_14' title='bbox 1467 467 1609 522; x_wconf 82' lang='lat' dir='ltr'>coelo</span> <span class='ocrx_word' id='word_1_15' title='bbox 1640 483 1836 539; x_wconf 78' lang='lat' dir='ltr'>cgres-</span> <span class='ocrx_word' id='word_1_16' title='bbox 1869 465 1922 532; x_wconf 77' lang='grc' dir='ltr'><strong>Α</strong></span> <span class='ocrx_word' id='word_1_17' title='bbox 1951 465 2234 538; x_wconf 71' lang='lat' dir='ltr'>impedire</span> <span class='ocrx_word' id='word_1_18' title='bbox 2267 483 2378 521; x_wconf 88' lang='lat' dir='ltr'>non</span> <span class='ocrx_word' id='word_1_19' title='bbox 2415 467 2662 539; x_wconf 84' lang='lat' dir='ltr'>possint,</span> <span class='ocrx_word' id='word_1_20' title='bbox 2699 483 2827 538; x_wconf 74' lang='lat' dir='ltr'>quae</span> <span class='ocrx_word' id='word_1_21' title='bbox 2859 467 3023 523; x_wconf 85' lang='lat' dir='ltr'>ducit</span> <span class='ocrx_word' id='word_1_22' title='bbox 3071 469 3141 523; x_wconf 85' lang='lat' dir='ltr'>ad</span> <span class='ocrx_word' id='word_1_23' title='bbox 3175 471 3393 524; x_wconf 86' lang='lat' dir='ltr'>secreta</span> <span class='ocrx_word' id='word_1_24' title='bbox 3449 485 3617 540; x_wconf 88' lang='lat' dir='ltr'>para-</span> 
     </span>
    </p>
   </div>
   <div class='ocr_carea' id='block_1_4' title="bbox 176 554 3618 628">
    <p class='ocr_par' dir='ltr' id='par_1_4' title="bbox 176 554 3618 628">
     <span class='ocr_line' id='line_1_4' title="bbox 176 554 3618 628; baseline 0.001 -18"><span class='ocrx_word' id='word_1_25' title='bbox 176 554 260 610; x_wconf 90' lang='lat' dir='ltr'>sio</span> <span class='ocrx_word' id='word_1_26' title='bbox 291 554 448 624; x_wconf 86' lang='lat' dir='ltr'>ejus,</span> <span class='ocrx_word' id='word_1_27' title='bbox 486 557 552 610; x_wconf 90' lang='lat' dir='ltr'>et</span> <span class='ocrx_word' id='word_1_28' title='bbox 581 571 861 612; x_wconf 90' lang='lat' dir='ltr'>occursus</span> <span class='ocrx_word' id='word_1_29' title='bbox 893 556 1021 627; x_wconf 83' lang='lat' dir='ltr'>ejus</span> <span class='ocrx_word' id='word_1_30' title='bbox 1052 572 1250 628; x_wconf 85' lang='lat' dir='ltr'>usque</span> <span class='ocrx_word' id='word_1_31' title='bbox 1271 556 1344 612; x_wconf 88' lang='lat' dir='ltr'>ad</span> <span class='ocrx_word' id='word_1_32' title='bbox 1375 571 1677 612; x_wconf 87' lang='lat' dir='ltr'>summum</span> <span class='ocrx_word' id='word_1_33' title='bbox 1713 557 1840 627; x_wconf 85' lang='lat' dir='ltr'>ejus</span> <span class='ocrx_word' id='word_1_34' title='bbox 1950 554 2084 609; x_wconf 83' lang='lat' dir='ltr'>disi.</span> <span class='ocrx_word' id='word_1_35' title='bbox 2118 555 2414 610; x_wconf 83' lang='lat' dir='ltr'>Habemus</span> <span class='ocrx_word' id='word_1_36' title='bbox 2443 572 2578 628; x_wconf 89' lang='lat' dir='ltr'>ergo</span> <span class='ocrx_word' id='word_1_37' title='bbox 2610 557 2669 611; x_wconf 93' lang='lat' dir='ltr'>in</span> <span class='ocrx_word' id='word_1_38' title='bbox 2715 555 2887 612; x_wconf 89' lang='lat' dir='ltr'>nobis</span> <span class='ocrx_word' id='word_1_39' title='bbox 2947 557 3210 613; x_wconf 90' lang='lat' dir='ltr'>studium</span> <span class='ocrx_word' id='word_1_40' title='bbox 3264 557 3469 612; x_wconf 68' lang='lat' dir='ltr'>divina:</span> <span class='ocrx_word' id='word_1_41' title='bbox 3526 575 3618 613; x_wconf 89' lang='lat' dir='ltr'>co-</span> 
     </span>
    </p>
   </div>
   <div class='ocr_carea' id='block_1_5' title="bbox 176 642 3618 717">
    <p class='ocr_par' dir='ltr' id='par_1_5' title="bbox 176 642 3618 717">
     <span class='ocr_line' id='line_1_5' title="bbox 176 642 3618 717; baseline 0.001 -19"><span class='ocrx_word' id='word_1_42' title='bbox 176 647 321 698; x_wconf 77' lang='lat' dir='ltr'>Psat.</span> <span class='ocrx_word' id='word_1_43' title='bbox 353 660 531 710; x_wconf 84' lang='lat' dir='ltr'>xvm,</span> <span class='ocrx_word' id='word_1_44' title='bbox 565 644 642 712; x_wconf 90' lang='lat'>7).</span> <span class='ocrx_word' id='word_1_45' title='bbox 676 668 697 698; x_wconf 78' lang='grc' dir='ltr'>ι</span> <span class='ocrx_word' id='word_1_46' title='bbox 736 643 874 700; x_wconf 87' lang='lat' dir='ltr'>Esto</span> <span class='ocrx_word' id='word_1_47' title='bbox 904 647 1126 711; x_wconf 87' lang='lat' dir='ltr'>tamen,</span> <span class='ocrx_word' id='word_1_48' title='bbox 1174 647 1239 699; x_wconf 89' lang='lat' dir='ltr'>ut</span> <span class='ocrx_word' id='word_1_49' title='bbox 1294 645 1364 700; x_wconf 91' lang='lat' dir='ltr'>de</span> <span class='ocrx_word' id='word_1_50' title='bbox 1420 644 1636 716; x_wconf 90' lang='lat' dir='ltr'>Joseph</span> <span class='ocrx_word' id='word_1_51' title='bbox 1694 644 1842 699; x_wconf 91' lang='lat' dir='ltr'>acci-</span> <span class='ocrx_word' id='word_1_52' title='bbox 1951 642 2268 714; x_wconf 90' lang='lat' dir='ltr'>gnitionis;</span> <span class='ocrx_word' id='word_1_53' title='bbox 2303 644 2590 701; x_wconf 86' lang='lat' dir='ltr'>habemus</span> <span class='ocrx_word' id='word_1_54' title='bbox 2625 645 2719 701; x_wconf 87' lang='lat' dir='ltr'>Dei</span> <span class='ocrx_word' id='word_1_55' title='bbox 2746 646 2883 700; x_wconf 88' lang='lat' dir='ltr'>verb</span> <span class='ocrx_word' id='word_1_56' title='bbox 2907 663 3029 714; x_wconf 91' lang='lat' dir='ltr'>um,</span> <span class='ocrx_word' id='word_1_57' title='bbox 3065 646 3219 717; x_wconf 91' lang='lat' dir='ltr'>quod</span> <span class='ocrx_word' id='word_1_58' title='bbox 3261 651 3351 701; x_wconf 90' lang='lat' dir='ltr'>est</span> <span class='ocrx_word' id='word_1_59' title='bbox 3405 662 3618 702; x_wconf 84' lang='lat' dir='ltr'>nomen</span> 
     </span>
    </p>
   </div>
   <div class='ocr_carea' id='block_1_6' title="bbox 180 730 3619 806">
    <p class='ocr_par' dir='ltr' id='par_1_6' title="bbox 180 730 3619 806">
     <span class='ocr_line' id='line_1_6' title="bbox 180 730 3619 806; baseline 0.001 -20"><span class='ocrx_word' id='word_1_60' title='bbox 180 732 376 803; x_wconf 80' lang='lat' dir='ltr'>piatur</span> <span class='ocrx_word' id='word_1_61' title='bbox 407 753 440 782; x_wconf 87' lang='lat'><strong>«</strong></span> <span class='ocrx_word' id='word_1_62' title='bbox 463 731 777 788; x_wconf 79' lang='lat' dir='ltr'>Revertere</span> <span class='ocrx_word' id='word_1_63' title='bbox 799 733 870 788; x_wconf 90' lang='lat' dir='ltr'>ad</span> <span class='ocrx_word' id='word_1_64' title='bbox 895 749 988 788; x_wconf 89' lang='lat' dir='ltr'>me</span> <span class='ocrx_word' id='word_1_65' title='bbox 1013 751 1024 800; x_wconf 92' lang='lat'>;</span> <span class='ocrx_word' id='word_1_66' title='bbox 1053 753 1081 782; x_wconf 83' lang='lat'>»</span> <span class='ocrx_word' id='word_1_67' title='bbox 1099 732 1237 805; x_wconf 88' lang='lat' dir='ltr'>quia</span> <span class='ocrx_word' id='word_1_68' title='bbox 1263 732 1517 804; x_wconf 88' lang='lat' dir='ltr'>populus</span> <span class='ocrx_word' id='word_1_69' title='bbox 1541 730 1847 787; x_wconf 80' lang='lat' dir='ltr'>revertitur</span> <span class='ocrx_word' id='word_1_70' title='bbox 1955 730 2164 786; x_wconf 82' lang='lat' dir='ltr'>Patris.</span> <span class='ocrx_word' id='word_1_71' title='bbox 2199 733 2328 787; x_wconf 74' lang='lat' dir='ltr'>Haec</span> <span class='ocrx_word' id='word_1_72' title='bbox 2358 750 2490 788; x_wconf 89' lang='lat' dir='ltr'>vere</span> <span class='ocrx_word' id='word_1_73' title='bbox 2522 734 2854 806; x_wconf 79' lang='lat' dir='ltr'>proprietas</span> <span class='ocrx_word' id='word_1_74' title='bbox 2887 735 3004 800; x_wconf 87' lang='lat' dir='ltr'><strong>Dei,</strong></span> <span class='ocrx_word' id='word_1_75' title='bbox 3037 735 3178 805; x_wconf 86' lang='lat' dir='ltr'>quia</span> <span class='ocrx_word' id='word_1_76' title='bbox 3209 736 3378 791; x_wconf 89' lang='lat' dir='ltr'>Pater</span> <span class='ocrx_word' id='word_1_77' title='bbox 3405 734 3619 791; x_wconf 83' lang='lat' dir='ltr'>Christi</span> 
     </span>
    </p>
   </div>
   <div class='ocr_carea' id='block_1_7' title="bbox 178 819 3623 894">
    <p class='ocr_par' dir='ltr' id='par_1_7' title="bbox 178 819 3623 894">
     <span class='ocr_line' id='line_1_7' title="bbox 178 819 3623 894; baseline 0.001 -20"><span class='ocrx_word' id='word_1_78' title='bbox 178 819 236 874; x_wconf 91' lang='lat' dir='ltr'>in</span> <span class='ocrx_word' id='word_1_79' title='bbox 265 823 498 876; x_wconf 88' lang='lat' dir='ltr'>terram</span> <span class='ocrx_word' id='word_1_80' title='bbox 532 821 1013 891; x_wconf 65' lang='lat' dir='ltr'>Chananmorum,</span> <span class='ocrx_word' id='word_1_81' title='bbox 1047 822 1105 876; x_wconf 95' lang='lat' dir='ltr'>in</span> <span class='ocrx_word' id='word_1_82' title='bbox 1128 822 1347 893; x_wconf 88' lang='lat' dir='ltr'>quibus</span> <span class='ocrx_word' id='word_1_83' title='bbox 1377 824 1511 876; x_wconf 84' lang='lat' dir='ltr'><strong>ante</strong></span> <span class='ocrx_word' id='word_1_84' title='bbox 1542 819 1844 875; x_wconf 87' lang='lat' dir='ltr'>habitave-</span> <span class='ocrx_word' id='word_1_85' title='bbox 1956 824 2083 875; x_wconf 88' lang='lat' dir='ltr'>est:</span> <span class='ocrx_word' id='word_1_86' title='bbox 2117 825 2174 874; x_wconf 91' lang='lat' dir='ltr'>et</span> <span class='ocrx_word' id='word_1_87' title='bbox 2208 821 2336 875; x_wconf 88' lang='lat' dir='ltr'>ideo</span> <span class='ocrx_word' id='word_1_88' title='bbox 2367 821 2424 875; x_wconf 90' lang='lat' dir='ltr'>in</span> <span class='ocrx_word' id='word_1_89' title='bbox 2461 823 2696 878; x_wconf 88' lang='lat' dir='ltr'>nomine</span> <span class='ocrx_word' id='word_1_90' title='bbox 2743 823 2930 878; x_wconf 79' lang='lat' dir='ltr'>Patris</span> <span class='ocrx_word' id='word_1_91' title='bbox 2977 824 3154 889; x_wconf 85' lang='lat' dir='ltr'>venit,</span> <span class='ocrx_word' id='word_1_92' title='bbox 3192 823 3288 894; x_wconf 88' lang='lat' dir='ltr'>qui</span> <span class='ocrx_word' id='word_1_93' title='bbox 3342 824 3503 880; x_wconf 86' lang='lat' dir='ltr'>venit</span> <span class='ocrx_word' id='word_1_94' title='bbox 3557 827 3623 880; x_wconf 88' lang='lat' dir='ltr'>ut</span> 
     </span>
    </p>
   </div>
   <div class='ocr_carea' id='block_1_8' title="bbox 181 906 3621 982">
    <p class='ocr_par' dir='ltr' id='par_1_8' title="bbox 181 906 3621 982">
     <span class='ocr_line' id='line_1_8' title="bbox 181 906 3621 982; baseline 0.001 -18"><span class='ocrx_word' id='word_1_95' title='bbox 181 913 314 964; x_wconf 87' lang='lat' dir='ltr'>rant</span> <span class='ocrx_word' id='word_1_96' title='bbox 344 909 724 982; x_wconf 70' lang='lat' dir='ltr'>patriarchae.</span> <span class='ocrx_word' id='word_1_97' title='bbox 760 911 923 967; x_wconf 89' lang='lat' dir='ltr'>Unde</span> <span class='ocrx_word' id='word_1_98' title='bbox 953 911 1097 967; x_wconf 86' lang='lat' dir='ltr'>dicit</span> <span class='ocrx_word' id='word_1_99' title='bbox 1125 911 1286 967; x_wconf 85' lang='lat' dir='ltr'>Isaac</span> <span class='ocrx_word' id='word_1_100' title='bbox 1314 911 1386 966; x_wconf 91' lang='lat' dir='ltr'>ad</span> <span class='ocrx_word' id='word_1_101' title='bbox 1407 910 1588 965; x_wconf 87' lang='lat' dir='ltr'>Jacob</span> <span class='ocrx_word' id='word_1_102' title='bbox 1615 927 1629 965; x_wconf 92' lang='lat'>:</span> <span class='ocrx_word' id='word_1_103' title='bbox 1665 931 1694 960; x_wconf 87' lang='lat'><strong>«</strong></span> <span class='ocrx_word' id='word_1_104' title='bbox 1719 909 1844 964; x_wconf 90' lang='lat' dir='ltr'>Non</span> <span class='ocrx_word' id='word_1_105' title='bbox 1957 906 2142 963; x_wconf 85' lang='lat' dir='ltr'>Patris</span> <span class='ocrx_word' id='word_1_106' title='bbox 2175 909 2390 964; x_wconf 82' lang='lat' dir='ltr'>faceret</span> <span class='ocrx_word' id='word_1_107' title='bbox 2419 910 2803 978; x_wconf 85' lang='lat' dir='ltr'>voluntatem,</span> <span class='ocrx_word' id='word_1_108' title='bbox 2837 912 2906 966; x_wconf 89' lang='lat' dir='ltr'>Et</span> <span class='ocrx_word' id='word_1_109' title='bbox 2938 911 3066 966; x_wconf 90' lang='lat' dir='ltr'>ideo</span> <span class='ocrx_word' id='word_1_110' title='bbox 3118 911 3236 966; x_wconf 88' lang='lat' dir='ltr'>ait:</span> <span class='ocrx_word' id='word_1_111' title='bbox 3300 935 3329 961; x_wconf 87' lang='grc'><em>‹‹</em></span> <span class='ocrx_word' id='word_1_112' title='bbox 3391 913 3454 967; x_wconf 93' lang='lat' dir='ltr'>In</span> <span class='ocrx_word' id='word_1_113' title='bbox 3515 929 3621 967; x_wconf 90' lang='lat' dir='ltr'>no-</span> 
     </span>
    </p>
   </div>
   <div class='ocr_carea' id='block_1_9' title="bbox 183 996 3618 1072">
    <p class='ocr_par' dir='ltr' id='par_1_9' title="bbox 183 996 3618 1072">
     <span class='ocr_line' id='line_1_9' title="bbox 183 996 3618 1072; baseline 0.001 -20"><span class='ocrx_word' id='word_1_114' title='bbox 183 997 441 1072; x_wconf 90' lang='lat' dir='ltr'>accipies</span> <span class='ocrx_word' id='word_1_115' title='bbox 503 1015 748 1054; x_wconf 87' lang='lat' dir='ltr'>uxorem</span> <span class='ocrx_word' id='word_1_116' title='bbox 806 1017 839 1055; x_wconf 87' lang='lat' dir='ltr'>a</span> <span class='ocrx_word' id='word_1_117' title='bbox 890 999 1125 1056; x_wconf 84' lang='lat' dir='ltr'>filiabus</span> <span class='ocrx_word' id='word_1_118' title='bbox 1209 999 1673 1055; x_wconf 64' lang='lat' dir='ltr'>Chananeorum</span> <span class='ocrx_word' id='word_1_119' title='bbox 1732 999 1847 1071; x_wconf 88' lang='grc'>(51)</span> <span class='ocrx_word' id='word_1_120' title='bbox 1957 997 2114 1051; x_wconf 88' lang='lat' dir='ltr'>mine</span> <span class='ocrx_word' id='word_1_121' title='bbox 2147 996 2332 1052; x_wconf 82' lang='lat' dir='ltr'>Patris</span> <span class='ocrx_word' id='word_1_122' title='bbox 2362 996 2518 1064; x_wconf 89' lang='lat' dir='ltr'>veni,</span> <span class='ocrx_word' id='word_1_123' title='bbox 2554 1001 2612 1052; x_wconf 88' lang='lat' dir='ltr'>et</span> <span class='ocrx_word' id='word_1_124' title='bbox 2641 1016 2755 1054; x_wconf 93' lang='lat' dir='ltr'>non</span> <span class='ocrx_word' id='word_1_125' title='bbox 2786 1015 2878 1055; x_wconf 92' lang='lat' dir='ltr'>me</span> <span class='ocrx_word' id='word_1_126' title='bbox 2923 999 3292 1071; x_wconf 89' lang='lat' dir='ltr'>suscipietis:</span> <span class='ocrx_word' id='word_1_127' title='bbox 3357 1001 3405 1056; x_wconf 89' lang='lat' dir='ltr'>si</span> <span class='ocrx_word' id='word_1_128' title='bbox 3464 1001 3618 1056; x_wconf 90' lang='lat' dir='ltr'>alius</span> 
     </span>
    </p>
   </div>
   <div class='ocr_carea' id='block_1_10' title="bbox 179 1085 1846 1160">
    <p class='ocr_par' dir='ltr' id='par_1_10' title="bbox 179 1085 1846 1160">
     <span class='ocr_line' id='line_1_10' title="bbox 179 1085 1846 1160; baseline -0.001 -19"><span class='ocrx_word' id='word_1_129' title='bbox 179 1085 330 1156; x_wconf 80' lang='lat' dir='ltr'>(Gen.</span> <span class='ocrx_word' id='word_1_130' title='bbox 363 1103 559 1154; x_wconf 82' lang='lat' dir='ltr'>xxvn,</span> <span class='ocrx_word' id='word_1_131' title='bbox 593 1089 683 1159; x_wconf 88' lang='lat'><strong>1);</strong></span> <span class='ocrx_word' id='word_1_132' title='bbox 718 1091 775 1143; x_wconf 90' lang='lat' dir='ltr'><strong>et</strong></span> <span class='ocrx_word' id='word_1_133' title='bbox 804 1087 987 1144; x_wconf 88' lang='lat' dir='ltr'>mittit</span> <span class='ocrx_word' id='word_1_134' title='bbox 1022 1104 1158 1143; x_wconf 89' lang='lat' dir='ltr'>eum</span> <span class='ocrx_word' id='word_1_135' title='bbox 1214 1087 1275 1142; x_wconf 93' lang='lat' dir='ltr'>in</span> <span class='ocrx_word' id='word_1_136' title='bbox 1337 1087 1846 1160; x_wconf 88' lang='lat' dir='ltr'>Mesopotamiam,</span> 
     </span>
    </p>
   </div>
   <div class='ocr_carea' id='block_1_11' title="bbox 178 1173 1848 1248">
    <p class='ocr_par' dir='ltr' id='par_1_11' title="bbox 178 1173 1848 1248">
     <span class='ocr_line' id='line_1_11' title="bbox 178 1173 1848 1248; baseline 0.001 -20"><span class='ocrx_word' id='word_1_137' title='bbox 178 1177 244 1229; x_wconf 91' lang='lat' dir='ltr'>ut</span> <span class='ocrx_word' id='word_1_138' title='bbox 270 1173 355 1228; x_wconf 88' lang='lat' dir='ltr'>ibi</span> <span class='ocrx_word' id='word_1_139' title='bbox 377 1173 502 1230; x_wconf 85' lang='lat' dir='ltr'>sibi</span> <span class='ocrx_word' id='word_1_140' title='bbox 531 1176 840 1248; x_wconf 92' lang='lat' dir='ltr'>conjugem</span> <span class='ocrx_word' id='word_1_141' title='bbox 859 1175 1155 1248; x_wconf 90' lang='lat' dir='ltr'><strong>reperiret.</strong></span> <span class='ocrx_word' id='word_1_142' title='bbox 1182 1175 1462 1247; x_wconf 88' lang='lat' dir='ltr'>Nunquid</span> <span class='ocrx_word' id='word_1_143' title='bbox 1499 1175 1549 1230; x_wconf 91' lang='lat' dir='ltr'><strong>ei</strong></span> <span class='ocrx_word' id='word_1_144' title='bbox 1585 1174 1848 1230; x_wconf 85' lang='lat' dir='ltr'>insidiati</span> 
     </span>
    </p>
   </div>
   <div class='ocr_carea' id='block_1_12' title="bbox 182 1262 1851 1336">
    <p class='ocr_par' dir='ltr' id='par_1_12' title="bbox 182 1262 1851 1336">
     <span class='ocr_line' id='line_1_12' title="bbox 182 1262 1851 1336; baseline 0 -19"><span class='ocrx_word' id='word_1_145' title='bbox 182 1264 320 1317; x_wconf 87' lang='lat' dir='ltr'>sunt</span> <span class='ocrx_word' id='word_1_146' title='bbox 348 1262 590 1318; x_wconf 89' lang='lat' dir='ltr'>domini</span> <span class='ocrx_word' id='word_1_147' title='bbox 612 1264 957 1336; x_wconf 80' lang='lat' dir='ltr'>sagittarum</span> <span class='ocrx_word' id='word_1_148' title='bbox 975 1263 1124 1336; x_wconf 84' lang='lat'>(52)?</span> <span class='ocrx_word' id='word_1_149' title='bbox 1143 1263 1440 1335; x_wconf 87' lang='lat' dir='ltr'>Numquid</span> <span class='ocrx_word' id='word_1_150' title='bbox 1468 1263 1594 1336; x_wconf 91' lang='lat' dir='ltr'>ipse</span> <span class='ocrx_word' id='word_1_151' title='bbox 1616 1266 1851 1335; x_wconf 88' lang='lat' dir='ltr'>propter</span> 
     </span>
    </p>
   </div>
   <div class='ocr_carea' id='block_1_13' title="bbox 182 1349 1850 1409">
    <p class='ocr_par' dir='ltr' id='par_1_13' title="bbox 182 1349 1850 1409">
     <span class='ocr_line' id='line_1_13' title="bbox 182 1349 1850 1409; baseline 0.002 -6"><span class='ocrx_word' id='word_1_152' title='bbox 182 1349 661 1408; x_wconf 85' lang='lat' dir='ltr'>benedictionem</span> <span class='ocrx_word' id='word_1_153' title='bbox 693 1353 841 1408; x_wconf 90' lang='lat' dir='ltr'>uteri</span> <span class='ocrx_word' id='word_1_154' title='bbox 873 1353 1121 1408; x_wconf 89' lang='lat' dir='ltr'>materni</span> <span class='ocrx_word' id='word_1_155' title='bbox 1154 1353 1214 1409; x_wconf 93' lang='lat' dir='ltr'>in</span> <span class='ocrx_word' id='word_1_156' title='bbox 1245 1355 1368 1408; x_wconf 91' lang='lat' dir='ltr'>toto</span> <span class='ocrx_word' id='word_1_157' title='bbox 1427 1353 1564 1409; x_wconf 88' lang='lat' dir='ltr'>orbe</span> <span class='ocrx_word' id='word_1_158' title='bbox 1613 1351 1850 1408; x_wconf 86' lang='lat' dir='ltr'>benedi-</span> 
     </span>
    </p>
   </div>
   <div class='ocr_carea' id='block_1_14' title="bbox 185 1441 1849 1514">
    <p class='ocr_par' dir='ltr' id='par_1_14' title="bbox 185 1441 1849 1514">
     <span class='ocr_line' id='line_1_14' title="bbox 185 1441 1849 1514; baseline 0.001 -20"><span class='ocrx_word' id='word_1_159' title='bbox 185 1443 314 1494; x_wconf 86' lang='lat' dir='ltr'>ctus</span> <span class='ocrx_word' id='word_1_160' title='bbox 345 1442 462 1509; x_wconf 84' lang='lat' dir='ltr'>est,</span> <span class='ocrx_word' id='word_1_161' title='bbox 499 1443 559 1495; x_wconf 91' lang='lat' dir='ltr'>et</span> <span class='ocrx_word' id='word_1_162' title='bbox 597 1457 710 1496; x_wconf 91' lang='lat' dir='ltr'>non</span> <span class='ocrx_word' id='word_1_163' title='bbox 747 1441 1026 1497; x_wconf 85' lang='lat' dir='ltr'>Dominus</span> <span class='ocrx_word' id='word_1_164' title='bbox 1055 1442 1249 1507; x_wconf 84' lang='lat' dir='ltr'>Jesus,</span> <span class='ocrx_word' id='word_1_165' title='bbox 1283 1457 1458 1513; x_wconf 89' lang='lat' dir='ltr'>quem</span> <span class='ocrx_word' id='word_1_166' title='bbox 1478 1441 1654 1514; x_wconf 86' lang='lat' dir='ltr'>Virgo</span> <span class='ocrx_word' id='word_1_167' title='bbox 1678 1456 1849 1513; x_wconf 89' lang='lat' dir='ltr'>gene-</span> 
     </span>
    </p>
   </div>
   <div class='ocr_carea' id='block_1_15' title="bbox 186 1526 1850 1602">
    <p class='ocr_par' dir='ltr' id='par_1_15' title="bbox 186 1526 1850 1602">
     <span class='ocr_line' id='line_1_15' title="bbox 186 1526 1850 1602; baseline 0.002 -21"><span class='ocrx_word' id='word_1_168' title='bbox 186 1526 330 1583; x_wconf 86' lang='lat' dir='ltr'>ravit</span> <span class='ocrx_word' id='word_1_169' title='bbox 351 1527 380 1581; x_wconf 79' lang='lat' dir='ltr'>‘I</span> <span class='ocrx_word' id='word_1_170' title='bbox 412 1528 489 1582; x_wconf 87' lang='lat' dir='ltr'>Et</span> <span class='ocrx_word' id='word_1_171' title='bbox 521 1528 650 1585; x_wconf 91' lang='lat' dir='ltr'>ideo</span> <span class='ocrx_word' id='word_1_172' title='bbox 682 1546 794 1585; x_wconf 92' lang='lat' dir='ltr'>non</span> <span class='ocrx_word' id='word_1_173' title='bbox 819 1528 1009 1584; x_wconf 90' lang='lat' dir='ltr'>solum</span> <span class='ocrx_word' id='word_1_174' title='bbox 1034 1547 1216 1602; x_wconf 83' lang='lat' dir='ltr'>supra</span> <span class='ocrx_word' id='word_1_175' title='bbox 1235 1529 1524 1598; x_wconf 90' lang='lat' dir='ltr'>homines,</span> <span class='ocrx_word' id='word_1_176' title='bbox 1547 1530 1646 1586; x_wconf 90' lang='lat' dir='ltr'>sed</span> <span class='ocrx_word' id='word_1_177' title='bbox 1676 1529 1850 1585; x_wconf 89' lang='lat' dir='ltr'>etiam</span> 
     </span>
    </p>
   </div>
   <div class='ocr_carea' id='block_1_16' title="bbox 187 1617 1852 1692">
    <p class='ocr_par' dir='ltr' id='par_1_16' title="bbox 187 1617 1852 1692">
     <span class='ocr_line' id='line_1_16' title="bbox 187 1617 1852 1692; baseline 0.002 -22"><span class='ocrx_word' id='word_1_178' title='bbox 187 1632 368 1687; x_wconf 80' lang='lat' dir='ltr'>supra</span> <span class='ocrx_word' id='word_1_179' title='bbox 397 1617 648 1690; x_wconf 81' lang='lat' dir='ltr'>angelos</span> <span class='ocrx_word' id='word_1_180' title='bbox 679 1622 736 1673; x_wconf 90' lang='lat' dir='ltr'><strong>et</strong></span> <span class='ocrx_word' id='word_1_181' title='bbox 773 1617 1176 1692; x_wconf 89' lang='lat' dir='ltr'>archangelos,</span> <span class='ocrx_word' id='word_1_182' title='bbox 1208 1623 1265 1674; x_wconf 88' lang='lat' dir='ltr'>et</span> <span class='ocrx_word' id='word_1_183' title='bbox 1293 1636 1473 1691; x_wconf 89' lang='lat' dir='ltr'>supra</span> <span class='ocrx_word' id='word_1_184' title='bbox 1501 1635 1735 1674; x_wconf 88' lang='lat' dir='ltr'>omnem</span> <span class='ocrx_word' id='word_1_185' title='bbox 1755 1635 1852 1673; x_wconf 88' lang='lat' dir='ltr'>su-</span> 
     </span>
    </p>
   </div>
   <div class='ocr_carea' id='block_1_17' title="bbox 188 1703 1856 1780">
    <p class='ocr_par' dir='ltr' id='par_1_17' title="bbox 188 1703 1856 1780">
     <span class='ocr_line' id='line_1_17' title="bbox 188 1703 1856 1780; baseline 0.001 -21"><span class='ocrx_word' id='word_1_186' title='bbox 188 1703 554 1762; x_wconf 87' lang='lat' dir='ltr'>blimitatem</span> <span class='ocrx_word' id='word_1_187' title='bbox 583 1705 904 1780; x_wconf 72' lang='lat' dir='ltr'>caelestium</span> <span class='ocrx_word' id='word_1_188' title='bbox 922 1707 1264 1763; x_wconf 85' lang='lat' dir='ltr'>benedictus</span> <span class='ocrx_word' id='word_1_189' title='bbox 1284 1710 1372 1763; x_wconf 90' lang='lat' dir='ltr'>est</span> <span class='ocrx_word' id='word_1_190' title='bbox 1395 1706 1856 1779; x_wconf 88' lang='lat' dir='ltr'>potestatum,si-</span> 
     </span>
    </p>
   </div>
   <div class='ocr_carea' id='block_1_18' title="bbox 1954 1083 3616 1159">
    <p class='ocr_par' dir='ltr' id='par_1_18' title="bbox 1954 1083 3616 1159">
     <span class='ocr_line' id='line_1_18' title="bbox 1954 1083 3616 1159; baseline 0.002 -21"><span class='ocrx_word' id='word_1_191' title='bbox 1954 1083 2176 1139; x_wconf 88' lang='lat' dir='ltr'>venerit</span> <span class='ocrx_word' id='word_1_192' title='bbox 2203 1084 2262 1138; x_wconf 93' lang='lat' dir='ltr'>in</span> <span class='ocrx_word' id='word_1_193' title='bbox 2295 1084 2530 1140; x_wconf 88' lang='lat' dir='ltr'>nomine</span> <span class='ocrx_word' id='word_1_194' title='bbox 2561 1101 2688 1152; x_wconf 91' lang='lat' dir='ltr'>suo,</span> <span class='ocrx_word' id='word_1_195' title='bbox 2721 1085 2887 1140; x_wconf 90' lang='lat' dir='ltr'>illum</span> <span class='ocrx_word' id='word_1_196' title='bbox 2935 1087 3270 1158; x_wconf 88' lang='lat' dir='ltr'>suscipietis</span> <span class='ocrx_word' id='word_1_197' title='bbox 3295 1088 3505 1159; x_wconf 77' lang='lat' dir='ltr'>-(Joan.</span> <span class='ocrx_word' id='word_1_198' title='bbox 3559 1106 3616 1155; x_wconf 94' lang='lat' dir='ltr'>v,</span> 
     </span>
    </p>
   </div>
   <div class='ocr_carea' id='block_1_19' title="bbox 1957 1172 3619 1245">
    <p class='ocr_par' dir='ltr' id='par_1_19' title="bbox 1957 1172 3619 1245">
     <span class='ocr_line' id='line_1_19' title="bbox 1957 1172 3619 1245; baseline 0.003 -18"><span class='ocrx_word' id='word_1_199' title='bbox 1957 1173 2081 1243; x_wconf 75' lang='lat'><strong>43);</strong></span> <span class='ocrx_word' id='word_1_200' title='bbox 2117 1193 2144 1221; x_wconf 87' lang='grc'>››</span> <span class='ocrx_word' id='word_1_201' title='bbox 2176 1172 2516 1245; x_wconf 83' lang='lat' dir='ltr'>significans</span> <span class='ocrx_word' id='word_1_202' title='bbox 2544 1174 2781 1230; x_wconf 78' lang='lat' dir='ltr'>Judaeos</span> <span class='ocrx_word' id='word_1_203' title='bbox 2812 1175 2869 1228; x_wconf 92' lang='lat' dir='ltr'>in</span> <span class='ocrx_word' id='word_1_204' title='bbox 2901 1175 3329 1231; x_wconf 87' lang='lat' dir='ltr'>Antichristum</span> <span class='ocrx_word' id='word_1_205' title='bbox 3367 1177 3619 1232; x_wconf 91' lang='lat' dir='ltr'>creditu-</span> 
     </span>
    </p>
   </div>
   <div class='ocr_carea' id='block_1_20' title="bbox 1958 1261 3622 1338">
    <p class='ocr_par' dir='ltr' id='par_1_20' title="bbox 1958 1261 3622 1338">
     <span class='ocr_line' id='line_1_20' title="bbox 1958 1261 3622 1338; baseline 0.003 -23"><span class='ocrx_word' id='word_1_206' title='bbox 1958 1277 2076 1326; x_wconf 89' lang='lat' dir='ltr'>ros,</span> <span class='ocrx_word' id='word_1_207' title='bbox 2111 1261 2293 1332; x_wconf 91' lang='lat' dir='ltr'>quiin</span> <span class='ocrx_word' id='word_1_208' title='bbox 2327 1261 2625 1317; x_wconf 86' lang='lat' dir='ltr'>Christum</span> <span class='ocrx_word' id='word_1_209' title='bbox 2659 1263 2892 1318; x_wconf 84' lang='lat' dir='ltr'>credere</span> <span class='ocrx_word' id='word_1_210' title='bbox 2925 1263 3260 1319; x_wconf 89' lang='lat' dir='ltr'>noluerunt.</span> <span class='ocrx_word' id='word_1_211' title='bbox 3320 1265 3464 1338; x_wconf 86' lang='lat' dir='ltr'>Ergo</span> <span class='ocrx_word' id='word_1_212' title='bbox 3523 1267 3622 1338; x_wconf 90' lang='lat' dir='ltr'>qui</span> 
     </span>
    </p>
   </div>
   <div class='ocr_carea' id='block_1_21' title="bbox 1958 1347 3623 1426">
    <p class='ocr_par' dir='ltr' id='par_1_21' title="bbox 1958 1347 3623 1426">
     <span class='ocr_line' id='line_1_21' title="bbox 1958 1347 3623 1426; baseline 0.005 -26"><span class='ocrx_word' id='word_1_213' title='bbox 1958 1347 2019 1404; x_wconf 92' lang='lat' dir='ltr'>in</span> <span class='ocrx_word' id='word_1_214' title='bbox 2052 1350 2349 1405; x_wconf 89' lang='lat' dir='ltr'>Christum</span> <span class='ocrx_word' id='word_1_215' title='bbox 2386 1351 2589 1416; x_wconf 86' lang='lat' dir='ltr'>credit,</span> <span class='ocrx_word' id='word_1_216' title='bbox 2627 1368 2741 1405; x_wconf 92' lang='lat' dir='ltr'>non</span> <span class='ocrx_word' id='word_1_217' title='bbox 2775 1351 2832 1404; x_wconf 92' lang='lat' dir='ltr'>in</span> <span class='ocrx_word' id='word_1_218' title='bbox 2867 1368 3003 1405; x_wconf 90' lang='lat' dir='ltr'>arcu</span> <span class='ocrx_word' id='word_1_219' title='bbox 3038 1369 3166 1413; x_wconf 87' lang='lat' dir='ltr'>suo,</span> <span class='ocrx_word' id='word_1_220' title='bbox 3203 1369 3309 1409; x_wconf 87' lang='lat' dir='ltr'>nec</span> <span class='ocrx_word' id='word_1_221' title='bbox 3338 1353 3396 1407; x_wconf 89' lang='lat' dir='ltr'>in</span> <span class='ocrx_word' id='word_1_222' title='bbox 3430 1352 3623 1426; x_wconf 86' lang='lat' dir='ltr'>gladio</span> 
     </span>
    </p>
   </div>
   <div class='ocr_carea' id='block_1_22' title="bbox 1960 1439 3626 1512">
    <p class='ocr_par' dir='ltr' id='par_1_22' title="bbox 1960 1439 3626 1512">
     <span class='ocr_line' id='line_1_22' title="bbox 1960 1439 3626 1512; baseline 0.002 -18"><span class='ocrx_word' id='word_1_223' title='bbox 1960 1455 2065 1494; x_wconf 90' lang='lat' dir='ltr'>suo</span> <span class='ocrx_word' id='word_1_224' title='bbox 2105 1442 2319 1509; x_wconf 84' lang='lat' dir='ltr'>sperat,</span> <span class='ocrx_word' id='word_1_225' title='bbox 2382 1439 2482 1493; x_wconf 91' lang='lat' dir='ltr'>sed</span> <span class='ocrx_word' id='word_1_226' title='bbox 2543 1439 2604 1492; x_wconf 91' lang='lat' dir='ltr'>in</span> <span class='ocrx_word' id='word_1_227' title='bbox 2671 1439 2907 1494; x_wconf 86' lang='lat' dir='ltr'>nomine</span> <span class='ocrx_word' id='word_1_228' title='bbox 2967 1441 3094 1511; x_wconf 85' lang='lat' dir='ltr'>ejus</span> <span class='ocrx_word' id='word_1_229' title='bbox 3154 1457 3320 1512; x_wconf 85' lang='lat' dir='ltr'>spem</span> <span class='ocrx_word' id='word_1_230' title='bbox 3373 1440 3626 1498; x_wconf 72' lang='lat' dir='ltr'>victoriae</span> 
     </span>
    </p>
   </div>
   <div class='ocr_carea' id='block_1_23' title="bbox 1961 1526 2135 1582">
    <p class='ocr_par' dir='ltr' id='par_1_23' title="bbox 1961 1526 2135 1582">
     <span class='ocr_line' id='line_1_23' title="bbox 1961 1526 2135 1582; baseline 0 -2"><span class='ocrx_word' id='word_1_231' title='bbox 1961 1526 2135 1582; x_wconf 88' lang='lat' dir='ltr'>locat.</span> 
     </span>
    </p>
   </div>
   <div class='ocr_carea' id='block_1_24' title="bbox 2028 1616 3620 1689">
    <p class='ocr_par' dir='ltr' id='par_1_24' title="bbox 2028 1616 3620 1689">
     <span class='ocr_line' id='line_1_24' title="bbox 2028 1616 3620 1689; baseline 0.004 -19"><span class='ocrx_word' id='word_1_232' title='bbox 2028 1618 2118 1671; x_wconf 88' lang='lat'>20.</span> <span class='ocrx_word' id='word_1_233' title='bbox 2154 1616 2340 1688; x_wconf 87' lang='lat' dir='ltr'>(Vers.</span> <span class='ocrx_word' id='word_1_234' title='bbox 2373 1619 2453 1689; x_wconf 89' lang='lat'><strong>7.)</strong></span> <span class='ocrx_word' id='word_1_235' title='bbox 2488 1618 2553 1672; x_wconf 85' lang='lat' dir='ltr'>Et</span> <span class='ocrx_word' id='word_1_236' title='bbox 2587 1617 2716 1672; x_wconf 93' lang='lat' dir='ltr'>ideo</span> <span class='ocrx_word' id='word_1_237' title='bbox 2749 1619 2862 1672; x_wconf 89' lang='lat' dir='ltr'>ait:</span> <span class='ocrx_word' id='word_1_238' title='bbox 2903 1641 2928 1667; x_wconf 76' lang='grc' dir='ltr'>ι(</span> <span class='ocrx_word' id='word_1_239' title='bbox 2988 1617 3110 1672; x_wconf 90' lang='lat' dir='ltr'>Non</span> <span class='ocrx_word' id='word_1_240' title='bbox 3163 1618 3320 1673; x_wconf 88' lang='lat' dir='ltr'>enim</span> <span class='ocrx_word' id='word_1_241' title='bbox 3361 1619 3421 1674; x_wconf 93' lang='lat' dir='ltr'>in</span> <span class='ocrx_word' id='word_1_242' title='bbox 3481 1636 3620 1676; x_wconf 89' lang='lat' dir='ltr'>arcu</span> 
     </span>
    </p>
   </div>
   <div class='ocr_carea' id='block_1_25' title="bbox 1963 1704 3622 1778">
    <p class='ocr_par' dir='ltr' id='par_1_25' title="bbox 1963 1704 3622 1778">
     <span class='ocr_line' id='line_1_25' title="bbox 1963 1704 3622 1778; baseline 0.004 -19"><span class='ocrx_word' id='word_1_243' title='bbox 1963 1721 2092 1760; x_wconf 86' lang='lat' dir='ltr'>meo</span> <span class='ocrx_word' id='word_1_244' title='bbox 2126 1707 2407 1776; x_wconf 88' lang='lat' dir='ltr'>sperabo:</span> <span class='ocrx_word' id='word_1_245' title='bbox 2443 1711 2500 1761; x_wconf 89' lang='lat' dir='ltr'>et</span> <span class='ocrx_word' id='word_1_246' title='bbox 2523 1704 2754 1778; x_wconf 86' lang='lat' dir='ltr'>gladius</span> <span class='ocrx_word' id='word_1_247' title='bbox 2788 1723 2954 1761; x_wconf 90' lang='lat' dir='ltr'>meus</span> <span class='ocrx_word' id='word_1_248' title='bbox 3004 1723 3118 1761; x_wconf 91' lang='lat' dir='ltr'>non</span> <span class='ocrx_word' id='word_1_249' title='bbox 3177 1706 3426 1763; x_wconf 87' lang='lat' dir='ltr'>salvabit</span> <span class='ocrx_word' id='word_1_250' title='bbox 3453 1724 3568 1765; x_wconf 88' lang='lat' dir='ltr'>me.</span> <span class='ocrx_word' id='word_1_251' title='bbox 3594 1731 3622 1758; x_wconf 86' lang='lat'>»</span> 
     </span>
    </p>
   </div>
   <div class='ocr_carea' id='block_1_26' title="bbox 191 1794 3625 1896">
    <p class='ocr_par' dir='ltr' id='par_1_26' title="bbox 191 1794 3625 1896">
     <span class='ocr_line' id='line_1_26' title="bbox 191 1794 3625 1896; baseline 0.002 -49"><span class='ocrx_word' id='word_1_252' title='bbox 191 1796 286 1848; x_wconf 90' lang='lat' dir='ltr'>cut</span> <span class='ocrx_word' id='word_1_253' title='bbox 317 1794 637 1867; x_wconf 83' lang='lat' dir='ltr'>Scriptura</span> <span class='ocrx_word' id='word_1_254' title='bbox 663 1796 1206 1852; x_wconf 85' lang='lat' dir='ltr'>testaturdicens:«</span> <span class='ocrx_word' id='word_1_255' title='bbox 1228 1795 1857 1868; x_wconf 87' lang='lat' dir='ltr'>Benedictusquivenit</span> <span class='ocrx_word' id='word_1_256' title='bbox 1889 1831 1938 1896; x_wconf 76' lang='grc' dir='ltr'><strong>Β</strong></span> <span class='ocrx_word' id='word_1_257' title='bbox 1967 1794 2077 1850; x_wconf 90' lang='lat' dir='ltr'>Sed</span> <span class='ocrx_word' id='word_1_258' title='bbox 2112 1795 2158 1849; x_wconf 93' lang='lat' dir='ltr'>si</span> <span class='ocrx_word' id='word_1_259' title='bbox 2190 1795 2247 1849; x_wconf 95' lang='lat' dir='ltr'>in</span> <span class='ocrx_word' id='word_1_260' title='bbox 2282 1811 2418 1850; x_wconf 91' lang='lat' dir='ltr'>arcu</span> <span class='ocrx_word' id='word_1_261' title='bbox 2453 1797 2810 1867; x_wconf 90' lang='lat' dir='ltr'>sperandum</span> <span class='ocrx_word' id='word_1_262' title='bbox 2839 1799 2949 1860; x_wconf 89' lang='lat' dir='ltr'>est,</span> <span class='ocrx_word' id='word_1_263' title='bbox 3007 1796 3065 1851; x_wconf 90' lang='lat' dir='ltr'>in</span> <span class='ocrx_word' id='word_1_264' title='bbox 3123 1796 3224 1851; x_wconf 90' lang='lat' dir='ltr'>Dei</span> <span class='ocrx_word' id='word_1_265' title='bbox 3280 1800 3435 1852; x_wconf 90' lang='lat' dir='ltr'>certe</span> <span class='ocrx_word' id='word_1_266' title='bbox 3485 1815 3625 1853; x_wconf 90' lang='lat' dir='ltr'>arcu</span> 
     </span>
    </p>
   </div>
   <div class='ocr_carea' id='block_1_27' title="bbox 190 1882 3626 1955">
    <p class='ocr_par' dir='ltr' id='par_1_27' title="bbox 190 1882 3626 1955">
     <span class='ocr_line' id='line_1_27' title="bbox 190 1882 3626 1955; baseline 0.002 -19"><span class='ocrx_word' id='word_1_267' title='bbox 190 1882 248 1937; x_wconf 91' lang='lat' dir='ltr'>in</span> <span class='ocrx_word' id='word_1_268' title='bbox 277 1883 531 1939; x_wconf 88' lang='lat' dir='ltr'>nomine</span> <span class='ocrx_word' id='word_1_269' title='bbox 564 1884 790 1940; x_wconf 89' lang='lat' dir='ltr'>Domini</span> <span class='ocrx_word' id='word_1_270' title='bbox 817 1901 830 1938; x_wconf 91' lang='lat'>:</span> <span class='ocrx_word' id='word_1_271' title='bbox 867 1890 1020 1941; x_wconf 88' lang='lat' dir='ltr'>Deus</span> <span class='ocrx_word' id='word_1_272' title='bbox 1051 1883 1360 1951; x_wconf 89' lang='lat' dir='ltr'>Dominus,</span> <span class='ocrx_word' id='word_1_273' title='bbox 1384 1889 1440 1941; x_wconf 88' lang='lat' dir='ltr'>et</span> <span class='ocrx_word' id='word_1_274' title='bbox 1469 1884 1663 1939; x_wconf 82' lang='lat' dir='ltr'>illuxit</span> <span class='ocrx_word' id='word_1_275' title='bbox 1692 1883 1860 1940; x_wconf 91' lang='lat' dir='ltr'>nobis</span> <span class='ocrx_word' id='word_1_276' title='bbox 1890 1882 1937 1896; x_wconf 65' lang='grc' dir='ltr'><em>ν</em></span> <span class='ocrx_word' id='word_1_277' title='bbox 1969 1884 2324 1954; x_wconf 90' lang='lat' dir='ltr'>sperandum</span> <span class='ocrx_word' id='word_1_278' title='bbox 2358 1889 2466 1951; x_wconf 88' lang='lat' dir='ltr'>est,</span> <span class='ocrx_word' id='word_1_279' title='bbox 2504 1901 2679 1955; x_wconf 90' lang='lat' dir='ltr'>quem</span> <span class='ocrx_word' id='word_1_280' title='bbox 2709 1885 2903 1955; x_wconf 88' lang='lat' dir='ltr'>posuit</span> <span class='ocrx_word' id='word_1_281' title='bbox 2946 1884 3000 1938; x_wconf 88' lang='lat' dir='ltr'>in</span> <span class='ocrx_word' id='word_1_282' title='bbox 3037 1885 3213 1953; x_wconf 89' lang='lat' dir='ltr'>nube,</span> <span class='ocrx_word' id='word_1_283' title='bbox 3246 1889 3309 1940; x_wconf 92' lang='lat' dir='ltr'>ut</span> <span class='ocrx_word' id='word_1_284' title='bbox 3347 1903 3380 1942; x_wconf 88' lang='lat' dir='ltr'>a</span> <span class='ocrx_word' id='word_1_285' title='bbox 3409 1885 3626 1942; x_wconf 87' lang='lat' dir='ltr'>diluvio</span> 
     </span>
    </p>
   </div>
   <div class='ocr_carea' id='block_1_28' title="bbox 193 1969 1864 2045">
    <p class='ocr_par' dir='ltr' id='par_1_28' title="bbox 193 1969 1864 2045">
     <span class='ocr_line' id='line_1_28' title="bbox 193 1969 1864 2045; baseline 0.001 -21"><span class='ocrx_word' id='word_1_286' title='bbox 193 1969 368 2040; x_wconf 72' lang='lat' dir='ltr'>(Psal.</span> <span class='ocrx_word' id='word_1_287' title='bbox 407 1987 589 2038; x_wconf 82' lang='lat' dir='ltr'>cxvu,</span> <span class='ocrx_word' id='word_1_288' title='bbox 619 1972 710 2038; x_wconf 80' lang='lat'>26,</span> <span class='ocrx_word' id='word_1_289' title='bbox 725 1973 838 2045; x_wconf 86' lang='lat'><strong>27).</strong></span> <span class='ocrx_word' id='word_1_290' title='bbox 869 1994 888 2021; x_wconf 75' lang='grc' dir='ltr'>ι</span> <span class='ocrx_word' id='word_1_291' title='bbox 926 1971 1215 2028; x_wconf 88' lang='lat' dir='ltr'>Dominus</span> <span class='ocrx_word' id='word_1_292' title='bbox 1247 1971 1406 2028; x_wconf 82' lang='lat' dir='ltr'>enim</span> <span class='ocrx_word' id='word_1_293' title='bbox 1436 1972 1591 2028; x_wconf 90' lang='lat' dir='ltr'>Deus</span> <span class='ocrx_word' id='word_1_294' title='bbox 1618 1972 1744 2044; x_wconf 89' lang='lat' dir='ltr'>ipse</span> <span class='ocrx_word' id='word_1_295' title='bbox 1774 1975 1864 2028; x_wconf 88' lang='lat' dir='ltr'>est</span> 
     </span>
    </p>
   </div>
   <div class='ocr_carea' id='block_1_29' title="bbox 193 2057 1864 2133">
    <p class='ocr_par' dir='ltr' id='par_1_29' title="bbox 193 2057 1864 2133">
     <span class='ocr_line' id='line_1_29' title="bbox 193 2057 1864 2133; baseline 0.001 -19"><span class='ocrx_word' id='word_1_296' title='bbox 193 2057 312 2115; x_wconf 77' lang='lat' dir='ltr'>Rex</span> <span class='ocrx_word' id='word_1_297' title='bbox 332 2075 574 2132; x_wconf 86' lang='lat' dir='ltr'>regum,</span> <span class='ocrx_word' id='word_1_298' title='bbox 595 2064 653 2116; x_wconf 93' lang='lat' dir='ltr'>et</span> <span class='ocrx_word' id='word_1_299' title='bbox 667 2060 948 2116; x_wconf 87' lang='lat' dir='ltr'>Dominus</span> <span class='ocrx_word' id='word_1_300' title='bbox 970 2061 1404 2117; x_wconf 89' lang='lat' dir='ltr'>dominantium</span> <span class='ocrx_word' id='word_1_301' title='bbox 1428 2061 1484 2114; x_wconf 92' lang='lat' dir='ltr'>in</span> <span class='ocrx_word' id='word_1_302' title='bbox 1507 2060 1601 2115; x_wconf 91' lang='lat' dir='ltr'>his</span> <span class='ocrx_word' id='word_1_303' title='bbox 1625 2077 1750 2133; x_wconf 74' lang='lat' dir='ltr'>quae</span> <span class='ocrx_word' id='word_1_304' title='bbox 1764 2061 1864 2116; x_wconf 91' lang='lat' dir='ltr'>ha-</span> 
     </span>
    </p>
   </div>
   <div class='ocr_carea' id='block_1_30' title="bbox 195 2147 1866 2222">
    <p class='ocr_par' dir='ltr' id='par_1_30' title="bbox 195 2147 1866 2222">
     <span class='ocr_line' id='line_1_30' title="bbox 195 2147 1866 2222; baseline 0.002 -20"><span class='ocrx_word' id='word_1_305' title='bbox 195 2147 415 2204; x_wconf 87' lang='lat' dir='ltr'>bentur</span> <span class='ocrx_word' id='word_1_306' title='bbox 443 2149 508 2205; x_wconf 91' lang='lat' dir='ltr'>in</span> <span class='ocrx_word' id='word_1_307' title='bbox 549 2147 728 2205; x_wconf 82' lang='lat' dir='ltr'>ccelis.</span> <span class='ocrx_word' id='word_1_308' title='bbox 748 2149 989 2222; x_wconf 88' lang='lat' dir='ltr'>Propter</span> <span class='ocrx_word' id='word_1_309' title='bbox 1010 2149 1131 2206; x_wconf 69' lang='lat' dir='ltr'>haec</span> <span class='ocrx_word' id='word_1_310' title='bbox 1149 2167 1369 2206; x_wconf 89' lang='lat' dir='ltr'>cornua</span> <span class='ocrx_word' id='word_1_311' title='bbox 1397 2149 1866 2217; x_wconf 87' lang='lat' dir='ltr'>DominiJesu,et</span> 
     </span>
    </p>
   </div>
   <div class='ocr_carea' id='block_1_31' title="bbox 200 2233 1864 2310">
    <p class='ocr_par' dir='ltr' id='par_1_31' title="bbox 200 2233 1864 2310">
     <span class='ocr_line' id='line_1_31' title="bbox 200 2233 1864 2310; baseline 0.001 -19"><span class='ocrx_word' id='word_1_312' title='bbox 200 2233 383 2292; x_wconf 85' lang='lat' dir='ltr'>David</span> <span class='ocrx_word' id='word_1_313' title='bbox 407 2237 470 2293; x_wconf 92' lang='lat' dir='ltr'>in</span> <span class='ocrx_word' id='word_1_314' title='bbox 490 2254 629 2293; x_wconf 86' lang='lat' dir='ltr'>voce</span> <span class='ocrx_word' id='word_1_315' title='bbox 651 2237 804 2293; x_wconf 61' lang='lat' dir='ltr'>tubae</span> <span class='ocrx_word' id='word_1_316' title='bbox 828 2253 1048 2293; x_wconf 72' lang='lat' dir='ltr'>corneae</span> <span class='ocrx_word' id='word_1_317' title='bbox 1071 2254 1286 2294; x_wconf 90' lang='lat' dir='ltr'>canens</span> <span class='ocrx_word' id='word_1_318' title='bbox 1309 2239 1480 2309; x_wconf 79' lang='lat' dir='ltr'>(Psal.</span> <span class='ocrx_word' id='word_1_319' title='bbox 1502 2240 1864 2310; x_wconf 85' lang='lat' dir='ltr'>cxvu,6,)au-</span> 
     </span>
    </p>
   </div>
   <div class='ocr_carea' id='block_1_32' title="bbox 200 2323 1866 2400">
    <p class='ocr_par' dir='ltr' id='par_1_32' title="bbox 200 2323 1866 2400">
     <span class='ocr_line' id='line_1_32' title="bbox 200 2323 1866 2400; baseline 0.002 -22"><span class='ocrx_word' id='word_1_320' title='bbox 200 2323 362 2381; x_wconf 90' lang='lat' dir='ltr'>ditus</span> <span class='ocrx_word' id='word_1_321' title='bbox 396 2343 430 2382; x_wconf 89' lang='lat' dir='ltr'><strong>a</strong></span> <span class='ocrx_word' id='word_1_322' title='bbox 470 2325 703 2381; x_wconf 89' lang='lat' dir='ltr'>Christo</span> <span class='ocrx_word' id='word_1_323' title='bbox 734 2330 852 2393; x_wconf 89' lang='lat' dir='ltr'>est;</span> <span class='ocrx_word' id='word_1_324' title='bbox 915 2331 974 2380; x_wconf 92' lang='lat' dir='ltr'><strong>et</strong></span> <span class='ocrx_word' id='word_1_325' title='bbox 1033 2326 1260 2400; x_wconf 84' lang='lat' dir='ltr'>Moyses</span> <span class='ocrx_word' id='word_1_326' title='bbox 1317 2327 1516 2382; x_wconf 88' lang='lat' dir='ltr'>docuit</span> <span class='ocrx_word' id='word_1_327' title='bbox 1566 2327 1748 2399; x_wconf 86' lang='lat' dir='ltr'>(Num.</span> <span class='ocrx_word' id='word_1_328' title='bbox 1807 2345 1866 2395; x_wconf 75' lang='grc' dir='ltr'>κ,</span> 
     </span>
    </p>
   </div>
   <div class='ocr_carea' id='block_1_33' title="bbox 203 2414 1868 2484">
    <p class='ocr_par' dir='ltr' id='par_1_33' title="bbox 203 2414 1868 2484">
     <span class='ocr_line' id='line_1_33' title="bbox 203 2414 1868 2484; baseline 0.001 -15"><span class='ocrx_word' id='word_1_329' title='bbox 203 2414 293 2484; x_wconf 90' lang='grc'>10)</span> <span class='ocrx_word' id='word_1_330' title='bbox 323 2414 757 2470; x_wconf 82' lang='lat' dir='ltr'>sacrificiorum</span> <span class='ocrx_word' id='word_1_331' title='bbox 790 2414 938 2471; x_wconf 89' lang='lat' dir='ltr'>ritus</span> <span class='ocrx_word' id='word_1_332' title='bbox 973 2415 1125 2471; x_wconf 63' lang='lat' dir='ltr'>tuba</span> <span class='ocrx_word' id='word_1_333' title='bbox 1158 2416 1352 2471; x_wconf 90' lang='lat' dir='ltr'>sonitu</span> <span class='ocrx_word' id='word_1_334' title='bbox 1394 2432 1522 2472; x_wconf 90' lang='lat' dir='ltr'>esse</span> <span class='ocrx_word' id='word_1_335' title='bbox 1571 2414 1868 2472; x_wconf 90' lang='lat' dir='ltr'>celebran-</span> 
     </span>
    </p>
   </div>
   <div class='ocr_carea' id='block_1_34' title="bbox 207 2503 1868 2577">
    <p class='ocr_par' dir='ltr' id='par_1_34' title="bbox 207 2503 1868 2577">
     <span class='ocr_line' id='line_1_34' title="bbox 207 2503 1868 2577; baseline 0.001 -18"><span class='ocrx_word' id='word_1_336' title='bbox 207 2503 331 2572; x_wconf 87' lang='lat' dir='ltr'>dos,</span> <span class='ocrx_word' id='word_1_337' title='bbox 364 2504 528 2560; x_wconf 86' lang='lat' dir='ltr'>sicut</span> <span class='ocrx_word' id='word_1_338' title='bbox 554 2507 611 2560; x_wconf 90' lang='lat' dir='ltr'>et</span> <span class='ocrx_word' id='word_1_339' title='bbox 639 2504 924 2577; x_wconf 86' lang='lat' dir='ltr'>scriptum</span> <span class='ocrx_word' id='word_1_340' title='bbox 954 2508 1074 2562; x_wconf 90' lang='lat' dir='ltr'>est:</span> <span class='ocrx_word' id='word_1_341' title='bbox 1110 2527 1138 2555; x_wconf 86' lang='lat'>«</span> <span class='ocrx_word' id='word_1_342' title='bbox 1165 2505 1364 2562; x_wconf 88' lang='lat' dir='ltr'>Canite</span> <span class='ocrx_word' id='word_1_343' title='bbox 1393 2504 1451 2560; x_wconf 93' lang='lat' dir='ltr'>in</span> <span class='ocrx_word' id='word_1_344' title='bbox 1483 2503 1649 2560; x_wconf 90' lang='lat' dir='ltr'>initio</span> <span class='ocrx_word' id='word_1_345' title='bbox 1706 2521 1868 2561; x_wconf 90' lang='lat' dir='ltr'>men-</span> 
     </span>
    </p>
   </div>
   <div class='ocr_carea' id='block_1_35' title="bbox 205 2591 1870 2667">
    <p class='ocr_par' dir='ltr' id='par_1_35' title="bbox 205 2591 1870 2667">
     <span class='ocr_line' id='line_1_35' title="bbox 205 2591 1870 2667; baseline 0.001 -20"><span class='ocrx_word' id='word_1_346' title='bbox 205 2591 287 2648; x_wconf 89' lang='lat' dir='ltr'>sis</span> <span class='ocrx_word' id='word_1_347' title='bbox 319 2593 473 2649; x_wconf 89' lang='lat' dir='ltr'>tuba</span> <span class='ocrx_word' id='word_1_348' title='bbox 500 2593 672 2665; x_wconf 77' lang='lat' dir='ltr'>(Psal.</span> <span class='ocrx_word' id='word_1_349' title='bbox 706 2611 870 2663; x_wconf 79' lang='lat' dir='ltr'><strong>Lxxx,</strong></span> <span class='ocrx_word' id='word_1_350' title='bbox 905 2594 979 2667; x_wconf 81' lang='grc'>4),</span> <span class='ocrx_word' id='word_1_351' title='bbox 1007 2616 1036 2645; x_wconf 82' lang='grc'><strong>››</strong></span> <span class='ocrx_word' id='word_1_352' title='bbox 1067 2593 1170 2650; x_wconf 94' lang='lat' dir='ltr'>Cui</span> <span class='ocrx_word' id='word_1_353' title='bbox 1199 2593 1332 2660; x_wconf 90' lang='lat' dir='ltr'>hoc,</span> <span class='ocrx_word' id='word_1_354' title='bbox 1360 2594 1474 2650; x_wconf 91' lang='lat' dir='ltr'>nisi</span> <span class='ocrx_word' id='word_1_355' title='bbox 1526 2595 1696 2652; x_wconf 91' lang='lat' dir='ltr'>nobis</span> <span class='ocrx_word' id='word_1_356' title='bbox 1727 2595 1870 2650; x_wconf 90' lang='lat' dir='ltr'>scri-</span> 
     </span>
    </p>
   </div>
   <div class='ocr_carea' id='block_1_36' title="bbox 206 2681 1871 2752">
    <p class='ocr_par' dir='ltr' id='par_1_36' title="bbox 206 2681 1871 2752">
     <span class='ocr_line' id='line_1_36' title="bbox 206 2681 1871 2752; baseline 0.001 -16"><span class='ocrx_word' id='word_1_357' title='bbox 206 2685 374 2752; x_wconf 89' lang='lat' dir='ltr'>ptum</span> <span class='ocrx_word' id='word_1_358' title='bbox 407 2682 546 2738; x_wconf 80' lang='lat' dir='ltr'>est?</span> <span class='ocrx_word' id='word_1_359' title='bbox 577 2681 847 2738; x_wconf 89' lang='lat' dir='ltr'>Mensens</span> <span class='ocrx_word' id='word_1_360' title='bbox 876 2683 1033 2738; x_wconf 87' lang='lat' dir='ltr'>enim</span> <span class='ocrx_word' id='word_1_361' title='bbox 1067 2683 1138 2738; x_wconf 92' lang='lat' dir='ltr'>ab</span> <span class='ocrx_word' id='word_1_362' title='bbox 1170 2683 1335 2738; x_wconf 90' lang='lat' dir='ltr'>initio</span> <span class='ocrx_word' id='word_1_363' title='bbox 1357 2682 1508 2738; x_wconf 65' lang='lat' dir='ltr'>luna:</span> <span class='ocrx_word' id='word_1_364' title='bbox 1531 2687 1749 2740; x_wconf 88' lang='lat' dir='ltr'>veteres</span> <span class='ocrx_word' id='word_1_365' title='bbox 1771 2683 1871 2739; x_wconf 91' lang='lat' dir='ltr'>ob-</span> 
     </span>
    </p>
   </div>
   <div class='ocr_carea' id='block_1_37' title="bbox 204 2771 1871 2837">
    <p class='ocr_par' dir='ltr' id='par_1_37' title="bbox 204 2771 1871 2837">
     <span class='ocr_line' id='line_1_37' title="bbox 204 2771 1871 2837; baseline 0.001 -12"><span class='ocrx_word' id='word_1_366' title='bbox 204 2785 437 2828; x_wconf 88' lang='lat' dir='ltr'>servare</span> <span class='ocrx_word' id='word_1_367' title='bbox 472 2777 915 2828; x_wconf 87' lang='lat' dir='ltr'>consueverant.</span> <span class='ocrx_word' id='word_1_368' title='bbox 979 2771 1145 2827; x_wconf 88' lang='lat' dir='ltr'>Luna</span> <span class='ocrx_word' id='word_1_369' title='bbox 1201 2775 1396 2827; x_wconf 88' lang='lat' dir='ltr'>autem</span> <span class='ocrx_word' id='word_1_370' title='bbox 1455 2772 1708 2828; x_wconf 90' lang='lat' dir='ltr'>Ecclesia</span> <span class='ocrx_word' id='word_1_371' title='bbox 1763 2777 1871 2837; x_wconf 89' lang='lat' dir='ltr'>est,</span> 
     </span>
    </p>
   </div>
   <div class='ocr_carea' id='block_1_38' title="bbox 207 2859 1875 2934">
    <p class='ocr_par' dir='ltr' id='par_1_38' title="bbox 207 2859 1875 2934">
     <span class='ocr_line' id='line_1_38' title="bbox 207 2859 1875 2934; baseline 0.002 -20"><span class='ocrx_word' id='word_1_372' title='bbox 207 2875 333 2931; x_wconf 69' lang='lat' dir='ltr'>quae</span> <span class='ocrx_word' id='word_1_373' title='bbox 367 2860 744 2934; x_wconf 88' lang='lat' dir='ltr'>spiritalibus</span> <span class='ocrx_word' id='word_1_374' title='bbox 757 2865 815 2916; x_wconf 92' lang='lat' dir='ltr'><strong>et</strong></span> <span class='ocrx_word' id='word_1_375' title='bbox 826 2859 1176 2933; x_wconf 86' lang='lat' dir='ltr'>evangelicis</span> <span class='ocrx_word' id='word_1_376' title='bbox 1197 2860 1708 2932; x_wconf 72' lang='lat' dir='ltr'>praedicationibus</span> <span class='ocrx_word' id='word_1_377' title='bbox 1721 2861 1875 2918; x_wconf 75' lang='lat'>896</span> 
     </span>
    </p>
   </div>
   <div class='ocr_carea' id='block_1_39' title="bbox 204 2947 1877 3026">
    <p class='ocr_par' dir='ltr' id='par_1_39' title="bbox 204 2947 1877 3026">
     <span class='ocr_line' id='line_1_39' title="bbox 204 2947 1877 3026; baseline 0.002 -24"><span class='ocrx_word' id='word_1_378' title='bbox 204 2947 261 3004; x_wconf 93' lang='lat' dir='ltr'>in</span> <span class='ocrx_word' id='word_1_379' title='bbox 296 2948 672 3006; x_wconf 84' lang='lat' dir='ltr'>abundantia</span> <span class='ocrx_word' id='word_1_380' title='bbox 701 2948 882 3021; x_wconf 88' lang='lat' dir='ltr'>pacis,</span> <span class='ocrx_word' id='word_1_381' title='bbox 914 2953 982 3004; x_wconf 90' lang='lat' dir='ltr'>ut</span> <span class='ocrx_word' id='word_1_382' title='bbox 1013 2949 1302 3020; x_wconf 89' lang='lat' dir='ltr'>Propheta</span> <span class='ocrx_word' id='word_1_383' title='bbox 1332 2949 1480 3004; x_wconf 88' lang='lat' dir='ltr'>dixit</span> <span class='ocrx_word' id='word_1_384' title='bbox 1518 2951 1690 3020; x_wconf 81' lang='lat' dir='ltr'>(Psal.</span> <span class='ocrx_word' id='word_1_385' title='bbox 1729 2967 1877 3026; x_wconf 77' lang='lat' dir='ltr'>an,</span> 
     </span>
    </p>
   </div>
   <div class='ocr_carea' id='block_1_40' title="bbox 1971 1971 3629 2044">
    <p class='ocr_par' dir='ltr' id='par_1_40' title="bbox 1971 1971 3629 2044">
     <span class='ocr_line' id='line_1_40' title="bbox 1971 1971 3629 2044; baseline 0.004 -19"><span class='ocrx_word' id='word_1_386' title='bbox 1971 1988 2155 2044; x_wconf 90' lang='lat' dir='ltr'>genus</span> <span class='ocrx_word' id='word_1_387' title='bbox 2186 1971 2513 2027; x_wconf 84' lang='lat' dir='ltr'>humanum</span> <span class='ocrx_word' id='word_1_388' title='bbox 2567 1973 2773 2028; x_wconf 89' lang='lat' dir='ltr'>timere</span> <span class='ocrx_word' id='word_1_389' title='bbox 2805 1973 3116 2028; x_wconf 89' lang='lat' dir='ltr'>desineret.</span> <span class='ocrx_word' id='word_1_390' title='bbox 3172 1975 3288 2030; x_wconf 88' lang='lat' dir='ltr'>Isto</span> <span class='ocrx_word' id='word_1_391' title='bbox 3342 1992 3480 2031; x_wconf 88' lang='lat' dir='ltr'>arcu</span> <span class='ocrx_word' id='word_1_392' title='bbox 3521 1992 3629 2031; x_wconf 72' lang='lat' dir='ltr'>nos</span> 
     </span>
    </p>
   </div>
   <div class='ocr_carea' id='block_1_41' title="bbox 1974 2061 3625 2136">
    <p class='ocr_par' dir='ltr' id='par_1_41' title="bbox 1974 2061 3625 2136">
     <span class='ocr_line' id='line_1_41' title="bbox 1974 2061 3625 2136; baseline 0.004 -22"><span class='ocrx_word' id='word_1_393' title='bbox 1974 2061 2245 2132; x_wconf 86' lang='lat' dir='ltr'>protegit,</span> <span class='ocrx_word' id='word_1_394' title='bbox 2279 2077 2395 2131; x_wconf 92' lang='lat' dir='ltr'>quo</span> <span class='ocrx_word' id='word_1_395' title='bbox 2436 2077 2573 2116; x_wconf 88' lang='lat' dir='ltr'>arcu</span> <span class='ocrx_word' id='word_1_396' title='bbox 2609 2065 2664 2117; x_wconf 86' lang='lat' dir='ltr'>et</span> <span class='ocrx_word' id='word_1_397' title='bbox 2713 2061 3015 2131; x_wconf 87' lang='lat' dir='ltr'>jaculatur</span> <span class='ocrx_word' id='word_1_398' title='bbox 3076 2063 3339 2136; x_wconf 88' lang='lat' dir='ltr'>sagittas,</span> <span class='ocrx_word' id='word_1_399' title='bbox 3405 2065 3625 2135; x_wconf 76' lang='lat' dir='ltr'>quibus</span> 
     </span>
    </p>
   </div>
   <div class='ocr_carea' id='block_1_42' title="bbox 1976 2149 3313 2220">
    <p class='ocr_par' dir='ltr' id='par_1_42' title="bbox 1976 2149 3313 2220">
     <span class='ocr_line' id='line_1_42' title="bbox 1976 2149 3313 2220; baseline 0.003 -17"><span class='ocrx_word' id='word_1_400' title='bbox 1976 2149 2261 2220; x_wconf 89' lang='lat' dir='ltr'>percutiat</span> <span class='ocrx_word' id='word_1_401' title='bbox 2289 2149 2558 2205; x_wconf 89' lang='lat' dir='ltr'>inimicos</span> <span class='ocrx_word' id='word_1_402' title='bbox 2588 2155 2644 2206; x_wconf 89' lang='lat' dir='ltr'>et</span> <span class='ocrx_word' id='word_1_403' title='bbox 2673 2151 3033 2206; x_wconf 84' lang='lat' dir='ltr'>adversarios</span> <span class='ocrx_word' id='word_1_404' title='bbox 3063 2157 3313 2208; x_wconf 90' lang='lat' dir='ltr'>nostros.</span> 
     </span>
    </p>
   </div>
   <div class='ocr_carea' id='block_1_43' title="bbox 2045 2238 3626 2309">
    <p class='ocr_par' dir='ltr' id='par_1_43' title="bbox 2045 2238 3626 2309">
     <span class='ocr_line' id='line_1_43' title="bbox 2045 2238 3626 2309; baseline 0.003 -18"><span class='ocrx_word' id='word_1_405' title='bbox 2045 2239 2322 2304; x_wconf 86' lang='lat' dir='ltr'>21.(Vers.</span> <span class='ocrx_word' id='word_1_406' title='bbox 2355 2240 2408 2306; x_wconf 92' lang='lat'>8,</span> <span class='ocrx_word' id='word_1_407' title='bbox 2461 2239 2540 2309; x_wconf 89' lang='lat'><strong>9.)</strong></span> <span class='ocrx_word' id='word_1_408' title='bbox 2601 2238 2759 2294; x_wconf 90' lang='lat' dir='ltr'>Unde</span> <span class='ocrx_word' id='word_1_409' title='bbox 2801 2244 2857 2294; x_wconf 87' lang='lat' dir='ltr'>et</span> <span class='ocrx_word' id='word_1_410' title='bbox 2888 2240 3004 2294; x_wconf 88' lang='lat' dir='ltr'>ait:</span> <span class='ocrx_word' id='word_1_411' title='bbox 3039 2263 3066 2289; x_wconf 88' lang='lat'><strong>«</strong></span> <span class='ocrx_word' id='word_1_412' title='bbox 3130 2240 3413 2296; x_wconf 87' lang='lat' dir='ltr'>Liberasti</span> <span class='ocrx_word' id='word_1_413' title='bbox 3471 2242 3626 2297; x_wconf 90' lang='lat' dir='ltr'>enim</span> 
     </span>
    </p>
   </div>
   <div class='ocr_carea' id='block_1_44' title="bbox 1978 2326 3625 2400">
    <p class='ocr_par' dir='ltr' id='par_1_44' title="bbox 1978 2326 3625 2400">
     <span class='ocr_line' id='line_1_44' title="bbox 1978 2326 3625 2400; baseline 0.003 -20"><span class='ocrx_word' id='word_1_414' title='bbox 1978 2343 2084 2381; x_wconf 92' lang='lat' dir='ltr'>nos</span> <span class='ocrx_word' id='word_1_415' title='bbox 2111 2343 2178 2381; x_wconf 87' lang='lat' dir='ltr'>ex</span> <span class='ocrx_word' id='word_1_416' title='bbox 2211 2326 2610 2400; x_wconf 81' lang='lat' dir='ltr'>afﬂigentibus</span> <span class='ocrx_word' id='word_1_417' title='bbox 2643 2343 2792 2400; x_wconf 87' lang='lat' dir='ltr'>nos:</span> <span class='ocrx_word' id='word_1_418' title='bbox 2843 2332 2900 2383; x_wconf 91' lang='lat' dir='ltr'><strong>et</strong></span> <span class='ocrx_word' id='word_1_419' title='bbox 2929 2344 3028 2382; x_wconf 88' lang='lat' dir='ltr'>eos</span> <span class='ocrx_word' id='word_1_420' title='bbox 3058 2329 3160 2400; x_wconf 91' lang='lat' dir='ltr'>qui</span> <span class='ocrx_word' id='word_1_421' title='bbox 3218 2329 3469 2385; x_wconf 89' lang='lat' dir='ltr'>oderunt</span> <span class='ocrx_word' id='word_1_422' title='bbox 3497 2347 3625 2399; x_wconf 89' lang='lat' dir='ltr'>nos,</span> 
     </span>
    </p>
   </div>
   <div class='ocr_carea' id='block_1_45' title="bbox 1979 2415 3629 2476">
    <p class='ocr_par' dir='ltr' id='par_1_45' title="bbox 1979 2415 3629 2476">
     <span class='ocr_line' id='line_1_45' title="bbox 1979 2415 3629 2476; baseline 0.004 -7"><span class='ocrx_word' id='word_1_423' title='bbox 1979 2415 2315 2470; x_wconf 82' lang='lat' dir='ltr'>confudisti.</span> <span class='ocrx_word' id='word_1_424' title='bbox 2341 2415 2404 2470; x_wconf 93' lang='lat' dir='ltr'>ln</span> <span class='ocrx_word' id='word_1_425' title='bbox 2439 2421 2550 2470; x_wconf 91' lang='lat' dir='ltr'>Deo</span> <span class='ocrx_word' id='word_1_426' title='bbox 2583 2415 2961 2471; x_wconf 89' lang='lat' dir='ltr'>laudabimur</span> <span class='ocrx_word' id='word_1_427' title='bbox 2988 2421 3108 2472; x_wconf 91' lang='lat' dir='ltr'>tota</span> <span class='ocrx_word' id='word_1_428' title='bbox 3139 2417 3269 2474; x_wconf 90' lang='lat' dir='ltr'>die:</span> <span class='ocrx_word' id='word_1_429' title='bbox 3305 2423 3363 2474; x_wconf 92' lang='lat' dir='ltr'>et</span> <span class='ocrx_word' id='word_1_430' title='bbox 3407 2418 3467 2474; x_wconf 91' lang='lat' dir='ltr'>in</span> <span class='ocrx_word' id='word_1_431' title='bbox 3526 2436 3629 2476; x_wconf 88' lang='lat' dir='ltr'>no-</span> 
     </span>
    </p>
   </div>
   <div class='ocr_carea' id='block_1_46' title="bbox 1980 2503 3630 2579">
    <p class='ocr_par' dir='ltr' id='par_1_46' title="bbox 1980 2503 3630 2579">
     <span class='ocr_line' id='line_1_46' title="bbox 1980 2503 3630 2579; baseline 0.004 -21"><span class='ocrx_word' id='word_1_432' title='bbox 1980 2503 2136 2559; x_wconf 91' lang='lat' dir='ltr'>mine</span> <span class='ocrx_word' id='word_1_433' title='bbox 2167 2507 2266 2559; x_wconf 91' lang='lat' dir='ltr'>tuo</span> <span class='ocrx_word' id='word_1_434' title='bbox 2298 2504 2712 2560; x_wconf 80' lang='lat' dir='ltr'>confitebimur</span> <span class='ocrx_word' id='word_1_435' title='bbox 2741 2505 2798 2558; x_wconf 92' lang='lat' dir='ltr'>in</span> <span class='ocrx_word' id='word_1_436' title='bbox 2831 2504 3060 2560; x_wconf 84' lang='lat' dir='ltr'>saecula.</span> <span class='ocrx_word' id='word_1_437' title='bbox 3098 2528 3125 2554; x_wconf 88' lang='lat'>»</span> <span class='ocrx_word' id='word_1_438' title='bbox 3156 2507 3306 2562; x_wconf 88' lang='lat' dir='ltr'>Audi</span> <span class='ocrx_word' id='word_1_439' title='bbox 3338 2509 3630 2579; x_wconf 88' lang='lat' dir='ltr'>quomodo</span> 
     </span>
    </p>
   </div>
   <div class='ocr_carea' id='block_1_47' title="bbox 1983 2592 3628 2665">
    <p class='ocr_par' dir='ltr' id='par_1_47' title="bbox 1983 2592 3628 2665">
     <span class='ocr_line' id='line_1_47' title="bbox 1983 2592 3628 2665; baseline 0.004 -17"><span class='ocrx_word' id='word_1_440' title='bbox 1983 2609 2090 2648; x_wconf 89' lang='lat' dir='ltr'>nos</span> <span class='ocrx_word' id='word_1_441' title='bbox 2111 2592 2357 2660; x_wconf 88' lang='lat' dir='ltr'>liberet;</span> <span class='ocrx_word' id='word_1_442' title='bbox 2395 2593 2533 2664; x_wconf 89' lang='lat' dir='ltr'>quia</span> <span class='ocrx_word' id='word_1_443' title='bbox 2563 2593 2796 2665; x_wconf 85' lang='lat' dir='ltr'>sagittis</span> <span class='ocrx_word' id='word_1_444' title='bbox 2829 2609 2977 2664; x_wconf 90' lang='lat' dir='ltr'>quas</span> <span class='ocrx_word' id='word_1_445' title='bbox 3025 2594 3328 2664; x_wconf 90' lang='lat' dir='ltr'>jaculatur</span> <span class='ocrx_word' id='word_1_446' title='bbox 3375 2613 3406 2652; x_wconf 90' lang='lat' dir='ltr'>e</span> <span class='ocrx_word' id='word_1_447' title='bbox 3463 2597 3628 2665; x_wconf 75' lang='lat' dir='ltr'>ccelo,</span> 
     </span>
    </p>
   </div>
   <div class='ocr_carea' id='block_1_48' title="bbox 1979 2681 3632 2755">
    <p class='ocr_par' dir='ltr' id='par_1_48' title="bbox 1979 2681 3632 2755">
     <span class='ocr_line' id='line_1_48' title="bbox 1979 2681 3632 2755; baseline 0.004 -20"><span class='ocrx_word' id='word_1_448' title='bbox 1979 2686 2144 2736; x_wconf 65' lang='lat' dir='ltr'>terra:</span> <span class='ocrx_word' id='word_1_449' title='bbox 2176 2685 2390 2736; x_wconf 64' lang='lat' dir='ltr'>nostra:</span> <span class='ocrx_word' id='word_1_450' title='bbox 2421 2681 2699 2736; x_wconf 90' lang='lat' dir='ltr'>interiora</span> <span class='ocrx_word' id='word_1_451' title='bbox 2728 2685 3107 2755; x_wconf 88' lang='lat' dir='ltr'>penetrantur</span> <span class='ocrx_word' id='word_1_452' title='bbox 3133 2700 3146 2750; x_wconf 89' lang='lat'><strong>;</strong></span> <span class='ocrx_word' id='word_1_453' title='bbox 3180 2687 3245 2737; x_wconf 91' lang='lat' dir='ltr'>ut</span> <span class='ocrx_word' id='word_1_454' title='bbox 3279 2687 3474 2740; x_wconf 90' lang='lat' dir='ltr'>motus</span> <span class='ocrx_word' id='word_1_455' title='bbox 3506 2701 3632 2741; x_wconf 90' lang='lat' dir='ltr'>om-</span> 
     </span>
    </p>
   </div>
   <div class='ocr_carea' id='block_1_49' title="bbox 1985 2768 3632 2846">
    <p class='ocr_par' dir='ltr' id='par_1_49' title="bbox 1985 2768 3632 2846">
     <span class='ocr_line' id='line_1_49' title="bbox 1985 2768 3632 2846; baseline 0.004 -22"><span class='ocrx_word' id='word_1_456' title='bbox 1985 2770 2075 2825; x_wconf 91' lang='lat' dir='ltr'>nis</span> <span class='ocrx_word' id='word_1_457' title='bbox 2106 2775 2373 2825; x_wconf 91' lang='lat' dir='ltr'>terrenus</span> <span class='ocrx_word' id='word_1_458' title='bbox 2403 2770 2649 2825; x_wconf 91' lang='lat' dir='ltr'>intereat</span> <span class='ocrx_word' id='word_1_459' title='bbox 2675 2778 2732 2825; x_wconf 82' lang='lat' dir='ltr'>et</span> <span class='ocrx_word' id='word_1_460' title='bbox 2762 2768 3046 2841; x_wconf 85' lang='lat' dir='ltr'>quiescat,</span> <span class='ocrx_word' id='word_1_461' title='bbox 3079 2772 3227 2826; x_wconf 89' lang='lat' dir='ltr'>sicut</span> <span class='ocrx_word' id='word_1_462' title='bbox 3259 2772 3318 2826; x_wconf 92' lang='lat' dir='ltr'>in</span> <span class='ocrx_word' id='word_1_463' title='bbox 3351 2775 3632 2846; x_wconf 89' lang='lat' dir='ltr'>posterio-</span> 
     </span>
    </p>
   </div>
   <div class='ocr_carea' id='block_1_50' title="bbox 1986 2858 3632 2931">
    <p class='ocr_par' dir='ltr' id='par_1_50' title="bbox 1986 2858 3632 2931">
     <span class='ocr_line' id='line_1_50' title="bbox 1986 2858 3632 2931; baseline 0.003 -18"><span class='ocrx_word' id='word_1_464' title='bbox 1986 2858 2148 2914; x_wconf 90' lang='lat' dir='ltr'>ribus</span> <span class='ocrx_word' id='word_1_465' title='bbox 2179 2859 2296 2914; x_wconf 89' lang='lat' dir='ltr'>ait:</span> <span class='ocrx_word' id='word_1_466' title='bbox 2343 2881 2362 2907; x_wconf 78' lang='grc' dir='ltr'>α</span> <span class='ocrx_word' id='word_1_467' title='bbox 2399 2859 2481 2914; x_wconf 92' lang='lat' dir='ltr'>De</span> <span class='ocrx_word' id='word_1_468' title='bbox 2511 2859 2652 2914; x_wconf 73' lang='lat' dir='ltr'>ccelo</span> <span class='ocrx_word' id='word_1_469' title='bbox 2669 2858 2963 2930; x_wconf 90' lang='lat' dir='ltr'>jaculatus</span> <span class='ocrx_word' id='word_1_470' title='bbox 2993 2877 3055 2916; x_wconf 90' lang='lat' dir='ltr'>es</span> <span class='ocrx_word' id='word_1_471' title='bbox 3095 2861 3424 2931; x_wconf 80' lang='lat' dir='ltr'>judicium:</span> <span class='ocrx_word' id='word_1_472' title='bbox 3477 2867 3632 2918; x_wconf 88' lang='lat' dir='ltr'>terra</span> 
     </span>
    </p>
   </div>
   <div class='ocr_carea' id='block_1_51' title="bbox 1985 2947 3634 3024">
    <p class='ocr_par' dir='ltr' id='par_1_51' title="bbox 1985 2947 3634 3024">
     <span class='ocr_line' id='line_1_51' title="bbox 1985 2947 3634 3024; baseline 0.002 -22"><span class='ocrx_word' id='word_1_473' title='bbox 1985 2947 2245 3014; x_wconf 88' lang='lat' dir='ltr'>tremuit,</span> <span class='ocrx_word' id='word_1_474' title='bbox 2279 2955 2331 3003; x_wconf 88' lang='lat' dir='ltr'>et</span> <span class='ocrx_word' id='word_1_475' title='bbox 2363 2947 2582 3019; x_wconf 89' lang='lat' dir='ltr'>quievit</span> <span class='ocrx_word' id='word_1_476' title='bbox 2616 2949 2784 3016; x_wconf 76' lang='lat' dir='ltr'>(Psal.</span> <span class='ocrx_word' id='word_1_477' title='bbox 2819 2966 2984 3016; x_wconf 84' lang='lat' dir='ltr'>Lxxv,</span> <span class='ocrx_word' id='word_1_478' title='bbox 3022 2950 3099 3021; x_wconf 87' lang='lat'>9).</span> <span class='ocrx_word' id='word_1_479' title='bbox 3128 2972 3155 2998; x_wconf 85' lang='lat'>»</span> <span class='ocrx_word' id='word_1_480' title='bbox 3188 2949 3283 3005; x_wconf 90' lang='lat' dir='ltr'>Sic</span> <span class='ocrx_word' id='word_1_481' title='bbox 3326 2951 3508 3024; x_wconf 88' lang='lat' dir='ltr'>igitur</span> <span class='ocrx_word' id='word_1_482' title='bbox 3569 2951 3634 3006; x_wconf 92' lang='lat' dir='ltr'>li-</span> 
     </span>
    </p>
   </div>
   <div class='ocr_carea' id='block_1_52' title="bbox 206 3037 3632 3110">
    <p class='ocr_par' dir='ltr' id='par_1_52' title="bbox 206 3037 3632 3110">
     <span class='ocr_line' id='line_1_52' title="bbox 206 3037 3632 3110; baseline 0.004 -20"><span class='ocrx_word' id='word_1_483' title='bbox 206 3038 286 3108; x_wconf 91' lang='lat'><strong>7),</strong></span> <span class='ocrx_word' id='word_1_484' title='bbox 320 3037 648 3095; x_wconf 83' lang='lat' dir='ltr'>extollitur.</span> <span class='ocrx_word' id='word_1_485' title='bbox 682 3039 743 3093; x_wconf 96' lang='lat' dir='ltr'>In</span> <span class='ocrx_word' id='word_1_486' title='bbox 775 3037 1006 3094; x_wconf 89' lang='lat' dir='ltr'>Christo</span> <span class='ocrx_word' id='word_1_487' title='bbox 1038 3053 1174 3110; x_wconf 89' lang='lat' dir='ltr'>ergo</span> <span class='ocrx_word' id='word_1_488' title='bbox 1224 3054 1403 3094; x_wconf 90' lang='lat' dir='ltr'>cornu</span> <span class='ocrx_word' id='word_1_489' title='bbox 1462 3038 1883 3100; x_wconf 89' lang='lat' dir='ltr'>ventilabimus</span> <span class='ocrx_word' id='word_1_490' title='bbox 1988 3037 2283 3102; x_wconf 64' lang='lat' dir='ltr'>beramur‘.</span> <span class='ocrx_word' id='word_1_491' title='bbox 2317 3037 2459 3092; x_wconf 76' lang='lat' dir='ltr'>dum</span> <span class='ocrx_word' id='word_1_492' title='bbox 2491 3037 3192 3094; x_wconf 57' lang='lat' dir='ltr'>confundunturinimicw</span> <span class='ocrx_word' id='word_1_493' title='bbox 3209 3043 3265 3094; x_wconf 77' lang='lat' dir='ltr'>et</span> <span class='ocrx_word' id='word_1_494' title='bbox 3289 3040 3632 3096; x_wconf 62' lang='lat' dir='ltr'>adversaria?</span> 
     </span>
    </p>
   </div>
   <div class='ocr_carea' id='block_1_53' title="bbox 207 3124 772 3183">
    <p class='ocr_par' dir='ltr' id='par_1_53' title="bbox 207 3124 772 3183">
     <span class='ocr_line' id='line_1_53' title="bbox 207 3124 772 3183; baseline 0.005 -4"><span class='ocrx_word' id='word_1_495' title='bbox 207 3124 490 3183; x_wconf 88' lang='lat' dir='ltr'>inimicos</span> <span class='ocrx_word' id='word_1_496' title='bbox 521 3131 772 3183; x_wconf 90' lang='lat' dir='ltr'>nostros.</span> 
     </span>
    </p>
   </div>
   <div class='ocr_carea' id='block_1_54' title="bbox 1991 3125 3636 3197">
    <p class='ocr_par' dir='ltr' id='par_1_54' title="bbox 1991 3125 3636 3197">
     <span class='ocr_line' id='line_1_54' title="bbox 1991 3125 3636 3197; baseline 0.003 -18"><span class='ocrx_word' id='word_1_497' title='bbox 1991 3129 2344 3197; x_wconf 88' lang='lat' dir='ltr'>potestates;</span> <span class='ocrx_word' id='word_1_498' title='bbox 2377 3125 2465 3181; x_wconf 92' lang='lat' dir='ltr'>vel</span> <span class='ocrx_word' id='word_1_499' title='bbox 2489 3125 2774 3197; x_wconf 90' lang='lat' dir='ltr'>sapientia</span> <span class='ocrx_word' id='word_1_500' title='bbox 2825 3126 3017 3182; x_wconf 89' lang='lat' dir='ltr'>carnis</span> <span class='ocrx_word' id='word_1_501' title='bbox 3066 3126 3238 3183; x_wconf 88' lang='lat' dir='ltr'>istius</span> <span class='ocrx_word' id='word_1_502' title='bbox 3290 3134 3488 3184; x_wconf 89' lang='lat' dir='ltr'>retusa</span> <span class='ocrx_word' id='word_1_503' title='bbox 3517 3145 3636 3184; x_wconf 82' lang='lat' dir='ltr'>rce-</span> 
     </span>
    </p>
   </div>
   <div class='ocr_carea' id='block_1_55' title="bbox 279 3196 3636 3290">
    <p class='ocr_par' dir='ltr' id='par_1_55' title="bbox 279 3196 3636 3290">
     <span class='ocr_line' id='line_1_55' title="bbox 279 3196 3636 3290; baseline 0 -21"><span class='ocrx_word' id='word_1_504' title='bbox 279 3216 368 3272; x_wconf 79' lang='lat'><strong>19.</strong></span> <span class='ocrx_word' id='word_1_505' title='bbox 397 3239 426 3266; x_wconf 89' lang='lat'><strong>«</strong></span> <span class='ocrx_word' id='word_1_506' title='bbox 458 3216 528 3271; x_wconf 88' lang='lat' dir='ltr'>Et</span> <span class='ocrx_word' id='word_1_507' title='bbox 547 3216 606 3270; x_wconf 92' lang='lat' dir='ltr'>in</span> <span class='ocrx_word' id='word_1_508' title='bbox 630 3215 867 3271; x_wconf 90' lang='lat' dir='ltr'>nomine</span> <span class='ocrx_word' id='word_1_509' title='bbox 887 3215 1015 3286; x_wconf 83' lang='lat' dir='ltr'>ejus</span> <span class='ocrx_word' id='word_1_510' title='bbox 1039 3229 1388 3287; x_wconf 88' lang='lat' dir='ltr'>spernemus</span> <span class='ocrx_word' id='word_1_511' title='bbox 1409 3216 1781 3290; x_wconf 86' lang='lat' dir='ltr'>insurgentes</span> <span class='ocrx_word' id='word_1_512' title='bbox 1813 3222 1870 3276; x_wconf 86' lang='lat' dir='ltr'>in</span> <span class='ocrx_word' id='word_1_513' title='bbox 1902 3196 1943 3262; x_wconf 63' lang='grc' dir='ltr'><strong>(ἶ</strong></span> <span class='ocrx_word' id='word_1_514' title='bbox 1983 3196 2229 3269; x_wconf 71' lang='lat' dir='ltr'>testibus</span> <span class='ocrx_word' id='word_1_515' title='bbox 2253 3196 2576 3285; x_wconf 78' lang='lat' dir='ltr'>imperatis,</span> <span class='ocrx_word' id='word_1_516' title='bbox 2608 3213 2667 3268; x_wconf 92' lang='lat' dir='ltr'>in</span> <span class='ocrx_word' id='word_1_517' title='bbox 2708 3213 2832 3268; x_wconf 90' lang='lat' dir='ltr'>suis</span> <span class='ocrx_word' id='word_1_518' title='bbox 2863 3213 3210 3268; x_wconf 86' lang='lat' dir='ltr'>criminibus</span> <span class='ocrx_word' id='word_1_519' title='bbox 3240 3216 3547 3284; x_wconf 90' lang='lat' dir='ltr'>erubescit,</span> <span class='ocrx_word' id='word_1_520' title='bbox 3579 3221 3636 3272; x_wconf 88' lang='lat' dir='ltr'>et</span> 
     </span>
    </p>
   </div>
   <div class='ocr_carea' id='block_1_56' title="bbox 214 3304 1870 3381">
    <p class='ocr_par' dir='ltr' id='par_1_56' title="bbox 214 3304 1870 3381">
     <span class='ocr_line' id='line_1_56' title="bbox 214 3304 1870 3381; baseline 0.004 -23"><span class='ocrx_word' id='word_1_521' title='bbox 214 3320 340 3360; x_wconf 86' lang='lat' dir='ltr'>nos.</span> <span class='ocrx_word' id='word_1_522' title='bbox 379 3327 408 3355; x_wconf 83' lang='lat'><strong>»</strong></span> <span class='ocrx_word' id='word_1_523' title='bbox 445 3304 596 3369; x_wconf 88' lang='lat' dir='ltr'>Quid</span> <span class='ocrx_word' id='word_1_524' title='bbox 627 3308 716 3359; x_wconf 92' lang='lat' dir='ltr'>est</span> <span class='ocrx_word' id='word_1_525' title='bbox 741 3320 953 3359; x_wconf 89' lang='lat' dir='ltr'>nomen</span> <span class='ocrx_word' id='word_1_526' title='bbox 987 3304 1098 3359; x_wconf 91' lang='lat' dir='ltr'>nisi</span> <span class='ocrx_word' id='word_1_527' title='bbox 1132 3321 1247 3376; x_wconf 91' lang='lat' dir='ltr'>quo</span> <span class='ocrx_word' id='word_1_528' title='bbox 1280 3307 1509 3378; x_wconf 89' lang='lat' dir='ltr'>proprie</span> <span class='ocrx_word' id='word_1_529' title='bbox 1549 3309 1870 3381; x_wconf 88' lang='lat' dir='ltr'>unusquis-</span> 
     </span>
    </p>
   </div>
   <div class='ocr_carea' id='block_1_57' title="bbox 215 3393 1869 3466">
    <p class='ocr_par' dir='ltr' id='par_1_57' title="bbox 215 3393 1869 3466">
     <span class='ocr_line' id='line_1_57' title="bbox 215 3393 1869 3466; baseline 0.004 -17"><span class='ocrx_word' id='word_1_530' title='bbox 215 3408 326 3465; x_wconf 88' lang='lat' dir='ltr'>que</span> <span class='ocrx_word' id='word_1_531' title='bbox 357 3393 748 3466; x_wconf 86' lang='lat' dir='ltr'>significatur,</span> <span class='ocrx_word' id='word_1_532' title='bbox 784 3394 938 3466; x_wconf 93' lang='lat' dir='ltr'>quod</span> <span class='ocrx_word' id='word_1_533' title='bbox 969 3393 1021 3450; x_wconf 92' lang='lat' dir='ltr'>ei</span> <span class='ocrx_word' id='word_1_534' title='bbox 1063 3411 1178 3450; x_wconf 93' lang='lat' dir='ltr'>non</span> <span class='ocrx_word' id='word_1_535' title='bbox 1231 3394 1306 3450; x_wconf 90' lang='lat' dir='ltr'>sit</span> <span class='ocrx_word' id='word_1_536' title='bbox 1363 3411 1678 3454; x_wconf 88' lang='lat' dir='ltr'>commune</span> <span class='ocrx_word' id='word_1_537' title='bbox 1736 3416 1869 3455; x_wconf 90' lang='lat' dir='ltr'>cum</span> 
     </span>
    </p>
   </div>
   <div class='ocr_carea' id='block_1_58' title="bbox 215 3480 1867 3555">
    <p class='ocr_par' dir='ltr' id='par_1_58' title="bbox 215 3480 1867 3555">
     <span class='ocr_line' id='line_1_58' title="bbox 215 3480 1867 3555; baseline 0.004 -21"><span class='ocrx_word' id='word_1_538' title='bbox 215 3480 493 3538; x_wconf 66' lang='lat' dir='ltr'>ceteris?</span> <span class='ocrx_word' id='word_1_539' title='bbox 540 3481 723 3537; x_wconf 86' lang='lat' dir='ltr'>Homo</span> <span class='ocrx_word' id='word_1_540' title='bbox 779 3481 934 3537; x_wconf 86' lang='lat' dir='ltr'>enim</span> <span class='ocrx_word' id='word_1_541' title='bbox 994 3497 1307 3538; x_wconf 89' lang='lat' dir='ltr'>commune</span> <span class='ocrx_word' id='word_1_542' title='bbox 1361 3484 1706 3540; x_wconf 90' lang='lat' dir='ltr'>vocabulum</span> <span class='ocrx_word' id='word_1_543' title='bbox 1741 3491 1867 3555; x_wconf 87' lang='lat' dir='ltr'>est;</span> 
     </span>
    </p>
   </div>
   <div class='ocr_carea' id='block_1_59' title="bbox 215 3569 1870 3642">
    <p class='ocr_par' dir='ltr' id='par_1_59' title="bbox 215 3569 1870 3642">
     <span class='ocr_line' id='line_1_59' title="bbox 215 3569 1870 3642; baseline 0.004 -19"><span class='ocrx_word' id='word_1_544' title='bbox 215 3569 322 3625; x_wconf 88' lang='lat' dir='ltr'>nisi</span> <span class='ocrx_word' id='word_1_545' title='bbox 357 3571 548 3627; x_wconf 86' lang='lat' dir='ltr'>addas</span> <span class='ocrx_word' id='word_1_546' title='bbox 579 3569 678 3642; x_wconf 93' lang='lat' dir='ltr'>qui</span> <span class='ocrx_word' id='word_1_547' title='bbox 733 3575 985 3635; x_wconf 87' lang='lat' dir='ltr'>vocetur,</span> <span class='ocrx_word' id='word_1_548' title='bbox 1049 3587 1163 3625; x_wconf 91' lang='lat' dir='ltr'>non</span> <span class='ocrx_word' id='word_1_549' title='bbox 1196 3574 1386 3642; x_wconf 89' lang='lat' dir='ltr'>potest</span> <span class='ocrx_word' id='word_1_550' title='bbox 1415 3571 1716 3629; x_wconf 90' lang='lat' dir='ltr'>declarari.</span> <span class='ocrx_word' id='word_1_551' title='bbox 1765 3575 1870 3630; x_wconf 83' lang='lat' dir='ltr'>No-</span> 
     </span>
    </p>
   </div>
   <div class='ocr_carea' id='block_1_60' title="bbox 215 3658 1872 3735">
    <p class='ocr_par' dir='ltr' id='par_1_60' title="bbox 215 3658 1872 3735">
     <span class='ocr_line' id='line_1_60' title="bbox 215 3658 1872 3735; baseline 0.004 -23"><span class='ocrx_word' id='word_1_552' title='bbox 215 3673 347 3714; x_wconf 89' lang='lat' dir='ltr'>men</span> <span class='ocrx_word' id='word_1_553' title='bbox 380 3674 523 3732; x_wconf 89' lang='lat' dir='ltr'>ergo</span> <span class='ocrx_word' id='word_1_554' title='bbox 554 3658 878 3731; x_wconf 90' lang='lat' dir='ltr'>pr0prietas</span> <span class='ocrx_word' id='word_1_555' title='bbox 907 3658 1373 3731; x_wconf 87' lang='lat' dir='ltr'>uniuscujusque</span> <span class='ocrx_word' id='word_1_556' title='bbox 1402 3664 1511 3728; x_wconf 88' lang='lat' dir='ltr'>est,</span> <span class='ocrx_word' id='word_1_557' title='bbox 1540 3677 1654 3733; x_wconf 91' lang='lat' dir='ltr'>quo</span> <span class='ocrx_word' id='word_1_558' title='bbox 1685 3665 1872 3735; x_wconf 86' lang='lat' dir='ltr'>possit</span> 
     </span>
    </p>
   </div>
   <div class='ocr_carea' id='block_1_61' title="bbox 213 3747 1870 3822">
    <p class='ocr_par' dir='ltr' id='par_1_61' title="bbox 213 3747 1870 3822">
     <span class='ocr_line' id='line_1_61' title="bbox 213 3747 1870 3822; baseline 0.005 -22"><span class='ocrx_word' id='word_1_559' title='bbox 213 3747 487 3821; x_wconf 83' lang='lat' dir='ltr'>intelligi.</span> <span class='ocrx_word' id='word_1_560' title='bbox 536 3747 698 3803; x_wconf 90' lang='lat' dir='ltr'>Unde</span> <span class='ocrx_word' id='word_1_561' title='bbox 754 3748 1004 3802; x_wconf 90' lang='lat' dir='ltr'>arbitror</span> <span class='ocrx_word' id='word_1_562' title='bbox 1060 3749 1214 3818; x_wconf 92' lang='lat' dir='ltr'>quod</span> <span class='ocrx_word' id='word_1_563' title='bbox 1273 3752 1330 3803; x_wconf 92' lang='lat' dir='ltr'>et</span> <span class='ocrx_word' id='word_1_564' title='bbox 1387 3749 1614 3822; x_wconf 84' lang='lat' dir='ltr'>Moyses</span> <span class='ocrx_word' id='word_1_565' title='bbox 1673 3753 1870 3808; x_wconf 86' lang='lat' dir='ltr'>volens</span> 
     </span>
    </p>
   </div>
   <div class='ocr_carea' id='block_1_62' title="bbox 215 3835 1870 3911">
    <p class='ocr_par' dir='ltr' id='par_1_62' title="bbox 215 3835 1870 3911">
     <span class='ocr_line' id='line_1_62' title="bbox 215 3835 1870 3911; baseline 0.002 -18"><span class='ocrx_word' id='word_1_566' title='bbox 215 3839 523 3910; x_wconf 89' lang='lat' dir='ltr'>proprium</span> <span class='ocrx_word' id='word_1_567' title='bbox 553 3835 676 3903; x_wconf 92' lang='lat' dir='ltr'>Dei,</span> <span class='ocrx_word' id='word_1_568' title='bbox 708 3841 764 3891; x_wconf 92' lang='lat' dir='ltr'>et</span> <span class='ocrx_word' id='word_1_569' title='bbox 794 3835 1014 3907; x_wconf 88' lang='lat' dir='ltr'>aliquid</span> <span class='ocrx_word' id='word_1_570' title='bbox 1049 3837 1118 3891; x_wconf 92' lang='lat' dir='ltr'>de</span> <span class='ocrx_word' id='word_1_571' title='bbox 1144 3851 1210 3891; x_wconf 93' lang='lat' dir='ltr'>eo</span> <span class='ocrx_word' id='word_1_572' title='bbox 1261 3837 1510 3909; x_wconf 90' lang='lat' dir='ltr'>speciale</span> <span class='ocrx_word' id='word_1_573' title='bbox 1567 3856 1870 3911; x_wconf 88' lang='lat' dir='ltr'>cognosce-</span> 
     </span>
    </p>
   </div>
   <div class='ocr_carea' id='block_1_63' title="bbox 217 3925 1870 4001">
    <p class='ocr_par' dir='ltr' id='par_1_63' title="bbox 217 3925 1870 4001">
     <span class='ocr_line' id='line_1_63' title="bbox 217 3925 1870 4001; baseline 0.004 -23"><span class='ocrx_word' id='word_1_574' title='bbox 217 3941 294 3994; x_wconf 91' lang='lat' dir='ltr'>re,</span> <span class='ocrx_word' id='word_1_575' title='bbox 327 3927 490 3998; x_wconf 89' lang='lat' dir='ltr'>quod</span> <span class='ocrx_word' id='word_1_576' title='bbox 524 3941 639 3980; x_wconf 93' lang='lat' dir='ltr'>non</span> <span class='ocrx_word' id='word_1_577' title='bbox 670 3930 824 3980; x_wconf 88' lang='lat' dir='ltr'>esset</span> <span class='ocrx_word' id='word_1_578' title='bbox 854 3941 1165 3980; x_wconf 90' lang='lat' dir='ltr'>commune</span> <span class='ocrx_word' id='word_1_579' title='bbox 1201 3941 1336 3981; x_wconf 89' lang='lat' dir='ltr'>cum</span> <span class='ocrx_word' id='word_1_580' title='bbox 1379 3925 1712 3984; x_wconf 78' lang='lat' dir='ltr'>coelestibus</span> <span class='ocrx_word' id='word_1_581' title='bbox 1770 3947 1870 4001; x_wconf 91' lang='lat' dir='ltr'>po-</span> 
     </span>
    </p>
   </div>
   <div class='ocr_carea' id='block_1_64' title="bbox 215 4013 1870 4085">
    <p class='ocr_par' dir='ltr' id='par_1_64' title="bbox 215 4013 1870 4085">
     <span class='ocr_line' id='line_1_64' title="bbox 215 4013 1870 4085; baseline 0.004 -19"><span class='ocrx_word' id='word_1_582' title='bbox 215 4015 552 4081; x_wconf 88' lang='lat' dir='ltr'>testatibus,</span> <span class='ocrx_word' id='word_1_583' title='bbox 585 4013 994 4085; x_wconf 88' lang='lat' dir='ltr'>interrogavit:</span> <span class='ocrx_word' id='word_1_584' title='bbox 1030 4034 1057 4061; x_wconf 87' lang='lat'><strong>«</strong></span> <span class='ocrx_word' id='word_1_585' title='bbox 1092 4014 1253 4079; x_wconf 88' lang='lat' dir='ltr'>Quod</span> <span class='ocrx_word' id='word_1_586' title='bbox 1285 4017 1374 4069; x_wconf 92' lang='lat' dir='ltr'>est</span> <span class='ocrx_word' id='word_1_587' title='bbox 1430 4031 1641 4071; x_wconf 89' lang='lat' dir='ltr'>nomen</span> <span class='ocrx_word' id='word_1_588' title='bbox 1701 4021 1870 4073; x_wconf 90' lang='lat' dir='ltr'>tuum</span> 
     </span>
    </p>
   </div>
   <div class='ocr_carea' id='block_1_65' title="bbox 217 4100 1871 4174">
    <p class='ocr_par' dir='ltr' id='par_1_65' title="bbox 217 4100 1871 4174">
     <span class='ocr_line' id='line_1_65' title="bbox 217 4100 1871 4174; baseline 0.004 -20"><span class='ocrx_word' id='word_1_589' title='bbox 217 4101 409 4170; x_wconf 73' lang='lat' dir='ltr'>(Exod.</span> <span class='ocrx_word' id='word_1_590' title='bbox 448 4119 534 4170; x_wconf 87' lang='grc' dir='ltr'>ιιι,</span> <span class='ocrx_word' id='word_1_591' title='bbox 592 4100 737 4172; x_wconf 84' lang='lat'><strong>13)?</strong></span> <span class='ocrx_word' id='word_1_592' title='bbox 797 4123 825 4149; x_wconf 85' lang='lat'>»</span> <span class='ocrx_word' id='word_1_593' title='bbox 884 4101 1142 4172; x_wconf 91' lang='lat' dir='ltr'>Denique</span> <span class='ocrx_word' id='word_1_594' title='bbox 1197 4117 1554 4174; x_wconf 88' lang='lat' dir='ltr'>cognoscens</span> <span class='ocrx_word' id='word_1_595' title='bbox 1612 4109 1871 4161; x_wconf 89' lang='lat' dir='ltr'>mentem</span> 
     </span>
    </p>
   </div>
   <div class='ocr_carea' id='block_1_66' title="bbox 215 4188 1868 4264">
    <p class='ocr_par' dir='ltr' id='par_1_66' title="bbox 215 4188 1868 4264">
     <span class='ocr_line' id='line_1_66' title="bbox 215 4188 1868 4264; baseline 0.004 -22"><span class='ocrx_word' id='word_1_596' title='bbox 215 4191 341 4260; x_wconf 86' lang='lat' dir='ltr'>ejus</span> <span class='ocrx_word' id='word_1_597' title='bbox 371 4191 551 4257; x_wconf 89' lang='lat' dir='ltr'>Deus,</span> <span class='ocrx_word' id='word_1_598' title='bbox 587 4205 702 4244; x_wconf 91' lang='lat' dir='ltr'>non</span> <span class='ocrx_word' id='word_1_599' title='bbox 732 4188 1033 4260; x_wconf 89' lang='lat' dir='ltr'>respondit</span> <span class='ocrx_word' id='word_1_600' title='bbox 1093 4205 1328 4258; x_wconf 88' lang='lat' dir='ltr'>nomen,</span> <span class='ocrx_word' id='word_1_601' title='bbox 1381 4191 1484 4246; x_wconf 91' lang='lat' dir='ltr'>sed</span> <span class='ocrx_word' id='word_1_602' title='bbox 1546 4193 1868 4264; x_wconf 88' lang='lat' dir='ltr'>negotium,</span> 
     </span>
    </p>
   </div>
   <div class='ocr_carea' id='block_1_67' title="bbox 217 4276 1870 4350">
    <p class='ocr_par' dir='ltr' id='par_1_67' title="bbox 217 4276 1870 4350">
     <span class='ocr_line' id='line_1_67' title="bbox 217 4276 1870 4350; baseline 0.004 -18"><span class='ocrx_word' id='word_1_603' title='bbox 217 4276 322 4334; x_wconf 88' lang='lat' dir='ltr'>hoc</span> <span class='ocrx_word' id='word_1_604' title='bbox 352 4282 465 4347; x_wconf 91' lang='lat' dir='ltr'>est,</span> <span class='ocrx_word' id='word_1_605' title='bbox 497 4294 622 4333; x_wconf 90' lang='lat' dir='ltr'>rem</span> <span class='ocrx_word' id='word_1_606' title='bbox 653 4278 958 4350; x_wconf 84' lang='lat' dir='ltr'>expressit,</span> <span class='ocrx_word' id='word_1_607' title='bbox 991 4294 1106 4333; x_wconf 93' lang='lat' dir='ltr'>non</span> <span class='ocrx_word' id='word_1_608' title='bbox 1137 4277 1611 4350; x_wconf 89' lang='lat' dir='ltr'>appellationem,</span> <span class='ocrx_word' id='word_1_609' title='bbox 1635 4281 1870 4338; x_wconf 87' lang='lat' dir='ltr'>dicens:</span> 
     </span>
    </p>
   </div>
   <div class='ocr_carea' id='block_1_68' title="bbox 223 4365 1871 4440">
    <p class='ocr_par' dir='ltr' id='par_1_68' title="bbox 223 4365 1871 4440">
     <span class='ocr_line' id='line_1_68' title="bbox 223 4365 1871 4440; baseline 0.007 -24"><span class='ocrx_word' id='word_1_610' title='bbox 223 4368 398 4440; x_wconf 80' lang='lat' dir='ltr'>«Ego</span> <span class='ocrx_word' id='word_1_611' title='bbox 432 4383 565 4422; x_wconf 89' lang='lat' dir='ltr'>sum</span> <span class='ocrx_word' id='word_1_612' title='bbox 623 4365 723 4438; x_wconf 92' lang='lat' dir='ltr'>qui</span> <span class='ocrx_word' id='word_1_613' title='bbox 776 4383 909 4422; x_wconf 89' lang='lat' dir='ltr'>sum</span> <span class='ocrx_word' id='word_1_614' title='bbox 967 4366 1122 4439; x_wconf 82' lang='lat' dir='ltr'>(Ibid.</span> <span class='ocrx_word' id='word_1_615' title='bbox 1185 4367 1295 4438; x_wconf 85' lang='grc'>14),</span> <span class='ocrx_word' id='word_1_616' title='bbox 1351 4367 1488 4439; x_wconf 89' lang='lat' dir='ltr'>quia</span> <span class='ocrx_word' id='word_1_617' title='bbox 1548 4369 1694 4424; x_wconf 91' lang='lat' dir='ltr'>nihil</span> <span class='ocrx_word' id='word_1_618' title='bbox 1749 4375 1871 4427; x_wconf 88' lang='lat' dir='ltr'>tam</span> 
     </span>
    </p>
   </div>
   <div class='ocr_carea' id='block_1_69' title="bbox 218 4455 1870 4532">
    <p class='ocr_par' dir='ltr' id='par_1_69' title="bbox 218 4455 1870 4532">
     <span class='ocr_line' id='line_1_69' title="bbox 218 4455 1870 4532; baseline 0.004 -22"><span class='ocrx_word' id='word_1_619' title='bbox 218 4457 521 4530; x_wconf 88' lang='lat' dir='ltr'>preprium</span> <span class='ocrx_word' id='word_1_620' title='bbox 552 4455 674 4524; x_wconf 92' lang='lat' dir='ltr'>Dei,</span> <span class='ocrx_word' id='word_1_621' title='bbox 708 4471 885 4526; x_wconf 88' lang='lat' dir='ltr'>quam</span> <span class='ocrx_word' id='word_1_622' title='bbox 917 4471 1148 4527; x_wconf 89' lang='lat' dir='ltr'>semper</span> <span class='ocrx_word' id='word_1_623' title='bbox 1177 4471 1323 4510; x_wconf 90' lang='lat' dir='ltr'>esse.</span> <span class='ocrx_word' id='word_1_624' title='bbox 1376 4457 1521 4522; x_wconf 90' lang='lat' dir='ltr'>Quia</span> <span class='ocrx_word' id='word_1_625' title='bbox 1577 4474 1712 4532; x_wconf 87' lang='lat' dir='ltr'>ergo</span> <span class='ocrx_word' id='word_1_626' title='bbox 1769 4477 1870 4516; x_wconf 91' lang='lat' dir='ltr'>ne-</span> 
     </span>
    </p>
   </div>
   <div class='ocr_carea' id='block_1_70' title="bbox 1982 3301 3636 3374">
    <p class='ocr_par' dir='ltr' id='par_1_70' title="bbox 1982 3301 3636 3374">
     <span class='ocr_line' id='line_1_70' title="bbox 1982 3301 3636 3374; baseline 0.001 -17"><span class='ocrx_word' id='word_1_627' title='bbox 1982 3301 2338 3374; x_wconf 85' lang='lat' dir='ltr'>ﬂagitiorum</span> <span class='ocrx_word' id='word_1_628' title='bbox 2371 3317 2614 3357; x_wconf 89' lang='lat' dir='ltr'>suorum</span> <span class='ocrx_word' id='word_1_629' title='bbox 2667 3302 2889 3372; x_wconf 90' lang='lat' dir='ltr'>pudore</span> <span class='ocrx_word' id='word_1_630' title='bbox 2941 3302 3355 3358; x_wconf 82' lang='lat' dir='ltr'>confunditur:</span> <span class='ocrx_word' id='word_1_631' title='bbox 3409 3304 3636 3359; x_wconf 90' lang='lat' dir='ltr'>adulter</span> 
     </span>
    </p>
   </div>
   <div class='ocr_carea' id='block_1_71' title="bbox 1981 3389 3628 3460">
    <p class='ocr_par' dir='ltr' id='par_1_71' title="bbox 1981 3389 3628 3460">
     <span class='ocr_line' id='line_1_71' title="bbox 1981 3389 3628 3460; baseline 0.002 -16"><span class='ocrx_word' id='word_1_632' title='bbox 1981 3391 2040 3444; x_wconf 91' lang='lat' dir='ltr'>in</span> <span class='ocrx_word' id='word_1_633' title='bbox 2070 3389 2332 3445; x_wconf 90' lang='lat' dir='ltr'>libidinis</span> <span class='ocrx_word' id='word_1_634' title='bbox 2365 3407 2484 3445; x_wconf 69' lang='lat' dir='ltr'>suae</span> <span class='ocrx_word' id='word_1_635' title='bbox 2499 3389 2777 3460; x_wconf 90' lang='lat' dir='ltr'>flammis,</span> <span class='ocrx_word' id='word_1_636' title='bbox 2801 3395 2857 3445; x_wconf 93' lang='lat' dir='ltr'>et</span> <span class='ocrx_word' id='word_1_637' title='bbox 2876 3389 3072 3445; x_wconf 85' lang='lat' dir='ltr'>vesani</span> <span class='ocrx_word' id='word_1_638' title='bbox 3096 3391 3315 3445; x_wconf 88' lang='lat' dir='ltr'>amoris</span> <span class='ocrx_word' id='word_1_639' title='bbox 3339 3391 3628 3447; x_wconf 90' lang='lat' dir='ltr'>incendio:</span> 
     </span>
    </p>
   </div>
   <div class='ocr_carea' id='block_1_72' title="bbox 1981 3476 3634 3550">
    <p class='ocr_par' dir='ltr' id='par_1_72' title="bbox 1981 3476 3634 3550">
     <span class='ocr_line' id='line_1_72' title="bbox 1981 3476 3634 3550; baseline 0 -16"><span class='ocrx_word' id='word_1_640' title='bbox 1981 3496 2189 3535; x_wconf 89' lang='lat' dir='ltr'>avarus</span> <span class='ocrx_word' id='word_1_641' title='bbox 2217 3479 2275 3533; x_wconf 92' lang='lat' dir='ltr'>in</span> <span class='ocrx_word' id='word_1_642' title='bbox 2308 3477 2634 3533; x_wconf 77' lang='lat' dir='ltr'>immodicae</span> <span class='ocrx_word' id='word_1_643' title='bbox 2666 3476 3002 3549; x_wconf 89' lang='lat' dir='ltr'>cupiditatis</span> <span class='ocrx_word' id='word_1_644' title='bbox 3035 3478 3259 3546; x_wconf 89' lang='lat' dir='ltr'>ardore,</span> <span class='ocrx_word' id='word_1_645' title='bbox 3293 3480 3394 3550; x_wconf 89' lang='lat' dir='ltr'>qui</span> <span class='ocrx_word' id='word_1_646' title='bbox 3444 3480 3634 3534; x_wconf 89' lang='lat' dir='ltr'>aliena</span> 
     </span>
    </p>
   </div>
   <div class='ocr_carea' id='block_1_73' title="bbox 1981 3565 3632 3640">
    <p class='ocr_par' dir='ltr' id='par_1_73' title="bbox 1981 3565 3632 3640">
     <span class='ocr_line' id='line_1_73' title="bbox 1981 3565 3632 3640; baseline 0.001 -18"><span class='ocrx_word' id='word_1_647' title='bbox 1981 3567 2278 3640; x_wconf 89' lang='lat' dir='ltr'>rapiendo,</span> <span class='ocrx_word' id='word_1_648' title='bbox 2315 3583 2430 3640; x_wconf 92' lang='lat' dir='ltr'>quo</span> <span class='ocrx_word' id='word_1_649' title='bbox 2461 3565 2632 3637; x_wconf 91' lang='lat' dir='ltr'>plura</span> <span class='ocrx_word' id='word_1_650' title='bbox 2669 3565 2970 3630; x_wconf 88' lang='lat' dir='ltr'>invaserit,</span> <span class='ocrx_word' id='word_1_651' title='bbox 3025 3582 3090 3621; x_wconf 93' lang='lat' dir='ltr'>eo</span> <span class='ocrx_word' id='word_1_652' title='bbox 3150 3568 3376 3638; x_wconf 88' lang='lat' dir='ltr'>majora</span> <span class='ocrx_word' id='word_1_653' title='bbox 3406 3567 3632 3624; x_wconf 86' lang='lat' dir='ltr'>deside-</span> 
     </span>
    </p>
   </div>
   <div class='ocr_carea' id='block_1_74' title="bbox 1982 3653 3629 3722">
    <p class='ocr_par' dir='ltr' id='par_1_74' title="bbox 1982 3653 3629 3722">
     <span class='ocr_line' id='line_1_74' title="bbox 1982 3653 3629 3722; baseline 0.002 -10"><span class='ocrx_word' id='word_1_654' title='bbox 1982 3663 2104 3713; x_wconf 87' lang='lat' dir='ltr'>rat:</span> <span class='ocrx_word' id='word_1_655' title='bbox 2137 3657 2405 3712; x_wconf 88' lang='lat' dir='ltr'>ebriosus</span> <span class='ocrx_word' id='word_1_656' title='bbox 2435 3655 2493 3710; x_wconf 90' lang='lat' dir='ltr'>in</span> <span class='ocrx_word' id='word_1_657' title='bbox 2526 3653 2886 3722; x_wconf 90' lang='lat' dir='ltr'>temulentia,</span> <span class='ocrx_word' id='word_1_658' title='bbox 2919 3655 3282 3712; x_wconf 79' lang='lat' dir='ltr'>facinorosus</span> <span class='ocrx_word' id='word_1_659' title='bbox 3313 3657 3370 3711; x_wconf 90' lang='lat' dir='ltr'>in</span> <span class='ocrx_word' id='word_1_660' title='bbox 3398 3657 3629 3716; x_wconf 88' lang='lat' dir='ltr'>scelere.</span> 
     </span>
    </p>
   </div>
   <div class='ocr_carea' id='block_1_75' title="bbox 1982 3744 3632 3818">
    <p class='ocr_par' dir='ltr' id='par_1_75' title="bbox 1982 3744 3632 3818">
     <span class='ocr_line' id='line_1_75' title="bbox 1982 3744 3632 3818; baseline 0.002 -19"><span class='ocrx_word' id='word_1_661' title='bbox 1982 3746 2166 3818; x_wconf 90' lang='lat' dir='ltr'>quiet</span> <span class='ocrx_word' id='word_1_662' title='bbox 2223 3745 2315 3801; x_wconf 92' lang='lat' dir='ltr'>hic</span> <span class='ocrx_word' id='word_1_663' title='bbox 2377 3744 2821 3801; x_wconf 87' lang='lat' dir='ltr'>confunduntur</span> <span class='ocrx_word' id='word_1_664' title='bbox 2878 3744 3024 3800; x_wconf 75' lang='lat'>897</span> <span class='ocrx_word' id='word_1_665' title='bbox 3091 3745 3472 3817; x_wconf 88' lang='lat' dir='ltr'>gravissime:</span> <span class='ocrx_word' id='word_1_666' title='bbox 3534 3748 3632 3802; x_wconf 89' lang='lat' dir='ltr'>sed</span> 
     </span>
    </p>
   </div>
   <div class='ocr_carea' id='block_1_76' title="bbox 1983 3833 3635 3913">
    <p class='ocr_par' dir='ltr' id='par_1_76' title="bbox 1983 3833 3635 3913">
     <span class='ocr_line' id='line_1_76' title="bbox 1983 3833 3635 3913; baseline 0.002 -24"><span class='ocrx_word' id='word_1_667' title='bbox 1983 3835 2166 3890; x_wconf 91' lang='lat' dir='ltr'>multo</span> <span class='ocrx_word' id='word_1_668' title='bbox 2194 3833 2448 3908; x_wconf 89' lang='lat' dir='ltr'>amplius</span> <span class='ocrx_word' id='word_1_669' title='bbox 2479 3834 2941 3913; x_wconf 59' lang='lat' dir='ltr'>confundentur;</span> <span class='ocrx_word' id='word_1_670' title='bbox 2975 3851 3106 3890; x_wconf 91' lang='lat' dir='ltr'>cum</span> <span class='ocrx_word' id='word_1_671' title='bbox 3127 3835 3377 3891; x_wconf 87' lang='lat' dir='ltr'>viderint</span> <span class='ocrx_word' id='word_1_672' title='bbox 3401 3842 3635 3892; x_wconf 90' lang='lat' dir='ltr'>sanctos</span> 
     </span>
    </p>
   </div>
   <div class='ocr_carea' id='block_1_77' title="bbox 1981 3923 3633 3997">
    <p class='ocr_par' dir='ltr' id='par_1_77' title="bbox 1981 3923 3633 3997">
     <span class='ocr_line' id='line_1_77' title="bbox 1981 3923 3633 3997; baseline 0.001 -18"><span class='ocrx_word' id='word_1_673' title='bbox 1981 3924 2212 3980; x_wconf 89' lang='lat' dir='ltr'>Domini</span> <span class='ocrx_word' id='word_1_674' title='bbox 2245 3928 2614 3997; x_wconf 90' lang='lat' dir='ltr'>resurgentes</span> <span class='ocrx_word' id='word_1_675' title='bbox 2645 3927 2701 3978; x_wconf 93' lang='lat' dir='ltr'>et</span> <span class='ocrx_word' id='word_1_676' title='bbox 2729 3923 3124 3995; x_wconf 90' lang='lat' dir='ltr'>evangelicum</span> <span class='ocrx_word' id='word_1_677' title='bbox 3177 3923 3320 3978; x_wconf 91' lang='lat' dir='ltr'>illud</span> <span class='ocrx_word' id='word_1_678' title='bbox 3379 3923 3633 3996; x_wconf 88' lang='lat' dir='ltr'>impleri,</span> 
     </span>
    </p>
   </div>
   <div class='ocr_carea' id='block_1_78' title="bbox 1982 4011 3633 4085">
    <p class='ocr_par' dir='ltr' id='par_1_78' title="bbox 1982 4011 3633 4085">
     <span class='ocr_line' id='line_1_78' title="bbox 1982 4011 3633 4085; baseline 0.002 -19"><span class='ocrx_word' id='word_1_679' title='bbox 1982 4013 2135 4085; x_wconf 91' lang='lat' dir='ltr'>quod</span> <span class='ocrx_word' id='word_1_680' title='bbox 2168 4012 2250 4067; x_wconf 87' lang='lat' dir='ltr'>ait</span> <span class='ocrx_word' id='word_1_681' title='bbox 2296 4013 2623 4068; x_wconf 91' lang='lat' dir='ltr'>Dominus:</span> <span class='ocrx_word' id='word_1_682' title='bbox 2656 4035 2682 4061; x_wconf 84' lang='lat'><strong><em>«</em></strong></span> <span class='ocrx_word' id='word_1_683' title='bbox 2719 4011 2883 4066; x_wconf 90' lang='lat' dir='ltr'>Multi</span> <span class='ocrx_word' id='word_1_684' title='bbox 2917 4012 3330 4066; x_wconf 90' lang='lat' dir='ltr'>dormientium</span> <span class='ocrx_word' id='word_1_685' title='bbox 3378 4013 3434 4066; x_wconf 92' lang='lat' dir='ltr'>in</span> <span class='ocrx_word' id='word_1_686' title='bbox 3469 4019 3633 4069; x_wconf 70' lang='lat' dir='ltr'>terrae</span> 
     </span>
    </p>
   </div>
   <div class='ocr_carea' id='block_1_79' title="bbox 1981 4099 3636 4171">
    <p class='ocr_par' dir='ltr' id='par_1_79' title="bbox 1981 4099 3636 4171">
     <span class='ocr_line' id='line_1_79' title="bbox 1981 4099 3636 4171; baseline 0.002 -17"><span class='ocrx_word' id='word_1_687' title='bbox 1981 4101 2380 4155; x_wconf 91' lang='lat' dir='ltr'>monumentis</span> <span class='ocrx_word' id='word_1_688' title='bbox 2413 4105 2750 4171; x_wconf 91' lang='lat' dir='ltr'>resurgent:</span> <span class='ocrx_word' id='word_1_689' title='bbox 2787 4099 2882 4154; x_wconf 88' lang='lat' dir='ltr'>isti</span> <span class='ocrx_word' id='word_1_690' title='bbox 2914 4099 2970 4153; x_wconf 92' lang='lat' dir='ltr'>in</span> <span class='ocrx_word' id='word_1_691' title='bbox 3016 4100 3195 4155; x_wconf 86' lang='lat' dir='ltr'>vitam</span> <span class='ocrx_word' id='word_1_692' title='bbox 3228 4105 3525 4167; x_wconf 65' lang='lat' dir='ltr'>aeternam,</span> <span class='ocrx_word' id='word_1_693' title='bbox 3578 4109 3636 4157; x_wconf 89' lang='lat' dir='ltr'>et</span> 
     </span>
    </p>
   </div>
   <div class='ocr_carea' id='block_1_80' title="bbox 1981 4188 3630 4262">
    <p class='ocr_par' dir='ltr' id='par_1_80' title="bbox 1981 4188 3630 4262">
     <span class='ocr_line' id='line_1_80' title="bbox 1981 4188 3630 4262; baseline 0.001 -18"><span class='ocrx_word' id='word_1_694' title='bbox 1981 4188 2042 4244; x_wconf 92' lang='lat' dir='ltr'>hi</span> <span class='ocrx_word' id='word_1_695' title='bbox 2076 4189 2133 4244; x_wconf 91' lang='lat' dir='ltr'>in</span> <span class='ocrx_word' id='word_1_696' title='bbox 2166 4188 2549 4262; x_wconf 88' lang='lat' dir='ltr'>opprobrium</span> <span class='ocrx_word' id='word_1_697' title='bbox 2574 4192 2632 4244; x_wconf 89' lang='lat' dir='ltr'>et</span> <span class='ocrx_word' id='word_1_698' title='bbox 2652 4191 2992 4260; x_wconf 87' lang='lat' dir='ltr'>perpetuam</span> <span class='ocrx_word' id='word_1_699' title='bbox 3026 4188 3426 4244; x_wconf 84' lang='lat' dir='ltr'>confusionem</span> <span class='ocrx_word' id='word_1_700' title='bbox 3452 4191 3630 4261; x_wconf 83' lang='lat' dir='ltr'>(Joan.</span> 
     </span>
    </p>
   </div>
   <div class='ocr_carea' id='block_1_81' title="bbox 1979 4277 2393 4348">
    <p class='ocr_par' dir='ltr' id='par_1_81' title="bbox 1979 4277 2393 4348">
     <span class='ocr_line' id='line_1_81' title="bbox 1979 4277 2393 4348; baseline 0.002 -17"><span class='ocrx_word' id='word_1_701' title='bbox 1979 4295 2034 4348; x_wconf 72' lang='grc' dir='ltr'>ν,</span> <span class='ocrx_word' id='word_1_702' title='bbox 2052 4278 2123 4331; x_wconf 80' lang='grc'>28</span> <span class='ocrx_word' id='word_1_703' title='bbox 2149 4286 2202 4332; x_wconf 81' lang='lat' dir='ltr'>et</span> <span class='ocrx_word' id='word_1_704' title='bbox 2227 4277 2341 4348; x_wconf 87' lang='lat'><strong>29).</strong></span> <span class='ocrx_word' id='word_1_705' title='bbox 2366 4299 2393 4325; x_wconf 84' lang='lat'>»</span> 
     </span>
    </p>
   </div>
   <div class='ocr_carea' id='block_1_82' title="bbox 2050 4364 3632 4438">
    <p class='ocr_par' dir='ltr' id='par_1_82' title="bbox 2050 4364 3632 4438">
     <span class='ocr_line' id='line_1_82' title="bbox 2050 4364 3632 4438; baseline 0.003 -19"><span class='ocrx_word' id='word_1_706' title='bbox 2050 4368 2138 4420; x_wconf 85' lang='lat'>22.</span> <span class='ocrx_word' id='word_1_707' title='bbox 2172 4367 2314 4421; x_wconf 90' lang='lat' dir='ltr'>Cum</span> <span class='ocrx_word' id='word_1_708' title='bbox 2337 4365 2618 4437; x_wconf 73' lang='lat' dir='ltr'>coeperint</span> <span class='ocrx_word' id='word_1_709' title='bbox 2646 4381 2781 4438; x_wconf 89' lang='lat' dir='ltr'>ergo</span> <span class='ocrx_word' id='word_1_710' title='bbox 2822 4364 2905 4420; x_wconf 90' lang='lat' dir='ltr'>illi</span> <span class='ocrx_word' id='word_1_711' title='bbox 2941 4366 3277 4423; x_wconf 88' lang='lat' dir='ltr'>resuscitari</span> <span class='ocrx_word' id='word_1_712' title='bbox 3308 4368 3368 4423; x_wconf 93' lang='lat' dir='ltr'>in</span> <span class='ocrx_word' id='word_1_713' title='bbox 3427 4369 3632 4424; x_wconf 86' lang='lat' dir='ltr'>confu-</span> 
     </span>
    </p>
   </div>
   <div class='ocr_carea' id='block_1_83' title="bbox 1981 4455 3632 4526">
    <p class='ocr_par' dir='ltr' id='par_1_83' title="bbox 1981 4455 3632 4526">
     <span class='ocr_line' id='line_1_83' title="bbox 1981 4455 3632 4526; baseline 0.002 -16"><span class='ocrx_word' id='word_1_714' title='bbox 1981 4455 2204 4511; x_wconf 90' lang='lat' dir='ltr'>sionem</span> <span class='ocrx_word' id='word_1_715' title='bbox 2236 4459 2598 4526; x_wconf 88' lang='lat' dir='ltr'>perpetuam,</span> <span class='ocrx_word' id='word_1_716' title='bbox 2629 4459 2868 4510; x_wconf 90' lang='lat' dir='ltr'>sanctus</span> <span class='ocrx_word' id='word_1_717' title='bbox 2899 4455 3126 4510; x_wconf 89' lang='lat' dir='ltr'>Domini</span> <span class='ocrx_word' id='word_1_718' title='bbox 3149 4455 3289 4510; x_wconf 91' lang='lat' dir='ltr'>dicit</span> <span class='ocrx_word' id='word_1_719' title='bbox 3323 4473 3336 4510; x_wconf 93' lang='lat'>:</span> <span class='ocrx_word' id='word_1_720' title='bbox 3368 4477 3390 4506; x_wconf 72' lang='grc' dir='ltr'>ι</span> <span class='ocrx_word' id='word_1_721' title='bbox 3422 4457 3483 4512; x_wconf 87' lang='lat' dir='ltr'>In</span> <span class='ocrx_word' id='word_1_722' title='bbox 3516 4457 3632 4513; x_wconf 89' lang='lat' dir='ltr'>Deo</span> 
     </span>
    </p>
   </div>
   <div class='ocr_carea' id='block_1_84' title="bbox 219 4542 3633 4626">
    <p class='ocr_par' dir='ltr' id='par_1_84' title="bbox 219 4542 3633 4626">
     <span class='ocr_line' id='line_1_84' title="bbox 219 4542 3633 4626; baseline 0.001 -28"><span class='ocrx_word' id='word_1_723' title='bbox 219 4549 358 4614; x_wconf 89' lang='lat' dir='ltr'>gant</span> <span class='ocrx_word' id='word_1_724' title='bbox 385 4544 688 4601; x_wconf 90' lang='lat' dir='ltr'>Christum</span> <span class='ocrx_word' id='word_1_725' title='bbox 719 4548 1067 4599; x_wconf 84' lang='lat' dir='ltr'>coaeternum</span> <span class='ocrx_word' id='word_1_726' title='bbox 1091 4543 1504 4613; x_wconf 88' lang='lat' dir='ltr'>Patri,videant</span> <span class='ocrx_word' id='word_1_727' title='bbox 1524 4547 1662 4619; x_wconf 89' lang='lat' dir='ltr'>quia</span> <span class='ocrx_word' id='word_1_728' title='bbox 1687 4547 1869 4604; x_wconf 90' lang='lat' dir='ltr'>Deum</span> <span class='ocrx_word' id='word_1_729' title='bbox 1902 4561 1948 4626; x_wconf 83' lang='lat' dir='ltr'><strong>D</strong></span> <span class='ocrx_word' id='word_1_730' title='bbox 1980 4543 2354 4600; x_wconf 90' lang='lat' dir='ltr'>laudabimur</span> <span class='ocrx_word' id='word_1_731' title='bbox 2376 4548 2497 4598; x_wconf 91' lang='lat' dir='ltr'>tota</span> <span class='ocrx_word' id='word_1_732' title='bbox 2527 4542 2654 4598; x_wconf 90' lang='lat' dir='ltr'>die:</span> <span class='ocrx_word' id='word_1_733' title='bbox 2691 4547 2747 4598; x_wconf 91' lang='lat' dir='ltr'>et</span> <span class='ocrx_word' id='word_1_734' title='bbox 2776 4543 2836 4597; x_wconf 93' lang='lat' dir='ltr'>in</span> <span class='ocrx_word' id='word_1_735' title='bbox 2885 4544 3122 4599; x_wconf 90' lang='lat' dir='ltr'>nomine</span> <span class='ocrx_word' id='word_1_736' title='bbox 3181 4552 3278 4600; x_wconf 90' lang='lat' dir='ltr'>tuo</span> <span class='ocrx_word' id='word_1_737' title='bbox 3331 4547 3633 4602; x_wconf 81' lang='lat' dir='ltr'>conﬁtebi-</span> 
     </span>
    </p>
   </div>
   <div class='ocr_carea' id='block_1_85' title="bbox 221 4633 1867 4706">
    <p class='ocr_par' dir='ltr' id='par_1_85' title="bbox 221 4633 1867 4706">
     <span class='ocr_line' id='line_1_85' title="bbox 221 4633 1867 4706; baseline 0.005 -21"><span class='ocrx_word' id='word_1_738' title='bbox 221 4637 455 4706; x_wconf 86' lang='lat' dir='ltr'>negant,</span> <span class='ocrx_word' id='word_1_739' title='bbox 489 4635 657 4704; x_wconf 89' lang='lat' dir='ltr'>cujus</span> <span class='ocrx_word' id='word_1_740' title='bbox 688 4637 778 4689; x_wconf 90' lang='lat' dir='ltr'>est</span> <span class='ocrx_word' id='word_1_741' title='bbox 806 4649 1038 4704; x_wconf 89' lang='lat' dir='ltr'>semper</span> <span class='ocrx_word' id='word_1_742' title='bbox 1066 4647 1217 4701; x_wconf 90' lang='lat' dir='ltr'>esse,</span> <span class='ocrx_word' id='word_1_743' title='bbox 1249 4649 1354 4688; x_wconf 92' lang='lat' dir='ltr'>nec</span> <span class='ocrx_word' id='word_1_744' title='bbox 1393 4633 1710 4706; x_wconf 84' lang='lat' dir='ltr'>aliquando</span> <span class='ocrx_word' id='word_1_745' title='bbox 1753 4655 1867 4693; x_wconf 92' lang='lat' dir='ltr'>non</span> 
     </span>
    </p>
   </div>
   <div class='ocr_carea' id='block_1_86' title="bbox 223 4720 1871 4794">
    <p class='ocr_par' dir='ltr' id='par_1_86' title="bbox 223 4720 1871 4794">
     <span class='ocr_line' id='line_1_86' title="bbox 223 4720 1871 4794; baseline 0.006 -21"><span class='ocrx_word' id='word_1_746' title='bbox 223 4720 430 4779; x_wconf 85' lang='lat' dir='ltr'>fuisse.</span> <span class='ocrx_word' id='word_1_747' title='bbox 490 4722 606 4777; x_wconf 86' lang='lat' dir='ltr'>Hac</span> <span class='ocrx_word' id='word_1_748' title='bbox 663 4737 800 4794; x_wconf 89' lang='lat' dir='ltr'>ergo</span> <span class='ocrx_word' id='word_1_749' title='bbox 845 4721 1178 4793; x_wconf 90' lang='lat' dir='ltr'>cognitione</span> <span class='ocrx_word' id='word_1_750' title='bbox 1229 4722 1603 4793; x_wconf 82' lang='lat' dir='ltr'>prOprietatis</span> <span class='ocrx_word' id='word_1_751' title='bbox 1660 4725 1871 4783; x_wconf 75' lang='lat' dir='ltr'>divinae</span> 
     </span>
    </p>
   </div>
   <div class='ocr_carea' id='block_1_87' title="bbox 226 4807 1870 4884">
    <p class='ocr_par' dir='ltr' id='par_1_87' title="bbox 226 4807 1870 4884">
     <span class='ocr_line' id='line_1_87' title="bbox 226 4807 1870 4884; baseline 0.004 -20"><span class='ocrx_word' id='word_1_752' title='bbox 226 4808 454 4884; x_wconf 77' lang='lat' dir='ltr'>Moyses</span> <span class='ocrx_word' id='word_1_753' title='bbox 485 4811 858 4883; x_wconf 90' lang='lat' dir='ltr'>insurgentes</span> <span class='ocrx_word' id='word_1_754' title='bbox 889 4809 946 4864; x_wconf 92' lang='lat' dir='ltr'>in</span> <span class='ocrx_word' id='word_1_755' title='bbox 979 4825 1041 4865; x_wconf 92' lang='lat' dir='ltr'>se</span> <span class='ocrx_word' id='word_1_756' title='bbox 1072 4807 1591 4881; x_wconf 86' lang='lat' dir='ltr'>volebatspernere</span> <span class='ocrx_word' id='word_1_757' title='bbox 1617 4830 1628 4866; x_wconf 90' lang='lat'>:</span> <span class='ocrx_word' id='word_1_758' title='bbox 1661 4814 1772 4879; x_wconf 91' lang='lat' dir='ltr'>vel,</span> <span class='ocrx_word' id='word_1_759' title='bbox 1805 4821 1870 4870; x_wconf 93' lang='lat' dir='ltr'>ut</span> 
     </span>
    </p>
   </div>
   <div class='ocr_carea' id='block_1_88' title="bbox 223 4898 1867 4973">
    <p class='ocr_par' dir='ltr' id='par_1_88' title="bbox 223 4898 1867 4973">
     <span class='ocr_line' id='line_1_88' title="bbox 223 4898 1867 4973; baseline 0.004 -21"><span class='ocrx_word' id='word_1_760' title='bbox 223 4901 455 4972; x_wconf 81' lang='lat' dir='ltr'>Aquila,</span> <span class='ocrx_word' id='word_1_761' title='bbox 492 4904 594 4955; x_wconf 89' lang='lat' dir='ltr'>aut</span> <span class='ocrx_word' id='word_1_762' title='bbox 622 4899 1012 4973; x_wconf 83' lang='lat' dir='ltr'>Symmachus</span> <span class='ocrx_word' id='word_1_763' title='bbox 1041 4898 1560 4969; x_wconf 82' lang='lat' dir='ltr'>dixerunt,calcare</span> <span class='ocrx_word' id='word_1_764' title='bbox 1591 4901 1867 4957; x_wconf 88' lang='lat' dir='ltr'>resisten-</span> 
     </span>
    </p>
   </div>
   <div class='ocr_carea' id='block_1_89' title="bbox 221 4987 1869 5060">
    <p class='ocr_par' dir='ltr' id='par_1_89' title="bbox 221 4987 1869 5060">
     <span class='ocr_line' id='line_1_89' title="bbox 221 4987 1869 5060; baseline 0.002 -18"><span class='ocrx_word' id='word_1_765' title='bbox 221 4991 309 5043; x_wconf 89' lang='lat' dir='ltr'>tes</span> <span class='ocrx_word' id='word_1_766' title='bbox 338 4989 452 5046; x_wconf 89' lang='lat' dir='ltr'>sibi</span> <span class='ocrx_word' id='word_1_767' title='bbox 494 4992 773 5060; x_wconf 89' lang='lat' dir='ltr'>tanquam</span> <span class='ocrx_word' id='word_1_768' title='bbox 831 4990 1130 5059; x_wconf 91' lang='lat' dir='ltr'>serpentes</span> <span class='ocrx_word' id='word_1_769' title='bbox 1185 4990 1241 5041; x_wconf 90' lang='lat' dir='ltr'>et</span> <span class='ocrx_word' id='word_1_770' title='bbox 1297 4987 1652 5059; x_wconf 89' lang='lat' dir='ltr'>scorpiones,</span> <span class='ocrx_word' id='word_1_771' title='bbox 1722 5005 1869 5060; x_wconf 90' lang='lat' dir='ltr'>quos</span> 
     </span>
    </p>
   </div>
   <div class='ocr_carea' id='block_1_90' title="bbox 225 5074 1870 5148">
    <p class='ocr_par' dir='ltr' id='par_1_90' title="bbox 225 5074 1870 5148">
     <span class='ocr_line' id='line_1_90' title="bbox 225 5074 1870 5148; baseline 0.003 -18"><span class='ocrx_word' id='word_1_772' title='bbox 225 5076 400 5134; x_wconf 88' lang='lat' dir='ltr'>etiam</span> <span class='ocrx_word' id='word_1_773' title='bbox 433 5076 716 5133; x_wconf 89' lang='lat' dir='ltr'>Dominus</span> <span class='ocrx_word' id='word_1_774' title='bbox 745 5077 889 5131; x_wconf 84' lang='lat' dir='ltr'>dicit</span> <span class='ocrx_word' id='word_1_775' title='bbox 916 5075 975 5130; x_wconf 93' lang='lat' dir='ltr'>in</span> <span class='ocrx_word' id='word_1_776' title='bbox 1009 5074 1315 5148; x_wconf 79' lang='lat' dir='ltr'>Evangelia</span> <span class='ocrx_word' id='word_1_777' title='bbox 1347 5077 1494 5145; x_wconf 85' lang='lat' dir='ltr'>(Luc.</span> <span class='ocrx_word' id='word_1_778' title='bbox 1531 5093 1584 5144; x_wconf 85' lang='lat' dir='ltr'>x,</span> <span class='ocrx_word' id='word_1_779' title='bbox 1627 5078 1681 5147; x_wconf 83' lang='lat'><strong>9)</strong></span> <span class='ocrx_word' id='word_1_780' title='bbox 1741 5096 1870 5134; x_wconf 90' lang='lat' dir='ltr'>esse</span> 
     </span>
    </p>
   </div>
   <div class='ocr_carea' id='block_1_91' title="bbox 227 5164 1868 5238">
    <p class='ocr_par' dir='ltr' id='par_1_91' title="bbox 227 5164 1868 5238">
     <span class='ocr_line' id='line_1_91' title="bbox 227 5164 1868 5238; baseline 0.003 -19"><span class='ocrx_word' id='word_1_781' title='bbox 227 5165 592 5236; x_wconf 86' lang='lat' dir='ltr'>spiritalibus</span> <span class='ocrx_word' id='word_1_782' title='bbox 621 5164 880 5238; x_wconf 90' lang='lat' dir='ltr'>vestigiis</span> <span class='ocrx_word' id='word_1_783' title='bbox 911 5165 1308 5236; x_wconf 86' lang='lat' dir='ltr'>proterendos,</span> <span class='ocrx_word' id='word_1_784' title='bbox 1340 5169 1406 5221; x_wconf 92' lang='lat' dir='ltr'>ut</span> <span class='ocrx_word' id='word_1_785' title='bbox 1433 5165 1585 5221; x_wconf 89' lang='lat' dir='ltr'>viam</span> <span class='ocrx_word' id='word_1_786' title='bbox 1607 5170 1868 5224; x_wconf 89' lang='lat' dir='ltr'>nostram</span> 
     </span>
    </p>
   </div>
   <div class='ocr_carea' id='block_1_92' title="bbox 317 5287 1656 5359">
    <p class='ocr_par' dir='ltr' id='par_1_92' title="bbox 317 5287 1656 5359">
     <span class='ocr_line' id='line_1_92' title="bbox 317 5287 1656 5359; baseline 0 -14"><span class='ocrx_word' id='word_1_787' title='bbox 317 5291 408 5359; x_wconf 88' lang='grc'>51)</span> <span class='ocrx_word' id='word_1_788' title='bbox 436 5289 682 5356; x_wconf 88' lang='lat' dir='ltr'>Quidam</span> <span class='ocrx_word' id='word_1_789' title='bbox 706 5306 872 5357; x_wconf 87' lang='lat' dir='ltr'>mss.,</span> <span class='ocrx_word' id='word_1_790' title='bbox 903 5306 937 5344; x_wconf 91' lang='lat' dir='ltr'><strong>a</strong></span> <span class='ocrx_word' id='word_1_791' title='bbox 964 5288 1167 5359; x_wconf 77' lang='lat' dir='ltr'>ﬁnibus</span> <span class='ocrx_word' id='word_1_792' title='bbox 1199 5287 1656 5346; x_wconf 58' lang='lat' dir='ltr'>Chananmorum.</span> 
     </span>
    </p>
   </div>
   <div class='ocr_carea' id='block_1_93' title="bbox 295 5291 1872 5435">
    <p class='ocr_par' dir='ltr' id='par_1_93' title="bbox 295 5291 1872 5435">
     <span class='ocr_line' id='line_1_93' title="bbox 317 5291 1656 5359; baseline 0 -14"><span class='ocrx_word' id='word_1_793' title='bbox 317 5292 379 5346; x_wconf 88' lang='grc'>51</span> <span class='ocrx_word' id='word_1_794' title='bbox 436 5291 682 5356; x_wconf 88' lang='lat' dir='ltr'>Quidam</span> <span class='ocrx_word' id='word_1_795' title='bbox 706 5306 872 5357; x_wconf 87' lang='lat' dir='ltr'>mss.,</span> <span class='ocrx_word' id='word_1_796' title='bbox 903 5306 937 5344; x_wconf 91' lang='lat' dir='ltr'><strong>a</strong></span> <span class='ocrx_word' id='word_1_797' title='bbox 964 5291 1167 5359; x_wconf 77' lang='lat' dir='ltr'>ﬁnibus</span> <span class='ocrx_word' id='word_1_798' title='bbox 1199 5291 1656 5346; x_wconf 58' lang='lat' dir='ltr'>Chananmorum.</span> 
     </span>
     <span class='ocr_line' id='line_1_94' title="bbox 295 5291 1872 5435; baseline -0.001 -18"><span class='ocrx_word' id='word_1_799' title='bbox 295 5291 408 5435; x_wconf 47' lang='lat'>£52;</span> <span class='ocrx_word' id='word_1_800' title='bbox 441 5361 513 5435; x_wconf 82' lang='lat' dir='ltr'>Ut</span> <span class='ocrx_word' id='word_1_801' title='bbox 552 5361 893 5435; x_wconf 82' lang='lat' dir='ltr'>ostendatur</span> <span class='ocrx_word' id='word_1_802' title='bbox 914 5359 1305 5435; x_wconf 33' lang='lat' dir='ltr'>-benedictio</span> <span class='ocrx_word' id='word_1_803' title='bbox 1330 5359 1511 5435; x_wconf 81' lang='lat' dir='ltr'>tribui</span> <span class='ocrx_word' id='word_1_804' title='bbox 1564 5361 1804 5435; x_wconf 81' lang='lat' dir='ltr'>Jo_seph__</span> <span class='ocrx_word' id='word_1_805' title='bbox 1838 5379 1872 5435; x_wconf 89' lang='lat' dir='ltr'>a</span> 
     </span>
    </p>
   </div>
   <div class='ocr_carea' id='block_1_94' title="bbox 230 5429 1869 5507">
    <p class='ocr_par' dir='ltr' id='par_1_94' title="bbox 230 5429 1869 5507">
     <span class='ocr_line' id='line_1_95' title="bbox 230 5429 1869 5507; baseline 0 -19"><span class='ocrx_word' id='word_1_806' title='bbox 230 5429 422 5507; x_wconf 75' lang='lat' dir='ltr'>Moyse</span> <span class='ocrx_word' id='word_1_807' title='bbox 453 5432 771 5507; x_wconf 77' lang='lat' dir='ltr'>impertita,</span> <span class='ocrx_word' id='word_1_808' title='bbox 805 5433 875 5488; x_wconf 92' lang='lat' dir='ltr'>de</span> <span class='ocrx_word' id='word_1_809' title='bbox 905 5430 1133 5507; x_wconf 79' lang='lat' dir='ltr'>Christo</span> <span class='ocrx_word' id='word_1_810' title='bbox 1189 5432 1580 5507; x_wconf 69' lang='lat' dir='ltr'>potissimum</span> <span class='ocrx_word' id='word_1_811' title='bbox 1624 5429 1869 5507; x_wconf 74' lang='lat' dir='ltr'>intelligi</span> 
     </span>
    </p>
   </div>
   <div class='ocr_carea' id='block_1_95' title="bbox 229 5501 1872 5576">
    <p class='ocr_par' dir='ltr' id='par_1_95' title="bbox 229 5501 1872 5576">
     <span class='ocr_line' id='line_1_96' title="bbox 229 5501 1872 5576; baseline 0.001 -18"><span class='ocrx_word' id='word_1_812' title='bbox 229 5501 454 5576; x_wconf 72' lang='lat' dir='ltr'>debere,</span> <span class='ocrx_word' id='word_1_813' title='bbox 478 5501 579 5576; x_wconf 76' lang='lat' dir='ltr'>hic</span> <span class='ocrx_word' id='word_1_814' title='bbox 594 5505 918 5576; x_wconf 65' lang='lat' dir='ltr'>atteruntur</span> <span class='ocrx_word' id='word_1_815' title='bbox 937 5501 1207 5576; x_wconf 72' lang='lat' dir='ltr'>quaedam</span> <span class='ocrx_word' id='word_1_816' title='bbox 1245 5519 1314 5559; x_wconf 84' lang='lat' dir='ltr'>ex</span> <span class='ocrx_word' id='word_1_817' title='bbox 1334 5503 1522 5559; x_wconf 87' lang='lat' dir='ltr'>verbis</span> <span class='ocrx_word' id='word_1_818' title='bbox 1545 5503 1619 5559; x_wconf 89' lang='lat' dir='ltr'>iis</span> <span class='ocrx_word' id='word_1_819' title='bbox 1656 5501 1872 5576; x_wconf 72' lang='lat' dir='ltr'>quibus</span> 
     </span>
    </p>
   </div>
   <div class='ocr_carea' id='block_1_96' title="bbox 228 5572 1871 5648">
    <p class='ocr_par' dir='ltr' id='par_1_96' title="bbox 228 5572 1871 5648">
     <span class='ocr_line' id='line_1_97' title="bbox 228 5572 1871 5648; baseline 0.002 -20"><span class='ocrx_word' id='word_1_820' title='bbox 228 5572 403 5634; x_wconf 85' lang='lat' dir='ltr'>Jacob</span> <span class='ocrx_word' id='word_1_821' title='bbox 436 5572 692 5632; x_wconf 86' lang='lat' dir='ltr'>moriens</span> <span class='ocrx_word' id='word_1_822' title='bbox 720 5572 1095 5648; x_wconf 53' lang='lat' dir='ltr'>Joseph&#39;tjlio</span> <span class='ocrx_word' id='word_1_823' title='bbox 1122 5574 1269 5631; x_wconf 89' lang='lat' dir='ltr'>bene</span> <span class='ocrx_word' id='word_1_824' title='bbox 1297 5579 1536 5648; x_wconf 85' lang='lat' dir='ltr'>pecatus</span> <span class='ocrx_word' id='word_1_825' title='bbox 1567 5572 1692 5648; x_wconf 59' lang='lat' dir='ltr'>est}</span> <span class='ocrx_word' id='word_1_826' title='bbox 1745 5591 1871 5648; x_wconf 73' lang='lat' dir='ltr'>quae</span> 
     </span>
    </p>
   </div>
   <div class='ocr_carea' id='block_1_97' title="bbox 229 5591 1871 5730">
    <p class='ocr_par' dir='ltr' id='par_1_97' title="bbox 229 5591 1871 5730">
     <span class='ocr_line' id='line_1_98' title="bbox 229 5591 1871 5648; baseline 0.002 -20"><span class='ocrx_word' id='word_1_827' title='bbox 229 5591 403 5634; x_wconf 69' lang='lat' dir='ltr'>JﬂOOD</span> <span class='ocrx_word' id='word_1_828' title='bbox 436 5591 692 5632; x_wconf 77' lang='lat' dir='ltr'>moriens</span> <span class='ocrx_word' id='word_1_829' title='bbox 720 5591 938 5648; x_wconf 73' lang='lat' dir='ltr'>JOSCPD</span> <span class='ocrx_word' id='word_1_830' title='bbox 971 5591 1091 5630; x_wconf 79' lang='lat'><strong>11110</strong></span> <span class='ocrx_word' id='word_1_831' title='bbox 1122 5591 1269 5631; x_wconf 79' lang='lat' dir='ltr'>bene</span> <span class='ocrx_word' id='word_1_832' title='bbox 1297 5591 1536 5648; x_wconf 76' lang='lat' dir='ltr'>pacatus</span> <span class='ocrx_word' id='word_1_833' title='bbox 1567 5591 1686 5632; x_wconf 74' lang='grc' dir='ltr'><strong>68ῑῖ</strong></span> <span class='ocrx_word' id='word_1_834' title='bbox 1786 5593 1871 5632; x_wconf 68' lang='grc' dir='ltr'>ιιω</span> 
     </span>
     <span class='ocr_line' id='line_1_99' title="bbox 229 5591 1871 5730; baseline -0.003 -22"><span class='ocrx_word' id='word_1_835' title='bbox 229 5647 422 5708; x_wconf 67' lang='lat' dir='ltr'>tanien</span> <span class='ocrx_word' id='word_1_836' title='bbox 452 5650 682 5709; x_wconf 83' lang='lat' dir='ltr'>constat</span> <span class='ocrx_word' id='word_1_837' title='bbox 711 5645 944 5726; x_wconf 88' lang='lat' dir='ltr'>proprie</span> <span class='ocrx_word' id='word_1_838' title='bbox 964 5644 1196 5706; x_wconf 84' lang='lat' dir='ltr'>Christo</span> <span class='ocrx_word' id='word_1_839' title='bbox 1226 5645 1554 5706; x_wconf 83' lang='lat' dir='ltr'>convenire.</span> <span class='ocrx_word' id='word_1_840' title='bbox 1616 5646 1707 5706; x_wconf 83' lang='lat' dir='ltr'>Fit</span> <span class='ocrx_word' id='word_1_841' title='bbox 1745 5591 1871 5730; x_wconf 57' lang='lat' dir='ltr'>(lgi-</span> 
     </span>
    </p>
   </div>
   <div class='ocr_carea' id='block_1_98' title="bbox 1978 4630 3629 4704">
    <p class='ocr_par' dir='ltr' id='par_1_98' title="bbox 1978 4630 3629 4704">
     <span class='ocr_line' id='line_1_100' title="bbox 1978 4630 3629 4704; baseline 0 -15"><span class='ocrx_word' id='word_1_842' title='bbox 1978 4651 2112 4689; x_wconf 89' lang='lat' dir='ltr'>mur</span> <span class='ocrx_word' id='word_1_843' title='bbox 2143 4632 2199 4687; x_wconf 93' lang='lat' dir='ltr'>in</span> <span class='ocrx_word' id='word_1_844' title='bbox 2230 4631 2462 4688; x_wconf 72' lang='lat' dir='ltr'>saecula.</span> <span class='ocrx_word' id='word_1_845' title='bbox 2500 4653 2526 4679; x_wconf 87' lang='lat'>»</span> <span class='ocrx_word' id='word_1_846' title='bbox 2559 4630 2885 4704; x_wconf 91' lang='lat' dir='ltr'>Opulentus</span> <span class='ocrx_word' id='word_1_847' title='bbox 2936 4633 2995 4688; x_wconf 92' lang='lat' dir='ltr'>in</span> <span class='ocrx_word' id='word_1_848' title='bbox 3057 4633 3275 4690; x_wconf 89' lang='lat' dir='ltr'>divitiis</span> <span class='ocrx_word' id='word_1_849' title='bbox 3333 4633 3629 4702; x_wconf 86' lang='lat' dir='ltr'>laudatur,</span> 
     </span>
    </p>
   </div>
   <div class='ocr_carea' id='block_1_99' title="bbox 1978 4720 3631 4795">
    <p class='ocr_par' dir='ltr' id='par_1_99' title="bbox 1978 4720 3631 4795">
     <span class='ocr_line' id='line_1_101' title="bbox 1978 4720 3631 4795; baseline 0.001 -19"><span class='ocrx_word' id='word_1_850' title='bbox 1978 4721 2314 4777; x_wconf 82' lang='lat' dir='ltr'>luxuriosus</span> <span class='ocrx_word' id='word_1_851' title='bbox 2348 4721 2408 4776; x_wconf 92' lang='lat' dir='ltr'>in</span> <span class='ocrx_word' id='word_1_852' title='bbox 2460 4720 2763 4787; x_wconf 90' lang='lat' dir='ltr'>conviviis,</span> <span class='ocrx_word' id='word_1_853' title='bbox 2798 4727 3084 4778; x_wconf 88' lang='lat' dir='ltr'>scortator</span> <span class='ocrx_word' id='word_1_854' title='bbox 3114 4723 3171 4777; x_wconf 91' lang='lat' dir='ltr'>in</span> <span class='ocrx_word' id='word_1_855' title='bbox 3205 4728 3390 4790; x_wconf 90' lang='lat' dir='ltr'>nocte,</span> <span class='ocrx_word' id='word_1_856' title='bbox 3426 4729 3631 4795; x_wconf 88' lang='lat' dir='ltr'>potens</span> 
     </span>
    </p>
   </div>
   <div class='ocr_carea' id='block_1_100' title="bbox 1978 4811 3630 4882">
    <p class='ocr_par' dir='ltr' id='par_1_100' title="bbox 1978 4811 3630 4882">
     <span class='ocr_line' id='line_1_102' title="bbox 1978 4811 3630 4882; baseline -0.001 -16"><span class='ocrx_word' id='word_1_857' title='bbox 1978 4812 2036 4866; x_wconf 92' lang='lat' dir='ltr'>in</span> <span class='ocrx_word' id='word_1_858' title='bbox 2070 4812 2178 4867; x_wconf 90' lang='lat' dir='ltr'>hac</span> <span class='ocrx_word' id='word_1_859' title='bbox 2208 4811 2325 4865; x_wconf 89' lang='lat' dir='ltr'>vita</span> <span class='ocrx_word' id='word_1_860' title='bbox 2355 4827 2484 4882; x_wconf 69' lang='lat' dir='ltr'>quae</span> <span class='ocrx_word' id='word_1_861' title='bbox 2515 4811 2690 4866; x_wconf 87' lang='lat' dir='ltr'>habet</span> <span class='ocrx_word' id='word_1_862' title='bbox 2721 4816 2920 4866; x_wconf 88' lang='lat' dir='ltr'>noctes</span> <span class='ocrx_word' id='word_1_863' title='bbox 2947 4830 2960 4867; x_wconf 92' lang='lat'>:</span> <span class='ocrx_word' id='word_1_864' title='bbox 2991 4817 3230 4867; x_wconf 86' lang='lat' dir='ltr'>sanctus</span> <span class='ocrx_word' id='word_1_865' title='bbox 3279 4816 3473 4866; x_wconf 89' lang='lat' dir='ltr'>autem</span> <span class='ocrx_word' id='word_1_866' title='bbox 3514 4829 3630 4867; x_wconf 93' lang='lat' dir='ltr'>non</span> 
     </span>
    </p>
   </div>
   <div class='ocr_carea' id='block_1_101' title="bbox 1978 4899 3629 4970">
    <p class='ocr_par' dir='ltr' id='par_1_101' title="bbox 1978 4899 3629 4970">
     <span class='ocr_line' id='line_1_103' title="bbox 1978 4899 3629 4970; baseline 0.001 -16"><span class='ocrx_word' id='word_1_867' title='bbox 1978 4900 2036 4955; x_wconf 92' lang='lat' dir='ltr'>in</span> <span class='ocrx_word' id='word_1_868' title='bbox 2065 4899 2174 4956; x_wconf 89' lang='lat' dir='ltr'>hac</span> <span class='ocrx_word' id='word_1_869' title='bbox 2205 4899 2340 4964; x_wconf 87' lang='lat' dir='ltr'>vita,</span> <span class='ocrx_word' id='word_1_870' title='bbox 2375 4901 2476 4955; x_wconf 91' lang='lat' dir='ltr'>sed</span> <span class='ocrx_word' id='word_1_871' title='bbox 2528 4899 2587 4953; x_wconf 91' lang='lat' dir='ltr'>in</span> <span class='ocrx_word' id='word_1_872' title='bbox 2651 4899 2766 4954; x_wconf 89' lang='lat' dir='ltr'>Deo</span> <span class='ocrx_word' id='word_1_873' title='bbox 2818 4899 3180 4966; x_wconf 87' lang='lat' dir='ltr'>laudabitur;</span> <span class='ocrx_word' id='word_1_874' title='bbox 3244 4901 3344 4970; x_wconf 92' lang='lat' dir='ltr'>qui</span> <span class='ocrx_word' id='word_1_875' title='bbox 3386 4900 3629 4955; x_wconf 89' lang='lat' dir='ltr'>Domino</span> 
     </span>
    </p>
   </div>
   <div class='ocr_carea' id='block_1_102' title="bbox 1979 4987 3626 5061">
    <p class='ocr_par' dir='ltr' id='par_1_102' title="bbox 1979 4987 3626 5061">
     <span class='ocr_line' id='line_1_104' title="bbox 1979 4987 3626 5061; baseline -0.001 -17"><span class='ocrx_word' id='word_1_876' title='bbox 1979 5006 2082 5061; x_wconf 91' lang='lat' dir='ltr'>per</span> <span class='ocrx_word' id='word_1_877' title='bbox 2130 4989 2329 5044; x_wconf 91' lang='lat' dir='ltr'>omnia</span> <span class='ocrx_word' id='word_1_878' title='bbox 2387 4989 2612 5060; x_wconf 91' lang='lat' dir='ltr'>placere</span> <span class='ocrx_word' id='word_1_879' title='bbox 2667 4987 2920 5059; x_wconf 89' lang='lat' dir='ltr'>gestivit,</span> <span class='ocrx_word' id='word_1_880' title='bbox 2983 4989 3081 5060; x_wconf 90' lang='lat' dir='ltr'>qui</span> <span class='ocrx_word' id='word_1_881' title='bbox 3144 4992 3333 5059; x_wconf 89' lang='lat' dir='ltr'>potest</span> <span class='ocrx_word' id='word_1_882' title='bbox 3389 4987 3626 5043; x_wconf 89' lang='lat' dir='ltr'>dicere:</span> 
     </span>
    </p>
   </div>
   <div class='ocr_carea' id='block_1_103' title="bbox 1979 5075 3628 5145">
    <p class='ocr_par' dir='ltr' id='par_1_103' title="bbox 1979 5075 3628 5145">
     <span class='ocr_line' id='line_1_105' title="bbox 1979 5075 3628 5145; baseline 0.002 -20"><span class='ocrx_word' id='word_1_883' title='bbox 1979 5101 2004 5125; x_wconf 70' lang='grc' dir='ltr'>α</span> <span class='ocrx_word' id='word_1_884' title='bbox 2043 5077 2341 5130; x_wconf 88' lang='lat' dir='ltr'>Fortitudo</span> <span class='ocrx_word' id='word_1_885' title='bbox 2374 5082 2428 5130; x_wconf 91' lang='lat' dir='ltr'>et</span> <span class='ocrx_word' id='word_1_886' title='bbox 2459 5075 2719 5130; x_wconf 82' lang='lat' dir='ltr'>laudatio</span> <span class='ocrx_word' id='word_1_887' title='bbox 2752 5092 2881 5129; x_wconf 87' lang='lat' dir='ltr'>mea</span> <span class='ocrx_word' id='word_1_888' title='bbox 2913 5077 3192 5130; x_wconf 89' lang='lat' dir='ltr'>Dominus</span> <span class='ocrx_word' id='word_1_889' title='bbox 3249 5076 3419 5145; x_wconf 79' lang='lat' dir='ltr'>(Psal.</span> <span class='ocrx_word' id='word_1_890' title='bbox 3453 5093 3628 5143; x_wconf 82' lang='lat' dir='ltr'>cxvn,</span> 
     </span>
    </p>
   </div>
   <div class='ocr_carea' id='block_1_104' title="bbox 1981 5163 3631 5237">
    <p class='ocr_par' dir='ltr' id='par_1_104' title="bbox 1981 5163 3631 5237">
     <span class='ocr_line' id='line_1_106' title="bbox 1981 5163 3631 5237; baseline 0.001 -18"><span class='ocrx_word' id='word_1_891' title='bbox 1981 5165 2089 5237; x_wconf 82' lang='grc'>14).</span> <span class='ocrx_word' id='word_1_892' title='bbox 2127 5188 2153 5213; x_wconf 85' lang='grc'><strong>››</strong></span> <span class='ocrx_word' id='word_1_893' title='bbox 2189 5163 2547 5220; x_wconf 89' lang='lat' dir='ltr'>Laudabitur</span> <span class='ocrx_word' id='word_1_894' title='bbox 2576 5168 2696 5219; x_wconf 89' lang='lat' dir='ltr'>tota</span> <span class='ocrx_word' id='word_1_895' title='bbox 2725 5163 2854 5231; x_wconf 90' lang='lat' dir='ltr'>die;</span> <span class='ocrx_word' id='word_1_896' title='bbox 2916 5164 3052 5235; x_wconf 90' lang='lat' dir='ltr'>quia</span> <span class='ocrx_word' id='word_1_897' title='bbox 3108 5164 3347 5220; x_wconf 87' lang='lat' dir='ltr'>honeste</span> <span class='ocrx_word' id='word_1_898' title='bbox 3403 5165 3541 5236; x_wconf 90' lang='lat' dir='ltr'>egit,</span> <span class='ocrx_word' id='word_1_899' title='bbox 3574 5170 3631 5220; x_wconf 88' lang='lat' dir='ltr'>et</span> 
     </span>
    </p>
   </div>
   <div class='ocr_carea' id='block_1_105' title="bbox 1978 5287 3627 5356">
    <p class='ocr_par' dir='ltr' id='par_1_105' title="bbox 1978 5287 3627 5356">
     <span class='ocr_line' id='line_1_107' title="bbox 1978 5287 3627 5356; baseline 0.001 -12"><span class='ocrx_word' id='word_1_900' title='bbox 1978 5293 2076 5344; x_wconf 90' lang='lat' dir='ltr'>tur</span> <span class='ocrx_word' id='word_1_901' title='bbox 2097 5287 2306 5345; x_wconf 90' lang='lat' dir='ltr'>allusio</span> <span class='ocrx_word' id='word_1_902' title='bbox 2333 5289 2403 5343; x_wconf 91' lang='lat' dir='ltr'>ad</span> <span class='ocrx_word' id='word_1_903' title='bbox 2437 5287 2581 5342; x_wconf 90' lang='lat' dir='ltr'>illud</span> <span class='ocrx_word' id='word_1_904' title='bbox 2615 5287 2756 5344; x_wconf 91' lang='lat' dir='ltr'>Gen.</span> <span class='ocrx_word' id='word_1_905' title='bbox 2789 5305 2940 5356; x_wconf 80' lang='lat' dir='ltr'>xux,</span> <span class='ocrx_word' id='word_1_906' title='bbox 2969 5289 3037 5341; x_wconf 83' lang='lat'>23</span> <span class='ocrx_word' id='word_1_907' title='bbox 3067 5305 3078 5342; x_wconf 91' lang='lat'>:</span> <span class='ocrx_word' id='word_1_908' title='bbox 3113 5296 3187 5356; x_wconf 71' lang='lat' dir='ltr'>Ei;</span> <span class='ocrx_word' id='word_1_909' title='bbox 3217 5297 3271 5344; x_wconf 84' lang='grc' dir='ltr'>ὄν</span> <span class='ocrx_word' id='word_1_910' title='bbox 3317 5298 3627 5347; x_wconf 74' lang='grc' dir='ltr'>διαϐουλευό-</span> 
     </span>
    </p>
   </div>
   <div class='ocr_carea' id='block_1_106' title="bbox 1979 5367 3628 5434">
    <p class='ocr_par' dir='ltr' id='par_1_106' title="bbox 1979 5367 3628 5434">
     <span class='ocr_line' id='line_1_108' title="bbox 1979 5367 3628 5434; baseline -0.001 -16"><span class='ocrx_word' id='word_1_911' title='bbox 1979 5385 2115 5432; x_wconf 77' lang='grc' dir='ltr'>μενοι</span> <span class='ocrx_word' id='word_1_912' title='bbox 2190 5368 2491 5434; x_wconf 53' lang='grc' dir='ltr'>ἐλοιδόρορνἱ</span> <span class='ocrx_word' id='word_1_913' title='bbox 2570 5371 2652 5415; x_wconf 73' lang='grc' dir='ltr'>καὶ</span> <span class='ocrx_word' id='word_1_914' title='bbox 2734 5367 2921 5432; x_wconf 67' lang='grc' dir='ltr'>ἕνεῖχον</span> <span class='ocrx_word' id='word_1_915' title='bbox 2987 5367 3160 5434; x_wconf 20' lang='lat' dir='ltr'>hava</span> <span class='ocrx_word' id='word_1_916' title='bbox 3229 5369 3386 5434; x_wconf 71' lang='grc' dir='ltr'>κύριοι</span> <span class='ocrx_word' id='word_1_917' title='bbox 3465 5371 3628 5430; x_wconf 72' lang='grc' dir='ltr'>τοξευ-</span> 
     </span>
    </p>
   </div>
   <div class='ocr_carea' id='block_1_107' title="bbox 1980 5430 3628 5504">
    <p class='ocr_par' dir='ltr' id='par_1_107' title="bbox 1980 5430 3628 5504">
     <span class='ocr_line' id='line_1_109' title="bbox 1980 5430 3628 5504; baseline 0 -16"><span class='ocrx_word' id='word_1_918' title='bbox 1980 5430 2164 5503; x_wconf 57' lang='grc' dir='ltr'>μάτων.</span> <span class='ocrx_word' id='word_1_919' title='bbox 2249 5430 2360 5487; x_wconf 25' lang='lat' dir='ltr'>Et.</span> <span class='ocrx_word' id='word_1_920' title='bbox 2403 5431 2555 5486; x_wconf 86' lang='lat' dir='ltr'>infra</span> <span class='ocrx_word' id='word_1_921' title='bbox 2634 5430 2869 5504; x_wconf 77' lang='lat' dir='ltr'>quoque</span> <span class='ocrx_word' id='word_1_922' title='bbox 2946 5430 3020 5486; x_wconf 81' lang='grc'>25</span> <span class='ocrx_word' id='word_1_923' title='bbox 3079 5447 3091 5486; x_wconf 76' lang='grc' dir='ltr'>ε</span> <span class='ocrx_word' id='word_1_924' title='bbox 3141 5430 3355 5489; x_wconf 9' lang='grc' dir='ltr'>γΕἶνεινεν</span> <span class='ocrx_word' id='word_1_925' title='bbox 3410 5441 3628 5504; x_wconf 67' lang='grc' dir='ltr'>εὐλογίας</span> 
     </span>
    </p>
   </div>
   <div class='ocr_carea' id='block_1_108' title="bbox 1981 5503 3626 5578">
    <p class='ocr_par' dir='ltr' id='par_1_108' title="bbox 1981 5503 3626 5578">
     <span class='ocr_line' id='line_1_110' title="bbox 1981 5503 3626 5578; baseline 0.003 -20"><span class='ocrx_word' id='word_1_926' title='bbox 1981 5510 2180 5578; x_wconf 53' lang='lat' dir='ltr'>Eae-1&amp;3</span> <span class='ocrx_word' id='word_1_927' title='bbox 2236 5513 2319 5578; x_wconf 57' lang='lat' dir='ltr'>uel.</span> <span class='ocrx_word' id='word_1_928' title='bbox 2373 5513 2576 5578; x_wconf 64' lang='grc' dir='ltr'>μῂτρας,</span> <span class='ocrx_word' id='word_1_929' title='bbox 2636 5509 2745 5558; x_wconf 86' lang='lat' dir='ltr'>etc.</span> <span class='ocrx_word' id='word_1_930' title='bbox 2771 5503 2914 5560; x_wconf 87' lang='lat' dir='ltr'>Vide</span> <span class='ocrx_word' id='word_1_931' title='bbox 2940 5520 3065 5578; x_wconf 88' lang='lat' dir='ltr'>cap.</span> <span class='ocrx_word' id='word_1_932' title='bbox 3103 5505 3163 5560; x_wconf 83' lang='grc'>11</span> <span class='ocrx_word' id='word_1_933' title='bbox 3199 5505 3300 5562; x_wconf 77' lang='lat' dir='ltr'>lib.</span> <span class='ocrx_word' id='word_1_934' title='bbox 3333 5506 3410 5562; x_wconf 75' lang='lat' dir='ltr'>De</span> <span class='ocrx_word' id='word_1_935' title='bbox 3465 5506 3626 5564; x_wconf 75' lang='lat' dir='ltr'>benc-</span> 
     </span>
    </p>
   </div>
   <div class='ocr_carea' id='block_1_109' title="bbox 1979 5575 2613 5634">
    <p class='ocr_par' dir='ltr' id='par_1_109' title="bbox 1979 5575 2613 5634">
     <span class='ocr_line' id='line_1_111' title="bbox 1979 5575 2613 5634; baseline 0.002 -3"><span class='ocrx_word' id='word_1_936' title='bbox 1979 5575 2110 5634; x_wconf 70' lang='grc' dir='ltr'><em>ἆται.</em></span> <span class='ocrx_word' id='word_1_937' title='bbox 2142 5575 2613 5633; x_wconf 68' lang='lat' dir='ltr'>Patriam/mrum.</span> 
     </span>
    </p>
   </div>
  </div>
