3856 6206
288 316 447 377 1155

1750 314 1813 374 8.
1859 310 2232 377 ΑΜΒιιοειι

3560 313 3712 377 “56

288 467 463 521 opera
493 464 601 504 sua
631 462 746 503 non
780 445 1079 503 abscondi]
1112 450 1170 501 et
1199 444 1465 511 crimina,
1497 445 1594 501 sed
1630 446 1743 516 regi
1783 452 1940 516 pate-
1972 449 2022 512 Α
2057 465 2167 501 non
2198 446 2408 519 repulit
2440 446 2693 518 plebem,
2726 445 2868 518 quia
2903 444 3161 517 reliquiae
3220 447 3550 504 secundum
3600 449 3709 503 ele-

295 538 433 593 fecit
463 540 699 605 aeterno,
734 535 789 589 in
823 534 914 591 die
940 534 1272 600 ambulans,
1306 549 1423 588 non
1456 533 1513 587 in
1572 534 1829 589 tenebris
1887 540 1945 588 et

287 625 550 682 occultis.
575 624 735 679 Unde
763 628 818 678 et
847 621 1160 695 Apostolus
1188 640 1202 677 :
1240 644 1267 671 «
1298 622 1460 677 Sicut
1490 622 1547 676 in
1579 622 1672 677 die
1702 620 1944 678 honeste

294 714 670 770 ambulemus
702 714 874 782 (Rom.
907 728 1029 779 xm,
1062 711 1191 779 43);
1224 731 1249 759 ι)
1286 710 1393 765 hoc
1425 713 1535 780 est,
1567 726 1679 764 non
1723 710 1777 764 in
1838 726 1942 782 ga-

286 802 413 858 neis
445 806 624 873 atque
653 799 1006 872 gurgustiis,
1035 816 1150 854 non
1182 798 1240 854 in
1272 797 1567 854 cubilibus
1597 802 1653 853 et
1681 798 1944 869 impudi-

284 889 534 956 citiis,in
568 889 783 960 quibus
817 887 1145 958 ﬂagitiosus
1177 904 1237 942 se
1268 891 1437 958 putat
1465 886 1786 958 parietibus
1815 903 1945 942 esse

284 982 525 1045 tectum,
559 982 624 1032 ut
645 977 834 1049 possit
860 976 962 1032 Dei
995 976 1303 1031 scientiam
1338 974 1664 1047 praeterire;
1686 990 1821 1030 cum
1854 974 1943 1030 in-

280 1066 470 1122 velata
493 1065 649 1138 apud
702 1064 888 1119 Deum
943 1064 1350 1119 universorum
1414 1061 1634 1133 ﬂagitia
1690 1063 1830 1129 sint,
1889 1068 1947 1118 et

280 1152 513 1210 occulta
539 1152 748 1208 divina:
782 1151 1101 1224 cognitioni
1154 1156 1391 1223 peccata
1448 1149 1752 1206 hominum
1814 1166 1945 1206 esse

281 1259 395 1298 non
426 1241 674 1313 possint.
713 1242 858 1310 Ergo
891 1246 1132 1295 sanctus
1183 1238 1521 1294 laudabitur
1546 1239 1602 1293 in
1638 1238 1941 1306 futurum;

280 1330 422 1402 quia
450 1347 566 1385 non
599 1328 865 1401 quzesivit
924 1327 1305 1400 prresentium
1362 1326 1618 1393 laudem,
1651 1327 1751 1382 sed
1811 1342 1941 1399 gra-

280 1420 425 1474 tiam
456 1418 811 1473 futurorum.

349 1508 439 1562 23.
474 1506 617 1561 Vide
649 1511 846 1560 tamen
881 1505 1249 1561 distantiam.
1296 1504 1395 1560 llic
1426 1505 1567 1559 dum
1600 1508 1709 1569 est,
1743 1505 1800 1558 in
1837 1509 1941 1560 Do-

280 1596 440 1651 mino
469 1594 794 1667 gloriatur;
829 1592 949 1649 illic
980 1595 1038 1648 in
1068 1594 1311 1648 Domino
1337 1592 1691 1657 laudabitur,
1720 1597 1775 1646 et
1806 1608 1943 1663 pro-

278 1685 439 1741 brevi
462 1688 723 1756 tempore
753 1684 1079 1738 mercedem
1097 1680 1442 1738 aeternitatis
1462 1679 1945 1753 accipiet.Aquila

2052 535 2302 590 ctionem
2333 536 2535 607 gratiae
2589 534 2759 591 salvrs
2809 536 2970 591 factae
3029 539 3187 591 sunt.
3243 536 3312 592 Et
3363 536 3599 592 videtur
3653 537 3709 593 in

2054 624 2256 695 paucis
2295 640 2411 679 non
2456 622 2746 696 repulisse
2803 624 3042 695 quidem
3102 622 3414 696 populum,
3469 624 3706 681 tametsi

2053 727 2165 765 non
2198 714 2383 766 totum
2417 710 2719 783 populum.
2749 710 2861 766 Sed
2891 727 2961 766 ex
2988 727 3055 767 eo
3086 710 3372 782 plurimos
3423 711 3708 784 repulisse

2052 798 2216 854 Unde
2246 799 2471 854 addidit
2500 799 2767 871 ponendo
2799 816 3149 871 responsum
3184 799 3302 869 Dei,
3364 800 3525 872 quod
3582 816 3699 856 non

2053 886 2245 943 solum
2278 888 2333 941 in
2369 888 2570 959 paucis
2595 888 2909 943 servaverit
2939 886 3189 959 plebem,
3222 888 3326 944 sed
3369 887 3551 945 etiam
3581 904 3682 961 sep

2057 980 2169 1030 tem
2205 974 2393 1031 millia
2418 976 2675 1031 virorum
2717 976 2829 1030 sibi
2861 974 3179 1048 reliquerit,
3210 976 3307 1045 qui
3342 992 3459 1031 non
3505 992 3709 1032 curva~

2051 1069 2258 1119 verunt
2287 1080 2479 1136 genua
2510 1069 2643 1120 ante
2700 1064 2837 1119 Baal
2895 1063 3055 1136 (Ibid.
3119 1065 3192 1135 4).
3251 1064 3473 1121 Verum
3530 1064 3709 1120 fuerit

2053 1151 2161 1207 hoc
2193 1154 2305 1222 (54)
2334 1150 2557 1207 dictum
2579 1152 2652 1208 ab
2672 1151 2946 1224 Apostolo
2966 1153 3294 1208 secundum
3326 1152 3703 1225 Evangelium

2051 1241 2328 1311 quoniam
2359 1240 2639 1296 Dominus
2671 1240 2983 1296 transierat
3016 1240 3090 1295 ad
3122 1245 3325 1312 gentes
3375 1257 3391 1295 :
3441 1241 3705 1312 responsi

2052 1333 2245 1384 autem
2278 1328 2457 1384 divini
2487 1332 2721 1401 tempus
2751 1328 3040 1385 referatur
3071 1328 3144 1384 ad
3179 1329 3370 1385 zelum
3400 1328 3596 1384 adhuc
3638 1328 3710 1382 ﬂ-

2052 1417 2142 1472 dei
2176 1418 2514 1483 ferventem,
2546 1416 2782 1489 quando
2812 1416 2990 1472 etiam
3046 1416 3466 1488 prophetarum
3523 1416 3708 1489 gratia

2052 1504 2420 1559 redundabat
2448 1501 2661 1576 populo
2686 1503 3043 1559 Judaeorum.
3078 1502 3239 1558 Unde
3277 1503 3327 1559 si
3360 1503 3501 1559 Elia
3560 1508 3707 1560 tem-

2054 1609 2190 1665 pore
2248 1592 2482 1665 negavit
2528 1591 2811 1648 Dominus
2866 1608 2901 1646 a
2957 1607 3019 1646 se
3074 1590 3304 1663 plebem
3379 1592 3707 1664 repulsam,

2054 1679 2238 1735 multo
2271 1680 2458 1753 magis
2514 1685 2774 1751 tempore
2829 1679 3031 1749 David,
3089 1678 3179 1735 vel
3221 1679 3479 1735 ﬁliorum
3538 1680 3702 1752 Core,

278 1779 474 1828 tamen
506 1773 703 1845 posuit
730 1789 742 1827 :
785 1796 803 1820 σι
842 1772 901 1826 ln
936 1771 1181 1826 Domino
1213 1770 1597 1843 gloriabimur
1618 1774 1739 1824 tota
1766 1769 1878 1824 die.
1912 1790 1939 1817 ››
1966 1809 2015 1875 Β
2050 1786 2165 1841 quo
2197 1768 2387 1823 adhuc
2418 1768 2562 1824 fides
2591 1767 2756 1824 electi
2790 1766 2992 1840 populi
3023 1768 3385 1840 praenitehat.

277 1860 668 1930 Symmachus
726 1860 842 1915 ait:
922 1884 947 1908 ‹‹
1013 1859 1127 1914 Deo
1188 1858 1470 1930 hymnum
1519 1857 1783 1912 dicemus
1832 1873 1935 1927 per

278 1966 513 2007 omnem
546 1950 720 2006 diem.
752 1972 778 1997 ››
804 1948 1130 2003 Concordat
1158 1948 1423 2002 omnium
1457 1962 1689 2011 sensus,
1720 1950 1786 1999 ut
1816 1961 1931 1999 non

278 2039 620 2095 desinamus
651 2038 805 2093 circa
839 2037 932 2091 Dei
965 2035 1189 2099 laudes,
1222 2034 1340 2091 sive
1371 2035 1656 2107 hymnum
1689 2033 1931 2089 dicendo

279 2129 410 2199 (53),
459 2128 580 2183 sive
631 2126 887 2181 divinam
937 2142 1037 2197 per
1089 2125 1288 2179 omnia
1335 2128 1632 2178 momenta
1686 2121 1928 2193 gloriam

279 2215 662 2271 concinendo.
691 2215 799 2280 Qui
832 2214 986 2269 enim
1020 2213 1306 2284 hymnum
1338 2211 1498 2277 dicit,
1560 2227 1704 2283 puro
1761 2211 1931 2265 corde

279 2309 337 2360 et
366 2302 707 2375 spiritaliter
740 2303 901 2369 dicit,
938 2307 994 2356 et
1026 2317 1196 2357 omne
1227 2316 1414 2372 genus
1446 2299 1703 2372 passioni
1736 2298 1929 2354 exclu-

281 2393 367 2449 dit
421 2392 734 2457 humanaa;
779 2394 844 2445 ut
902 2388 1062 2445 nullo
1120 2405 1384 2457 mmrore,
1431 2387 1653 2444 nullius
1718 2387 1933 2442 doloris

279 2480 594 2537 acerbitate
624 2478 981 2551 impediatur
1032 2480 1160 2547 ejus
1216 2478 1496 2543 ofﬁcium,
1558 2481 1933 2548 exasperetur

278 2572 408 2641 ejus
437 2569 681 2625 affectus
709 2584 722 2622 :
759 2568 859 2623 sed
893 2567 1176 2639 hymnum
1209 2571 1322 2622 Deo
1354 2566 1620 2632 dicendo,
1656 2565 1933 2620 immobi-

280 2658 355 2714 lis
379 2661 556 2730 atque
584 2654 980 2712 irrevocabilis
1010 2660 1377 2728 perseveret;
1404 2654 1557 2710 sicut
1586 2654 1709 2726 ipse
1754 2653 1933 2709 David

279 2747 377 2819 qui
410 2747 524 2802 ait:
549 2768 577 2795 ‹‹
602 2744 953 2801 Benedicam
982 2742 1297 2799 Dominum
1329 2742 1387 2797 in
1431 2742 1591 2798 omni
1648 2747 1930 2813 tempore,

282 2851 513 2906 semper
542 2832 670 2890 laus
699 2834 828 2904 ejus
876 2832 933 2887 in
968 2848 1066 2888 ore
1120 2847 1251 2887 meo
1300 2832 1471 2900 (Psal.
1523 2847 1719 2897 χχχιιι,
1773 2832 1867 2900 2);
1902 2853 1929 2880 ι)

281 2924 435 2980 sicut
461 2922 591 2985 Job,
625 2920 725 2991 qui
760 2918 997 2974 amissis
1032 2918 1190 2985 ﬁliis,
1241 2919 1607 2990 interemptis
1662 2918 1933 2974 omnibus

282 3011 430 3077 suis,
465 3009 712 3081 direptis
744 3007 1120 3063 facultatibus
1152 3007 1265 3061 ait:
1334 3030 1356 3056 ι
1410 3006 1697 3063 Dominus
1753 3007 1932 3073 dedit,

282 3098 566 3155 Dominus
599 3095 908 3152 abstulit...
943 3096 1019 3151 sit
1048 3112 1261 3152 nomen
1291 3095 1520 3151 Domini
1565 3096 1930 3151 benedictum

280 3190 396 3256 (Job
427 3205 467 3253 Ι,
488 3187 601 3257 21).
628 3209 655 3235 ››

349 3276 631 3347 24.(νθι·ε.
668 3276 778 3342 10.)
810 3298 834 3323 «
872 3274 1036 3329 Nunc
1063 3277 1259 3329 autem
1291 3272 1555 3344 repulisti
1616 3277 1672 3328 et
1728 3274 1929 3328 confu-

281 3364 417 3421 disti
450 3381 576 3420 nos.
612 3364 679 3418 Et
709 3380 822 3418 non
855 3362 1245 3435 progredieris
1292 3362 1447 3417 Deus
1504 3363 1562 3416 in
1619 3363 1932 3416 virtutibus

283 3454 519 3510 nostris.
557 3476 585 3502 ››
618 3455 758 3509 Cum
794 3452 919 3523 ipse
950 3456 1191 3507 sanctus
1232 3451 1406 3505 David
1447 3450 1558 3505 alio
1590 3450 1713 3506 loco
1773 3451 1930 3505 dixe-

282 3544 392 3598 rit:
428 3542 627 3607 «Quia
674 3559 789 3597 non
848 3542 1088 3611 repellet
1150 3539 1431 3595 Dominus
1488 3539 1714 3611 plebem
1762 3556 1929 3595 suam

281 3631 452 3699 (Psal.
487 3646 647 3691 xcm,
683 3629 835 3698 14);»
866 3627 1157 3698 quomodo
1181 3628 1287 3682 hoc
1319 3627 1441 3683 loco
1464 3631 1543 3682 ait
1566 3643 1578 3682 :
1599 3650 1624 3677 (ι
1649 3627 1929 3699 Repulisti

284 3735 413 3783 nos,
450 3741 476 3765 υ
505 3717 827 3788 praesertim
860 3732 991 3771 cum
1026 3714 1147 3771 haec
1178 3718 1247 3771 de
1280 3716 1445 3787 plebe
1476 3716 1648 3781 dicat,
1684 3716 1773 3769 cui
1817 3733 1927 3770 non

284 3805 602 3861 mediocria
660 3802 914 3874 insignia
988 3803 1231 3874 propria:
1287 3802 1518 3856 virtutis
1577 3804 1931 3856 enumeret?

282 3895 480 3966 Neque
511 3892 664 3949 enim
697 3891 986 3947 mediocre
1016 3897 1104 3947 est
1131 3892 1320 3946 dicere
1352 3891 1508 3962 quod
1558 3896 1933 3962 tempestates

284 3989 340 4039 et
368 3982 538 4039 variae
570 3981 921 4037 tentationes
970 3996 1148 4051 super
1202 3996 1263 4035 se
1318 3978 1599 4043 venerint,
1658 3985 1715 4033 et
1768 3978 1930 4035 obliti

282 4088 397 4127 non
430 4072 552 4128 sint
580 4070 890 4126 Dominum
924 4069 1107 4124 Deum
1130 4084 1326 4135 suum,
1358 4072 1414 4123 et
1446 4067 1644 4138 inique
1663 4084 1772 4123 non
1806 4084 1934 4138 eges

281 4163 399 4217 rint
430 4162 489 4215 in
514 4161 954 4216 Testamentum
985 4158 1114 4228 ejus
1144 4158 1342 4228 (Infra,
1373 4173 1521 4211 vers.
1579 4157 1687 4227 18),
1740 4162 1797 4211 et
1826 4173 1931 4211 cre-

281 4256 407 4306 tera
446 4266 573 4321 quae
624 4252 972 4319 sequuntur.
1007 4246 1168 4301 Unde
1198 4246 1398 4310 etiam,
1434 4244 1747 4317 Apostolus
1798 4262 1931 4299 san-

282 4344 410 4394 ctus
442 4338 878 4409 interpretatur,
910 4340 968 4391 et
998 4335 1142 4390 dicit
1172 4335 1324 4407 quod
1369 4352 1433 4390 eo
1469 4350 1653 4405 usque
1686 4352 1799 4388 non
1844 4349 1934 4388 re-

284 4426 498 4501 pulerit
526 4425 753 4498 plebem
780 4442 948 4481 suam
984 4424 1285 4493 Dominus,
1324 4429 1385 4478 ut
1414 4422 1670 4496 posuerit
1692 4422 1932 4494 loquen-

2115 1859 2203 1912 25.
2238 1858 2457 1912 Tamen
2490 1860 2554 1911 ut
2580 1861 2635 1911 et
2666 1856 2861 1928 ipsum
2894 1862 3163 1912 sanctum
3215 1856 3398 1913 David
3457 1857 3701 1915 interro-

2040 1962 2269 2019 gemus,
2296 1944 2588 2016 quomodo
2615 1944 2900 2000 Dominus
2933 1944 3161 2016 plebem
3180 1961 3352 2001 suam
3381 1962 3503 2002 non
3524 1963 3690 2019 repu-

2042 2035 2194 2104 lerit,
2226 2032 2593 2104 colligamus.
2618 2032 2763 2088 Nam
2779 2050 2912 2088 cum
2931 2032 3174 2089 sitDeus
3195 2034 3698 2107 apprOpinquans,

2042 2140 2157 2178 non
2187 2121 2636 2193 elonginquans,
2698 2120 2849 2176 sicut
2909 2121 3084 2176 habet
3130 2122 3424 2194 scriptura
3480 2123 3700 2179 Veteris

2039 2211 2396 2267 Testamenti
2430 2212 2647 2280 (Jerem.
2695 2226 2858 2276 χχιιι,
2916 2210 3029 2279 23),
3078 2210 3283 2282 utique
3335 2212 3436 2282 qui
3487 2228 3696 2285 appro-

2044 2301 2183 2373 piat,
2217 2315 2329 2354 non
2364 2298 2609 2371 repellit.
2643 2299 2745 2353 Est
2783 2299 2941 2353 enim
2999 2298 3411 2354 misericordias
3464 2300 3691 2363 divinae.

2043 2393 2107 2444 ut
2137 2386 2280 2443 nulli
2315 2404 2493 2443 causa
2522 2387 2600 2442 sit
2630 2387 2836 2442 mortis
2870 2389 3005 2458 (55),
3030 2391 3087 2442 et
3114 2403 3321 2444 omnes
3370 2392 3538 2460 putet
3575 2407 3638 2446 es
3663 2406 3693 2445 ο

2042 2476 2434 2532 redimendos.
2467 2475 2576 2530 Sed
2623 2475 2754 2541 vide
2804 2492 2874 2530 ne
2928 2474 3023 2529 ille
3077 2474 3416 2547 repellatur,
3476 2477 3575 2549 qui
3635 2493 3692 2533 se

2041 2564 2274 2638 elongat
2302 2581 2336 2619 a
2361 2564 2631 2627 Domino,
2665 2564 2821 2619 sicut
2867 2564 3007 2617 dicit
3037 2563 3213 2619 David
3244 2581 3258 2619 :
3321 2587 3350 2614 «
3409 2566 3689 2631 Quoniam

2042 2670 2171 2709 ecce
2202 2653 2303 2725 qui
2334 2668 2396 2708 se
2428 2651 2666 2724 elongat
2698 2669 2732 2707 a
2760 2658 2817 2707 te
2848 2652 3123 2724 peribunt
3150 2668 3163 2708 :
3208 2653 3518 2725 perdidisti
3572 2670 3689 2711 om-

2043 2758 2146 2797 nes
2176 2741 2276 2814 qui
2308 2740 2669 2796 fornicantur
2687 2741 2796 2796 abs
2826 2745 2881 2796 te
2911 2741 3082 2811 (Psal.
3133 2759 3307 2807 LXXII,
3329 2743 3444 2815 27).
3487 2766 3517 2793 »
3549 2743 3689 2808 Quid

2041 2837 2151 2900 est,
2182 2830 2285 2886 abs
2316 2834 2371 2885 te
2404 2830 2802 2884 t‘ornicantur?
2847 2828 2993 2893 Quia
3020 2830 3415 2902 turpitudinis
3446 2848 3571 2888 suae
3599 2831 3684 2887 lu-

2045 2918 2249 2974 dibriis
2281 2922 2335 2972 te
2386 2916 2746 2989 relinquunt,
2797 2922 2854 2973 et
2882 2934 2917 2973 a
2944 2922 3002 2973 te
3043 2919 3347 2989 recedunt,
3395 2924 3455 2975 et
3493 2937 3530 2976 a
3555 2935 3687 2992 pra:-

2043 3007 2227 3079 ceptis
2261 3007 2377 3060 tuis
2391 3006 2540 3061 devii
2563 3010 2721 3061 sunt.
2750 3005 3004 3078 Denique
3022 3005 3159 3062 alibi
3183 3006 3366 3063 habes
3387 3008 3682 3081 scriptum:

2045 3121 2073 3147 ‹‹
2097 3096 2410 3150 Adulteros
2440 3092 2869 3163 autemjudicat
2898 3093 3071 3162 Deus,
3087 3094 3440 3167 disperdens
3452 3112 3551 3153 eos
3578 3114 3612 3153 a
3630 3114 3686 3153 se

1963 3170 2005 3237 C
2044 3186 2227 3256 (Hebr.
2262 3200 2386 3250 xm,
2419 3184 2494 3253 4).
2530 3205 2557 3231 ››
2592 3181 2877 3255 Repulisti
2898 3198 3055 3254 ergo,
3088 3182 3197 3239 hoc
3218 3188 3329 3253 est,
3384 3184 3681 3241 alienando

2040 3276 2146 3329 abs
2202 3277 2258 3328 te
2320 3270 2625 3343 perdidisti
2678 3287 2799 3327 eos.
2852 3271 3000 3343 Ergo
3058 3271 3160 3344 qui
3207 3289 3270 3328 se
3354 3290 3391 3328 a
3444 3274 3676 3330 Domino

2042 3360 2424 3434 separat,ipse
2455 3376 2489 3413 a
2507 3359 2754 3415 Domino
2780 3363 3118 3432 separatur:
3141 3361 3191 3416 is
3212 3361 3313 3433 qui
3335 3378 3453 3417 non
3477 3377 3677 3436 cogno-

2043 3452 2153 3506 scit
2181 3449 2514 3515 Dominum,
2547 3465 2582 3503 a
2608 3447 2851 3503 Domino
2890 3465 3006 3504 non
3036 3450 3446 3523 cognoscitur:
3477 3458 3535 3508 et
3580 3452 3669 3525 qui

2041 3541 2289 3613 ignorat,
2344 3538 2683 3609 ignoratur;
2742 3538 2895 3593 sicut
2950 3539 3075 3610 ipse
3148 3539 3435 3597 Dominus
3494 3540 3670 3597 dixit:

2042 3653 2068 3679 ‹‹
2135 3626 2416 3683 Discedite
2473 3643 2508 3681 a
2539 3643 2653 3695 me,
2684 3642 2889 3682 omnes
2920 3628 3167 3699 operarii
3200 3629 3554 3701 iniquitatis,
3584 3644 3676 3686 ne-

2042 3718 2161 3771 scin
2195 3732 2295 3771 vos
2318 3714 2524 3782 (Matth.
2555 3731 2657 3781 vn,
2687 3716 2798 3783 23).
2836 3737 2863 3763 ››
2897 3715 3021 3772 Non
3052 3716 3210 3772 enim
3268 3719 3421 3773 scire
3479 3719 3679 3792 digna-

2043 3812 2135 3860 tur
2192 3802 2444 3874 injustise
2504 3802 2803 3859 ministros
2860 3808 2917 3859 et
2996 3804 3327 3876 iniquitatis
3398 3813 3677 3864 auctores.

2043 3895 2311 3948 Peccator
2338 3908 2474 3964 ergo
2507 3908 2621 3947 non
2653 3891 2991 3963 repellitur;
3024 3894 3161 3966 quia
3193 3895 3318 3966 ipse
3347 3912 3411 3951 se
3440 3896 3679 3970 repellit.

2045 3982 2162 4037 Hoc
2193 3982 2374 4055 igitur
2402 3996 2612 4053 genere
2634 3981 2811 4036 dicit:
2851 4004 2878 4031 ι(
2909 3982 3072 4037 Nunc
3102 3988 3299 4039 autem
3330 3984 3598 4058 repulisti
3634 3987 3687 4041 et

2042 4068 2354 4127 confudisti
2379 4085 2504 4124 nos.
2526 4092 2554 4119 ››

2110 4161 2199 4214 26.
2234 4157 2531 4222 Quomodo
2561 4162 2755 4213 tamen
2785 4158 3027 4231 repellat
3064 4159 3242 4229 Deus,
3272 4161 3377 4233 qui
3427 4163 3688 4234 sequitur

2042 4246 2365 4303 versiculus
2396 4246 2650 4318 exponit.
2673 4246 2819 4309 Quia
2843 4271 2869 4297 υ
2906 4264 3019 4303 non
3039 4250 3453 4322 progredieris,
3481 4252 3682 4325 inquit,

2047 4342 2214 4400 Deus,
2256 4335 2313 4389 in
2344 4334 2660 4390 virtutibus
2691 4335 2975 4390 nostris.»
3002 4336 3154 4392 Deus
3185 4339 3425 4408 quando
3456 4357 3570 4396 non
3589 4340 3684 4395 ad-

2035 4426 2223 4497 juvat,
2256 4423 2531 4496 repellere
2552 4423 2797 4479 videtur.
2835 4423 3246 4497 Unusquisque
3270 4426 3433 4483 enim
3471 4427 3685 4500 quiad-

282 4522 402 4573 tem
433 4532 598 4571 eum:
633 4538 660 4565 «
691 4516 837 4570 Tota
864 4514 958 4569 die
988 4514 1235 4585 expendi
1269 4530 1478 4568 manus
1511 4528 1669 4566 meus
1696 4512 1767 4566 ad
1819 4509 1934 4583 ple-
1965 4533 2009 4595 ι)
2033 4515 2311 4585 jumenta
2368 4528 2481 4567 non
2544 4512 2723 4567 sentit
2771 4511 3094 4569 divinitatis
3145 4515 3259 4570 sibi
3313 4516 3685 4589 opitulatione

282 4607 414 4661 hem
446 4620 561 4658 non
593 4603 946 4671 credentem,
975 4606 1031 4657 et
1076 4600 1567 4657 contradicentem
1621 4602 1747 4671 (Isa.
1810 4616 1931 4665 va,

279 4697 337 4759 2,
369 4694 520 4749 Rom.
542 4708 598 4758 x,
630 4691 741 4760 2|).
781 4713 806 4737 ι»
840 4691 1020 4760 Cujus
1051 4689 1341 4745 sermonis
1399 4688 1743 4744 auctoritate
1803 4689 1936 4743 sub-

283 4782 454 4837 nixus
484 4780 609 4835 ait:
647 4803 673 4829 ‹‹
713 4780 845 4833 Dico
882 4778 1097 4850 igitur:
1153 4778 1305 4833 898
1365 4777 1663 4848 Numquid
1724 4777 1937 4845 repulit

281 4872 437 4928 Deus
467 4867 864 4925 hereditatem
898 4882 1065 4920 suam
1089 4865 1116 4919 ?
1145 4865 1327 4920 Absit.
1364 4865 1508 4919 Nam
1546 4870 1601 4920 et
1622 4881 1726 4936 ego
1760 4866 1935 4921 Israe—

283 4960 387 5016 lita
416 4974 574 5027 sum,
605 4974 674 5013 ex
699 4957 923 5012 semine
952 4954 1267 5017 Abraham,
1298 4954 1369 5009 de
1415 4952 1569 5007 tribu
1633 4954 1933 5023 Benjamin

284 5053 382 5120 (xu,
414 5048 467 5117 l,
492 5048 566 5119 2).
596 5069 623 5096 ››
655 5046 782 5101 Non
815 5043 1027 5116 repulit
1062 5058 1209 5099 Deus
1241 5042 1470 5114 plebem
1504 5060 1696 5108 suam,
1758 5059 1934 5114 quam

283 5135 594 5209 prmscivit.
627 5135 739 5190 Sed
772 5135 962 5206 potest
991 5131 1099 5188 hoc
1137 5131 1262 5187 loco
1313 5130 1428 5184 dici
1486 5130 1763 5202 quoniam
1808 5130 1935 5187 ideo

355 5257 763 5382 (53%Hymnus
803 5274 871 5313 ex
925 5256 1094 5328 Greg.
1145 5255 1313 5327 Nyss.
1375 5258 1543 5310 tract.
1576 5256 1611 5309 5
1643 5255 1700 5309 in
1760 5254 1935 5323 Psal.,

357 5344 415 5382 D.
531 5333 640 5382 est.
734 5338 768 5382 ἦ
852 5339 930 5382 ἐπὶ
1004 5336 1101 5382 τοῖς
1180 5335 1483 5382 ὑπάογουσιν
1545 5334 1663 5382 ἡμῖν
1745 5334 1935 5382 ἁγαθοὶ(

288 5333 483 5408 ῼΒΡηΒ
531 5333 640 5398 est,
734 5338 770 5397 ἡ
852 5339 959 5408 ἐπὶΔ
1004 5336 1101 5408 τρῖς
1180 5335 1483 5408 ἐπέρχουσιν
1529 5334 1663 5408 ,ἡμῖγ
1745 5334 1938 5408 anget;

290 5396 728 5520 a‘lli‘ttoqL‘Vﬂlfq)
783 5411 886 5472 Θιῷ
915 5396 1148 5472 εὐφημία.
1180 5396 1456 5454 Sedmnos
1512 5396 1591 5453 de?
1639 5397 1748 5452 hoc
1796 5396 1937 5452 alibi

293 5483 329 5522 ο
355 5483 475 5522 “ra.

504 5536 934 5621 Msszquin-que
965 5539 1137 5605 Gall.,
1168 5540 1308 5610 quod
1335 5555 1452 5621 non
1479 5540 1656 5595 solum
1686 5540 1932 5621 Διἠ-,υιιᾳ-

293 5612 371 5668 ci:
391 5612 701 5684 servaverit,
724 5614 819 5688 qui
845 5628 957 5672 non
984 5614 1349 5669 curvaverant
1391 5625 1571 5689 genua
1599 5618 1727 5670 ante
1751 5612 1935 5673 Beat:

2046 4600 2315 4668 conferri,
2350 4600 2651 4672 repulsum
2685 4618 2746 4657 se
2771 4605 2938 4673 putat
2967 4607 3140 4674 atque
3165 4604 3491 4661 desertum.
3549 4604 3685 4671 Quid

2043 4695 2131 4745 est
2161 4694 2357 4745 autem
2388 4690 2542 4759 quod
2576 4690 2694 4745 ait:
2728 4713 2755 4739 α
2790 4690 2915 4745 Non
2962 4694 3374 4765 progredieris,
3436 4693 3630 4750 Deus?
3660 4715 3685 4741 »

2048 4779 2112 4834 Et
2142 4778 2282 4850 quid
2308 4778 2420 4834 sibi
2450 4777 2574 4833 vult
2594 4779 2749 4850 quod
2782 4779 2937 4836 Deus
2967 4780 3265 4837 interdum
3297 4788 3399 4838 aut
3427 4781 3686 4857 progredi

2048 4867 2281 4935 dicitur,
2314 4870 2414 4922 aut
2442 4867 2659 4940 egredi,
2693 4872 2793 4923 aut
2826 4885 3157 4943 exsurgere,
3187 4875 3290 4927 aut
3317 4869 3687 4928 descendere?

2053 4957 2177 5011 Non
2211 4955 2366 5010 enim
2388 4955 2767 5027 corporaliter
2786 4961 2939 5013 Deus
2969 4964 3230 5015 movetur
3259 4966 3361 5016 aut
3381 4962 3453 5017 de
3503 4961 3685 5033 aliquo

2044 5044 2167 5100 loco
2199 5043 2334 5114 exit,
2367 5049 2468 5098 aut
2497 5044 2569 5098 ad
2599 5042 2847 5100 alterum
2880 5047 3113 5116 transit,
3144 5049 3243 5119 qui
3279 5066 3460 5122 supra
3507 5048 3687 5106 omnia

2045 5137 2169 5189 est:
2203 5135 2305 5188 aut
2334 5148 2463 5188 vere
2492 5133 2773 5206 exsurgit,
2806 5136 2974 5206 quasi
3004 5135 3064 5191 in
3111 5135 3304 5210 aliquo
3343 5140 3544 5210 jaceat
3595 5155 3684 5194 cu-

2046 5272 2234 5312 verum
2261 5257 2433 5328 fuerit
2480 5256 2596 5339 hoc,
2620 5261 2728 5339 etc.
2760 5262 2988 5315 Statuat
3017 5262 3278 5342 prudens
3306 5261 3512 5333 lector,
3558 5279 3684 5319 num

2048 5328 2194 5382 forte
2219 5326 2340 5382 hac
2366 5327 2533 5382 lectio
2564 5326 2664 5382 alii
2688 5330 3043 5382 praeferenda
3062 5335 3159 5382 sit.

2071 5330 2194 5383 'orte
2219 5330 2340 5382 haec
2366 5330 2533 5383 lectio
2564 5330 2664 5383 alii
2687 5330 3043 5401 preferenda
3062 5332 3159 5388 sit.
3497 5330 3505 5333 ⁷

2117 5398 2228 5470 (55)
2259 5399 2447 5482 Codex
2476 5399 2664 5482 _Beg.,
2714 5405 2912 5482 uteqife
2934 5404 3032 5482 qui
3067 5405 3381 5482 appropiat,
3439 5410 3503 5461 ut
3550 5405 3683 5482 ιιιιηί

2046 5486 2212 5553 causa
2243 5472 2316 5525 sit
2344 5472 2567 5553 "tortis,
2612 5476 2745 5553 etc...
2805 5472 2915 5553 Alii
2941 5472 3153 5533 autem'
3195 5472 3471 5549 quatuor,
3505 5479 3679 5552 utique

2049 5543 2145 5617 qui
2169 5543 2476 5617 appropiat,
2508 5546 2570 5599 ut
2588 5543 2749 5614 nulli,
2772 5548 2879 5603 etc.
