3856 6206
79 291 286 393 1157⁸

1178 283 1752 395 ΕΝΑΒΗΑΤΙΟῙΝ
1796 286 2176 396 PSALMUM
2221 334 2434 396 XLIII.

3345 335 3503 400 M58

81 462 222 529 bili,
263 463 355 518 vel
411 461 471 518 in
522 455 720 535 aliqua
769 461 904 518 sede
956 462 1333 535 corporaliter
1379 467 1614 533 sedeat;
1648 465 1748 522 sed
1778 466 1833 532 Α
1863 466 2164 538 Scriptura
2194 467 2300 522 hoc
2332 466 2506 522 dicit:
2541 468 2740 538 etjam
2779 472 2919 523 tunc
2963 467 3316 541 significabit
3347 474 3502 542 quod

84 552 220 607 haec
251 552 556 622 dicuntur,
591 555 657 607 ut
678 555 743 607 tu
775 550 1072 625 intelligas
1117 553 1353 625 quando
1383 559 1439 609 et
1468 555 1537 610 ad
1572 572 1745 626 quem

83 641 294 713 egredi
336 641 586 710 dicatur,
641 644 698 697 et
745 641 816 697 ad
868 657 1042 713 quem
1091 659 1419 714 exsurgere.
1475 644 1748 716 Legimus

87 730 253 786 enim
280 730 344 786 in
381 729 489 786 hoc
519 731 647 802 ipso
677 729 942 802 psalmo:
978 753 1004 779 ‹‹
1041 731 1382 804 Exsurgere,
1431 749 1611 803 quare
1641 733 1746 787 ob-

88 819 349 887 dormis,
385 819 627 874 Domine
676 820 871 890 (In/ra,
921 835 1069 875 vers.
1118 820 1208 890 23)
1237 822 1259 874 Ρ
1291 842 1318 868 ››
1367 821 1436 875 Et
1483 820 1748 876 conside-

88 908 359 964 randum
393 924 464 963 ne
507 907 742 979 quando
791 907 942 964 809
990 908 1212 964 nostris
1261 908 1750 980 improbabilibus

88 997 334 1052 actibus
366 995 697 1052 obdormire
736 995 1036 1064 videatur;
1071 999 1138 1051 ut
1180 995 1240 1050 in
1272 996 1576 1069 Evangelio
1607 996 1748 1069 legi-

88 1101 254 1152 mus,
291 1101 432 1140 cum
463 1084 652 1139 adhuc
695 1083 1014 1156 imperfecti
1065 1089 1265 1140 essent
1311 1084 1563 1157 apostoli
1593 1086 1748 1157 quod

88 1174 188 1230 his
218 1173 253 1228 J
261 1189 406 1229 esus
433 1171 699 1229 Christus
731 1171 1060 1228 dormiebat
1087 1173 1305 1241 (Matth.
1340 1191 1462 1241 vIII,
1495 1176 1613 1243 24.)
1641 1175 1750 1230 Ve-

89 1277 232 1316 rum
269 1261 375 1316 ubi
409 1263 566 1316 metu
616 1259 908 1332 naufragii
959 1263 1015 1314 et
1051 1260 1260 1316 timore
1305 1261 1559 1332 perculsi
1592 1268 1749 1329 sunt,

87 1350 408 1406 Christum
486 1349 881 1405 excitaverunt
958 1348 1344 1405 dormientem
1418 1349 1579 1420 (Ibid.
1637 1352 1749 1422 25).

91 1439 356 1496 Perﬁdis
381 1455 516 1511 ergo
547 1439 762 1494 dormit
809 1438 1094 1493 Dominus
1142 1438 1335 1507 Jesus,
1370 1438 1642 1495 ﬁdelibus
1672 1439 1752 1495 vi-

91 1529 271 1601 gilat.

165 1620 265 1671 27.
301 1615 566 1688 Denique
594 1620 651 1672 et
681 1615 778 1688 qui
823 1615 1014 1671 ﬁdelis
1043 1621 1152 1681 est,
1205 1616 1382 1672 intrat
1428 1616 1499 1672 ad
1532 1617 1750 1672 Deum:

94 1713 152 1762 et
185 1724 224 1762 a
248 1705 582 1778 negligente
614 1710 763 1760 Deus
791 1704 1018 1760 videtur
1047 1705 1202 1760 exire
1232 1709 1406 1776 atque
1435 1705 1753 1762 discedere.

1857 555 2147 610 desereret
2178 555 2458 627 populum
2489 556 2849 625 Judaaorum,
2872 561 2929 611 et
2959 558 3236 613 transiret
3258 559 3328 612 ad
3361 575 3500 632 gen-

1856 648 1962 700 tes.
1997 643 2258 715 Denique
2287 649 2344 699 et
2375 644 2433 699 in
2466 643 2692 716 psalmo
2742 645 2850 700 hoc
2904 646 3238 703 invenimus
3271 664 3509 719 expres-

1859 750 2012 801 sum,
2045 751 2180 788 cum
2211 734 2353 789 dicit
2386 736 2598 790 David:
2638 757 2664 783 ‹‹
2697 736 2764 790 Et
2786 736 2908 808 ipse
2931 741 3216 808 tanquam
3251 753 3508 808 sponsus

1860 823 2181 892 procedens
2228 823 2299 877 de
2346 823 2608 878 thalamo
2673 841 2801 880 suo.
2854 824 3176 879 Exsultavit
3223 829 3507 898 tanquam

1859 910 2025 983 gigas
2057 912 2128 965 ad
2160 912 2507 966 currendam
2541 912 2692 966 viam
2725 913 2896 983 (Psal.
2929 931 3088 982 XVIII,
3113 913 3190 983 6).
3228 936 3255 962 ››

1931 1000 2022 1053 29.
2072 997 2174 1054 His
2225 999 2404 1071 igitur
2467 1001 2780 1072 generibus
2832 1001 3155 1072 reperimus
3201 1018 3504 1074 egressum

1861 1087 1983 1154 Dei,
2018 1093 2120 1143 aut
2167 1088 2297 1158 ejus
2349 1088 2706 1160 ingressum,
2759 1089 2910 1144 sicut
2950 1095 3006 1145 et
3054 1090 3337 1147 Dominus
3367 1091 3508 1148 dicit

1860 1177 2033 1232 Jesus
2064 1175 2203 1247 quia
2232 1177 2304 1231 ad
2338 1176 2527 1231 virum
2571 1176 2875 1232 timentem
2919 1179 3131 1234 veniat.
3165 1201 3192 1228 «
3228 1179 3387 1248 Ecce,
3418 1180 3508 1234 in-

1863 1266 2010 1336 quit,
2044 1269 2133 1320 sto
2164 1265 2527 1335 adjanuam,
2563 1271 2618 1320 et
2647 1267 2854 1337 pulso:
2903 1273 2958 1321 et
2999 1268 3048 1322 si
3101 1267 3232 1339 quis
3263 1267 3512 1323 audierit

1863 1369 2059 1409 vocem
2093 1369 2306 1419 meam,
2329 1357 2385 1407 et
2406 1354 2698 1424 aperuerit
2711 1354 2982 1423 januam,
3007 1356 3236 1411 intrabo
3258 1357 3326 1410 ad
3352 1373 3508 1425 eum,

1864 1446 1922 1497 et
1951 1442 2188 1496 cmnabo
2215 1458 2348 1496 cum
2382 1441 2501 1508 illo,
2535 1445 2591 1496 et
2611 1441 2736 1512 ipse
2759 1459 2986 1497 mecum
3012 1444 3193 1514 (Apoc.
3221 1461 3306 1511 ιιι,
3330 1445 3440 1515 20).
3481 1467 3516 1518 »-

1866 1530 1993 1584 Haec
2027 1529 2204 1602 igitur
2241 1529 2498 1584 diximus
2529 1534 2835 1601 propterea
2877 1531 3030 1602 quod
3064 1531 3148 1586 ait
3181 1531 3468 1604 Propheta
3493 1521 3520 1587 ;’

1868 1642 1892 1667 ‹‹
1931 1617 2213 1690 Repulisti
2246 1634 2373 1685 nos,
2403 1621 2458 1673 et
2490 1635 2604 1672 non
2644 1619 3053 1690 progredieris,
3104 1619 3280 1690 Deus,
3313 1620 3372 1676 in
3402 1621 3512 1676 vir-

1867 1706 2092 1761 tutibus
2125 1705 2358 1761 nostris.
2397 1728 2425 1757 »

94 1795 273 1851 Certe
305 1793 679 1894 imperfectos
709 1797 766 1891 et
790 1792 980 1894 adhuc
1025 1793 1292 1894 infirmos
1321 1794 1558 1894 attrahit
1589 1795 1661 1849 ad
1694 1811 1756 1850 se
1789 1830 1834 1894 Β
1936 1794 2024 1848 30.
2055 1793 2410 1865 Simpliciter
2442 1798 2637 1893 autem
2672 1800 2728 1849 et
2769 1794 2909 1893 illud
2960 1795 3342 1868 accipiamus,
3374 1798 3512 1868 quia

94 1884 437 1950 Dominus;
470 1882 622 1937 sicut
652 1881 846 1954 legisti
877 1881 1136 1937 dicentes
1161 1882 1510 1953 juvenculas
1536 1899 1549 1937 :
1589 1904 1616 1932 «
1647 1885 1751 1938 At-

93 1972 275 2028 trahe
309 1987 439 2040 nos,
470 1975 602 2043 post
632 1969 868 2026 odorem
897 1975 1332 2042 unguentorum
1359 1976 1596 2027 tuorum
1627 1989 1755 2027 cur-

97 2077 314 2118 remus
344 2059 524 2131 (Cant.
559 2076 596 2126 ι,
629 2059 702 2130 3).
741 2081 766 2108 ››
797 2061 871 2113 At
900 2075 1030 2114 vero
1055 2059 1245 2116 Moses
1275 2059 1375 2130 qui
1399 2061 1522 2131 jam
1557 2059 1760 2116 fortior

98 2155 257 2217 erat,
293 2153 352 2205 et
380 2147 597 2204 electus
629 2165 662 2203 a
691 2147 957 2218 Domino,
989 2153 1046 2203 et
1092 2148 1404 2204 ascendere
1437 2148 1668 2221 legitur,
1701 2154 1760 2204 et

100 2241 337 2294 intrare
366 2237 438 2292 ad
470 2237 783 2292 Dominum
821 2236 1006 2292 Deum
1049 2252 1246 2302 suum,
1291 2237 1445 2292 sicut
1474 2238 1757 2309 scriptum

99 2334 238 2385 est:
275 2350 304 2378 ‹‹
339 2326 484 2393 Quia
530 2325 792 2382 ascendit
838 2325 1064 2397 Moyses
1115 2326 1176 2380 in
1221 2331 1500 2394 montem,
1551 2332 1609 2381 et
1647 2328 1757 2382 cir-

99 2415 421 2473 cumdedit
450 2413 549 2470 lux
580 2417 837 2469 montem
868 2414 1002 2485 (36),
1033 2417 1090 2469 et
1135 2414 1437 2470 descendit
1483 2416 1760 2486 majestas

99 2504 354 2564 Domini
386 2505 444 2559 in
478 2507 735 2559 montem
770 2501 932 2571 Sino,
965 2506 1022 2558 et
1048 2503 1349 2575 cooperuit
1393 2519 1529 2558 eum
1573 2503 1760 2559 nubes

101 2612 214 2650 sex
247 2593 458 2650 diebus
489 2610 503 2648 :
536 2597 593 2647 et
620 2591 844 2648 vocavit
876 2591 1161 2648 Dominus
1193 2592 1428 2664 Moysen
1461 2592 1553 2648 die
1583 2593 1760 2666 septi-

108 2701 241 2754 mo,
266 2683 341 2738 de
370 2680 564 2738 media
593 2681 1062 2752 nube.Aspectus
1083 2685 1278 2737 autem
1304 2681 1629 2752 majestatis
1659 2683 1765 2738 Do.

104 2772 266 2829 mini
297 2776 582 2843 tanquam
613 2769 768 2842 ignis
801 2769 1014 2825 ardens
1044 2785 1222 2842 super
1247 2771 1522 2826 verticem
1545 2771 1762 2828 montis

103 2878 318 2919 coram
350 2860 486 2916 ﬁliis
516 2859 708 2915 Israel.
743 2859 811 2913 Et
856 2858 1096 2914 intravit
1141 2859 1366 2931 Moyses
1412 2858 1473 2915 in
1506 2861 1761 2916 mediam

103 2953 338 3008 nubem
369 2948 559 3021 (Exod.
595 2965 749 3016 XXIV,
786 2949 853 3002 15
882 2946 990 3019 18).
1024 2969 1052 2998 ››
1105 2947 1267 3003 Sicut
1313 2963 1448 3020 ergo
1479 2948 1573 3005 hic
1603 2949 1760 3022 Moy-

104 3058 208 3098 ses
241 3039 502 3094 intrabat
546 3037 608 3092 in
655 3037 893 3103 nubem,
943 3036 1044 3091 ubi
1083 3036 1341 3108 primum
1390 3038 1460 3092 ad
1502 3042 1760 3094 montem

105 3133 364 3186 vocatus
399 3144 433 3182 a
455 3126 700 3182 Domino
733 3129 857 3181 est:
889 3123 970 3180 ita
1017 3124 1078 3180 in
1108 3124 1527 3197 posterioribus
1576 3127 1761 3198 perfe-

1868 1883 2020 1937 Deus
2052 1898 2396 1953 progressus
2427 1886 2516 1938 est
2543 1882 2602 1937 in
2634 1883 2949 1938 virtutibus
2979 1884 3320 1940 Judzeorum
3349 1887 3512 1942 900

1868 1971 2102 2042 quando
2131 1971 2267 2026 Jesu
2303 1971 2456 2026 Nave
2502 1971 2711 2026 ducem
2763 1971 2986 2026 militiae
3027 1973 3275 2035 cmlestis
3307 1975 3511 2029 adora-

1868 2059 1948 2114 vit
1975 2076 1987 2112 :
2023 2065 2081 2114 et
2111 2059 2237 2114 ideo
2270 2059 2396 2114 sine
2427 2059 2578 2115 ferro
2609 2060 2767 2126 vicit,
2801 2066 2858 2114 et
2899 2060 3024 2116 sine
3059 2060 3180 2116 ulla
3209 2061 3513 2117 obsidione

1870 2148 2156 2203 destruxit
2180 2149 2383 2203 urbem
2415 2147 2664 2212 Jericho,
2700 2166 2825 2219 quae
2848 2149 3098 2204 habebat
3119 2149 3512 2207 validissimos

1871 2254 2090 2292 muros.
2122 2237 2364 2302 Quando
2392 2239 2548 2292 enim
2582 2255 2927 2310 progressus
2956 2243 3044 2294 est
3088 2239 3150 2294 in
3196 2239 3512 2296 virtutibus

1869 2342 2168 2381 servorum
2227 2342 2470 2382 suorum
2518 2326 2693 2391 Deus,
2756 2327 2994 2382 victoria
3046 2332 3357 2384 consecuta
3401 2333 3513 2385 est.

1868 2414 2016 2470 Nam
2049 2430 2394 2487 progressus
2425 2421 2513 2471 est
2539 2414 2783 2488 angelus
2814 2416 2886 2470 ad
2917 2416 3171 2472 Ezechiae
3206 2433 3428 2489 preces,
3460 2421 3517 2473 et

1870 2503 2075 2559 stravit
2115 2503 2458 2560 innumeras
2506 2504 2704 2575 copias
2747 2504 3144 2576 Assyriorum.
3189 2506 3300 2560 Sed
3339 2507 3516 2561 inter-

1871 2593 2014 2648 dum
2035 2598 2090 2648 et
2133 2609 2282 2665 quos
2316 2591 2520 2647 vultin
2541 2593 2860 2648 certamine
2910 2593 3172 2649 coronari
3206 2594 3513 2664 Dominus,

1871 2681 2050 2738 veluti
2083 2681 2432 2754 derelinquit
2462 2681 2535 2737 ad
2566 2685 2824 2753 tempus,
2869 2685 2932 2736 ut
2979 2682 3093 2737 fide
3120 2683 3377 2755 vincant,
3408 2701 3513 2740 nec

1872 2773 2045 2826 rebus
2095 2771 2366 2826 secundis
2415 2774 2471 2825 et
2538 2769 2832 2841 prosperis
2880 2770 3108 2825 devotio
3158 2772 3510 2828 remittatur.

1871 2859 2132 2929 Denique
2161 2875 2311 2931 saepe
2342 2859 2442 2930 qui
2473 2874 2884 2930 prosperorum
2918 2875 3116 2927 cursu,
3150 2864 3206 2914 et
3236 2861 3515 2916 secundo-

1872 2965 2002 3004 rum
2036 2948 2415 3019 usurpatione
2445 2946 2798 3013 ceciderunt,
2830 2947 3206 3020 corriguntur
3236 2950 3511 3006 adversis.

1875 3039 2003 3094 Ideo
2036 3037 2368 3106 frequenter
2396 3035 2731 3091 invenimus
2773 3035 3006 3091 Judseos
3056 3041 3190 3108 post
3216 3037 3516 3094 victoriam

1875 3128 2090 3198 lapsos,
2126 3130 2257 3197 post
2285 3124 2587 3180 servitium
2632 3129 2941 3192 correctos,
2993 3126 3131 3196 quia
3161 3127 3432 3198 precibus
3462 3131 3518 3183 et

109 3219 288 3285 otior,
329 3233 462 3272 cum
502 3215 628 3288 ipse
677 3215 920 3269 intraret
968 3214 1024 3268 in
1073 3214 1516 3270 tabernaculum
1566 3233 1762 3287 suum,
1797 3194 1838 3261 Ο
1877 3213 2376 3288 deplorationibus
2401 3213 2584 3268 Deum
2617 3214 2687 3267 ad
2721 3229 2782 3268 se
2814 3213 3002 3268 redire
3032 3214 3307 3270 fecerunt.

113 3304 518 3365 descendebat
547 3305 617 3360 ad
650 3320 784 3360 eum
815 3303 1088 3359 columna
1136 3303 1331 3368 nubis,
1383 3309 1438 3359 et
1485 3306 1678 3360 stabat
1708 3305 1768 3361 in

114 3396 277 3455 ostio
308 3391 689 3460 tabernaculi,
723 3396 780 3446 et
811 3397 974 3447 stans
1022 3395 1177 3447 totus
1209 3391 1461 3464 populus
1491 3393 1768 3450 adorave-

115 3490 270 3542 runt
303 3483 709 3554 unusquisque
738 3481 809 3536 ad
831 3480 1046 3536 ostium
1069 3479 1429 3537 tabernaculi
1454 3481 1544 3536 sui
1569 3481 1766 3552 (Exod.

112 3591 332 3643 XXXIII,
362 3573 398 3627 9
424 3581 474 3628 et
507 3572 630 3642 10):
665 3571 724 3626 in
768 3570 922 3625 nube
973 3572 1168 3625 autem
1217 3570 1540 3638 Dominus;
1575 3572 1772 3643 posuit

111 3665 286 3722 enim
318 3662 488 3734 (Psal.
517 3679 659 3727 XVII,
694 3660 778 3731 12)
811 3660 1080 3714 tenebras
1113 3657 1424 3714 latibulum
1469 3677 1664 3715 suum.
1701 3661 1770 3716 Ut

111 3754 282 3811 scias
331 3754 524 3806 autem
579 3749 716 3820 quia
759 3748 829 3802 de
875 3747 1120 3802 Domino
1170 3747 1346 3802 dicit:
1380 3771 1406 3797 ‹‹
1441 3749 1510 3803 Et
1538 3747 1768 3804 locutus

112 3847 232 3908 est,
267 3838 480 3912 inquit,
513 3837 798 3892 Dominus
828 3836 901 3891 ad
925 3835 1159 3907 Moysen
1183 3835 1374 3908 (Exod.
1399 3854 1599 3902 XXXIII,
1635 3839 1708 3907 1).
1739 3861 1766 3888 ››

113 3929 290 3999 Quod
322 3932 516 3983 autem
548 3929 709 3981 extra
747 3929 938 3979 castra
982 3923 1426 3980 tabernaculum
1458 3926 1641 3998 Moysi
1672 3943 1770 3998 po-

113 4020 308 4075 situm
339 4032 466 4072 esse
496 4019 1006 4080 commemoratur,
1040 4017 1102 4067 ut
1128 4019 1456 4069 occurreret
1483 4015 1618 4086 Deo,
1653 4033 1768 4071 non

67 4108 76 4114 ’
112 4107 354 4163 videtur
382 4120 509 4160 esse
539 4102 935 4167 contrarium;
969 4101 1070 4172 qui
1120 4101 1278 4156 enim
1322 4106 1506 4158 Deum
1535 4104 1766 4176 quierit,

112 4195 297 4269 quasi
327 4193 399 4250 ad
431 4192 616 4248 Deum
646 4192 844 4258 intrat,
894 4193 950 4246 et
996 4193 1116 4245 tota
1156 4194 1348 4246 mente
1377 4191 1449 4246 ad
1483 4193 1768 4264 cognitio-

115 4301 260 4342 nem
294 4285 424 4355 ejus
465 4279 813 4354 ingreditur.

191 4376 284 4429 28.
311 4373 517 4429 Justus
548 4386 682 4442 ergo
715 4368 893 4424 intrat
919 4368 990 4424 ad
1014 4367 1349 4438 Dominum,
1373 4368 1527 4426 sicut
1548 4371 1770 4444 Moyses

115 4463 383 4520 intrabat
411 4461 472 4515 in
499 4459 714 4515 nubem
739 4475 751 4512 :
787 4458 846 4512 in
881 4457 1032 4513 nube
1054 4461 1248 4513 autem
1273 4457 1446 4514 Deus.
1470 4458 1766 4532 Denique:

1948 3308 2036 3361 31.
2069 3305 2230 3361 Unde
2261 3306 2316 3359 et
2344 3301 2487 3357 illud
2530 3302 2684 3373 quod
2725 3302 3048 3357 secundum
3095 3303 3390 3359 hominem
3423 3306 3516 3360 di-

1878 3401 2036 3453 ctum
2067 3398 2172 3461 est,
2207 3397 2265 3448 et
2294 3390 2552 3446 hominis
2582 3389 2874 3458 affectum,
2908 3389 3043 3444 huic
3066 3391 3364 3445 sententiae
3398 3410 3512 3448 non

1879 3486 2183 3556 repugnat,
2245 3479 2383 3553 quia
2451 3478 2597 3534 dixit
2652 3477 2972 3533 Dominus:
3039 3503 3064 3527 ‹‹
3128 3479 3303 3546 Deus,
3363 3481 3516 3538 Deus

1880 3589 2066 3639 meus,
2106 3569 2328 3642 respice
2356 3568 2413 3622 in
2447 3584 2560 3637 me,
2594 3583 2774 3638 quare
2817 3583 2911 3622 me
2941 3567 3310 3640 dereliquisti
3342 3571 3512 3641 (Psul.

1878 3678 1994 3727 XXI,
2026 3659 2080 3730 ‘2)
2112 3659 2140 3713 ‘I
2174 3681 2200 3706 »
2231 3658 2358 3712 Non
2389 3656 2544 3729 quod
2593 3654 2906 3712 derelictus
2953 3657 3032 3711 sit
3079 3657 3384 3726 Dominus,
3419 3660 3518 3731 qui

1880 3750 1960 3804 ait
1989 3748 2167 3804 alibi:
2205 3770 2232 3796 ‹‹
2283 3745 2568 3809 Quoniam
2619 3743 2778 3799 solus
2827 3761 2942 3799 non
2999 3763 3153 3814 sum,
3184 3747 3321 3817 quia
3353 3747 3521 3820 Pater

1879 3854 2108 3894 mecum
2140 3840 2230 3892 est
2260 3837 2436 3908 (Joan.
2481 3851 2599 3901 XVI,
2628 3834 2739 3905 31),
2777 3857 2804 3881 »
2855 3835 2954 3889 sed
3005 3835 3144 3906 quia
3191 3837 3516 3892 secundum

1877 3943 2111 3984 carnem
2161 3923 2418 3980 hominis
2466 3928 2524 3979 et
2578 3923 2872 3992 aﬂ‘ectum,
2929 3923 3028 3994 qui
3086 3923 3145 3978 in
3204 3925 3518 3982 certamine

1877 4015 2037 4088 gravi
2063 4017 2151 4070 est
2180 4012 2553 4079 constitutus,
2590 4011 2902 4067 derelictus
2932 4011 3162 4066 videtur
3192 4031 3222 4066 a
3247 4013 3514 4070 Domino.

1876 4104 2137 4176 Denique
2169 4119 2282 4157 non
2312 4101 2517 4168 otiose,
2549 4101 2631 4153 ait
2659 4100 2966 4171 scriptura,
3001 4100 3137 4171 quia
3174 4107 3303 4172 post
3331 4106 3517 4159 tenta-

1876 4193 2095 4248 tionem
2153 4190 2402 4263 primam
2435 4187 2705 4243 discessit
2733 4189 2802 4242 ab
2833 4205 2898 4243 eo
2925 4188 3192 4244 diabolus
3226 4207 3411 4262 usque
3443 4192 3516 4247 ad

1878 4288 2112 4354 tempus
2144 4282 2291 4350 (Luc.
2322 4296 2398 4347 Iv,
2434 4278 2540 4348 13),
2573 4276 2679 4331 hoc
2710 4280 2818 4342 est,
2852 4293 3039 4348 usque
3073 4277 3145 4332 ad
3183 4269 3473 4335 certamen
3501 4298 3514 4350 ;

1880 4371 1979 4426 ubi
2009 4369 2168 4425 enim
2198 4383 2477 4440 magnum
2521 4369 2812 4420 certamen
2863 4382 3041 4420 sacrae
3089 4367 3382 4438 passionis
3415 4370 3518 4424 ad-

1877 4459 2054 4528 venit,
2082 4457 2294 4514 iterum
2328 4453 2694 4510 adversarius
2715 4453 2786 4508 ad
2823 4457 3174 4510 testamenta
3195 4456 3478 4512 successit
3501 4475 3514 4513 :

115 4553 306 4608 «Ecce
337 4547 621 4605 Dominus
651 4546 806 4602 venit
850 4546 910 4602 in
959 4547 1112 4601 nube
1159 4545 1267 4602 levi
1316 4547 1444 4616 (lsa.
1479 4566 1592 4617 XIX,
1630 4550 1701 4621 1).
1737 4573 1766 4600 ››
1799 4562 1843 4626 D
1875 4552 2049 4606 homo
2081 4551 2275 4602 autem
2309 4544 2540 4616 quando
2571 4542 2727 4599 velut
2756 4543 2814 4597 in
2846 4543 3121 4615 ambiguo
3165 4543 3518 4602 constitutus

114 4643 188 4697 Et
239 4639 300 4694 in
350 4636 661 4709 Evangelio
711 4636 890 4691 habes
936 4635 1262 4706 scriptum:
1299 4657 1327 4686 ‹‹
1375 4637 1520 4692 Cum
1572 4642 1766 4694 autem

113 4745 278 4793 oras,
311 4725 468 4782 intra
512 4724 573 4781 in
622 4723 958 4781 cubiculum
1006 4728 1198 4793 tuum,
1251 4729 1305 4778 et
1351 4723 1550 4780 clauso
1594 4728 1764 4797 ostio,

114 4834 224 4874 ora
252 4816 484 4870 Patrem
517 4819 685 4869 tuum
718 4814 775 4868 in
808 4811 1180 4869 abscondito:
1216 4815 1274 4866 et
1302 4811 1468 4867 Pater
1497 4817 1634 4868 tuus
1663 4817 1765 4886 qui

111 4906 283 4962 videt
324 4904 384 4959 in
435 4901 794 4970 abscondito,
846 4901 1048 4956 reddet
1094 4899 1198 4956 tibi
1241 4900 1462 4971 (Matth.
1514 4918 1590 4967 γι,
1624 4903 1700 4973 6).
1735 4925 1763 4951 ››

113 4995 273 5067 Ergo
303 4994 463 5048 intus
497 4991 661 5064 quasi
703 4990 761 5044 in
809 4988 1077 5045 cubiculo
1125 4993 1224 5044 tuo
1274 4989 1427 5044 Deus
1474 4993 1581 5045 est.
1618 4991 1763 5045 Audi

112 5084 302 5140 etiam
334 5080 495 5148 alibi,
551 5080 689 5152 quia
735 5079 895 5135 intus
946 5084 1034 5134 est
1081 5079 1256 5134 Deus.
1292 5101 1320 5128 «
1353 5079 1514 5148 Ecce,
1547 5079 1760 5151 inquit,

112 5170 409 5228 Dominus
454 5170 726 5242 procedet
773 5169 843 5224 de
889 5165 1014 5224 loco
1063 5184 1191 5238 suo,
1247 5171 1304 5223 et
1353 5168 1663 5224 descendet
1709 5173 1767 5225 et

111 5260 398 5317 ascendet
427 5275 604 5331 super
632 5256 858 5315 excelsa
886 5261 1074 5326 terrai,
1105 5261 1161 5314 et
1181 5259 1572 5314 movebuntur
1603 5275 1766 5315 mon-

110 5353 206 5406 tes
239 5348 350 5405 sub
380 5365 468 5417 eo,
502 5351 559 5404 et
589 5345 768 5402 valles
816 5345 1143 5419 liquescant
1190 5345 1368 5418 (Mich.
1404 5364 1444 5411 ι,
1475 5346 1509 5400 3
1537 5351 1589 5403 et
1622 5348 1697 5419 4).
1735 5369 1762 5396 ››

187 5510 304 5581 (56)
335 5509 484 5581 Edit.
523 5509 710 5581 Rom.,
741 5511 799 5581 et,
820 5506 1142 5581 eccundedit
1169 5507 1618 5581 nabes‘mongtem.

187 5577 427 5653 (57'Hoc
473 5580 600 5636 loco
649 5580 706 5635 id
755 5579 1048 5653 signiﬁcat
1091 5577 1438 5635 Ambrosius
1467 5579 1764 5653 Qhristum

111 5648 333 5736 gradus
383 5667 594 5714 omnes
641 5667 706 5710 ac
753 5648 922 5714 no'tas
979 5648 1378 5711 humanorum
1425 5649 1760 5728 affectuum,

1876 4643 1982 4706 est,
2017 4640 2182 4708 putat
2211 4651 2272 4689 se
2305 4651 2338 4688 a
2367 4634 2482 4688 Deo
2514 4649 2619 4688 suo
2649 4648 2776 4687 esse
2806 4632 3122 4688 desertum.
3171 4633 3278 4688 Sed
3313 4650 3518 4705 quem-

1876 4726 2191 4782 admodum
2225 4724 2333 4778 hoc
2379 4722 2702 4778 secundum
2754 4720 2946 4776 carnis
3001 4722 3273 4778 affectum
3307 4723 3518 4795 accipi-

1876 4832 2048 4881 mus;
2083 4812 2221 4884 quia
2250 4812 2361 4867 sibi
2404 4810 2577 4866 homo
2630 4811 2791 4866 visus
2841 4815 2929 4866 est
2979 4810 3314 4878 derelictus,
3349 4813 3518 4883 cujus

1876 4920 2212 4976 processum
2265 4907 2536 4972 operatus
2582 4905 2671 4956 est
2719 4900 2986 4956 Christus
3035 4900 3090 4954 in
3144 4916 3381 4972 corpore
3411 4917 3518 4956 suo

1875 4992 1984 5062 (57)
2012 5009 2023 5046 :
2058 4991 2139 5045 ita
2166 4989 2339 5044 etiam
2373 4988 2676 5043 divinitate
2708 4988 2929 5044 sciebat
2970 5005 3031 5042 se
3082 5004 3383 5059 nunquam
3414 4990 3519 5044 de-

1876 5079 2124 5150 relinqui
2158 5095 2192 5132 a
2227 5082 2411 5143 Patre,
2445 5077 2586 5146 quia
2615 5077 2740 5147 ipse
2787 5077 2972 5132 dixit:
3009 5100 3035 5126 «
3090 5078 3204 5148 Ego
3237 5077 3293 5132 in
3327 5077 3516 5144 Patre,

1874 5173 1930 5224 et
1956 5171 2126 5223 Pater
2155 5167 2213 5221 in
2246 5181 2338 5220 me
2378 5167 2554 5235 (Joan.
2603 5181 2721 5233 XIv,
2754 5167 2843 5235 10)
2877 5190 2897 5218 ι
2953 5170 3010 5220 et
3050 5166 3241 5223 solum
3293 5182 3353 5222 se
3402 5183 3518 5222 non

1874 5274 2002 5314 esse
2033 5255 2307 5329 signavit.

1945 5348 2032 5402 3'2.
2143 5342 2352 5415 (Vers.)
2454 5341 2774 5397 Substituit
2882 5343 3057 5398 etiam
3165 5344 3518 5401 versiculum

1876 5505 2244 5564 innoxiorum
2274 5500 2562 5580 videlicet,
2597 5501 2654 5556 in
2687 5499 3057 5557 humanitate
3098 5519 3208 5560 sua
3233 5504 3522 5580 suscepis~

1873 5597 1955 5650 se,
1987 5583 2044 5636 et
2074 5593 2188 5652 pris
2216 5590 2279 5633 se
2311 5571 2537 5632 tulisse.
