3856 6206
357 271 510 334 1159

353 403 531 458 istum
564 419 574 454 :
630 425 656 449 ‹‹

355 493 590 548 nostris.
624 514 649 540 ››
683 490 806 544 Non
839 494 926 544 est
957 487 1121 553 bene,
1173 487 1274 559 qui
1324 491 1642 542 retrorsum
1693 488 1998 554 avertitur,

355 579 492 652 quia
525 601 552 628 ‹‹
599 595 768 633 nemo
817 579 1057 634 mittens
1097 593 1337 631 manum
1389 575 1447 630 in
1499 579 1780 642 aratrum,
1813 577 1996 646 respi-

351 669 512 723 ciens
541 673 714 733 retro,
749 666 962 720 habilis
1009 672 1089 720 esi
1146 681 1324 737 regno
1373 663 1473 719 Dei
1523 665 1672 734 (Luc.
1706 681 1782 730 1x,
1815 665 1927 730 62).
1965 685 1991 711 ››

354 756 608 828 Denique
641 771 785 810 uxor
811 755 934 819 Lot,
971 753 1108 824 quia
1130 758 1282 808 retro
1311 753 1579 824 respexit,
1615 753 1685 806 ad
1718 751 1989 806 verticem

350 846 587 914 montis,
620 843 727 898 hoc
754 847 860 908 est,
895 842 962 896 ad
995 841 1295 913 superiora
1317 841 1613 912 pervenire
1637 857 1747 895 non
1776 840 1982 912 potuit,

349 934 446 988 sed
483 932 539 985 in
569 930 749 986 salem
782 947 1059 986 conserva
1089 935 1195 995 est,
1244 947 1370 1000 qua:
1416 929 1636 1000 species
1667 929 1780 982 cita
1813 927 1992 983 solvi-

349 1027 462 1086 tur,
491 1036 596 1076 nec
628 1023 818 1090 potest
849 1035 1022 1073 usum
1062 1018 1275 1073 habere
1329 1018 1697 1072 diuturnum.
1732 1016 1823 1071 Sic
1855 1021 1996 1071 sunt

349 1109 450 1181 qui
481 1106 825 1181 temporalia
856 1111 1204 1178 sequuntur,
1240 1111 1296 1161 et
1326 1122 1440 1160 non
1475 1110 1802 1176 sequuntur
1832 1111 1992 1160 aeter-

348 1215 462 1252 na:
503 1203 561 1252 et
591 1196 684 1250 hic
726 1196 1091 1249 infatuantur
1137 1211 1172 1248 a
1219 1193 1470 1249 stultitia
1516 1211 1642 1259 sua,
1688 1199 1743 1249 et
1770 1193 1990 1248 futuro-

347 1303 478 1341 rum
509 1284 759 1358 gratiam
795 1283 1006 1338 habere
1039 1300 1152 1338 non
1185 1287 1448 1354 possunt.
1485 1282 1633 1337 Sunt
1661 1287 1854 1337 tamen
1889 1282 1990 1353 qui

346 1381 497 1430 retro
526 1372 699 1446 positi
732 1372 1160 1427 obliviscuntur
1193 1370 1584 1442 superiorum,
1618 1375 1673 1425 et
1695 1371 1765 1426 ad
1797 1370 1991 1443 priora

347 1482 407 1518 se
439 1463 778 1530 extendunt,
803 1465 864 1514 ut
899 1460 967 1513 ad
1003 1458 1266 1514 bravium
1294 1457 1524 1514 valeant
1570 1459 1886 1530 pervenire.
1923 1459 1990 1514 Et

345 1554 510 1607 Petro
542 1547 794 1604 dicitur:
831 1573 856 1597 ‹‹
893 1548 1048 1602 Vade
1081 1552 1232 1602 retro
1265 1564 1375 1612 me,
1409 1548 1623 1602 Satana
1645 1547 1828 1618 (Marc.
1861 1565 1984 1618 vin,

341 1643 454 1711 33),
491 1663 518 1688 »
553 1644 617 1694 ut
647 1639 704 1693 in
736 1637 944 1693 melius
977 1642 1336 1707 provocetur.
1384 1636 1449 1690 Et
1491 1636 1549 1690 in
1583 1635 1842 1692 numeris
1874 1637 1986 1706 (58)

342 1729 500 1802 prior
527 1732 634 1800 est,
667 1727 767 1799 qui
792 1731 920 1798 post
951 1723 1246 1780 Christum
1280 1729 1388 1778 est.
1417 1725 1546 1778 Ideo
1577 1741 1711 1796 ergo
1730 1739 1852 1795 pra:
1880 1726 1985 1778 ini-

340 1801 520 1886 micis,
561 1815 700 1887 quia
748 1813 831 1868 illi
881 1830 987 1867 nos
1035 1814 1303 1883 at'llgunt,
1353 1817 1409 1867 et
1458 1811 1541 1866 illi
1596 1812 1974 1867 insectantur.

341 1907 679 1965 Retrorsum
713 1920 817 1958 nos
845 1917 970 1957 esse
1002 1901 1256 1967 voluisti,
1285 1906 1348 1955 ut
1367 1901 1750 1955 extendamus
1782 1917 1886 1956 nos
1905 1902 1977 1955 ad

339 1995 661 2070 superiora,
695 1998 758 2046 ut
785 2007 1014 2062 semper
1045 1995 1176 2045 ante
1212 2007 1316 2044 nos
1348 1989 1742 2054 attendamus,
1774 2005 1975 2060 perse-

336 2089 581 2157 quentes
611 2081 882 2138 inimicos
912 2085 1163 2145 nostros,
1197 2084 1252 2134 et
1277 2095 1479 2134 eorum
1500 2077 1692 2132 locum
1727 2078 1976 2133 transire

336 2173 658 2248 cupientes.

405 2257 492 2316 33.
542 2260 800 2330 Denique
864 2258 946 2311 sic
995 2255 1351 2310 'l‘heodotion
1415 2255 1608 2321 habet,
1681 2257 1972 2326 quomodo

334 2348 718 2424 Septuaginta
765 2345 892 2411 viri,
941 2345 1048 2399 hoc
1101 2351 1210 2409 est,
1263 2345 1554 2416 quomodo
1606 2345 1714 2399 iste
1771 2361 1973 2400 versus

332 2437 631 2510 expositus
679 2439 786 2490 est.
837 2434 1048 2504 Aquila
1096 2433 1302 2487 habet:
1356 2432 1624 2487 Avertisti
1667 2450 1774 2488 nos
1822 2441 1972 2489 retro

331 2528 404 2582 ab
437 2524 750 2596 afﬂigente.
788 2545 813 2569 ››
845 2519 1274 2593 Symmachus:
1312 2543 1338 2568 «
1390 2519 1682 2575 Ordinasti
1733 2537 1837 2574 nos
1870 2537 1969 2575 no-

331 2616 604 2672 vissimos
653 2613 724 2667 ab
776 2609 936 2666 omni
999 2607 1403 2664 adversario.»
1452 2609 1755 2664 Contraria
1805 2608 1972 2663 nobis

331 2687 457 2777 qua:
490 2706 650 2769 sunt,
702 2700 815 2756 nisi
847 2701 990 2754 901
1030 2697 1399 2770 voluptuaria
1447 2696 1619 2753 istius
1669 2697 1886 2763 saeculi,
1918 2702 1975 2752 et

331 2795 504 2866 plena
533 2790 877 2847 deliciarum
919 2793 1092 2858 atque
1137 2785 1405 2853 lasciviae,
1440 2791 1496 2841 et
1547 2803 1671 2857 qua:
1715 2792 1854 2841 sunt
1882 2787 1971 2841 in-

330 2882 558 2938 centiva
588 2877 827 2934 luxuria:
855 2879 878 2931 ?
907 2875 1058 2930 Uxor
1089 2876 1193 2931 Lot
1236 2875 1476 2946 decepta
1521 2880 1628 2941 est,
1675 2875 1814 2946 quia
1841 2879 1974 2946 post

331 2987 392 3028 se
423 2969 678 3024 habebat
706 2964 998 3020 luxuriam
1050 2964 1583 3028 Sodominatorum,
1633 2968 1689 3018 et
1720 2964 1972 3035 regionis

330 3061 457 3130 ejus
480 3057 803 3112 illecebras.
839 3053 997 3108 Unde
1026 3055 1267 3124 decepta
1296 3057 1385 3108 est
1404 3053 1431 3106 ‘I
1462 3051 1609 3117 Quia
1639 3057 1772 3123 post
1801 3069 1861 3108 se
1889 3069 1973 3107 re-

1813 265 1878 330 s.
1922 259 2296 354 Amaosii

721 399 989 456 Avertisti
1038 415 1144 454 nos
1191 401 1508 454 retrorsum
1571 413 1690 470 prie
1737 397 1990 452 inimicis
2022 402 2072 464 Α
2106 399 2257 452 Deus
2282 417 2384 454 nos
2410 401 2701 472 apostolos
2719 401 3068 462 novissimos
3097 405 3370 474 ostendit,
3395 408 3530 466 sicut
3547 417 3685 469 morti

3565 274 3688 358 {[60

2109 488 2452 555 destinatos,
2484 495 2545 544 ut
2577 491 2972 562 spectaculum
3006 491 3190 558 simus
3241 493 3376 566 huic
3413 499 3619 569 munde,
3643 510 3689 559 et

2108 575 2331 646 angelis
2361 583 2418 631 et
2449 579 2788 644 hominibus
2815 581 2858 651 (Ι
2891 584 3018 637 Cor.
3056 599 3130 648 IV,
3161 584 3236 652 9).
3275 605 3302 632 ››
3349 583 3684 656 Novissimum

2108 679 2170 717 se
2202 663 2369 730 dixit,
2403 671 2460 720 et
2491 667 2642 722 idem
2674 672 2869 725 tamen
2911 671 3064 742 quod
3095 671 3321 742 primus
3366 655 3504 740 esset
3525 681 3684 744 esten-

2105 751 2213 818 dit,
2243 769 2376 808 cum
2409 754 2582 810 dicit:
2617 779 2645 806 «
2675 756 2884 813 Nostra
2914 763 3110 814 autem
3148 761 3493 817 conversatio
3521 762 3569 818 in
3595 765 3684 821 cce-

2105 841 2175 900 lis
2206 848 2291 898 est
2322 842 2562 915 Philipp.
2602 861 2687 910 11.,
2715 846 2826 914 20).
2865 869 2892 894 ›ι
3009 839 3011 842 ⁴

2173 936 2261 1001 34,
2297 935 2478 1006 (Vers.
2513 935 2627 1001 42.)
2657 933 2968 1004 Sequitur:
3008 957 3034 983 (ί
3071 937 3139 990 Et
3183 936 3283 1009 qni
3337 937 3555 994 oderant
3579 959 3682 1011 nos,

2104 1022 2598 1095 diripiebantsibi.
2623 1021 2840 1092 Dedisti
2861 1025 2967 1077 nes
2986 1028 3268 1094 tanquam
3286 1041 3416 1080 oves
3440 1042 3684 1101 escarum,

2103 1117 2158 1166 et
2187 1112 2242 1166 in
2292 1112 2559 1167 nationes
2612 1110 2940 1182 dispersisti
2993 1128 3119 1166 nos.
3159 1133 3188 1161 «
3237 1112 3458 1168 Miraris
3485 1114 3685 1186 forsitan

2101 1201 2256 1272 quod
2287 1217 2420 1255 cum
2453 1200 2510 1254 in
2544 1197 2984 1270 posterioribus,
3018 1204 3080 1254 ut
3112 1200 3391 1268 diximus,
3436 1218 3680 1260 summam

2100 1289 2351 1344 habeant
2369 1289 2497 1343 fidei
2528 1286 2916 1342 constantiam
2938 1288 3036 1358 qui
3056 1286 3396 1359 loquuntur,
3419 1289 3505 1346 hic
3523 1291 3687 1348 dicant

2100 1379 2255 1449 quod
2295 1379 2366 1432 ab
2411 1377 2484 1432 iis
2533 1375 2629 1448 qui
2683 1374 2925 1430 oderant
2974 1391 3093 1444 eos,
3146 1376 3683 1448 diripiebantur:sed

2098 1483 2210 1521 non
2244 1470 2299 1521 te
2329 1464 2442 1519 ista
2461 1467 2837 1536 perterreant.
2869 1461 3032 1518 Multi
3061 1463 3216 1519 enim
3239 1463 3331 1520 hic
3357 1453 3685 1538 diripiuntur,

2097 1559 2152 1610 et
2182 1560 2374 1609 tamen
2409 1552 2616 1608 merita
2643 1568 2842 1607 eorum
2878 1568 2911 1606 a
2953 1552 3180 1607 Christo
3229 1569 3344 1608 non
3393 1561 3592 1624 queunt
3614 1573 3685 1628 se-

2097 1643 2307 1716 parari.
2343 1642 2742 1714 Rapiebantur
2771 1639 3036 1712 apostoli,
3060 1640 3429 1697 caedebantur
3445 1640 3618 1716 virgis,
3638 1647 3685 1700 in

2094 1748 2383 1788 carcerem
2421 1729 2824 1794 trudebantur,
2859 1729 3282 1800 separabantur
3301 1747 3334 1785 a
3356 1747 3432 1796 se,
3454 1737 3506 1787 et
3521 1738 3685 1790 tamen

2090 1838 2222 1877 cum
2255 1819 2484 1875 Christo
2518 1817 2868 1873 manebant:
2901 1817 3016 1872 imo
3048 1816 3156 1873 hoc
3196 1817 3324 1892 ipso
3354 1821 3498 1890 quod
3527 1813 3681 1894 rapie-

2089 1911 2302 1965 bantur
2347 1925 2379 1961 a
2426 1907 2684 1979 perﬁdis,
2747 1923 2948 1961 eorum
3007 1907 3217 1962 merita
3263 1903 3595 1976 crescebant,
3639 1915 3685 1980 et

2088 2002 2253 2066 grata
2283 1997 2339 2050 in
2382 1994 2715 2050 cmlestibus
2764 1993 3104 2068 augebatur.
3152 1994 3277 2050 Non
3328 1995 3477 2051 enim
3517 1987 3681 2052 statim

2089 2087 2187 2157 qui
2220 2087 2291 2140 ab
2323 2083 2664 2138 hominibus
2713 2081 3006 2153 diripitur,
3057 2083 3234 2137 etiam
3281 2083 3540 2160 vincitur.
3569 2082 3684 2139 Vide

2083 2172 2411 2246 apostolum
2446 2168 2689 2225 Paulum
2734 2168 3089 2241 gratulatum
3141 2171 3200 2224 in
3255 2170 3517 2246 periculis
3544 2160 3681 2228 suis:

2084 2243 2212 2316 vide
2241 2260 2609 2332 gloriantem,
2645 2258 2796 2330 quod
2831 2275 2933 2330 per
2963 2257 3277 2313 fenestram
3300 2243 3369 2313 in
3402 2243 3580 2330 sporta
3604 2259 3682 2314 de-

2083 2351 2301 2405 missus
2330 2349 2425 2404 sit.
2458 2347 2599 2401 Vide
2622 2347 3118 2418 quemadmodum
3143 2354 3386 2402 sanctus
3410 2347 3679 2414 Jeremias,

2081 2444 2318 2494 sanctus
2361 2434 2642 2501 Ezechiel,
2693 2440 2931 2490 sanctus
2979 2434 3177 2490 Daniel
3225 2435 3288 2490 in
3329 2434 3679 2508 captivitatem

2079 2527 2336 2594 deducti,
2371 2530 2427 2580 et
2454 2526 2526 2579 ab
2554 2522 2806 2596 Assyriis
2836 2523 3069 2595 direpti,
3103 2523 3329 2579 nullam
3361 2530 3542 2579 tamen
3567 2510 3678 2601 cap-

2081 2616 2362 2672 tivitatem
2396 2613 2639 2687 proprizs
2681 2611 2813 2667 ﬁdei
2863 2613 3246 2683 pertulerunt,
3307 2613 3492 2690 neciin
3520 2601 3682 2690 Testa-

2081 2710 2344 2760 mentum
2376 2701 2605 2758 Domini
2637 2701 2958 2771 deliquere,
2991 2701 3089 2772 qui
3138 2687 3508 2758 servaverunt
3534 2702 3584 2755 in
3610 2687 3682 2756 lca-

2082 2793 2342 2866 ptivitate
2363 2791 2541 2848 etiam
2577 2790 2719 2861 legis
2742 2794 3028 2862 prmcepta
3057 2789 3286 2857 divinae,
3324 2806 3427 2846 nee
3451 2791 3514 2845 de
3543 2789 3682 2843 inter-

2079 2883 2250 2937 dictis
2283 2881 2428 2936 cibis
2459 2883 2807 2951 putaverunt
2837 2883 3038 2933 contra
3073 2877 3504 2935 institutionem
3531 2877 3680 2947 maio-

2082 2987 2204 3026 rem
2233 2969 2454 3040 aliquid
2487 2968 2910 3039 usurpandum.
3391 2953 3394 2964 ’

2150 3061 2239 3114 35.
2275 3058 2437 3112 Unde
2472 3057 2617 3112 bene
2653 3055 3010 3110 Theodotion
3062 3055 3243 3111 dixit:
3281 3079 3310 3105 ‹‹
3357 3055 3421 3110 Et
3461 3055 3553 3126 qui
3578 3053 3681 3108 ode-

329 3147 536 3220 spexit.
570 3147 638 3200 Et
669 3148 730 3199 tu
773 3159 909 3215 ergo
960 3158 1029 3197 ne
1081 3141 1151 3196 ad
1202 3141 1470 3195 inimicos
1501 3145 1633 3195 ῐυοε
1667 3139 1964 3212 ΡθδΡίείῖιδν
1997 3133 2041 3195 C
2082 3151 2212 3202 rant
2241 3162 2369 3211 nos,
2401 3143 2738 3200 exultabant
2773 3159 2949 3215 super
2975 3160 3081 3199 nos
3107 3161 3119 3212 ;
3148 3162 3178 3195 η
3227 3143 3525 3200 insultatio
3552 3138 3680 3198 enim

329 3236 524 3310 posuit
553 3240 609 3290 te
653 3234 808 3290 Deus
862 3231 1247 3286 novissimum
1297 3230 1357 3283 in
1405 3227 1636 3285 saeculo.
1673 3228 1811 3284 Vel:
1859 3229 1966 3292 Qui

328 3325 658 3381 humilitate
691 3339 751 3378 se
777 3321 1044 3376 ultimam
1073 3319 1228 3383 facit,
1254 3336 1367 3373 non
1395 3319 1750 3373 convertitur
1781 3324 1968 3383 retro;

330 3415 429 3469 sed
462 3428 692 3484 semper
723 3415 856 3466 ante
890 3408 1142 3479 respicit.
1177 3407 1248 3461 Ut
1287 3407 1437 3462 scias
1490 3412 1684 3461 autem
1719 3407 1816 3477 qui
1851 3405 1969 3460 sint

327 3501 551 3558 inimici
585 3501 692 3565 tui,
725 3499 862 3554 audi
894 3497 1223 3552 dicentem:
1259 3520 1284 3544 «
1319 3496 1490 3561 Audi,
1543 3495 1784 3551 Israel...
1817 3495 1968 3558 Quid

329 3594 418 3644 est
447 3589 600 3660 quod
633 3588 690 3640 in
725 3592 876 3640 terra
906 3602 967 3639 es
998 3583 1432 3639 inimicorum...
1466 3582 1718 3655 pollutus
1741 3601 1802 3638 es
1833 3601 1966 3637 cum

331 3677 580 3732 mortuis
612 3673 848 3744 (Βαναεὴ
881 3689 962 3734 m,
1006 3673 1194 3740 9-11)?
1228 3695 1253 3721 ››
1303 3672 1442 3736 Quis
1476 3677 1669 3726 tamen
1702 3678 1818 3725 tam
1854 3672 1961 3726 ini-

332 3766 521 3820 micus
554 3769 609 3818 et
640 3761 825 3817 hostis
859 3766 1013 3824 tuus,
1047 3777 1220 3830 quam
1247 3760 1515 3832 princeps
1540 3760 1708 3815 istius
1742 3761 1964 3826 mundi,

330 3855 542 3925 eteius
574 3852 734 3912 socii.
771 3849 868 3920 qui
901 3849 1188 3920 persecuti
1219 3854 1355 3902 sunt
1404 3865 1586 3920 usque
1633 3851 1702 3904 ad
1737 3866 1967 3904 crucem

330 3942 643 3999 Dominum
685 3939 912 4004 Jesum,
963 3938 1091 4006 ejus
1137 3936 1457 4008 potentiam
1505 3937 1878 3993 nescientes?
1909 3939 1966 3992 Si

329 4031 483 4086 enim
515 4028 942 4102 cognovissent,
977 4041 1277 4096 nunquam
1309 4025 1618 4080 Dominum
1648 4027 1969 4097 majestatis

329 4119 774 4176 cruciﬁxissent.
810 4117 956 4188 Ergo
989 4121 1049 4170 tu
1083 4114 1190 4170 etsi
1223 4113 1577 4169 novissimus
1608 4131 1692 4182 es,
1718 4114 1833 4169 noli
1869 4115 1970 4169 ini-

331 4209 513 4265 micos
542 4213 674 4262 tuos
705 4205 873 4276 sequi
901 4223 912 4271 ;
962 4204 1062 4259 sed
1110 4219 1351 4274 sequere
1400 4202 1712 4257 Dominum
1743 4203 1968 4265 Jesum,

329 4304 387 4353 et
418 4313 649 4354 crucem
681 4296 808 4367 ejus
829 4311 960 4349 cum
985 4292 1206 4360 laetitia,
1230 4297 1286 4348 et
1307 4291 1510 4347 insiste
1543 4292 1800 4364 vestigiis
1820 4293 1966 4360 ejus.

331 4386 437 4452 Qui
469 4385 624 4441 enim
653 4383 954 4439 Christum
990 4380 1278 4454 sequitur,
1314 4387 1444 4452 post
1474 4398 1534 4436 se
1564 4398 1678 4437 non
1711 4383 1968 4454 respicit,

2076 3236 2449 3290 inimicorum
2468 3250 2581 3287 non
2605 3233 2768 3288 aﬂ'ert
2783 3231 3185 3304 praajudieium
3205 3233 3379 3288 bonis
3401 3231 3681 3297 mentibus,

2079 3323 2177 3379 sed
2213 3340 2315 3377 nec
2347 3321 2594 3392 direptio
2625 3320 3019 3376 inimicorum.
3071 3321 3328 3392 Ideoque
3367 3323 3588 3376 sanctus
3611 3318 3682 3372 di-

2079 3411 2174 3476 cit,
2211 3411 2308 3482 qui
2342 3415 2535 3465 certus
2567 3413 2654 3463 est
2684 3409 2836 3480 quod
2875 3408 3123 3480 direptio
3173 3409 3287 3464 sibi
3336 3409 3534 3465 obesse
3559 3406 3684 3464 οω

2083 3499 2414 3570 non-possit
2441 3514 2452 3552 :
2496 3518 2515 3542 α
2551 3496 2688 3560 Quis
2720 3513 2826 3551 nos
2856 3496 3150 3568 separabit
3178 3513 3212 3551 a
3242 3497 3524 3553 charitate
3545 3495 3685 3549 Chri-

2081 3589 2150 3640 sti
2173 3587 2200 3640 ?
2232 3586 2580 3663 Tribulatio,
2614 3601 2687 3640 an
2732 3583 3050 3657 angustia?
3083 3607 3109 3634 »
3161 3586 3228 3640 Et
3269 3577 3510 3641 caetera:
3542 3607 3566 3633 κ
3595 3581 3687 3640 Sed

2082 3678 2135 3730 in
2188 3677 2276 3730 his
2326 3675 2600 3729 omnibus
2643 3690 2990 3746 superamus
3021 3677 3078 3728 et
3115 3674 3574 3745 supervincimus
3609 3686 3690 3742 per

2079 3784 2210 3820 eum
2247 3765 2346 3835 qui
2379 3763 2581 3818 dilexit
2627 3779 2771 3828 nos;
2813 3762 3063 3818 scientes
3095 3763 3252 3835 quod
3305 3777 3492 3834 neque
3535 3775 3688 3824 mors,

2081 3872 2267 3926 neque
2300 3854 2435 3924 vita,
2469 3867 2655 3924 neque
2695 3851 2960 3923 angelus,
3013 3867 3200 3922 neque
3249 3852 3582 3916 Potestates,
3611 3864 3690 3904 ne-

2079 3961 2191 4014 que
2224 3942 2548 4014 praesentia,
2583 3956 2773 4013 neque
2819 3941 3082 3996 futura...
3129 3957 3411 4012 separare
3455 3955 3555 3996 nos
3583 3952 3693 4010 pos-

2081 4033 2198 4088 sint
2229 4049 2263 4085 a
2293 4031 2573 4086 charitate
2602 4030 2722 4096 Dei,
2753 4046 2879 4106 quae
2930 4034 3020 4084 est
3067 4029 3122 4083 in
3173 4029 3412 4086 Christo
3440 4029 3571 4084 Jesu
3599 4031 3689 4080 Do-

2083 4121 2242 4175 mino
2273 4124 2471 4174 nostro
2522 4119 2692 4187 (Rom.
2744 4133 2867 4183 vm,
2917 4117 3123 4186 35-39).
3159 4139 3187 4166 »
3248 4118 3404 4191 Ergo
3448 4115 3544 4190 qui
3585 4111 3694 4170 talis

2085 4213 2192 4275 est,
2227 4225 2344 4263 non
2377 4211 2681 4278 separatur
2709 4223 2743 4262 a
2771 4206 3018 4261 Christo.
3061 4205 3223 4261 Unde
3265 4206 3502 4262 etiamsi
3527 4218 3698 4274 corpo-

2085 4296 2286 4352 raliter
2316 4295 2648 4372 diripiatur,
2697 4293 3034 4372 spiritaliter
3079 4299 3279 4349 tamen
3331 4294 3482 4352 liber
3515 4295 3624 4349 est:
3652 4295 3698 4344 et

2084 4402 2200 4442 non
2227 4384 2415 4460 solum
2448 4371 2760 4455 direptioni
2787 4382 3074 4438 obnoxius
3106 4371 3220 4437 non
3272 4388 3388 4450 est,
3423 4384 3520 4440 sed
3549 4380 3696 4436 etiam

330 4475 387 4528 id
419 4479 526 4541 est,
557 4475 627 4529 ad
659 4471 920 4526 luxurias
953 4476 1126 4541 atque
1159 4469 1461 4524 illecebras
1495 4474 1884 4540 peccatorum,
1917 4474 1973 4526 et
2006 4491 2050 4554 ι)
2085 4473 2352 4545 rapinam
2385 4471 2495 4527 sibi
2527 4469 2877 4526 laudabilem
2910 4470 3151 4542 qumrit;
3185 4471 3347 4526 sicut
3385 4471 3471 4526 illi
3501 4471 3567 4527 de
3592 4466 3696 4540 qni-

333 4564 459 4618 ideo
493 4567 687 4634 potest
719 4561 909 4616 dicere
939 4577 1071 4615 cum
1110 4559 1362 4615 sanctis:
1396 4581 1424 4607 «
1459 4558 1583 4613 Non
1625 4559 1861 4613 recessit
1891 4576 1974 4614 re—

332 4657 421 4705 tro
453 4666 551 4704 cor
578 4653 843 4704 nostrum
887 4650 1083 4718 (In/ra,
1138 4665 1286 4702 vers.
1335 4647 1442 4715 19).
1481 4670 1507 4695 ››
1557 4645 1719 4701 Unde
1765 4647 1974 4702 intelli-

330 4739 488 4812 gitur
518 4739 673 4810 quod
706 4743 761 4792 et
789 4737 838 4791 is
861 4739 960 4808 qui
996 4741 1129 4791 ante
1163 4735 1432 4790 inimicos
1481 4752 1619 4790 suos
1664 4741 1770 4800 est,
1805 4736 1975 4791 corde

331 4830 397 4883 iit
418 4827 774 4884 novissimus
795 4832 969 4896 atque
993 4831 1348 4896 postremus,
1370 4825 1416 4878 si
1441 4824 1512 4878 ad
1528 4823 1658 4878 illos
1681 4825 1974 4892 respiciat,

330 4921 388 4974 et
417 4916 752 4973 carnalibus
774 4915 968 4986 potius
995 4929 1170 4984 quam
1196 4911 1556 4984 spiritalibus
1580 4915 1784 4967 all'ectu
1812 4930 1974 4968 men-

329 5007 406 5061 tis
437 5006 720 5063 intendat.
749 5005 942 5059 Potest
969 5004 1142 5058 etiam
1176 5002 1272 5073 qui
1302 5001 1654 5055 novissimus
1672 5007 1780 5066 est,
1805 5003 1973 5057 corde

332 5095 489 5167 prior
518 5110 668 5160 esse,
705 5093 752 5149 si
776 5110 844 5148 ea
877 5109 1001 5165 quae
1033 5091 1092 5145 in
1139 5091 1280 5145 cmlo
1328 5096 1485 5157 sunt,
1539 5091 1884 5156 consideret,
1919 5095 1976 5146 et

334 5201 444 5239 non
480 5201 606 5256 quae
640 5183 697 5238 in
730 5182 923 5238 terris.
956 5181 1107 5236 Audi
1140 5179 1280 5252 quia
1311 5179 1664 5234 novissimus
1694 5179 1752 5234 in
1795 5196 1974 5235 saecu-

332 5274 406 5341 lo,
439 5273 590 5329 inter
639 5271 858 5344 primos
909 5271 986 5326 sit
1033 5269 1186 5342 apud
1234 5268 1549 5324 Christum.
1586 5291 1613 5317 «
1667 5268 1806 5324 Puto
1839 5269 1977 5340 quia

401 5433 516 5498 (58)
545 5431 696 5485 Edit.
733 5432 924 5498 Rom.,
973 5431 1038 5484 Et
1083 5433 1142 5484 in
1188 5445 1416 5485 numero
1503 5431 1618 5484 νέον
1666 5437 1760 5484 est.
1814 5427 1972 5496 Alia},
2042 5401 2044 5403 θ

401 5517 506 5566 que
536 5517 704 5565 mss.,
735 5503 802 5556 Et
847 5504 908 5556 in
950 5503 1218 5566 numeris,
1269 5505 1380 5558 etc.
1433 5446 1596 5566 quod
1646 5499 1696 5556 si
1726 5501 1975 5566 conjun-

335 5504 704 5574 atque_mss.,
735 5503 802 5556 Et
847 5504 908 5556 in
950 5503 1218 5571 numeris,
1269 5505 1380 5558 etc.
1433 5499 1596 5566 Quod
1646 5499 1696 5556 si
1726 5501 1975 5574 conjun-

337 5570 476 5630 ctim
505 5570 758 5644 legretur
797 5574 1108 5630 innumeris
1137 5575 1162 5627 ?

2087 4563 2198 4617 bus
2241 4560 2525 4632 scriptum
2577 4564 2694 4614 est:
2739 4583 2766 4609 «
2798 4561 2844 4613 A
2895 4559 3099 4615 diebus
3150 4560 3408 4615 Joannis
3465 4557 3699 4630 Baptista

2090 4666 2333 4723 regnum
2383 4648 2659 4704 ccelerum
2711 4647 2955 4720 cogitur,
3025 4651 3083 4703 et
3129 4654 3411 4722 cogentes
3448 4641 3699 4719 diripiunt

2089 4739 2234 4794 illud
2267 4738 2481 4810 (Matth.
2518 4755 2596 4804 χι,
2634 4738 2738 4808 12).
2773 4758 2800 4787 »
2833 4731 3031 4792 Victor
3059 4741 3146 4793 est
3174 4739 3381 4811 itaque
3413 4738 3586 4810 quiin
3613 4740 3699 4790 ter-

2088 4829 2247 4883 renis
2279 4827 2505 4899 positus
2537 4825 2798 4898 captivus
2829 4825 3080 4896 perfidiae
3101 4842 3231 4882 esse
3253 4845 3376 4882 non
3398 4827 3554 4882 novit
3571 4822 3694 4892 (59);

2088 4933 2192 4971 nec
2224 4915 2414 4972 solum
2462 4915 2512 4969 ei
2560 4931 2674 4969 non
2717 4914 2988 4985 diripitur
3034 4916 3186 4986 quod
3238 4916 3582 4987 praclarum
3611 4913 3694 4972 est,

2087 5006 2186 5059 sed
2222 5003 2408 5074 magis
2442 5004 2566 5074 ipse
2599 5002 2797 5074 diripit
2829 5004 2979 5074 quod
3012 5008 3299 5059 aeternum
3334 5011 3448 5062 est.

2152 5095 2242 5147 36.
2276 5093 2425 5148 Sunt
2461 5091 2635 5146 etiam
2683 5091 2781 5161 qui
2830 5091 2973 5146 ﬁant
3019 5108 3152 5148 oves
3200 5109 3499 5150 escarum.
3533 5089 3693 5145 Bonus

2084 5181 2370 5237 Dominus
2393 5183 2589 5236 noster
2615 5174 2788 5234 Jesus
2817 5178 3082 5236 Christus
3111 5180 3248 5252 quia
3273 5181 3468 5238 factus
3496 5182 3575 5234 est
3600 5173 3695 5231 ovis

2085 5268 2437 5343 epulationis
2488 5270 2719 5324 nostrae.
2764 5267 2984 5330 Quaeris
3030 5269 3330 5340 quomodo
3378 5270 3561 5328 factus
3601 5257 3695 5320 sit?

2156 5430 2267 5502 (59)
2300 5429 2441 5502 Mss.
2477 5427 2716 5502 aliquot,
2748 5435 2992 5502 captivus
3013 5445 3114 5502 per
3142 5429 3310 5502 ﬁdem
3342 5446 3455 5487 esse
3482 5445 3581 5485 non
3611 5436 3689 5478 no-

2084 5499 2180 5576 vit.
2208 5499 2381 5576 Haud
2412 5499 2584 5568 male,
2618 5499 2687 5576 si
2720 5501 2894 5558 modo
2935 5499 3037 5576 per
3081 5499 3273 5574 ﬁdem,
3305 5507 3573 5560 sumam
3595 5508 3686 5575 ΡΝ,

2085 5573 2216 5653 ﬁdei
2241 5587 2342 5650 ope
2367 5588 2434 5631 ac
2455 5571 2738 5648 praesidio.
2936 5571 2951 5576 '
3084 5571 3090 5574 “
3258 5571 3264 5573 ⁷
3491 5602 3496 5606 -
