3856 6206
385 385 538 449 1163

1837 388 1901 448 S.
1947 382 2320 449 AMBROSII

3583 391 3706 455 116‘

383 535 418 574 a
447 534 508 574 se
531 534 644 576 non
668 521 859 591 potest
878 532 1168 591 separare.
1197 517 1357 575 Unde
1386 519 1540 576 904
1585 520 1754 575 etiam
1789 522 1857 576 ad
1918 521 2024 575 Pe-
2053 519 2108 586 Α
2139 521 2278 591 quia
2305 523 2603 592 peccatum
2636 517 2808 574 habet
2838 535 2851 572 :
2885 519 2992 574 iste
3023 518 3081 573 in
3113 519 3293 592 pretio
3316 501 3436 592 est,
3469 523 3549 578 cui
3599 543 3708 597 pec-

384 613 541 666 trum
573 609 793 666 dictum
825 613 956 664 est:
1019 609 1297 678 «Simon,
1360 626 1490 664 ecce
1548 611 1793 665 Satanas
1851 626 2023 680 expo-

382 698 641 768 stulavit,
675 702 738 753 ut
765 697 1000 752 ventilet
1032 715 1130 752 vos
1163 699 1315 752 sicut
1346 699 1599 752 triticum
1634 716 1645 752 :
1682 716 1784 769 ego
1830 704 2022 752 autem

385 787 579 860 rogavi
613 787 840 842 Patrem
875 803 1092 853 meum,
1155 790 1217 840 ut
1276 804 1388 841 non
1440 787 1670 840 deﬁciat
1725 788 1866 840 fides
1925 791 2025 861 tua

383 876 532 944 (Luc.
567 893 704 941 xxii,
737 877 826 940 31,
859 875 968 942 32).
1010 900 1034 921 ››
1067 875 1210 929 Vide
1242 876 1378 946 quid
1415 875 1575 940 dicit,
1631 881 1686 929 et
1743 875 2020 946 intellige.

381 962 708 1019 Ventilatur
737 969 957 1030 Petrus,
993 969 1057 1018 ut
1080 963 1376 1019 Christum
1410 980 1621 1035 negare
1651 969 1910 1036 cogatur.
1945 963 2025 1018 ln-

383 1051 524 1107 cidit
552 1052 925 1119 tentationes,
959 1053 1226 1122 quaedam
1253 1051 1483 1107 locutus
1513 1057 1602 1106 est
1632 1052 1800 1122 quasi
1857 1052 2027 1124 plena

383 1139 683 1212 palearum
719 1159 731 1196 :
766 1141 864 1196 sed
898 1139 1127 1196 locutus
1155 1146 1243 1195 est
1275 1141 1469 1209 verbo,
1503 1145 1569 1194 ut
1609 1141 1904 1195 fundatior
1935 1158 2026 1196 es-

386 1233 475 1285 set
503 1230 733 1285 affectu.
765 1229 1025 1300 Denique
1056 1228 1230 1299 ﬂevit,
1262 1233 1317 1283 et
1364 1228 1560 1300 paleas
1591 1234 1724 1284 suat
1781 1229 1940 1294 lavit,
1971 1234 2028 1284 et

387 1315 502 1372 illis
531 1317 951 1374 tentationibus
997 1318 1210 1372 meruit
1241 1322 1304 1371 ut
1361 1334 1462 1388 pro
1495 1335 1553 1372 sc
1611 1317 1873 1372 Christus
1935 1319 2028 1371 in-

388 1406 716 1460 terveniret.
753 1408 978 1471 Quanto
1013 1407 1203 1475 majus
1253 1411 1338 1460 est
1399 1405 1808 1476 patrocinium,
1853 1422 2028 1476 quam

387 1493 844 1565 perturbationis
872 1493 1032 1549 illius
1065 1497 1542 1548 tentamcntum?
1601 1495 1664 1548 Et
1713 1495 1839 1548 ideo
1901 1494 2030 1565 plus

386 1597 564 1653 quam
588 1598 797 1655 passus
815 1586 922 1650 est,
957 1581 1300 1654 acquisivit;
1330 1582 1634 1653 acquisivit
1657 1583 1811 1636 enim
1834 1581 2029 1637 Chris-

389 1676 510 1726 tum
537 1670 646 1726 sibi
671 1672 1151 1744 patrocinantem.
1186 1670 1423 1742 Cogitur
1440 1677 1632 1726 autem
1661 1672 2027 1726 adversarius

387 1762 619 1815 sanctos
641 1758 871 1814 Domini
903 1759 973 1814 ad
997 1776 1105 1814 sua
1126 1760 1342 1814 damna
1379 1763 1619 1814 tentare.
1675 1759 1823 1814 Dum
1871 1759 2026 1813 enim

2134 613 2327 664 catum
2385 609 2696 663 remissum
2741 613 2846 662 est.
2901 607 3061 664 Unde
3116 614 3268 664 recte
3318 609 3553 666 Ecclesiae
3597 614 3705 672 filiis

2134 697 2348 750 dicitur
2381 714 2392 750 :
2427 721 2451 743 ‹‹
2487 697 2674 751 Pretio
2702 696 2881 767 empti
2912 698 3075 758 estis,
3109 697 3284 752 nolite
3315 699 3426 753 ﬁeri
3471 703 3597 756 servi
3623 701 3707 757 ho-

2136 785 2360 838 minum
2393 787 2436 852 (l
2469 786 2586 839 Cor.
2623 803 2718 850 vn,
2747 786 2858 852 ‘23).
2897 809 2921 832 ››
2955 786 3011 839 Si
3047 785 3147 839 tibi
3178 788 3400 853 dicitur,
3434 806 3496 843 ne
3545 806 3708 846 servus

2138 875 2241 926 tias
2273 873 2601 936 hominum,
2634 879 2686 928 et
2711 873 2918 944 perdas
2941 874 3232 945 propriam
3253 874 3566 944 libertatem,
3585 879 3707 936 905

2136 962 2319 1015 multo
2351 962 2537 1032 magis
2571 962 2785 1016 dicitur
2814 962 2940 1026 tibi,
2974 980 3043 1017 ne
3102 980 3302 1017 servus
3359 964 3456 1018 fias
3509 967 3706 1035 peccati.

2135 1049 2201 1104 Et
2235 1050 2466 1117 iterum,
2502 1067 2569 1104 ne
2623 1066 2822 1105 servus
2855 1051 2961 1106 tias
2995 1051 3277 1123 serpentis
3306 1051 3507 1106 inimici
3533 1057 3580 1107 et
3624 1055 3710 1110 ad-

2136 1139 2368 1192 versarii
2407 1157 2419 1192 :
2455 1140 2554 1194 sed
2589 1139 2805 1194 servias
2836 1137 2944 1195 soli
2999 1141 3266 1207 Domino,
3301 1141 3395 1212 qui
3449 1143 3645 1214 propria
3667 1148 3712 1198 te

2138 1226 2384 1280 redemit
2412 1227 2691 1283 charitate
2728 1246 2740 1296 ;
2775 1227 2914 1299 quia
2945 1228 3068 1300 ipse
3097 1233 3186 1284 est
3242 1245 3472 1284 suorum
3523 1230 3712 1286 redem-

2140 1314 2256 1386 ptio
2289 1314 2672 1370 servulorum.

2209 1432 2296 1484 43.
2332 1431 2454 1486 Non
2487 1432 2680 1486 vendit
2709 1449 2844 1503 ergo
2877 1433 3157 1488 Dominus
3195 1434 3307 1488 nisi
3365 1449 3573 1488 servum
3623 1451 3716 1490 ms-

2140 1517 2260 1572 lum
2297 1536 2308 1571 :
2346 1536 2458 1574 non
2493 1521 2687 1574 vendit
2717 1521 2917 1592 utique
2949 1521 3187 1576 bonum.
3219 1522 3363 1576 Nam
3391 1522 3490 1578 etsi
3535 1522 3714 1594 Joseph

2140 1607 2407 1662 venditus
2438 1613 2547 1674 est,
2576 1625 2688 1663 non
2716 1609 2860 1664 dixit
2888 1614 3080 1664 tamen
3110 1609 3393 1680 Propheta
3417 1626 3428 1662 :
3459 1615 3500 1663 A
3521 1610 3715 1665 Domino

2137 1697 2406 1750 venditus
2436 1701 2524 1751 est
2551 1697 2767 1768 Joseph
2804 1715 2815 1762 ;
2863 1699 2962 1752 sed
2997 1717 3009 1752 :
3048 1721 3068 1747 ι
3103 1698 3165 1752 In
3223 1714 3447 1753 servum
3499 1699 3717 1754 venditus

2138 1789 2228 1838 est
2252 1783 2466 1854 Joseph
2496 1786 2663 1852 :szal.
2699 1802 2808 1851 CIV,
2836 1787 2943 1854 17),
2982 1808 3007 1833 υ
3065 1801 3240 1856 quem
3300 1785 3494 1841 fratres
3543 1787 3716 1858 proprii

388 1852 592 1947 ίῗξῖίδξν
623 1848 887 1947 "fumea
926 1847 1222 1947 Γθξίδξξξιξί
1269 1848 1386 1947 qf‘i
1420 1852 1693 1947 ίθηίέξυιτι
1718 1849 1929 1947 Possit
1974 1852 2028 1946 fit
2063 1875 2109 1939 Β
2138 1847 2523 1926 vendiderunt
2557 1889 2568 1924 :
2604 1847 3312 1942 quem’DominUSCtamen
3342 1873 3399 1929 in
3428 1847 3593 1947 figura
3617 1847 3717 1945 pro-

389 1936 875 2004 aliosinstituere,
900 1937 998 2008 qui
1037 1936 1145 1992 sibi
1175 1935 1465 1991 invalidus
1508 1937 1824 1990 videbatur.
1859 1935 2026 1990 Deni-

388 2039 499 2097 que
521 2025 725 2082 Petrus
747 2026 1012 2081 Ecclesim
1036 2026 1412 2097 prmponitur,
1438 2031 1749 2097 postquam
1776 2029 2031 2080 tentatus

388 2113 680 2171 adiabolo
737 2119 844 2170 est.
907 2115 1151 2185 Ideoque
1206 2119 1336 2169 ante
1400 2114 1691 2185 significat
1749 2113 2031 2168 Dominus

389 2202 530 2275 quid
561 2202 639 2258 sit
669 2201 834 2268 illud,
881 2203 1033 2273 quod
1068 2208 1267 2272 postea
1323 2218 1455 2256 eum
1512 2207 1803 2273 pastorem
1862 2201 2034 2272 elegit

293 2321 300 2327 ·
389 2290 675 2346 Dominici
706 2291 917 2363 gregis.
952 2291 1096 2345 Nam
1131 2291 1264 2344 huic
1297 2290 1481 2344 dixit:
1508 2315 1532 2337 ‹‹
1570 2292 1654 2344 Tu
1689 2296 1882 2344 autem
1907 2307 2030 2345 con-

388 2395 594 2435 versus
623 2379 905 2434 confirma
936 2378 1143 2433 fratres
1174 2384 1306 2433 tuos
1336 2377 1490 2445 (Ibid.
1553 2379 1666 2446 32),
1702 2401 1728 2425 ››
1788 2378 2030 2433 Conver-

389 2483 493 2523 sus
520 2472 610 2523 est
639 2484 770 2540 ergo
801 2471 1040 2523 sanctus
1071 2467 1373 2539 apostolus
1431 2467 1634 2521 Petrus
1692 2467 1764 2521 ad
1824 2468 2033 2522 bonam

389 2556 638 2631 frugem,
671 2561 726 2612 et
755 2555 1066 2613 ventilatus
1095 2561 1184 2611 est
1243 2553 1402 2611 sicut
1453 2555 1732 2622 triticum,
1762 2560 1825 2610 ut
1884 2560 2037 2611 esset

390 2647 520 2719 ipse
549 2663 683 2702 cum
713 2647 933 2702 sanctis
983 2645 1212 2700 Domini
1246 2661 1399 2698 unus
1457 2644 1650 2714 panis,
1711 2644 1810 2715 qui
1868 2643 2036 2698 nobis

389 2739 543 2792 esset
567 2734 931 2792 alimentum.
966 2735 1116 2790 Dum
1145 2733 1298 2787 enim
1331 2733 1484 2787 Petri
1544 2737 1710 2788 actus
1763 2731 2035 2803 legimus,

388 2824 543 2880 Petri
575 2829 862 2897 praecepta
890 2821 1321 2894 cognoscimus,
1356 2821 1420 2874 fit
1451 2821 1619 2876 nobis
1657 2821 1782 2876 vitaz
1814 2826 2035 2876 aeternae

390 2916 449 2968 et
477 2911 685 2968 salutis
714 2911 1083 2966 alimentum.

460 3064 549 3118 41.
587 3062 772 3134 (Vers.
820 3061 954 3131 13.).
1019 3059 1424 3127 «Vendidisti,
1483 3059 1693 3132 inquit,
1755 3061 2035 3133 populum

395 3158 562 3208 tuum
595 3151 722 3207 sine
761 3150 960 3222 pretio.
1000 3171 1027 3199 »
1088 3149 1329 3204 Emendi
1362 3155 1418 3204 et
1469 3149 1752 3204 vendendi
1811 3152 2039 3206 videtur

2144 1960 2277 2030 prius
2314 1961 2601 2030 passionis
2634 1962 2877 2017 redemit
2933 1979 2966 2017 a
3025 1962 3320 2029 servitute,
3382 1962 3638 2018 renovavit
3662 1964 3716 2017 ad

2143 2048 2413 2118 gratiam.
2475 2049 2874 2104 Vendiderunt
2917 2051 3109 2121 itaque
3140 2067 3274 2105 eum
3310 2051 3522 2118 fratres,
3550 2056 3598 2106 et
3643 2067 3719 2106 ac-

2143 2143 2420 2210 ceperunt
2443 2137 2744 2208 pecuniam
2777 2155 2788 2192 :
2826 2138 2927 2193 sed
2960 2138 3244 2194 Dominus
3275 2155 3409 2194 eum
3435 2156 3541 2194 non
3568 2139 3717 2194 solum

2144 2226 2392 2281 libertati
2428 2224 2695 2289 reddidit,
2742 2225 2841 2280 sed
2875 2225 3048 2280 etiam
3104 2225 3386 2298 dignitate
3437 2227 3717 2282 cumulavit.

2143 2315 2412 2386 Figuram
2446 2318 2639 2366 autem
2673 2313 2730 2366 in
2761 2329 2827 2367 eo
2860 2313 3039 2368 fuisse
3069 2313 3305 2368 Domini
3333 2313 3463 2370 Jesu
3515 2314 3719 2370 ostendit

2145 2403 2464 2472 Scriptura,
2495 2418 2620 2471 qua:
2650 2400 2790 2455 dicit
2824 2417 2836 2455 :
2895 2425 2920 2449 «
2957 2400 3135 2456 Filius
3165 2417 3334 2457 meus
3390 2401 3499 2457 zelo
3540 2402 3718 2474 appeti-

2143 2496 2309 2546 tus...
2345 2490 2415 2544 ad
2450 2505 2542 2544 me
2573 2497 2853 2544 revertere
2884 2491 3037 2559 (Gen.
3069 2506 3216 2557 χιιι,
3247 2491 3363 2559 22).
3397 2514 3423 2537 ››
3469 2492 3528 2545 Et
3573 2489 3716 2545 alibi:

2151 2603 2170 2629 ι
2208 2579 2639 2649 Primogenitus
2669 2576 2820 2632 tauri
2850 2577 3026 2632 decus
3055 2579 3182 2648 ejus
3213 2580 3393 2649 (Deut.
3421 2580 3715 2648 xxxm,17);u

2146 2684 2212 2723 eo
2296 2668 2448 2738 quod
2508 2665 2843 2721 exaltaverit
2934 2666 3086 2722 Deus
3116 2667 3287 2722 Pater
3341 2685 3508 2723 cornu
3555 2665 3716 2722 Christi

2147 2773 2257 2812 Slll.
3199 2774 3207 2782 '

2218 2872 2303 2924 44.
2339 2871 2444 2934 Qui
2477 2887 2610 2940 ergo
2641 2870 2926 2933 venditur,
2970 2869 3102 2926 vilis
3132 2873 3187 2926 et
3246 2871 3374 2927 sine
3429 2871 3588 2944 pretio
3635 2875 3712 2934 est,

2146 2959 2312 3030 quasi
2348 2959 2449 3030 qui
2478 2959 2664 3030 magis
2698 2975 2812 3014 non
2858 2959 2952 3025 sit,
2987 2975 3162 3031 quam
3223 2960 3328 3031 qui
3386 2961 3476 3027 sit,
3505 2959 3633 3015 Unde
3673 2962 3714 3012 et

2145 3047 2355 3118 Aquila
2379 3047 2525 3102 dixit
2558 3065 2568 3100 :
2612 3071 2638 3096 ‹‹
2673 3047 2989 3103 Tradidisti
3017 3047 3303 3120 populum
3334 3054 3511 3114 tuum,
3540 3053 3593 3103 ut
3631 3062 3714 3102 non

2145 3142 2300 3192 esset
2361 3159 2387 3184 ››
2443 3135 2508 3189 Et
2562 3135 2995 3207 Symmachus:
3058 3158 3086 3185 «
3131 3136 3448 3192 Tradidisti
3493 3134 3714 3208 populum

391 3239 632 3314 aequalis
671 3240 914 3312 quidam
975 3255 1105 3295 esse
1161 3243 1539 3293 contractus:
1601 3239 1700 3293 sed
1757 3242 1954 3294 tamen
1985 3239 2033 3295 si

2146 3229 2313 3279 tuum
2341 3224 2466 3278 sine
2483 3223 2830 3280 substantia.
2859 3247 2884 3270 ››
2907 3223 3031 3278 Non
3080 3228 3217 3279 sunt
3260 3225 3436 3291 enim,
3459 3225 3546 3296 qui
3587 3239 3717 3294 repu-

389 3330 639 3386 ementis
671 3333 727 3385 et
755 3327 1058 3384 vendentis
1111 3327 1380 3382 affectum
1441 3327 1792 3393 consideres,
1854 3345 2033 3383 unus-

391 3421 641 3492 quisque
670 3418 780 3475 sibi
812 3417 1076 3472 viliorem
1111 3416 1326 3481 vendit,
1351 3420 1408 3471 et
1437 3415 1848 3486 complacitum
1872 3416 2032 3472 emit.

399 3508 469 3563 Ut
497 3509 653 3564 enim
683 3510 890 3579 praeter
920 3507 977 3560 id
1006 3521 1192 3577 genus
1223 3503 1530 3559 hominum
1571 3503 1900 3575 loquamur,
1935 3504 2033 3575 qui

399 3595 849 3668 negotiationem
880 3594 1197 3649 vendendis
1238 3591 1548 3664 mancipiis
1603 3597 1886 3656 exercent,
1921 3611 2035 3648 non

397 3683 565 3738 facile
596 3682 909 3754 quisquam
940 3682 1139 3737 vendit
1171 3680 1282 3735 nisi
1315 3697 1470 3744 cum,
1507 3679 1606 3750 qui
1666 3679 1776 3735 sibi
1833 3681 2036 3753 displi-

396 3775 540 3839 ceat,
574 3775 632 3826 et
663 3786 836 3842 quem
868 3769 1001 3825 usui
1034 3785 1141 3824 suo
1185 3767 1504 3822 inhabilem
1559 3771 1722 3840 putet
1753 3786 1764 3823 :
1829 3775 1886 3824 et
1939 3771 2040 3826 ite-

395 3874 547 3925 rum,
594 3858 1003 3930 unusquisque
1033 3873 1224 3912 emere
1281 3856 1573 3912 desiderat
1625 3873 1803 3924 eum;
1864 3875 2035 3929 quem

393 3947 632 4002 utilitati
675 3946 764 4002 vel
815 3945 1141 4002 ministerio
1173 3945 1613 4000 accommodum
1673 3945 2033 4014 iudicaverit.

393 4036 504 4092 Sed
534 4039 592 4093 et
621 4035 731 4108 ipsi
764 4035 862 4107 qui
894 4035 954 4089 in
984 4033 1302 4090 vendendis
1361 4032 1671 4104 mancipiis
1729 4039 2032 4107 sumptum

389 4127 657 4180 exercent
688 4140 886 4191 suum,
921 4127 978 4178 et
1007 4127 1304 4179 sectantur
1335 4121 1516 4188 lucra,
1551 4121 1753 4192 utique
1784 4121 1866 4177 ita
1893 4122 2035 4180 viles

386 4212 604 4268 habent
631 4228 729 4268 eos
760 4229 908 4285 quos
936 4212 1216 4279 vendunt,
1249 4215 1313 4265 ut
1343 4211 1426 4266 eis
1455 4209 1686 4265 viliores
1711 4209 1830 4266 sint
1857 4229 2032 4283 quam

388 4301 672 4374 pecunia;
706 4305 763 4357 et
792 4317 944 4372 saepe
974 4300 1150 4356 etiam
1184 4299 1298 4372 ipsi
1328 4315 1476 4370 quos
1509 4298 1883 4369 negotiationi
1915 4318 2031 4356 suae

388 4390 577 4463 magis
608 4389 832 4446 habiles
881 4388 1313 4456 mstimaverint,
1350 4387 1575 4442 malunt
1606 4390 1801 4441 tenere
1857 4404 2033 4459 quam

386 4478 654 4534 vendere.

457 4629 545 4683 42.
580 4629 666 4682 Ita
684 4644 820 4699 ergo
851 4634 906 4683 et
934 4628 1088 4684 Deus
1115 4627 1376 4682 viliorem
1407 4629 1686 4693 vendidit,
1743 4630 2025 4700 potiorem
2057 4598 2103 4664 Β

386 4715 548 4772 emit.
581 4715 853 4770 Vendidit
879 4715 1159 4787 populum
1189 4715 1548 4779 Judaaorum,
1573 4733 1687 4770 non
1715 4716 2027 4774 inclemen-

383 4805 466 4861 tia
493 4803 614 4874 Dei,
647 4804 748 4860 sed
773 4820 882 4860 sua
911 4803 1101 4875 culpa,
1135 4803 1350 4874 quibus
1381 4808 1533 4858 recte
1563 4804 1775 4859 dicitur
1809 4823 1821 4860 :
1873 4829 1900 4854 ‹‹
1925 4811 2023 4861 Ec-

382 4910 446 4950 ce
468 4892 724 4966 peccatis
746 4891 954 4948 vestris
983 4891 1202 4948 venditi
1232 4891 1393 4957 estis,
1425 4895 1481 4946 et
1536 4896 1772 4963 pr0pter
1819 4893 2027 4966 iniqui-

378 4986 529 5039 tates
557 4986 780 5039 vestras
809 4981 1012 5036 dimisi
1044 4986 1292 5036 matrem
1335 4984 1587 5034 vestram
1637 4981 1762 5049 (lsa.
1800 4999 1848 5049 L,
1883 4984 1956 5053 1).
1996 5006 2023 5032 ››

378 5069 494 5127 Hoc
525 5071 722 5144 itaque
760 5085 971 5142 genere
1027 5069 1299 5124 venditus
1356 5068 1605 5140 populus
1661 5069 2019 5137 Judaaorum,

374 5165 607 5232 emptus
638 5164 726 5216 est
754 5157 1006 5231 populus
1033 5157 1402 5212 Christianus
1436 5173 1448 5210 :
1480 5156 1576 5211 ille
1607 5163 1838 5228 peccato
1885 5176 2022 5215 ven-

375 5247 555 5318 ditus,
580 5247 676 5303 hic
702 5253 934 5318 emptus
957 5245 1432 5318 sanguine.Unde
1459 5245 1660 5300 Petrus
1681 5247 1762 5300 ait
1787 5265 1798 5300 :
1829 5269 1855 5297 «
1887 5247 2022 5303 Pre-

380 5337 459 5393 tio
491 5335 706 5409 emptis
735 5335 898 5402 estis,
932 5352 1046 5391 non
1105 5332 1582 5405 corruptibilibus
1642 5338 1878 5406 argento
1931 5336 2018 5390 vel

381 5441 522 5480 auro
551 5425 733 5496 empti
764 5425 975 5480 estis...
1012 5424 1114 5479 sed
1164 5423 1418 5495 pretioso
1449 5421 1736 5493 sanguine
1795 5423 1844 5494 (Ι
1867 5425 2015 5479 Petr.

384 5529 423 5577 ι,
456 5511 543 5575 l8,
578 5511 684 5580 19).
720 5533 748 5558 »
781 5513 922 5576 Quis
952 5516 1042 5568 est
1070 5511 1309 5584 sanguis
1358 5509 1671 5582 pretiosus,
1703 5510 1816 5565 nisi
1871 5513 2019 5583 Agni

382 5597 540 5652 illius
570 5597 953 5665 immaculati,
976 5600 1086 5654 hoc
1109 5604 1215 5667 est,
1240 5597 1470 5654 Domini
1492 5598 1674 5653 nostri
1693 5597 1725 5652 J
1732 5613 1833 5654 esu
1855 5599 2018 5655 Chri-

385 5683 503 5739 sti?
534 5683 682 5753 Ergo
716 5681 839 5738 sine
862 5685 1044 5755 pretio
1075 5685 1326 5757 populus
1355 5685 1708 5752 Judzsorum,
1732 5687 2018 5756 pretiosus

387 5773 582 5836 autem
614 5767 869 5841 populus
883 5769 1268 5830 Christianus.
1292 5771 1392 5832 Ille
1409 5772 1660 5848 pretium
1683 5788 1800 5831 non
1820 5774 2014 5854 habet,

2148 3313 2385 3367 diantur
2413 3329 2445 3366 a
2466 3311 2714 3367 Christo:
2739 3316 2878 3367 sunt
2899 3316 3096 3367 autem
3119 3313 3218 3382 qui
3235 3313 3564 3386 eliguntura
3582 3309 3719 3365 Domi-

2146 3418 2240 3468 no,
2269 3401 2546 3472 quoniam
2583 3400 2870 3456 Dominus
2896 3401 3119 3456 vocavit
3147 3417 3278 3472 quae
3308 3419 3419 3458 non
3474 3405 3590 3457 sunt
3632 3404 3721 3453 tan-

2146 3505 2324 3560 quam
2355 3505 2480 3560 quse
2503 3492 2675 3543 sunt:
2709 3492 2764 3543 et
2803 3486 2992 3543 electa
3014 3493 3152 3543 sunt
3201 3492 3462 3561 gentium
3507 3487 3717 3543 nationes

2144 3583 2209 3633 ut
2231 3579 2560 3632 destruetur
2579 3576 2823 3647 perfidia
2864 3577 3217 3633 Judzeorum.
3255 3583 3320 3633 In
3371 3575 3596 3632 nihilum
3620 3589 3716 3646 ergo

2144 3667 2398 3722 traditus
2427 3669 2515 3720 est
2542 3665 2638 3719 ille
2668 3664 2938 3736 populus,
2966 3664 3105 3736 quia
3132 3667 3394 3737 [peccato
3424 3683 3519 3720 suo
3567 3663 3716 3720 vendi-

2144 3758 2243 3809 tus
2272 3760 2379 3819 est,
2421 3752 2643 3807 nullam
2699 3753 2854 3808 enim
2910 3753 3085 3809 habet
3141 3753 3318 3826 culpa
3372 3751 3716 3810 substantiam.

2217 3889 2302 3942 45.
2329 3887 2488 3942 Unde
2519 3887 2744 3942 dictum
2777 3892 2916 3958 puto
2947 3904 2959 3942 :
2995 3911 3021 3937 «
3055 3888 3123 3943 Et
3152 3904 3269 3944 non
3304 3889 3412 3944 fuit
3467 3884 3720 3943 multitudo

2142 3977 2202 4031 in
2234 3976 2789 4033 commutationibus
2819 3991 3041 4044 eorum,
3077 3999 3098 4030 ι
3136 3976 3246 4034 hoc
3296 3983 3402 4042 est,
3434 3975 3605 4033 Gratis
3644 3987 3721 4027 nos

2145 4065 2472 4137 dispersisti
2503 4081 2605 4136 per
2629 4065 2893 4120 nationes
2927 4083 2939 4131 ;
2973 4081 3159 4137 neque
3189 4066 3349 4121 enim
3381 4071 3441 4121 tu
3460 4064 3713 4136 quidquam

2143 4171 2248 4226 per
2304 4152 2819 4209 commutationem
2869 4153 3104 4225 accipis,
3140 4159 3205 4209 ut
3265 4154 3519 4210 animam
3568 4149 3716 4207 tradas

2125 4241 2399 4298 hominis
2433 4260 2445 4308 ;
2480 4241 2623 4296 nihil
2665 4241 2818 4296 enim
2852 4241 2960 4296 tibi
2989 4241 3212 4314 gratius
3244 4247 3337 4299 est
3385 4241 3572 4298 anime
3619 4252 3716 4292 con-

2141 4331 2404 4387 versione
2435 4347 2448 4383 :
2483 4330 2580 4386 sed
2615 4330 2663 4385 si
2695 4330 2949 4385 converti
2995 4330 3296 4397 detrectat,
3329 4331 3455 4403 ipsa
3480 4345 3535 4385 se
3581 4323 3714 4383 tradit

2143 4421 2200 4474 in
2236 4418 2483 4474 nihilum
2519 4437 2531 4485 ;
2565 4423 2629 4472 ut
2656 4422 2888 4490 peccato
2919 4422 2976 4473 et
3005 4418 3222 4490 ﬂagitio
3254 4413 3712 4490 mancipetur.ldeo

2141 4512 2206 4562 tu
2239 4508 2366 4563 sine
2396 4507 2578 4579 pretio
2608 4510 2665 4562 et
2693 4505 2819 4562 sine
2849 4506 3304 4564 commutatione
3319 4509 3630 4579 degenerem
3645 4515 3713 4572 ρο·

2135 4595 2354 4668 pulum,
2370 4595 2703 4650 vendidisti.
2737 4594 2898 4654 Unde
2929 4595 2988 4649 in
3023 4596 3441 4667 posterioribus
3469 4589 3710 4649 ait:«Non

2134 4685 2289 4740 enim
2320 4689 2409 4740 est
2441 4683 2556 4739 illis
2590 4683 2964 4740 commutatio
2996 4683 3172 4754 (Psal.
3213 4701 3324 4751 LIV,
3355 4684 3463 4754 20).
3496 4702 3522 4728 υ
3571 4678 3708 4742 Quare

2135 4789 2250 4827 non
2280 4777 2369 4827 est
2399 4771 2516 4827 illis
2545 4771 2922 4828 commutatio
2949 4773 2978 4827 ‘I
3012 4794 3040 4823 ‹‹
3070 4773 3216 4836 Quia
3262 4789 3380 4830 non
3427 4767 3707 4827 timuerunt,

2134 4861 2345 4932 inquit,
2379 4865 2562 4915 Deum
2595 4861 2779 4931 (Ibid.)
2812 4883 2839 4910 »

2204 4978 2290 5041 46,
2332 4975 2550 5047 Duplex
2581 4980 2773 5030 autem
2799 4974 3124 5031 intellectus
3151 4992 3332 5047 quare
3363 4968 3707 5030 commutatio-

2131 5081 2263 5120 nem
2296 5081 2410 5119 non
2441 5064 2711 5119 habuerit
2745 5063 2995 5135 populus
3024 5066 3255 5130 erroris,
3282 5065 3422 5134 quia
3446 5077 3549 5117 non
3569 5057 3706 5130 potest

2130 5155 2304 5208 homo
2335 5157 2573 5224 argento
2597 5151 2686 5205 vel
2709 5168 2872 5219 auro,
2891 5151 2978 5206 vel
3029 5151 3496 5223 possessionibus
3523 5146 3705 5202 redime'

2130 5259 2189 5297 re
2212 5241 2468 5296 animam
2496 5257 2683 5296 suam.
2735 5242 2920 5305 Quam
2952 5241 3107 5295 enim
3157 5240 3319 5295 dabit
3371 5231 3702 5294 commutatio-

2131 5346 2262 5386 nem
2283 5329 2490 5384 animas
2509 5344 2787 5396 suae,cum
2807 5327 2907 5382 illa
2925 5327 3268 5400 temporalia
3287 5328 3377 5383 vel
3390 5327 3590 5382 caduca
3603 5320 3700 5400 sint,

2129 5418 2327 5474 anima
2357 5424 2551 5473 autem
2582 5421 2918 5488 permaneat
2943 5416 3031 5471 vel
3052 5399 3134 5472 ad
3188 5415 3514 5487 praemium,
3539 5406 3610 5463 vel
3650 5399 3696 5456 ad

2129 5523 2356 5579 poenam
2377 5505 2404 5559 ?
2428 5505 2553 5560 Non
2585 5503 2693 5559 fuit
2719 5507 2914 5560 autem
2947 5503 3046 5560 illa
3075 5504 3452 5559 commutatio
3493 5491 3696 5556 etiamin

2130 5594 2346 5667 impiis,
2369 5609 2495 5666 quae
2531 5596 2621 5648 est
2641 5593 2700 5647 in
2733 5592 3172 5659 resurrectione,
3201 5592 3272 5647 de
3303 5606 3419 5663 qua
3442 5587 3569 5644 dicit
3590 5585 3693 5650 Apo-

2125 5683 2312 5741 stolus
2344 5700 2357 5740 :
2395 5703 2422 5733 ‹‹
2453 5683 2666 5738 Omnes
2711 5697 3103 5755 resurgemus,
3138 5697 3249 5738 non
3282 5695 3484 5735 omnes
3535 5675 3691 5729 immu-

2124 5772 2380 5834 tabimur
2399 5771 2447 5849 (Ι
2475 5770 2595 5832 Cor.
2633 5787 2726 5846 xv,
2753 5771 2916 5851 51).»
2939 5769 3132 5832 Potest
3179 5782 3412 5846 quoque
3465 5768 3517 5824 et
3540 5761 3607 5822 sic
3630 5757 3690 5812 in'
