3856 6206
41 355 162 424 1168,

1037 340 1498 420 ENARBATIO
1541 357 1621 419 IN
1664 357 2042 420 PSALMUM
2077 357 2294 431 XLIII.

3196 358 3348 417 1166

36 490 186 562 telligi,
210 487 352 562 quia,
384 490 439 542 et
466 487 516 543 si
537 485 708 559 pauci
740 488 1023 560 redempti
1046 488 1342 545 immutari
1385 506 1605 546 merue—
1632 491 1686 558 Α
1716 489 2000 563 perfectos
2031 490 2214 557 video,
2252 506 2355 545 nec
2397 488 2688 544 immerito
2745 487 3032 558 perfectos
3082 487 3346 556 dixerim,

37 584 152 645 runt,
181 583 236 632 ut
286 575 590 644 Abraham,
644 577 824 644 Isaac,
883 577 1084 646 Jacob,
1143 577 1414 650 Moyses:
1490 596 1602 634 non

41 673 126 724 tam
179 665 242 721 ad
294 679 492 720 omnes
545 665 925 719 commutatio
990 665 1119 735 ipsa
1174 667 1452 736 pervenit.
1505 667 1607 722 Est

31 760 160 812 citam
186 753 336 817 illud,
368 755 431 807 ut
461 768 574 807 non
607 751 684 807 sit
705 750 1020 807 multitudo
1051 752 1108 806 in
1142 753 1604 808 commutationi-

33 844 112 899 bus
126 840 359 914 gravium
382 843 774 912 peccatorum,
799 840 1124 895 secundum
1149 841 1303 912 quod
1317 841 1601 912 scriptum

29 936 107 995 est,
134 928 248 1001 quia
268 950 293 978 «
318 929 701 1000 quorumdam
725 927 1032 982 hominum
1048 932 1283 999 peccata
1295 929 1605 985 manifesta

32 1022 134 1073 sunt
157 1015 520 1089 pracedentia
550 1016 606 1070 in
620 1015 912 1087 judicium
941 1034 953 1070 :
1001 1017 1286 1086 quosdam
1319 1022 1514 1072 autem
1547 1022 1602 1072 et

28 1108 400 1176 subsequuntur
428 1106 477 1175 (I
515 1106 645 1159 sz.
684 1123 736 1162 v.
782 1106 895 1172 24.)
928 1126 956 1152 ››
1017 1105 1150 1168 Quae
1209 1106 1407 1177 gravia
1463 1110 1601 1160 sunt

27 1195 138 1251 οθο
190 1197 349 1264 atque
397 1191 708 1248 manifesta
770 1193 1123 1264 praecedunt,
1179 1197 1236 1249 et
1285 1193 1410 1249 sine
1480 1193 1603 1248 ulla

27 1280 324 1336 dubitatione
375 1283 753 1352 merguntur:
790 1296 916 1351 quae
959 1285 1153 1334 autem
1177 1279 1392 1336 leviora
1440 1286 1597 1345 sunt,

26 1369 149 1424 bonis
168 1368 425 1440 operibus
441 1385 592 1440 saepe
613 1366 965 1425 releventur.
990 1367 1150 1423 Beati
1170 1368 1326 1424 enim
1349 1385 1598 1441 quorum

24 1457 224 1513 remissa:
269 1461 404 1513 sunt
452 1455 814 1527 iniquitates,
859 1461 918 1512 et
955 1471 1208 1527 quorum
1248 1461 1398 1512 tecta
1462 1461 1603 1512 sunt

23 1548 217 1616 peccata.
240 1544 341 1600 Ubi
401 1548 597 1601 autem
646 1544 928 1615 iniquitas
959 1545 1297 1616 prependet,
1331 1543 1602 1600 nullabo-

23 1649 175 1688 norum
194 1649 423 1705 operum
459 1633 920 1688 commutatione
951 1636 1268 1688 revocatur.

66 1723 131 1774 47.
161 1721 290 1792 Ergo
332 1725 391 1776 et
439 1721 487 1776 si
541 1720 676 1792 quis
727 1721 1066 1792 redemptus
1104 1724 1192 1777 est
1247 1721 1318 1776 de
1377 1719 1593 1792 populo

23 1808 307 1879 Iudaeorum,
332 1827 447 1865 non
481 1809 605 1865 ideo
648 1809 986 1881 redemptus
1017 1809 1155 1880 quia
1195 1809 1442 1864 multam
1488 1810 1593 1864 ha-

23 1896 105 1949 Juit
129 1897 551 1952 aestimationem
582 1897 695 1961 sui,
739 1913 840 1951 nec
871 1897 1010 1967 quia
1029 1896 1466 1952 multitudinem
1499 1897 1597 1952 ha-

23 1984 108 2038 iuit
141 1983 192 2038 in
243 1983 700 2040 commutatione
743 2000 896 2038 sua:
958 1985 1058 2039 sed
1114 1984 1450 2055 redemptus
1508 1988 1598 2040 est

23 2071 166 2142 gratis,
194 2072 337 2143 quod
370 2076 427 2128 te
457 2073 624 2128 docet
656 2071 972 2143 Apostolus
1003 2071 1235 2127 dicens:
1273 2071 1596 2144 «Reliquiae

23 2159 272 2215 secundum
290 2159 632 2216 electionem
647 2158 842 2232 gratiae
873 2158 1043 2214 salvae
1075 2160 1237 2214 facta:
1257 2163 1396 2216 sunt
1417 2162 1592 2231 (Rom.

23 2262 70 2313 ιι,
107 2248 171 2316 5).
201 2268 228 2296 »
285 2247 394 2303 Ubi
453 2250 646 2303 autem
700 2246 908 2318 gratia,
965 2263 1080 2302 non
1131 2247 1332 2318 utique
1389 2248 1595 2303 merito

23 2333 770 2407 iperum,necjustiﬁcatione
794 2334 1073 2389 virtutum
1103 2351 1115 2388 :
1133 2335 1234 2391 sed
1250 2333 1596 2390 liberalitate

23 2419 246 2489 tonantis,
279 2421 559 2478 electione
588 2421 951 2488 redimentis,
1012 2422 1165 2492 quod
1223 2439 1388 2492 aeque
1443 2422 1592 2477 Scri-

23 2515 138 2565 itura
199 2517 254 2569 te
304 2510 526 2577 docuit,
587 2510 813 2566 dicente
862 2509 1121 2581 apostolo
1178 2509 1389 2565 Paulo:
1425 2532 1452 2558 «
1534 2510 1594 2565 Si

23 2602 158 2652 intem
221 2599 430 2671 gratia,
481 2599 609 2669 jam
675 2614 791 2652 non
841 2613 908 2652 ex
965 2597 1274 2668 operibus:
1333 2596 1592 2668 alioquin

23 2685 148 2751 ;ratia
166 2687 284 2756 jam
315 2703 432 2742 non
483 2689 572 2741 est
627 2685 785 2756 (Ibid.
845 2685 919 2755 6).
982 2707 1008 2733 ‹‹
1041 2684 1188 2747 Quid
1242 2701 1378 2756 ergo
1437 2685 1592 2755 quod

23 2773 252 2840 merebat
281 2772 482 2840 Israel,
517 2773 620 2828 hoc
670 2789 787 2828 non
817 2776 906 2830 est
957 2774 1352 2828 consecutus?
1408 2774 1594 2838 Quare

24 2875 85 2913 .on
111 2861 177 2915 sit
212 2865 586 2931 consecutus,
629 2876 899 2932 agnosce,
950 2860 1090 2930 quia
1154 2877 1216 2916 se
1265 2860 1593 2930 justiﬁcare

25 2947 236 3018 upiebat,
268 2950 409 3022 quia
436 2965 678 3021 operum
710 2964 952 3003 suorum
973 2948 1320 3018 jactantiam
1343 2949 1593 3019 require-

24 3039 73 3089 ιιι
95 3036 216 3107 quia
244 3037 421 3093 ﬁdem
454 3053 571 3092 non
604 3034 952 3104 detulit,nec
969 3035 1214 3108 gratiam
1235 3036 1588 3107 recognovit.

23 3121 49 3175 ιι
71 3123 180 3180 ideo
208 3125 412 3182 electio
433 3127 742 3181 consecuta
752 3127 861 3194 est,
881 3139 1007 3195 quae
1027 3127 1330 3179 vocantem
1350 3123 1588 3192 audivit,

24 3209 358 3271 dvenientem
391 3212 652 3284 suscepit
679 3211 811 3283 (62)·

51 3299 332 3369 48.(Vers.
369 3303 484 3370 14.)
514 3299 718 3356 Merito
771 3315 908 3372 ergo
967 3299 1027 3353 in
1088 3315 1342 3370 persona
1399 3297 1599 3370 populi

26 3384 372 3446 liusdicitur:
411 3410 437 3440 ί(
469 3387 723 3445 Posuisti
756 3404 863 3443 nos
889 3387 949 3442 in
978 3386 1360 3458 opprobrium
1392 3386 1603 3442 vicinis

23 3476 221 3533 nostris:
254 3478 590 3534 illusionem
626 3480 684 3531 et
740 3475 1000 3532 derisum
1059 3474 1150 3543 iis,
1201 3474 1300 3546 qui
1355 3478 1494 3530 sunt
1542 3473 1602 3528 in

25 3561 210 3621 ircuitu
241 3570 500 3623 nostro.»
555 3564 663 3628 Qui
719 3567 858 3619 sunt
904 3561 1000 3618 isti
1047 3562 1302 3629 ﬁnitimi,
1363 3566 1420 3618 et
1465 3577 1604 3633 que-

23 3653 347 3711 nadmodum
379 3654 449 3710 ad
463 3652 735 3708 viciniam
751 3650 1024 3707 Israelita
1042 3650 1240 3723 populi
1258 3650 1608 3722 pertinuisse

24 3738 287 3812 ideantur,
319 3759 439 3797 non
469 3745 558 3796 est
587 3739 754 3796 facile
807 3738 1163 3805 discernere,
1220 3739 1269 3794 si
1329 3737 1608 3811 spiritalis

25 3827 182 3886 icinia
226 3829 583 3904 requiratur,
605 3827 829 3883 habens
860 3826 1153 3898 quoddam
1188 3825 1385 3881 lumen
1417 3826 1612 3898 cogni-

23 3913 149 3972 ionis
178 3917 248 3974 ad
275 3916 751 3989 investigandum
783 3914 1129 3986 mysterium
1159 3913 1374 3969 Christi
1398 3932 1411 3969 :
1466 3931 1611 3986 prae-

23 4004 168 4061 srtim
189 4022 326 4061 cum
357 4004 418 4061 in
446 4003 572 4077 ipso
602 4002 751 4058 libro
809 4001 1140 4057 Salomonis
1185 4001 1286 4072 qui
1341 4001 1615 4058 scribitur

23 4090 371 4162 icclesiastes,
405 4091 788 4150 didicerimus
809 4090 949 4162 quia
980 4106 1096 4161 quo
1134 4089 1321 4162 magis
1338 4090 1616 4161 quaeritur

23 4180 280 4250 spientia,
313 4197 380 4236 eo
411 4179 752 4252 profundior
774 4177 1095 4250 judicetur.
1130 4177 1224 4233 Sic
1254 4177 1410 4232 enim
1469 4177 1615 4234 scri-

27 4269 140 4322 tum
169 4273 292 4324 est:
334 4291 361 4316 ››
401 4266 548 4335 Dixi,
603 4265 967 4337 Sapientiam
1008 4263 1323 4335 requiram,
1382 4269 1440 4319 et
1493 4265 1620 4336 ipsa

23 4369 147 4427 inge
176 4356 332 4412 facta
351 4358 441 4411 est
467 4371 502 4410 a
532 4353 843 4424 me,longe
892 4352 1080 4426 magis
1129 4367 1304 4422 quam
1348 4356 1506 4407 erat:
1565 4357 1624 4406 et

23 4457 44 4494 ει
90 4442 377 4512 profundo
409 4441 782 4498 altitudinem
809 4439 942 4511 quis
973 4438 1225 4497 inveniet
1253 4439 1379 4509 ejus
1427 4439 1620 4508 (Eccle.

28 4546 82 4593 ιι,
115 4532 181 4586 24
240 4540 291 4587 et
346 4530 520 4600 25)?»
580 4529 744 4585 Unde
800 4527 1126 4583 difﬁdentia
1171 4525 1432 4582 oboritur
1484 4526 1703 4613 mihiD

23 4618 225 4674 crulari
257 4617 539 4674 divinitus
570 4615 852 4689 spirantis
884 4613 1194 4686 Scriptura:
1227 4614 1523 4686 mysteria,
1572 4619 1629 4670 et

23 4703 109 4773 jus
138 4706 476 4762 examinare
532 4719 832 4761 sermones
857 4721 870 4758 ε
895 4703 1047 4774 quod
1073 4701 1170 4757 ille
1202 4702 1377 4774 digne
1417 4701 1625 4772 potuit,

30 4792 81 4846 ui
120 4794 276 4850 inter
334 4793 618 4866 perfectos
676 4790 1028 4863 sapientiam
1088 4788 1454 4860 loquebatur.
1514 4789 1629 4861 Ego

1710 597 1842 634 cum
1872 579 2098 634 videam
2158 596 2255 634 vos
2314 595 2520 633 sensus
2577 576 2924 632 exercitatos
2981 575 3216 644 habere,
3279 577 3348 632 ad

1712 667 2118 722 discretionem
2151 666 2287 720 boni
2319 670 2376 721 et
2405 665 2542 720 mali
2569 683 2580 720 :
2615 665 2715 719 sed
2745 667 2801 719 et
2829 663 2953 734 ipse
2984 667 3180 719 tamen
3247 665 3351 734 qui

1712 754 1932 810 sciebat
1969 753 2273 809 solidiores
2303 769 2506 824 capere
2534 752 2713 820 cibos,
2747 751 3090 821 adjumenta
3130 767 3350 822 quaere-

1712 842 1830 909 bat,
1865 845 1929 895 ut
1957 841 2016 895 in
2048 857 2113 897 eo
2164 842 2404 896 verbum
2464 838 2692 894 Domini
2750 840 3004 893 curreret
3044 839 3117 908 (II
3173 838 3348 896 Thess.

1716 947 1804 997 ιιι,
1837 931 1910 1000 1).
1941 930 2054 984 Nec
2086 929 2193 984 iste
2225 945 2456 1000 quoque
2487 927 2610 983 sine
2641 926 2966 998 precatione
2997 925 3104 981 hoc
3162 926 3354 998 potuit

1713 1022 2089 1088 usurpare,ut
2119 1017 2378 1072 lauditio
2409 1017 2536 1086 ejus
2560 1015 2826 1086 jucunda
2855 1015 3018 1070 fieret
3045 1018 3157 1070 Deo
3174 1015 3346 1083 (Psal.

1709 1122 1892 1169 cxsvx,
1972 1106 2038 1174 i),
2099 1121 2210 1159 non
2271 1103 2426 1158 enim
2477 1103 2838 1173 usurpantis,
2899 1103 3000 1157 sed
3061 1102 3349 1172 precantis

1715 1192 1960 1248 assertio
1992 1197 2098 1248 est.

1784 1281 1870 1333 49.
1953 1280 2171 1334 Tamen
2231 1295 2301 1333 ne
2359 1279 2590 1348 penitus
2671 1277 2956 1349 refugisse
3029 1277 3351 1344 videamur,

1710 1366 2147 1422 consideremus
2179 1365 2278 1438 qui
2328 1365 2500 1420 vicini
2558 1363 2810 1418 tribulus
2858 1363 3075 1418 fuerint
3124 1365 3352 1421 Judan-

1708 1472 1861 1510 rum.
1882 1455 2028 1510 Nam
2053 1458 2321 1510 utvetera
2333 1468 2764 1519 recenseamus,
2792 1451 3147 1507 Philisthiim
3165 1453 3344 1508 tribui

1707 1543 1872 1597 Judze
1911 1542 2144 1596 ﬁnitimi
2197 1542 2601 1596 habebantur:
2652 1544 2710 1595 et
2764 1539 2877 1595 alio
2933 1539 3110 1594 latere
3167 1539 3346 1595 iidem

1707 1629 1883 1685 tribui
1915 1631 2116 1686 Ruben
2149 1629 2712 1702 appropinquabant.
2739 1627 3085 1682 Ammonius
3115 1643 3349 1698 quoque

1711 1716 1769 1771 in
1829 1718 2058 1773 deserto
2098 1723 2299 1773 erant:
2335 1720 2392 1771 et
2422 1715 2521 1786 qui
2551 1718 2716 1770 erant
2745 1715 2805 1768 in
2838 1714 3054 1770 ﬁnibus
3102 1714 3234 1786 Tyri
3291 1719 3348 1769 et

1707 1805 1956 1872 Sidonis,
2018 1805 2263 1861 Galilaeac
2320 1802 2749 1875 c0pulabantur
2818 1802 2926 1857 hoc
2983 1807 3090 1870 est,
3158 1802 3339 1856 tribui

1704 1893 1985 1961 Zabulon,
2016 1897 2071 1949 et
2101 1893 2279 1948 tribui
2313 1890 2705 1962 Nephthalim,
2741 1907 2865 1961 quae
2887 1893 3052 1945 erant
3099 1890 3158 1944 in
3228 1889 3345 1945 Ga-

1703 1981 1849 2044 liaaa,
1883 1982 2038 2036 sicut
2069 1981 2249 2036 Isaias
2281 1979 2460 2033 dixit:
2495 2002 2521 2027 ‹‹
2565 1978 2742 2034 Terra
2769 1977 3046 2045 Zabulon,
3080 1981 3137 2034 et
3189 1981 3342 2034 terra

1704 2069 2097 2140 Nephthalim,
2155 2068 2247 2124 via
2297 2067 2478 2123 maris
2518 2072 2681 2121 trans
2727 2067 3042 2121 Jordanem
3101 2066 3226 2135 (Isa.
3291 2082 3348 2119 1x

1701 2157 1778 2226 1).
1815 2180 1842 2204 ››
1876 2156 2037 2212 Unde
2069 2159 2260 2228 potest
2307 2155 2439 2226 quis
2495 2153 2782 2224 colligere,
2837 2168 2963 2223 quae
3015 2152 3342 2224 proprietas

1706 2246 1854 2301 907
1892 2245 2358 2314 uniuscujusque
2406 2241 2774 2313 singularum
2831 2241 3004 2295 fuerit
3058 2240 3342 2309 tribuum,

1706 2337 1769 2387 ut
1799 2334 1970 2389 certis
1985 2330 3023 2404 quibusqueIinitimisjungerentur,
3055 2345 3168 2399 quo
3198 2345 3342 2400 pau-

1703 2419 1872 2476 latim
1895 2421 2068 2476 etiam
2091 2420 2362 2492 gentibus
2392 2418 2801 2473 infunderetur
2855 2414 3106 2488 cognitio
3168 2415 3344 2472 coale-

1701 2507 1881 2564 stium
1913 2512 2430 2564 sacramentorum.
2462 2504 2624 2570 Quod
2657 2503 2861 2575 utique
2886 2503 3340 2575 potestintelligi

1702 2601 1772 2654 de
1791 2597 1902 2662 .illa
1933 2595 2174 2652 muliere
2205 2595 2545 2658 Chananzea,
2593 2609 2720 2664 qua:
2777 2591 2949 2647 exivit
3004 2591 3075 2646 de
3122 2591 3342 2647 ﬁnibus

1702 2687 1849 2754 suis,
1911 2690 1976 2740 ut
2013 2683 2254 2739 Domino
2320 2683 2461 2736 Jesu
2504 2683 2832 2736 occurreret
2878 2679 3229 2747 transeunti,
3276 2681 3335 2734 et

1703 2772 2048 2844 posthabitis
2081 2769 2409 2825 simulacris
2440 2769 2586 2836 suis,
2619 2768 2887 2822 adoraret
2904 2781 3104 2822 verum
3127 2766 3337 2822 salutis

1701 2865 2032 2916 auctorem:
2068 2857 2160 2914 cui
2214 2856 2613 2912 testimonium
2645 2852 2804 2910 dedit
2833 2853 3115 2910 Dominus
3137 2858 3335 2910 noster

1699 2949 1870 3004 Jesus
1901 2946 2188 3013 Christus,
2231 2945 2384 3016 quod
2421 2960 2634 3016 magna
2663 2946 2819 2998 esset
2855 2943 3000 2998 ﬁdes
3029 2943 3176 3013 ejus.
3235 2942 3344 2997 Re-

1701 3035 2044 3108 splendebat
2073 3033 2309 3105 quidem
2333 3034 2461 3103 jam
2492 3031 2682 3103 gratia
2711 3029 3026 3102 Evangelii,
3077 3034 3136 3086 et
3191 3047 3340 3103 prai-

1703 3123 1900 3180 sentiae
1933 3121 2132 3176 lumen
2163 3124 2424 3192 augustas
2454 3121 2604 3190 (63):
2641 3120 2743 3174 sed
2775 3118 3343 3190 tamenquiasponte

1625 3197 1668 3263 C
1707 3211 1898 3278 exivit,
1933 3213 1989 3264 et
2019 3207 2478 3263 misericordiam
2507 3205 2850 3277 postulavit,
2909 3211 2966 3261 et
3028 3206 3344 3261 Dominum

1709 3299 1805 3371 pia
1834 3313 1971 3352 voce
2001 3295 2266 3351 confessa
2295 3298 2404 3361 est,
2430 3298 2486 3348 et
2511 3294 2678 3364 quasi
2721 3291 2956 3347 fastidio
3006 3291 3226 3363 habita,
3284 3293 3340 3346 in

1710 3387 1960 3443 clamore
1983 3383 2278 3456 petitionis
2299 3381 2544 3453 propria:
2564 3380 2967 3452 perseveravit,
2991 3396 3106 3434 non
3129 3380 3344 3436 medio-

1711 3489 1866 3530 crem
1897 3471 2334 3546 praerogativam
2360 3469 2582 3540 accepit
2609 3467 2946 3524 istiusmodi
2967 3467 3196 3538 mulier,
3216 3483 3343 3538 quis

1714 3563 1904 3635 prima
1932 3559 2103 3615 exivit
2133 3560 2202 3614 de
2227 3559 2490 3630 gentium
2549 3555 2908 3624 nationibus,
2971 3559 3027 3611 et
3081 3572 3346 3626 perseve-

1716 3649 1868 3706 ranti
1911 3647 2307 3704 obsecratione
2367 3649 2595 3700 tantum
2654 3644 2885 3699 Domini
2944 3643 3349 3700 testimonium

1718 3737 1930 3794 meruit
1941 3741 2254 3809 reportare.

1786 3827 1877 3880 50.
1911 3825 1975 3879 In
2007 3841 2119 3896 quo
2152 3823 2386 3894 quidem
2407 3821 2533 3878 loco
2563 3820 2721 3877 velut
2740 3821 3042 3878 dubitasse
3068 3821 3356 3892 quosdam

1727 3913 1988 3986 cognovi,
2026 3911 2165 3982 quid
2226 3911 2303 3965 sit
2332 3909 2488 3980 quod
2546 3909 2665 3964 ait:
2717 3931 2745 3958 «
2779 3909 2904 3965 Non
2962 3923 3095 3964 sum
3142 3907 3360 3962 missus

1726 4001 1839 4057 nisi
1871 4001 1940 4056 ad
1975 4015 2107 4055 oves
2157 4015 2280 4069 quae
2330 3997 2624 4068 perierunt
2679 3997 2889 4052 domus
2950 3994 3124 4050 Israel
3155 3993 3361 4065 (Matth.

1725 4107 1819 4156 xv,
1849 4088 1964 4157 24),
2003 4106 2023 4133 α
2059 4085 2227 4156 quasi
2259 4083 2623 4140 nobilitatem
2652 4083 2881 4154 generis
2911 4080 3076 4136 electi
3121 4082 3193 4136 ad
3247 4079 3364 4135 sal-

1724 4177 1945 4233 vandas
1975 4174 2203 4230 animas
2236 4171 2522 4227 Dominus
2579 4170 2859 4240 quaesisse
2922 4169 3205 4238 videatur,
3262 4168 3362 4238 qui

1725 4263 1882 4320 venit
1912 4267 1977 4318 ut
2005 4277 2206 4317 omnes
2239 4258 2684 4315 redimerentur.
2748 4257 2858 4313 Sed
2916 4257 3220 4313 ostendere
3278 4255 3365 4310 di-

1730 4355 1943 4426 gnatus
1971 4354 2060 4405 est
2088 4347 2476 4420 propositum,
2510 4345 2664 4417 quod
2691 4360 2789 4400 eos
2847 4344 3033 4417 primo
3091 4343 3365 4416 elegerat,

1732 4453 2103 4510 nequaquam
2128 4436 2378 4492 refutare
2403 4432 2693 4505 cupiebat,
2743 4436 2800 4489 et
2855 4448 3005 4504 saepe
3055 4432 3255 4487 devios
3313 4435 3370 4485 et

1733 4531 1992 4584 errantes
2019 4529 2212 4579 tamen
2244 4528 2483 4594 paterno
2505 4522 2758 4592 quodam
2789 4536 3055 4576 revocare
3075 4520 3371 4590 quaerebat

1736 4616 1963 4673 affectu.
1997 4612 2108 4668 Sed
2142 4611 2240 4664 ubi
2273 4610 2383 4681 ipsi
2429 4612 2722 4664 auctorem
2753 4607 3055 4680 proprium
3117 4606 3339 4677 relique
3362 4632 3374 4655 ι

1737 4708 1893 4772 runt,
1927 4701 2116 4757 sciens
2162 4714 2226 4753 se
2256 4698 2439 4753 Deum
2471 4696 2759 4752 montium
2788 4712 2936 4764 esse,
2968 4712 3086 4750 non
3111 4693 3372 4761 vallium,

1742 4795 1800 4846 et
1833 4804 2078 4860 regnum
2110 4785 2388 4842 ccelorum
2421 4786 2533 4856 (64)
2567 4801 2678 4840 non
2712 4801 2746 4839 a
2769 4783 3224 4851 fastidientibus,
3274 4781 3376 4836 sed

59 4916 172 4987 (62)
205 4917 376 4972 Rom.
410 4915 548 4971 edit.
604 4913 750 4987 sola,
812 4912 1125 4987 (radiantem
1174 4913 1427 4987 suscepit.
1455 4911 1632 4987 _7Huic
1741 4916 1961 4974 carent,
1995 4913 2168 4987 atque
2201 4909 2272 4987 a_d
2307 4908 2793 4987 easaccederent,
2827 4905 3178 4987 humilitatis
3221 4901 3374 4958 scili-

23 4982 232 5063 (uidem
265 4987 392 5044 loco
424 5003 538 5063 non
570 4984 716 5040 nihil
775 4982 1630 5063 offusumdesk-obscuritatis,

26 5051 90 5110 ed
125 5074 310 5129 quam
343 5057 506 5114 nulla
542 5074 610 5111 ex
662 5059 825 5127 parte
873 5052 1141 5129 mutatio
1181 5051 1314 5129 illa“
1337 5052 1630 5129 discutiat.

1744 4988 1854 5048 cet,
1887 4981 2036 5051 grati
2069 4978 2554 5051 animi,_ﬁdeique
2575 4979 2917 5051 ministerio.

1817 5041 1928 5122 (63)
1987 5051 2107 5120 Reg
2166 5041 2292 5122 .cod
2345 5041 2478 5102 cum
2544 5048 2896 5118 quibusdam
2948 5045 3085 5100 edit.
3170 5041 3373 5110 Paris.,

23 5112 280 5184 'utainus
309 5112 504 5184 autem
529 5112 757 5183 servata
784 5141 928 5180 mss.
963 5129 1018 5178 et
1050 5125 1170 5177 ant.
1204 5123 1342 5177 edit.
1367 5112 1636 5178 'lectione
1748 5112 1931 5179 turned
1961 5112 2218 5173 aucl'oris.

24 5215 114 5271 am
149 5199 612 5271 faciliusposse
660 5195 893 5271 depelli.
955 5194 1179 5271 Quippe
1235 5209 1303 5248 ex
1358 5194 1636 5271 orationis

1820 5190 2308 5262 (6474Expunxerat
2339 5186 2476 5262 edit.
2522 5190 2870 5262 Rom.,_non
2922 5185 3172 5262 υᾳζζὶαῃι,
3226 5179 3381 5262 quod

24 5253 755 5342 erieidintelli‘gereihaud
771 5281 920 5338 aegre
955 5253 1090 5320 licet
1111 5253 1217 5342 eos
1264 5280 1333 5320 ex
1363 5265 1639 5320 lsraelitis
1751 5253 1974 5342 in_‘aliis
2006 5253 2179 5342 atque
2205 5257 2908 5342 omnibusmssglhabetu‘r.
3187 5258 3382 5342 autem

33 5334 668 5416 ui_justiﬁcati:sunt,
729 5334 904 5416 atque
954 5351 1052 5391 eos
1112 5334 1211 5405 qui
1278 5351 1392 5416 non
1451 5351 1642 5416 perve-

1754 5334 1824 5388 ad
1854 5332 2045 5388 locum
2078 5323 2159 5398 III
2211 5328 2350 5398 Reg.
2410 5343 2547 5392 xxu,
2603 5328 2692 5394 28,
2752 5327 2906 5398 unde
2937 5330 3154 5398 tamen
3207 5323 3385 5398 verba

24 5395 186 5490 .erint
220 5395 294 5466 ad
308 5395 972 5482 justiﬁcatio'nem'inter
1000 5422 1061 5460 se
1083 5395 1317 5530 opjponi,
1337 5395 1645 5488 docerique
1754 5403 1855 5459 illa
1882 5398 2121 5458 sustulit
2149 5397 2251 5453 lib.
2284 5395 2362 5452 De
2390 5399 2658 5453 Nabuthe.
2707 5413 2812 5468 cap
2844 5395 3072 5476 ultimo,
3103 5395 3380 5475 num..72.

27 5481 161 5530 llos-
199 5483 358 5530 σι]οά
392 5497 520 5530 eam
555 5495 797 5530 onerum
823 5492 1065 5530 suorum
1090 5476 1127 5528 ﬁ
1173 5491 1305 5530 11018.
1325 5475 1648 5530 oleniauze-
1756 5488 1928 5530 ouem
1961 5467 2216 5526 consule.
2249 5467 2410 5530 Quod
2441 5483 2572 5522 vero
2603 5484 2704 5530 pro
2732 5468 3047 5530 colentibus,
3078 5470 3143 5519 ut
3170 5463 3380 5530 legitur

27 5481 162 5548 lios,
199 5476 359 5552 quo'd
392 5497 521 5536 eam
555 5495 797 5552 operum
820 5492 1065 5552 suorum
1090 5476 1127 5528 ﬁ

1173 5467 1648 5548 'ucia'pleniquae-
1756 5488 1928 5548 quem
1961 5467 2216 5548 consule.
2249 5467 2410 5531 Quod
2441 5483 2572 5548 vero
2602 5485 2637 5539 p

2643 5484 2704 5522 ro
2732 5463 3047 5531 celantibus,
3078 5470 3143 5519 ut
3170 5463 3384 5535 legitur

23 5534 678 5620 epsit,‘}'eini&iitd§3
725 5547 954 5620 auditos
1029 5549 1281 5620 vero_et_
1325 5534 1647 5620 ‘susce‘ptos
1759 5534 1819 5601 in
1861 5540 2084 5620 cunctis
2121 5554 2265 5620 mss.
2326 5554 2392 5592 ac
2446 5543 2557 5620 vet.
2602 5534 2751 5620 edit.
2807 5537 2866 5620 in
2923 5541 3116 5616 textu,
3133 5534 3385 5620 restituit

24 5622 162 5691 tios,
194 5614 357 5694 quod
389 5622 732 5682 electionem
763 5617 1128 5694 gratiamque
1171 5614 1427 5676 divinam
1485 5614 1646 5680 invo-

1758 5611 2094 5690 cogemibus,
2123 5609 2182 5668 id
2214 5623 2348 5668 cum
2380 5607 2594 5668 eadem
2643 5607 2778 5668 edit.
2828 5607 2888 5666 in
2933 5606 3196 5684 margine
3247 5604 3386 5667 exhi
