3856 6206
427 316 577 377 116⁸1

1877 313 1947 374 S.
1986 308 2361 374 mnosu

426 465 465 503 a
488 446 829 518 cogentibus
857 443 1031 515 diripi
1062 502 1069 511 ,
1098 446 1167 498 '15
1196 485 1213 505 ,
1272 444 1553 513 paulatim
1614 460 1929 499 conversus
1986 444 2059 498 ad
2084 445 2145 511 Α
2170 444 2419 498 circuitu
2448 443 2655 512 positis
2967 444 3029 494 et
3050 438 3269 495 derisui
3296 435 3493 495 Iube
3547 438 3817 508 μω

428 542 767 607 gentesest,
816 540 883 587 ut
939 540 997 587 et
1054 534 1356 586 nationum
1416 534 1551 603 plus
1608 534 1949 603 probaretur
1978 533 2065 587 ιι.

424 624 634 687 fectus,
661 622 957 677 stillarum
976 622 1179 675 merito
1207 624 1523 691 pertinacia
1554 623 2063 675 condemnaretur.

494 713 587 765 51.
620 712 765 777 Quid
800 709 1007 763 deinde
1036 711 1146 763 sibi
1177 710 1301 762 vult
1330 710 1481 778 quod
1518 710 1595 763 ait
1628 726 1642 761 :
1676 734 1701 755 κ
1747 710 1870 763 Non
1929 709 2065 762 licet

425 799 683 870 accipere
712 814 921 869 panem
955 798 1230 861 filiorum,
1262 804 1319 851 et
1354 800 1583 851 mittere
1616 799 1823 851 catmis
1878 798 2063 851 Intrii.

427 902 523 953 ιν,
548 888 637 955 26)
672 886 698 938 ?
728 910 755 934 ιι
775 885 981 955 Ctique
1004 885 1151 939 tilias
1170 886 1311 939 dixit
1334 885 1645 949 lsraelitas,
1662 885 1767 938 hoc
1781 892 2066 955 estpopu-

428 973 553 1029 lum
579 973 920 1028 Judcorum
942 992 953 1027 :
974 974 1195 1028 catulos
1216 980 1408 1028 autem
1434 974 1717 1044 populum
1738 984 2065 1027 nationum.

425 1062 579 1127 Quid
605 1077 743 1131 ergo
772 1064 795 1115 ?
825 1061 1079 1116 Din’tum
1110 1070 1209 1115 aut
1241 1062 1523 1115 nobilium
1556 1068 1643 1115 est
1674 1064 1933 1132 accipere
1976 1078 2069 1114 sa-

429 1156 729 1205 cramenta
758 1148 1033 1213 coelestia,
1064 1156 1119 1203 et
1151 1166 1263 1203 non
1296 1166 1497 1203 eorum
1532 1152 1628 1218 qui
1665 1151 1848 1219 magis
1872 1150 1943 1202 ad
1976 1166 2069 1202 co.

430 1240 751 1311 gnitioncm
792 1238 1051 1309 mystcrii
1109 1240 1361 1292 caelestis
1418 1239 1511 1308 pio
1575 1240 1793 1292 mentis
1851 1238 2071 1292 fervore

432 1326 787 1381 contendant
815 1328 843 1379 ?
876 1328 941 1380 Et
971 1328 1019 1381 si
1056 1326 1316 1380 lsraelita
1348 1327 1519 1380 fuerit
1540 1326 1753 1397 aliquis
1786 1327 2069 1380 remissus

434 1414 841 1485 etncgligcns,
898 1414 985 1468 vel
1042 1422 1377 1479 contumax,
1417 1416 1517 1484 qui
1573 1416 1799 1484 rejiciat
1848 1420 1977 1484 post
2010 1429 2073 1469 ss

432 1517 733 1559 sermones
790 1502 929 1557 Dei:
989 1504 1351 1558 Chananeus
1409 1510 1605 1558 autem
1664 1504 1765 1573 qui
1822 1503 2071 1573 impigre

434 1594 569 1646 velit
598 1591 969 1660 acquirendis
1002 1600 1257 1646 mentem
1316 1592 1614 1646 intendere
1668 1592 2071 1655 sacramentis,

436 1681 531 1734 ille
556 1682 745 1751 potius
778 1682 876 1750 qui
909 1680 1264 1742 dissimulat,
1296 1696 1470 1749 quam
1498 1687 1601 1733 iste
1633 1682 1731 1751 qui
1753 1681 1935 1734 defert
1958 1688 2075 1733 stu-

438 1770 623 1835 dium,
649 1769 1037 1839 praeferendus
1070 1768 1201 1823 est?
1231 1769 1353 1822 Non
1387 1771 1611 1839 utique.
1640 1770 1705 1823 Et
1764 1770 1891 1822 ideo
1939 1768 2073 1821 dili-

438 1862 641 1927 genter
667 1862 895 1929 oportet
924 1858 1143 1911 intendi
1174 1858 1314 1927 quid
1359 1858 1727 1927 expresserit,
1782 1858 1881 1927 qui
1941 1872 2075 1911 cum

440 1944 872 2001 dixissctzb'on
902 1945 1033 1999 licet
1084 1946 1343 2016 accipere
1400 1963 1609 2016 panem
1673 1945 1948 2009 filiorum,
2020 1948 2079 1997 et

440 2034 671 2089 mittere
696 2036 927 2099 catulis,
964 2060 991 2081 ι»
1024 2035 1407 2104 respondente
1440 2035 1765 2089 Ijhananea
1789 2052 1801 2086 :
1826 2033 2079 2096 "Quiaet

439 2120 617 2177 catuli
648 2138 859 2177 canum
890 2122 1073 2177 edunt
1098 2122 1171 2176 de
1200 2123 1371 2176 micis
1398 2138 1525 2191 quae
1555 2121 1773 2175 cadunt
1798 2121 1870 2175 de
1925 2136 2081 2173 men-

442 2228 510 2270 sa
527 2211 901 2267 dominorum
918 2210 1433 2277 suorum(lbid.27,
1464 2228 1477 2275 ;
1504 2236 1529 2256 η
1555 2209 1816 2263 studium
1835 2208 2083 2278 ejusbu-

443 2300 871 2368 militatsmque
896 2297 1177 2365 laudavit,
1197 2312 1324 2368 qua:
1348 2314 1460 2352 non
1484 2298 1595 2353 sibi
1621 2297 1975 2368 profundum
1994 2312 2083 2351 sa-

443 2387 672 2459 pientis
703 2402 736 2440 a
765 2385 1083 2457 primordio
1112 2384 1446 2455 vindicavit,
1467 2386 1736 2456 quamvis
1768 2386 1837 2439 de
1863 2385 2082 2439 ﬁnibus

441 2474 578 2547 Tyri
624 2479 682 2529 et
734 2474 967 2529 Sidonis
1014 2474 1144 2543 jam
1195 2480 1348 2528 esset
1401 2489 1685 2545 egressa:
1739 2474 1839 2530 sed
1898 2474 2083 2527 micas

444 2562 730 2635 quasdam
758 2562 915 2618 verbi
947 2561 1219 2617 salutaris
1248 2580 1374 2632 quae
1424 2562 1493 2616 de
1552 2579 1757 2616 mensa
1814 2562 2113 2616 domino-‘

444 2667 577 2707 rum
606 2666 849 2707 suorum
891 2651 1184 2717 caderent,
1235 2652 1491 2705 crederet
1537 2650 1913 2721 colligendas.
1974 2649 2083 2714 Qui

441 2740 599 2795 enim
622 2739 933 2810 diligenter
962 2744 1019 2792 et
1048 2738 1343 2793 subtiliter
1372 2740 1681 2808 Scriptura:
1713 2740 1885 2792 verba
1914 2739 2085 2793 rima-

441 2829 627 2894 tur,is
658 2829 729 2882 ad
764 2826 1132 2882 altitudinem
1155 2827 1565 2897 mysteriorum
1600 2827 1895 2896 pervenire
1946 2843 2085 2881 cou-

443 2917 651 2971 suevit.
684 2914 845 2968 Unde
874 2919 931 2968 et
980 2914 1115 2967 huic
1171 2914 1417 2969 dicitur:
1454 2938 1482 2962 n
1540 2915 1750 2985 Magna
1795 2920 1883 2969 est
1941 2914 2087 2970 ﬁdes

442 3006 585 3058 tua:
620 3002 720 3056 ﬂat
749 3002 854 3056 tibi
886 3002 1039 3056 sicut
1067 3001 1153 3057 vis
1184 3002 1355 3071 (Ibid.
1382 3005 1493 3071 28),
1528 3026 1555 3052 η
1590 3003 1697 3057 hoc
1713 3009 1821 3069 est,
1861 3007 1925 3057 ut
1950 3017 2085 3073 ape-

445 3087 633 3146 riatur
658 3089 763 3145 tibi
789 3091 1005 3146 ostium
1026 3090 1207 3158 verbi,
1239 3094 1297 3145 et
1321 3091 1606 3163 refulgeat
1663 3092 1791 3145 vitae
1859 3096 2084 3147 aeterne

446 3176 681 3234 salubre
709 3178 1074 3249 mysterium.

518 3266 676 3323 κθ
695 3269 785 3320 52.
812 3267 959 3339 Ergo
978 3266 1081 3337 qui
1109 3266 1339 3323 vicinus
1367 3273 1476 3334 est,
1510 3272 1755 3334 exeat,et
1782 3267 2082 3323 Christum

445 3354 639 3411 videre
666 3355 973 3425 desideret,
1006 3359 1063 3410 et
1094 3355 1153 3410 in
1183 3355 1445 3411 oratione
1475 3355 1703 3422 clamet,
1755 3355 1909 3411 sicut
1964 3355 2081 3410 ista

2174 536 2424 593 merent,
2449 531 2519 583 de
2532 532 2749 600 quibus
2762 529 3191 584 dicitDominus
3206 545 3223 582 :
3238 551 3265 577 ι
3291 526 3821 583 Circumdederunt

2175 636 2265 674 me
2296 619 2461 672 vituli
2518 619 2689 672 multi
2742 620 2893 672 ρωι.
2922 634 3042 681 m,
3076 618 3183 671 13:.
3210 639 3237 663 ι
3294 616 3827 671 Wehl-unt

2174 710 2331 762 enim
2362 724 2499 761 eum
2530 714 2951 779 persecutores.
2986 706 3221 775 quando
3253 706 3585 760 secundum
3632 705 3825 761 consi-

2176 797 2322 849 lium
2354 796 2669 850 voluntatis
2698 812 2819 850 sua
2848 795 3033 850 subiit
3050 792 3833 865 passioucm.L'ndcetalihi

2174 885 2803 939 ait2-Circundantes
2832 883 3545 937 circumdederunth
3605 881 3671 937 in
3731 898 3831 938 no-

2178 976 2335 1028 mine
2363 973 2593 1028 Domini
2620 973 2783 1027 ultus
2812 989 2945 1027 sum
2981 973 3041 1025 in
3068 988 3171 1026 eos
3204 972 3381 1037 (Pal.
3414 986 3595 1035 mn,
3654 972 3767 1039 11),
3797 994 3827 1020 ι

2181 1062 2311 1117 Ideo
2342 1062 2551 1117 melius
2581 1070 2671 1117 est
2696 1064 2851 1117 viam
2884 1068 3108 1117 rectam
3134 1066 3353 1126 tenere,
3382 1062 3443 1115 in
3468 1058 3833 1131 quiaan-

2179 1152 2293 1205 rosi
2322 1151 2625 1206 ambulare
2654 1169 2767 1206 non
2800 1156 3067 1223 possunt.
3098 1150 3497 1216 Circumdant,
3526 1148 3675 1221 quia
3714 1164 3841 1203 non

2180 1242 2237 1293 in
2267 1241 2585 1295 directione
2614 1241 2941 1296 ambulant.
2976 1240 3141 1297 Unde
3166 1244 3225 1295 et
3256 1237 3595 1310 illiquando
3634 1235 3839 1294 voluc-

2180 1335 2309 1383 rent
2336 1329 2541 1383 Jesum
2566 1329 2879 1383 Dominum
2894 1327 3405 1399 comprehendere,
3437 1326 3539 1381 ubi
3572 1326 3839 1398 respexit

2181 1433 2303 1485 eos,
2328 1418 2684 1471 ceciderunt.
2720 1416 2960 1488 Propter
2987 1416 3097 1471 bos
3126 1416 3307 1487 igitur
3330 1416 3434 1487 qui
3464 1415 3529 1470 in
3580 1415 3837 1471 circuitu

2179 1506 2479 1559 ambulare
2498 1503 3203 1576 consummatan
3228 1503 3517 1559 Dominus
3529 1504 3837 1576 apposuit,

2182 1595 2283 1664 qui
2317 1612 2349 1646 a
2392 1602 2551 1665 tergo
2584 1595 2931 1648 insidiantes
2958 1591 3201 1663 repellat
3580 1590 3837 1648 Praen-

2184 1685 2267 1735 dit
2302 1686 2478 1754 igitur
2508 1683 2753 1752 angelus
2782 1683 3014 1736 Domini
3063 1683 3122 1736 in
3186 1681 3433 1736 circuitu
3486 1681 3832 1737 timentium

2184 1787 2343 1838 eum,
2376 1778 2433 1824 et
2462 1787 2559 1824 eos
2592 1776 2788 1824 tuetur
2830 1776 3009 1840 atque
3052 1768 3326 1823 custodit.
3362 1792 3389 1815 ιι
3450 1768 3517 1823 In
3576 1768 3833 1823 circuitu

2185 1861 2342 1914 enim
2376 1859 2539 1929 impii
2566 1858 2891 1921 ambulant,
2926 1880 2953 1906 ιι
2987 1857 3141 1912 sicut
3172 1856 3459 1928 scriptum
3509 1860 3611 1913 at
3654 1858 3831 1925 (Paul.

2188 1965 2265 2011 Il,
2295 1949 2331 1999 9
2361 1947 2533 2001 .Vide
2564 1948 2762 2016 itaque
2788 1945 3156 2000 distantiam.
3180 1944 3421 2016 lmpiiin
3442 1944 3837 2000 citauit..—

2187 2035 2428 2091 bulant:
2464 2034 2709 2105 angelus
2722 2040 2917 2089 autem
2935 2032 3315 2105 pratcuditin
3338 2032 3837 2099 circuitum

2188 2125 2289 2194 qui
2322 2140 2435 2178 non
2467 2122 2775 2176 ambulant
2804 2124 2862 2176 in
2894 2122 3143 2176 circuitu
3175 2139 3189 2187 ;
3230 2125 3293 2176 ct
3317 2121 3451 2177 ideo
3500 2121 3835 2193 [II-attulit,

2190 2220 2257 2267 ut
2283 2216 2450 2266 emat
2472 2212 2670 2280 justos
2714 2211 2789 2265 ab
2832 2210 3066 2265 insidiis
3113 2209 3618 2281 persequentium.
3679 2209 3843 2266 Iusti

2188 2317 2326 2371 ergo
2356 2299 2651 2371 spiritales
2705 2297 2979 2353 Israelita
3034 2297 3307 2353 videntur
3360 2313 3495 2357 esse
3547 2297 3653 2369 qui
3712 2297 3834 2355 hac

2192 2389 2533 2459 loquuntur,
2559 2403 2627 2442 eo
2654 2387 2811 2458 quod
2834 2385 3261 2441 mutationibus
3288 2385 3488 2441 seculi
3515 2386 3835 2457 sul)ij-

2191 2477 2329 2540 rint,
2381 2480 2439 2530 et
2495 2475 2879 2546 approbrium
2908 2473 3127 2529 fuerint
3168 2474 3514 2542 vicinorum,
3557 2473 3673 2530 hoc
3722 2480 3829 2541 εκ,

2190 2579 2391 2618 eorum
2421 2564 2521 2633 qui
2552 2561 2881 2617 Jerusalem
2914 2563 3294 2634 patr-iamnon
3320 2561 3683 2619 incolebant.
3703 2562 3835 2618 Illu-

2192 2652 2346 2707 sioni
2382 2650 2557 2705 etiam
2590 2652 2825 2706 fuerunt
2845 2649 3210 2722 spiritalibus
3234 2650 3513 2721 nequitiis
3544 2655 3611 2705 et
3660 2656 3856 2723 pote-.

2193 2741 2464 2805 statibus,
2498 2746 2699 2794 eontra
2724 2755 2874 2810 quas
2896 2739 3081 2809 justis
3135 2738 3294 2793 lucta
3319 2754 3455 2794 esse
3507 2739 3831 2795 consuevit.

2192 2828 2453 2899 Denique
2484 2827 2727 2882 historia
2755 2832 2812 2881 te
2842 2828 3045 2882 doceat
3071 2826 3229 2897 quod
3258 2826 3497 2881 abducti
3523 2826 3719 2882 Judai
3774 2828 3831 2883 in

2194 2917 2592 2987 Babyloniam,
2623 2915 2731 2970 etsi
2762 2919 2999 2987 propter
3027 2919 3265 2987 peccata
3321 2931 3431 2971 sua
3485 2914 3833 2972 videbantur

2193 3020 2324 3060 esse
2366 3004 2640 3073 subjecti,
2692 3008 2814 3058 tam
2865 3002 3049 3059 multo
3096 3002 3368 3059 meliores
3395 3003 3675 3075 gentibus
3729 3005 3831 3059 hs—

2194 3094 2502 3147 bebantur.
2534 3093 2767 3163 Pejorcs
2794 3092 2952 3147 enim
2997 3096 3166 3148 erant
3210 3092 3271 3147 in
3305 3092 3553 3148 circuitu
3602 3108 3824 3159 eorum,

2111 3168 2157 3234 C
2193 3181 2293 3252 qui
2326 3180 2689 3236 insultabant
2716 3181 2822 3246 eis,
2844 3197 2979 3236 cum
3010 3181 3125 3252 ipsi
3141 3184 3513 3253 peccatorum
3560 3182 3825 3254 gravium

2189 3273 2385 3325 essent
2412 3268 2563 3324 mole
2590 3268 2832 3324 curvati.

2256 3360 2347 3412 54.
2382 3358 2613 3413 Primus
2641 3373 2779 3429 ergo
2806 3357 3135 3414 intellectus
3165 3359 3238 3415 de
3256 3359 3501 3431 captivis
3560 3360 3825 3432 patribus

441 3442 765 3500 Chananea
787 3444 963 3499 exivit
988 3444 1061 3499 de
1090 3444 1307 3500 ﬁnibus
1335 3444 1481 3509 suis,
1505 3449 1561 3498 et
1588 3443 1882 3498 Christum
1913 3444 2075 3511 vidit,
2188 3447 2564 3517 usurpandus
2593 3451 2701 3514 est,
2736 3447 2954 3517 quibus
2982 3446 3413 3503 insultaverunt
3443 3447 3673 3520 Assyrii
3695 3448 3823 3503 illa-

438 3535 497 3586 et
518 3531 647 3603 jugi
677 3548 815 3587 voce
844 3531 1135 3597 clamavit,
1159 3536 1226 3587 ut
1245 3534 1371 3603 ejus
1401 3531 1861 3587 misericordiam
1885 3548 2077 3603 neporo
2183 3534 2389 3589 dentes
2404 3534 2491 3590 eis
2514 3534 2575 3589 in
2606 3533 2926 3606 Babylonia
2955 3553 2971 3590 :
2998 3536 3218 3607 quibus
3240 3535 3419 3591 etiam
3451 3552 3551 3591 rex
3581 3535 3687 3591 ille
3732 3551 3829 3591 ne-

436 3620 606 3673 taret.
666 3619 1049 3675 Credentihus
1086 3620 1285 3690 itaque
1330 3620 1670 3674 Chananaeis
1715 3619 1953 3674 Judaeus
2013 3620 2072 3673 in
2182 3623 3823 3694 quissimusdominabaturNabuchodonosor.Secundus

433 3704 744 3774 opprobrio
775 3706 873 3769 sit,
904 3705 1042 3775 quia
1072 3706 1198 3777 ipse
1222 3723 1335 3760 non
1359 3707 1641 3761 credidit:
1672 3711 1729 3762 et
1758 3706 1927 3762 illudi
1957 3708 2072 3762 sibi
2182 3710 2512 3767 intellectus
2541 3712 2614 3768 ad
2645 3711 2853 3767 altiora
2883 3713 3220 3769 referendus
3249 3717 3358 3780 est,
3389 3714 3551 3785 quod
3584 3714 3823 3770 saevissi-

434 3790 649 3858 doleat,
681 3795 739 3848 et
766 3792 1015 3848 derideri
1047 3809 1111 3848 se
1139 3794 1212 3849 ab
1245 3794 1315 3847 iis
1342 3793 1517 3865 quiin
1540 3795 1787 3850 circuitu
1804 3798 1963 3862 sunt,
1988 3795 2074 3849 in-
2180 3816 2425 3856 musrex
2454 3798 2727 3856 diabolus
2757 3805 2846 3856 est
2866 3800 3024 3874 :ipse
3049 3805 3139 3858 est
3161 3801 3613 3873 Assyrius...
3633 3802 3819 3859 Nabu-

431 3879 741 3959 gsmiscat.
2177 3888 2560 3956 chodonosor,
2584 3889 2686 3960 qui
2704 3888 2873 3945 bonis
2886 3889 3155 3945 insidiari
3170 3889 3337 3958 solet,
3351 3894 3530 3946 utens
3546 3891 3611 3946 in
3626 3907 3815 3964 pecca-

498 3968 588 4023 53.
622 3969 695 4025 Et
716 3968 948 4024 videtur
976 3969 1281 4041 prophetia
1309 3969 1429 4025 hac
1453 3986 1580 4027 esse
1611 3971 1682 4026 de
1726 3971 2067 4028 nationibus
2175 3978 2304 4029 tum
2320 3975 2514 4031 trahat
2575 3992 2681 4047 per
2708 3977 2902 4033 carnis
2958 3976 3309 4033 illecebram.
3331 3979 3586 4034 Attende
3636 3979 3807 4051 igitur

427 4055 759 4125 credituris,
808 4056 1060 4113 maxime
1116 4073 1251 4112 cum
1318 4058 1622 4129 sequentia
1663 4059 1823 4114 istud
1875 4063 2069 4115 osten-
2174 4061 2331 4118 hunc
2360 4079 2656 4136 regemeo
2687 4064 2835 4134 loco,
2874 4065 2979 4121 ubi
3004 4066 3147 4121 dicit
3188 4065 3503 4139 Apostolus
3529 4085 3547 4122 :
3572 4089 3608 4117 «τ
3650 4067 3819 4123 Video

428 4144 594 4210 dant,
647 4145 787 4217 quia
832 4144 913 4200 ait
954 4163 967 4200 :
1021 4145 1273 4201 Posuisti
1342 4163 1447 4201 nos
1487 4148 1547 4201 in
1610 4146 2059 4203 similitudinem
2171 4150 2359 4223 legem
2399 4153 2594 4209 carnis
2626 4169 2767 4209 mea:
2796 4158 3220 4227 repugnantem
3243 4153 3359 4228 legi
3390 4155 3621 4211 mentis
3658 4172 3809 4217 meo.

425 4231 719 4303 gentibus,
749 4233 1202 4289 commotionem
1230 4234 1441 4306 capitis
1469 4235 1528 4289 in
1552 4234 1786 4307 populis
1815 4254 1828 4302 ;
1865 4259 1893 4284 »ι
1922 4236 2063 4308 quia
2172 4243 2229 4295 et
2277 4240 2574 4312 captivum
2598 4258 2691 4298 me
2720 4244 3031 4298 ducentem
3079 4244 3140 4299 in
3190 4242 3318 4316 lege
3359 4244 3590 4316 peccati
3651 4247 3811 4314 (Bon.

422 4318 760 4375 Judaei-um
791 4320 1004 4378 delicto
1033 4322 1196 4379 salus
1225 4322 1525 4394 gentibus:
1559 4327 1618 4378 et
1668 4339 1797 4394 quas
1853 4323 1937 4378 illi
1998 4325 2060 4379 in
2169 4343 2269 4382 vn.
2302 4328 2441 4396 23);
2475 4351 2503 4379 ››
2539 4328 2649 4385 hoc
2678 4334 2786 4399 est,
2810 4330 2869 4385 in
2890 4329 2991 4386 illa
3020 4330 3146 4403 lege
3192 4330 3449 4387 carnalis
3504 4330 3808 4389 illecebre.

424 4404 612 4492 figura
635 4412 801 4479 gesta
827 4414 987 4477 sunt,
1034 4410 1107 4465 ad
1154 4410 1542 4482 cognitionem
1600 4416 1864 4467 nostram
1916 4429 2055 4483 pro-
2166 4416 2549 4473 Adversarius
2581 4417 2672 4474 leo
2700 4423 2809 4485 est,
2841 4419 2943 4490 qui
2969 4423 3138 4492 urget
3157 4419 3460 4487 obnoxios,
3482 4420 3699 4491 justus
3737 4422 3804 4478 fa-

420 4491 952 4589 Apostolo
981 4501 1217 4589 auctore
1244 4498 1291 4589 (_I
1310 4500 1438 4589 ρον.
1470 4515 1523 4565 x,
1545 4499 2047 4589 incognovimus.
2082 4524 2133 4589 Β
2170 4504 2335 4576 tigat.
2356 4504 2519 4560 Unde
2555 4504 2797 4576 pulchre
2818 4507 3017 4578 posuit
3035 4506 3282 4578 Aquila:
3310 4530 3339 4557 υ
3361 4508 3807 4580 Spretionemet

419 4581 707 4639 Etverein
729 4584 1126 4655 opprobrium,
1151 4584 1323 4657 positi
1367 4590 1507 4640 sunt
1559 4587 1854 4657 gentibus,
1911 4589 2051 4659 quia
2082 4581 2125 4589 _
2164 4609 2441 4664 pompam
2494 4593 2743 4665 posuisti
2779 4611 2886 4649 nos
2926 4594 3023 4662 iis,
3063 4595 3164 4666 qui
3199 4595 3259 4650 in
3318 4596 3580 4652 circuitu
3627 4603 3805 4653 nostro

417 4672 621 4757 gentes
648 4671 1046 4757 opprobrium,
1079 4672 1594 4728 crucisDominicaa
1639 4676 1915 4731 omnibus
1962 4677 2050 4730 di-
2161 4685 2321 4737 sunt.
2357 4703 2386 4729 υ
2438 4681 2524 4736 Ita
2562 4682 2719 4737 enim
2765 4682 3152 4755 despicabiles
3187 4683 3683 4755 aestimabantur,
3722 4686 3803 4757 qui

411 4754 574 4845 vitiis
600 4756 982 4815 secularibus
1012 4759 1406 4832 praetulerunt.
1432 4761 1539 4826 Qui
1571 4766 1766 4817 autem
1816 4781 2049 4820 crucem
2158 4769 2458 4824 theatrum
2480 4770 2615 4825 facti
2638 4776 2778 4826 sunt
2811 4754 2947 4826 huic
2986 4771 3228 4837 mundo,
3269 4776 3327 4826 et
3362 4771 3601 4845 angelis
3635 4754 3694 4832 et
3728 4754 3804 4829 lio-

416 4843 579 4905 illam
632 4847 859 4920 putavit
911 4847 1316 4920 opprobrium,
1372 4853 1430 4903 et
1475 4850 1644 4921 quasi
1699 4853 2046 4923 opprobium
2159 4858 2625 4929 minibus;quia
2651 4858 2765 4916 etsi
2788 4859 2849 4914 in
2869 4862 3219 4917 testamento
3257 4876 3373 4917 non
3413 4843 3671 4933 peccent
3717 4860 3799 4919 Dei

412 4934 647 5007 refugit,
678 4935 730 4992 is
749 4951 879 4992 vere
893 4936 952 4991 in
978 4937 1256 4994 diuturno
1288 4939 1508 4995 mansit
1554 4941 1886 5012 approbrio,
1931 4944 2048 4999 Ta-
2157 4961 2263 5002 nec
2284 4947 2479 5002 carnis
2498 4946 2787 5003 illecebris
2818 4947 3189 5003 reﬂectantur
3208 4965 3243 5003 a
3276 4948 3533 5005 Domino
3559 4969 3576 5018 ;
3619 4956 3793 5007 um

412 5038 547 5080 men
579 5024 718 5095 quia
746 5041 861 5081 non
892 5026 1218 5082 secundum
1248 5043 1482 5083 carnem
1516 5028 1785 5085 Israelita:
1840 5030 2040 5087 viden-
2155 5035 2325 5107 quasi
2355 5034 2416 5091 in
2437 5051 2653 5107 pompa
2689 5035 2947 5108 quadam
2994 5035 3361 5092 circumferri
3418 5037 3703 5096 videntur
3749 5042 3795 5092 et

410 5114 525 5181 tur,
558 5112 659 5184 qui
689 5116 1007 5185 potuerunt
1036 5115 1265 5170 dicere:
1300 5115 1788 5188 Quiainiquenon
1813 5119 2044 5193 egimus
2151 5122 2413 5195 despici:
2451 5124 2931 5196 quandoquidem
2951 5128 3294 5197 peccatores
3343 5124 3677 5185 humilitati
3712 5128 3789 5199 ju-

407 5198 468 5255 in
500 5199 873 5288 Testamento
913 5201 1145 5258 Domini
1200 5205 1395 5274 (In/ra,
1438 5221 1587 5262 vers.
1639 5208 1747 5277 19),
1798 5224 1904 5263 nec
1960 5225 2045 5265 re-
2151 5214 2379 5267 storum
2400 5210 2689 5268 insultare
2707 5213 3235 5280 consueverint;ut
3266 5214 3661 5288 opprobrium
3704 5198 3787 5271 ds-

408 5285 587 5344 cessit
611 5291 762 5346 retro
792 5305 891 5346 cor
920 5306 1124 5346 eorum
1154 5307 1189 5348 a
1207 5291 1471 5361 Domino,
1502 5293 1633 5349 vide
1663 5311 1736 5351 ne
1764 5294 1838 5352 iis
1868 5312 1931 5352 se
1979 5297 2040 5353 in
2150 5302 2288 5355 cant
2332 5315 2565 5356 crucem
2609 5300 2841 5358 Domini
2893 5299 3226 5369 Salvatoris,
3280 5285 3783 5376 humilitatsmqio

406 5444 719 5532 Ξοξιὲεέυμι
736 5452 818 5532 ,εξ-
843 5448 1093 5532 Demea
1124 5450 1335 5532 enituit
1358 5452 1777 5532 ςρηξιμθιιιάος-
1795 5453 2038 5532 Is_eni_m
2146 5475 2252 5532 pro
2270 5457 2516 5532 violemu-

408 5514 712 5643 mnifesto
736 5516 835 5601 hic
853 5517 1162 5603 alludit_ad
1192 5520 1336 5576 illud
1358 5521 1564 5592 Matth,
1595 5525 1802 5608 111,.42,
1825 5529 1875 5582 et
1920 5529 2035 5583 υἰο-
2146 5514 2167 5532 ⁸
2217 5514 2513 5607 (σφωε
2532 5529 2773 5609 aliquot,
2805 5530 2897 5593 sed
2922 5546 2956 5594 α
2976 5531 3295 5595 colentibus.
3320 5533 3520 5612 diripi.

499 5583 542 5640 ιὶ
556 5587 789 5643 ταρίιιπε
810 5588 973 5643 illud.
988 5591 1109 5643 ubl.
1129 5607 1434 5643 nuncnum
1447 5611 1561 5643 non
1585 5593 1747 5643 latnt-
1772 5602 2029 5643 massam-

499 5583 542 5640 ti
556 5587 789 5663 rapiunt
810 5588 973 5661 illud,
988 5589 1109 5663 ubi,
1129 5607 1435 5668 nunquam
1447 5583 1563 5654 non
1584 5583 1749 5674 legit,
1772 5583 2031 5675 cogentes,
