3856 6206
71 359 188 426 “69

1091 356 1544 428 ENAHRA'I‘IO
1585 361 1667 428 IN
1700 361 2093 432 .PSALMUM
2135 366 2352 436 XLIII;

3239 383 3398 449 11.70

62 494 320 569 iustorum.
351 486 608 565 Denique
647 489 815 567 quasi
842 490 903 551 in
935 495 1190 568 quadam
1221 513 1435 572 pompa
1472 499 1634 557 thea-
1667 501 1722 571 Α
1751 504 1808 558 et
1832 501 2020 560 ﬁlium
2047 504 2176 575 ejus
2204 522 2216 575 ;
2246 524 2362 566 non
2392 506 2547 570 enim
2577 507 2762 574 haeres
2793 514 2906 574 erit
2954 514 3111 576 ﬁlius
3169 517 3391 579 ancilla:

66 585 118 641 tri
141 581 458 639 constitutus
475 583 790 654 Apostolus
816 583 958 640 dicit
981 600 994 639 :
1022 608 1050 635 ‹‹
1084 585 1286 643 Placeo
1307 588 1452 644 mihi
1475 589 1534 645 in
1557 589 1640 646 in-

57 673 207 745 juriis,
234 671 285 725 in
314 671 778 740 necessitatibus,
812 673 869 726 in
904 676 1429 744 persecutionibus,
1453 678 1510 732 in
1536 697 1634 734 an-

59 760 223 834 gustiis
253 759 318 830 (II
341 760 460 815 Cor.
492 777 592 824 xu,
631 761 736 830 10).
772 783 799 811 ››
834 762 896 816 In
929 763 1058 818 istis
1106 763 1295 834 placet
1351 765 1482 832 sibi,
1534 769 1632 838 qui

1751 607 1884 647 cum
1909 593 2027 650 ﬁlio
2059 611 2186 652 meo
2218 601 2372 655 Isaac
2402 601 2562 670 (Ibid.
2594 603 2696 671 30;
2761 605 2891 661 Gen.
2926 625 3041 675 xxr,
3102 609 3211 677 10).
3249 631 3276 658 »
3325 612 3396 666 Et

1746 680 2056 751 Apostolus
2089 685 2207 739 ait:
2240 709 2266 734 ‹‹
2304 688 2522 759 Itaque,
2549 691 2776 760 fratres,
2802 711 2916 749 non
2941 711 3150 751 sumus
3168 697 3391 755 ancilla

1746 766 1869 856 filii,
1905 771 2004 824 sed
2037 771 2228 827 libera:
2261 774 2460 844 (Galat.
2497 795 2572 845 ιν,
2605 780 2716 850 31).
2748 804 2777 828 »
2809 782 2936 837 Haec
2965 786 3055 838 est
3075 800 3211 856 ergo
3235 785 3386 842 solu-

58 848 349 943 omniaquae
407 849 610 943 mundi
660 853 798 943 sunt
859 850 1278 943 detrimentum
1336 859 1522 925 putat,
1572 861 1634 910 ut
1746 855 1846 943 tio,
1882 857 2020 927 quia
2050 860 2204 929 quod
2262 861 2570 934 ignorabat
2615 848 2873 936 Judaeus,
2928 871 3077 926 ﬁdes
3124 848 3388 943 gentium

54 936 262 994 Chistum
294 935 629 1001 lucrifaciat,
661 937 850 992 solum
883 955 986 1010 per
1037 939 1215 994 vitam
1275 946 1331 996 et
1386 947 1631 998 mortem
1743 942 1932 1010 solvit,
1968 945 2162 1001 infusa
2192 965 2225 1002 a
2247 949 2423 1004 Paulo
2448 951 2678 1009 doctore
2709 956 3005 1012 mentibus
3055 935 3380 1018 nationum.

53 1025 327 1095 requirens:
353 1024 443 1078 cui
467 1025 654 1080 vivere
675 1025 962 1096 Christus,
993 1032 1100 1095 est,
1128 1033 1185 1084 et
1207 1030 1353 1085 mori
1376 1030 1626 1099 lucrum,

51 1117 95 1168 ut
118 1112 413 1168 inveniatur
440 1113 498 1167 in
527 1113 774 1168 Christo.

1742 1030 1872 1085 Ideo
1904 1049 2038 1104 ergo
2071 1034 2302 1090 illorum
2335 1043 2500 1109 gesta
2531 1041 2700 1096 nobis
2723 1043 2781 1097 in
2806 1045 3082 1113 parabola
3113 1052 3268 1102 sunt.

1807 1120 1899 1173 57.
1932 1121 2040 1175 Sed
2073 1127 2128 1176 et
2158 1123 2440 1181 Dominus
2471 1127 2641 1182 dixit:
2677 1151 2704 1178 υ
2735 1131 2942 1187 Factus
2973 1151 3104 1187 sum
3137 1134 3253 1190 illis
3314 1137 3374 1192 in

93 1201 164 1254 55.
197 1199 404 1292 (Vers._
433 1201 572 1292 16.)
616 1203 921 1292 iAdjiciunt
977 1205 1168 1260 adhuc
1225 1206 1321 1262 isti
1353 1207 1624 1264 Israelitae
1737 1208 2073 1278 parabolam
2101 1227 2112 1265 ε
2148 1212 2456 1268 adversum
2489 1232 2580 1271 me
2611 1220 3028 1275 exercebantur
3058 1222 3156 1292 qui
3204 1225 3376 1279 sede-

47 1287 342 1343 dicentes:«
372 1289 625 1346 Posuisti
678 1309 784 1347 nos
829 1293 887 1346 in
938 1293 1275 1364 parabolam
1326 1297 1620 1366 gentibus,

45 1376 435 1432 commotionem
466 1377 674 1449 capitis
704 1380 762 1434 in
786 1380 1037 1451 populis.
1064 1404 1092 1430 »
1110 1382 1330 1444 Quibus
1351 1385 1624 1455 gentibus

43 1463 256 1534 posuisti,
287 1464 399 1520 nisi
431 1466 740 1522 credituris
778 1469 938 1536 (66)?
965 1470 1044 1524 Ea
1073 1469 1227 1524 enim
1279 1489 1404 1542 qua:
1471 1473 1618 1528 acci-

44 1550 202 1605 derunt
225 1553 458 1620 Judaais,
485 1554 543 1609 in
575 1555 1017 1612 similitudinem
1051 1558 1247 1629 ﬁgurae
1281 1559 1429 1614 facta
1458 1565 1616 1628 sunt,

41 1643 78 1692 at
98 1637 235 1694 ﬁeret
263 1641 429 1697 nobis
459 1645 632 1714 typus
662 1647 719 1699 et
741 1645 928 1716 ﬁgura
947 1645 1234 1702 excidium
1257 1648 1614 1714 Judworum,

41 1730 164 1797 itque
189 1745 250 1784 ex
279 1728 381 1785 illa
412 1730 794 1787 similitudine
822 1750 926 1804 per
954 1734 1312 1805 parabolam,
1372 1737 1616 1793 solutio-

1733 1293 1872 1348 bant
1903 1296 1960 1349 in
2012 1302 2176 1368 porta
2223 1300 2393 1370 (Psal.
2449 1319 2638 1372 LXVIII,
2696 1306 2869 1375 12).»
2918 1307 2981 1361 In
3029 1309 3372 1379 parabolam

1732 1387 1926 1437 autem
1954 1384 2162 1453 factus,
2197 1387 2334 1457 quia
2363 1389 2574 1456 dicitis,
2637 1392 2861 1462 inquit:
2893 1417 2921 1442 «
2970 1395 3189 1452 Medico
3236 1415 3376 1455 cura

1731 1472 1785 1524 te
1815 1471 2008 1542 ipsum
2043 1475 2188 1542 (Luc.
2227 1493 2298 1541 ιν,
2331 1478 2440 1548 22).
2475 1499 2503 1526 ››
2537 1479 2600 1532 In
2632 1479 2971 1550 parabolam
3021 1483 3211 1539 factus
3255 1491 3367 1554 est,

1729 1560 1866 1630 quia
1886 1562 2153 1618 sedentes
2180 1562 2237 1618 in
2266 1568 2430 1635 porta
2483 1566 2851 1639 increpabat;
2888 1571 2947 1624 in
3007 1571 3160 1626 exitu
3211 1573 3368 1630 enim

1727 1663 1840 1702 non
1874 1649 2064 1714 otiosi,
2121 1653 2221 1706 sed
2281 1654 2515 1708 exerciti
2576 1671 2704 1710 esse
2759 1657 3060 1713 debemus.
3116 1659 3368 1732 Ideoque

1725 1736 2008 1806 scriptum
2041 1742 2156 1793 est:
2194 1762 2220 1787 ‹‹
2255 1741 2479 1807 Videte,
2514 1759 2585 1796 ne
2616 1745 2718 1798 ﬁat
2747 1744 2882 1816 fuga
2911 1750 3103 1801 vestra
3152 1746 3366 1819 hieme,

39 1830 128 1869 lem
154 1818 529 1917 praesentibus
553 1820 941 1918 requiramus,
975 1838 1089 1892 quo
1121 1823 1384 1895 exempla
1411 1841 1611 1880 eorum
1643 1855 1691 1920 B
1723 1823 1809 1878 vel
1841 1823 2095 1880 Sabbato
2127 1826 2346 1896 (Matth.
2382 1846 2532 1895 xxxv,
2567 1831 2679 1900 20),
2716 1852 2742 1878 »
2766 1831 2874 1886 hoc
2900 1837 3006 1902 est,
3032 1850 3146 1888 non
3167 1834 3228 1889 in
3250 1818 3365 1892 otio

38 1918 183 1996 :avere
221 1906 536 1976 possimus.
569 1907 790 1963 Deinde
820 1909 960 1980 quia
985 1910 1245 1966 Judaicae
1277 1927 1369 1966 res
1405 1929 1610 1969 omnes
1643 1906 1690 1920 ”
1720 1913 1820 1966 sed
1856 1911 1913 1966 in
1948 1914 2197 1986 negotio.
2254 1916 2397 1987 Ergo
2447 1917 2598 1989 pigri
2639 1919 2919 1974 sedebant
2966 1921 3174 1990 Judaei,
3227 1923 3365 1996 quia

37 1992 150 2060 [nasi
177 1994 458 2064 parabolis
489 1999 646 2063 sunt,
674 1997 784 2052 hoc
813 2001 922 2064 est,
980 1998 1148 2068 quasi
1194 2000 1390 2071 ﬁgura:
1444 2015 1610 2072 egen-

36 2094 81 2132 es
105 2080 394 2138 solutione.
427 2082 686 2155 Denique
715 2085 1001 2140 Dominus
1030 2086 1250 2142 Judaeis
1281 2087 1339 2141 in
1371 2088 1609 2159 parabo-

35 2182 54 2219 ι
76 2165 492 2239 loquebatur,ut
522 2171 776 2244 imperiti
810 2190 926 2228 non
957 2172 1370 2245 intelligerent,
1391 2174 1603 2231 intelli-

33 2261 174 2320 gerent
200 2259 512 2331 sapientes,
548 2264 613 2315 ut
659 2260 1062 2331 intelligebant
1114 2263 1396 2334 Apostoli,
1449 2267 1506 2318 et
1545 2263 1604 2318 in

31 2359 99 2412 {uo
124 2349 498 2404 movebantur
525 2349 658 2420 (67),
686 2349 1477 2422 interrogabantDominum:
1511 2353 1605 2407 Ju-

37 2431 88 2484 ai
113 2439 294 2490 autem
330 2453 436 2492 nec
493 2436 916 2509 intelligebant,
973 2455 1076 2493 nec
1123 2437 1335 2494 iterum
1379 2439 1602 2496 discere

30 2534 93 2573 on
121 2520 404 2579 intellecta
433 2525 765 2596 cupiebant.

51 2608 125 2663 56.
157 2611 299 2676 Quid
336 2612 414 2667 sit
444 2613 739 2684 parabola,
770 2615 983 2686 accipe.
1018 2636 1045 2664 «
1078 2614 1374 2670 Abraham
1422 2615 1602 2687 igitur

32 2711 116 2751 uos
144 2697 291 2755 ﬁlios
321 2699 563 2756 habuit:
590 2718 772 2756 unum
803 2702 874 2756 de
917 2701 1147 2768 ancilla,
1180 2707 1237 2757 et
1294 2720 1477 2758 unum
1527 2705 1598 2760 de

27 2783 142 2840 bera
171 2786 370 2856 (Galat.
408 2806 483 2855 ιν,
513 2790 625 2859 22).
658 2812 684 2838 ››
706 2791 832 2845 Non
853 2790 1214 2861 intelligebat
1233 2791 1342 2847 hoc
1360 2793 1596 2848 Judaaus

31 2871 86 2926 isi
115 2877 434 2932 secundum
466 2878 738 2933 litteram.
790 2879 1098 2934 Nesciebat
1154 2880 1286 2951 quis
1343 2881 1413 2935 de
1459 2881 1596 2937 ﬁliis

24 2961 184 3018 uobus
237 2965 524 3037 acceperit
580 2965 976 3022 haereditatem
1035 2967 1238 3037 patris,
1303 2969 1458 3040 quia,
1522 2970 1591 3023 ad

21 3049 212 3106 arnalia
241 3053 660 3124 prOpendebat.
694 3054 914 3126 Egebat
952 3054 1228 3125 parabola
1282 3054 1590 3111 solutione.

21 3134 126 3191 'enit
152 3141 415 3211 gentium
447 3141 675 3209 Doctor,
707 3146 766 3196 et
796 3141 940 3197 ﬁdes
971 3143 1298 3208 nationum,
1328 3147 1386 3198 et
1424 3143 1590 3198 intel-

1718 2002 1872 2054 stare
1903 2017 2016 2054 non
2052 2006 2340 2072 poterant,
2369 2005 2468 2074 qui
2494 2021 2640 2060 versa
2679 2006 3005 2061 Jerusalem
3064 2011 3212 2065 atria
3258 2028 3364 2066 ne-

1717 2087 2082 2155 sciebant;si
2113 2091 2269 2144 enim
2300 2091 2608 2148 scivissent
2653 2092 2813 2148 illam
2858 2095 3206 2164 Jerusalem,
3257 2115 3354 2154 re-

1716 2176 2116 2245 quisivissent.
2138 2179 2239 2234 Isti
2263 2195 2399 2250 ergo
2421 2180 2643 2252 fatigati
2666 2181 2725 2236 in
2740 2186 2906 2254 porta
2927 2183 3225 2241 sedebant.
3241 2185 3356 2242 Nec

1714 2262 1903 2318 solum
1937 2265 2099 2331 dixit,
2129 2266 2402 2334 sedebant,
2437 2268 2538 2323 sed
2569 2269 2745 2323 etiam
2777 2270 3018 2325 oderant
3039 2271 3354 2328 Dominum

1713 2351 1771 2406 in
1805 2353 1986 2422 portis
2018 2354 2486 2426 redarguentem.
2515 2356 2576 2409 In
2627 2360 2797 2428 porta
2850 2357 3006 2412 enim
3056 2363 3199 2430 erat,
3252 2361 3354 2431 qui

1711 2440 2017 2495 subiturus
2047 2445 2169 2496 erat
2185 2443 2276 2496 sui
2310 2443 2571 2514 corporis
2603 2443 2959 2514 passionem,
3015 2463 3119 2517 per
3174 2463 3354 2519 quam

1711 2527 2042 2599 migrarete
2071 2528 2262 2596 terris,
2289 2530 2502 2585 rediret
2531 2531 2600 2586 ad
2637 2531 2873 2586 ccelum.
2908 2535 2969 2587 In
3006 2537 3172 2604 porta
3229 2539 3355 2590 erat

1707 2615 2483 2672 cumdiceretzuAmbulate
2531 2619 2671 2672 dum
2716 2618 2906 2674 lucem
2927 2619 3346 2692 habetis(.loan.

1704 2721 1806 2770 xu,
1839 2704 1946 2774 35).
1986 2727 2012 2751 »
2045 2705 2191 2769 Quid
2224 2709 2312 2759 est
2337 2721 2500 2777 ergo;
2533 2729 2559 2754 «
2595 2707 2801 2761 Factus
2818 2723 2950 2761 sum
2985 2705 3104 2762 illis
3138 2707 3196 2762 in
3237 2725 3346 2780 pa-

1706 2790 1966 2846 rabolam
1998 2791 2168 2860 (Psal.
2203 2809 2394 2857 vaui,
2458 2794 2568 2862 12),
2603 2815 2630 2841 ››
2663 2793 2776 2847 nisi
2832 2793 2971 2864 quia
3022 2794 3155 2850 ﬁnis
3200 2794 3348 2868 legis

1705 2883 1796 2933 est
1826 2878 2114 2949 Christus,
2148 2884 2204 2934 et
2252 2897 2411 2936 mors
2458 2881 2586 2950 ejus
2636 2881 2803 2935 solvit
2851 2881 3164 2953 aenigmata
3213 2899 3345 2954 pro-

1704 2965 2008 3036 phetarum
2035 2985 2046 3021 :
2071 2983 2253 3038 eaque
2284 2973 2418 3022 ante
2445 2967 2661 3023 Judaais
2683 2971 2847 3023 erant
2865 2968 3183 3041 incognita,
3211 2987 3342 3026 cum

1704 3053 2208 3125 prophetarentur,
2243 3059 2446 3127 postea
2475 3057 2846 3112 manifestata
2875 3060 3014 3113 sunt
3031 3056 3344 3114 Dominicm

1701 3142 1990 3213 passionis
2021 3143 2223 3197 effectu
2247 3143 2275 3196 ?
2306 3145 2515 3200 Factus
2547 3149 2634 3200 est
2689 3143 2806 3199 illis
2863 3145 2924 3199 in
2983 3145 3343 3217 parabolam,

22 3223 94 3278 xit
120 3229 273 3298 quod
305 3229 433 3282 duas
465 3227 574 3283 illa:
599 3228 872 3286 mulieres
905 3231 1020 3285 duo
1041 3230 1161 3285 sint
1181 3232 1586 3288 Testamenta:
1623 3213 1664 3278 C
1705 3229 1842 3301 quia
1873 3229 2040 3300 quasi
2070 3229 2240 3284 vilem
2302 3246 2363 3284 se
2424 3231 2692 3301 praebuit,
2752 3213 3022 3302 ingerens
3082 3247 3144 3287 se
3199 3213 3338 3300 illis,

21 3328 136 3368 num
167 3333 201 3371 a
229 3320 430 3372 monte
460 3317 616 3385 Sina,
645 3319 800 3389 quod
824 3319 883 3372 in
916 3318 1255 3374 servitutem
1295 3319 1592 3392 generavit

21 3402 232 3472 ipulum
259 3405 620 3471 Judieorum,
647 3407 801 3477 quod
835 3411 921 3463 est
949 3409 1104 3480 Agar
1152 3407 1310 3478 (Ibid.
1359 3409 1472 3478 24).
1525 3409 1592 3463 Et

25 3505 83 3544 eo
113 3491 272 3559 Sina,
309 3493 466 3564 quod
498 3510 599 3565 per
655 3493 1201 3566 interpretationem
1250 3511 1589 3551 mensuram

21 3593 81 3634 us
108 3579 430 3652 signiﬁcat:
465 3597 743 3638 mensura
791 3587 986 3638 autem
1035 3583 1179 3656 legis
1229 3588 1336 3652 est,
1383 3601 1589 3656 super-

21 3669 258 3724 mndans
291 3672 487 3724 autem
517 3670 708 3741 gratia
736 3675 843 3726 est.
896 3671 1035 3726 Sina
1093 3688 1326 3744 quoque
1371 3689 1591 3728 merces

21 3755 181 3825 citur,
215 3761 276 3813 et
305 3757 572 3813 convenit
591 3758 808 3830 populo
837 3759 1196 3830 Judzsorum,
1233 3760 1332 3832 qui
1366 3761 1590 3831 justiﬁ-

25 3843 66 3897 ri
99 3861 158 3900 se
193 3846 460 3902 mercede
491 3863 755 3918 operum,
789 3864 967 3918 quam
999 3848 1131 3902 ﬁdei
1163 3849 1349 3919 gratia
1371 3848 1590 3903 malue-

24 3936 98 3988 nt.
133 3934 286 4007 Ergo
318 3951 443 4006 qua
469 3935 578 3990 sub
611 3933 736 4007 lege
766 3939 890 3990 erat
917 3935 1265 4002 Jerusalem,
1300 3953 1432 3991 cum
1456 3935 1591 3990 ﬁliis

23 4019 72 4074 is
104 4022 430 4078 serviebat:
465 4038 594 4094 quas
625 4027 819 4078 autem
852 4040 1089 4079 sursum
1119 4028 1208 4080 est
1244 4023 1590 4089 Jerusalem,

22 4125 141 4164 )era
171 4114 284 4166 est.
319 4111 387 4165 Et
416 4111 544 4166 ideo
573 4111 736 4180 Sara,
787 4127 918 4181 quae
970 4111 1310 4184 principalis
1357 4112 1590 4178 dicitur,

21 4201 277 4255 vertatem
313 4198 508 4264 habet,
543 4199 697 4269 quod
734 4200 1004 4271 princeps
1037 4199 1126 4256 sui
1160 4199 1236 4254 sit
1267 4201 1369 4272 qui
1392 4202 1592 4270 justus

22 4300 120 4355 que
146 4286 375 4358 integer
398 4289 506 4341 est.
565 4285 646 4340 Ex
703 4285 933 4341 duobus
975 4285 1154 4358 igitur
1199 4287 1354 4340 910
1395 4286 1592 4340 Testa-

21 4374 163 4428 antis
196 4375 314 4430 duo
345 4373 564 4446 populi,
609 4390 763 4429 unus
807 4374 1164 4439 Judseorum,
1217 4373 1367 4429 alius
1415 4373 1596 4429 natio-

22 4477 109 4530 ιω,
135 4463 242 4533 qui
273 4463 331 4517 in
373 4462 607 4519 Christo
661 4462 924 4518 credidit.
962 4461 1064 4518 Ille
1110 4462 1466 4531 Judaaorum,
1496 4461 1596 4534 qui

1699 3334 1802 3373 nec
1835 3318 2126 3389 refugiens
2157 3333 2357 3372 eorum
2391 3317 2708 3373 seditiones
2753 3322 2810 3372 et
2867 3318 3194 3389 perducens
3239 3335 3337 3375 eos

1699 3406 1772 3460 ad
1801 3409 2033 3477 tempus
2063 3405 2407 3476 beneplaciti
2442 3405 2576 3470 sibi,
2605 3409 2668 3460 ut
2691 3409 3013 3460 moreretur
3063 3421 3170 3478 pro
3209 3422 3336 3462 om-

1699 3493 1874 3548 nibus
1905 3493 2263 3560 bominibus,
2295 3509 2410 3564 quo
2431 3491 2590 3549 illius
2622 3493 2907 3566 sanguine
2935 3507 3122 3565 genus
3152 3493 3335 3551 homi-

1699 3598 1842 3636 num
1869 3582 2268 3637 mundaretur.

1768 3671 1856 3723 58.
1892 3668 2170 3724 Similiter
2224 3669 2283 3722 in
2333 3668 2610 3740 parabola
2649 3668 2934 3741 scriptum
2984 3673 3102 3726 est:
3136 3692 3165 3719 «
3209 3669 3340 3726 Non

1700 3756 1968 3829 alligabis
2000 3774 2063 3812 os
2091 3758 2219 3812 bovi
2251 3756 2551 3813 trituranti
2597 3759 2772 3829 (Deut.
2831 3775 2963 3825 xxv,
2993 3758 3070 3830 4).
3106 3781 3134 3808 »
3157 3757 3346 3816 Solvit

1699 3844 1848 3899 hanc
1881 3843 2216 3912 parabolam
2243 3844 2556 3916 Apostolus
2589 3844 2818 3901 dicens:
2852 3867 2879 3894 »
2915 3845 3213 3918 Numquid
3272 3847 3346 3903 de

1700 3933 1886 3988 bobus
1918 3950 2058 3988 cura
2088 3939 2177 3988 est
2207 3938 2320 3988 Deo
2344 3936 2371 3986 ἱ)
2400 3935 2486 3988 An
2515 3938 2753 4005 propter
2785 3950 2890 3989 nos
2921 3933 3123 4006 utique
3152 3933 3342 3989 dicit?

1699 4021 1844 4075 Nam
1877 4025 2114 4092 propter
2144 4037 2248 4078 nos
2279 4021 2497 4092 scripta
2530 4025 2686 4077 sunt.
2729 4020 2868 4086 Quis
2898 4025 2988 4075 est
3038 4019 3139 4092 qui
3198 4023 3346 4087 arat,

1702 4108 1816 4164 nisi
1847 4109 1945 4180 qui
1972 4108 2029 4162 in
2063 4125 2164 4179 spe
2199 4112 2323 4162 arat
2353 4110 2398 4177 (I
2428 4109 2552 4162 Cor.
2589 4125 2664 4175 1x,
2697 4107 2750 4174 9,
2787 4107 2895 4178 10),
2930 4109 2996 4160 ut
3019 4106 3079 4160 in
3119 4105 3345 4178 judicio

1703 4196 1932 4253 Domini
1964 4196 2184 4250 metat?
2209 4196 2274 4249 Et
2311 4195 2440 4250 ideo
2489 4194 2658 4265 quasi
2708 4194 2844 4248 boni
2907 4193 3190 4266 agricolae,
3244 4193 3346 4250 ubi

1704 4289 1940 4357 propter
1955 4300 2116 4356 spem
2145 4283 2370 4338 inarata
2395 4283 2505 4353 (68)
2540 4281 2713 4336 fuerit
2742 4285 2896 4336 terra
2950 4285 3152 4339 nostra
3205 4297 3345 4338 con-

1703 4373 1948 4429 tinentia
1977 4371 2280 4444 corporali,
2317 4389 2430 4426 non
2463 4369 2737 4435 carnalia,
2765 4371 2866 4425 sed
2899 4370 3208 4442 spiritalia,
3255 4387 3344 4427 se-

1705 4463 2034 4518 minemus:
2071 4459 2349 4531 quoniam
2382 4459 2452 4514 de
2482 4457 2814 4514 carnalibus
2845 4457 3174 4529 corruptela
3227 4456 3345 4513 col-

25 4566 61 4604 n
92 4549 370 4617 credidit,
401 4549 612 4606 servit:
673 4551 798 4621 ipse
842 4553 933 4604 est
981 4549 1302 4604 secundum
1361 4564 1594 4604 carnem
1628 4570 1673 4634 Ι)
1705 4550 1924 4622 ligitur,
1949 4550 2018 4604 de
2037 4547 2402 4620 spiritalibus
2424 4547 2767 4601 vitaaeterna
2784 4545 3124 4616 acquiritur.
3149 4543 3346 4634 Typus

27 4641 145 4705 tus,
172 4637 314 4709 quia
362 4639 687 4694 secundum
748 4654 980 4693 carnem
1039 4637 1454 4708 interpretatus
1511 4641 1599 4691 est

22 4727 323 4799 ripturam
355 4726 637 4795 divinam,
671 4730 728 4782 et
785 4727 1107 4782 secundum
1150 4724 1425 4789 litteram,
1482 4741 1594 4780 non

21 4815 278 4870 :undum
311 4815 606 4887 spiritum.
640 4815 748 4879 Qui
781 4818 976 4870 autem
997 4815 1069 4869 de
1095 4812 1294 4880 libera,
1317 4818 1489 4868 natus
1510 4817 1599 4868 est

21 4921 46 4958 r
77 4904 626 4977 repromissionem,
655 4903 762 4960 hoc
794 4906 902 4969 est,
962 4901 1054 4957 cui
1101 4901 1475 4974 repromissio
1533 4917 1600 4955 cx

22 5009 89 5058 e;
126 4993 258 5066 ipse
287 4996 374 5048 est
403 4992 666 5049 Ecclesiae
699 4991 879 5058 ﬁlius,
915 4996 1118 5046 tenens
1141 4991 1337 5062 gratia:
1365 4989 1596 5045 liberta-

21 5098 55 5136 n
71 5085 503 5153 propterquam
527 5080 784 5136 Ecclesia
803 5079 945 5135 dicit
968 5097 979 5134 :
1003 5103 1028 5128 ‹‹
1055 5078 1285 5151 Expelle
1303 5077 1595 5143 ancillam,

172 5293 311 5377 Mss.
347 5293 588 5378 aliquot.
618 5299 708 5378 et“
723 5296 834 5348 vet.
879 5291 1037 5378 “edit.
1105 5292 1310 5378 Quibus
1352 5291 1604 5378 gentibus

21 5363 131 5432 εἰεί,
167 5367 286 5420 nisi
312 5363 643 5422 credituris?
673 5367 834 5421 Rom.
872 5363 1079 5431 Quibus
1133 5363 1386 5434 gentibus
1437 5365 1601 5435 positi

22 5446 66 5520 rt
123 5439 190 5520 in
244 5439 588 5507 parabolam,
651 5441 761 5492 etc.
825 5435 1026 5490 Plures
1081 5451 1224 5491 mss.
1294 5435 1599 5491 nobiscum

22 5510 285 5646 g‘iﬁioc
312 5583 418 5648 est,
460 5579 615 5637 anxii
648 5583 823 5651 atque
854 5576 1019 5651 dub_i_i
1048 5581 1228 5651 erant.

27 5651 133 5720 68)
168 5646 412 5707 Inarata'
445 5652 503 5708 id
554 5656 663 5720 est,
725 5646 915 5718 bruta,
965 5646 1112 5704 Nam
1169 5647 1387 5719 alioqui
1418 5663 1600 5719 saepe-

1709 4639 1903 4709 itaque
1933 4641 1990 4692 et
2021 4637 2207 4705 ﬁgura
2231 4635 2400 4690 nobis
2434 4634 2552 4688 sint
2579 4637 2744 4705 gesta
2775 4634 3088 4705 majorum.
3149 4633 3348 4706 Typus

1708 4724 1799 4780 lex
1831 4725 2045 4796 scripta
2076 4725 2132 4778 in
2165 4723 2438 4780 cordibus
2460 4721 2700 4789 nostris,
2726 4725 2795 4776 ut
2819 4721 2988 4778 nobis
3010 4721 3070 4776 in
3099 4737 3168 4778 ea
3191 4737 3348 4792 quie-

1707 4814 1841 4868 dam
1874 4814 2201 4869 futurorum
2234 4815 2440 4884 ﬁgura,
2478 4828 2592 4866 non
2641 4810 2856 4867 veritas
2899 4811 2995 4867 sit.
3047 4811 3160 4866 Lex
3207 4825 3345 4881 ergo

1709 4901 1876 4972 quasi
1911 4903 2097 4974 ﬁgura
2125 4901 2200 4956 sit
2232 4901 2400 4956 nobis
2424 4918 2436 4955 :
2461 4899 2840 4974 Evangelium
2873 4898 3040 4969 quasi
3063 4897 3262 4954 lumen
3291 4900 3350 4952 et

1709 4989 2081 5061 signaculum
2108 4988 2388 5044 veritatis.

1778 5080 1866 5132 59.
1903 5081 1961 5132 In
1987 5075 2260 5150 parabola
2281 5092 2416 5147 ergo
2442 5073 2725 5131 Dominus
2746 5073 2999 5130 ostendit
3018 5086 3080 5130 se
3096 5069 3346 5130 Judaeis:

1713 5290 1970 5347 sumitur
2002 5307 2104 5361 pro
2134 5304 2243 5345 non
2274 5291 2457 5343 arata.
2493 5285 2689 5342 Horat.
2722 5285 2902 5357 Epod.
2941 5285 3035 5340 16:

1805 5404 1996 5455 Reddit
2026 5405 2114 5452 ubi
2149 5405 2391 5453 Cererem
2422 5401 2579 5450 tellus
2607 5401 2812 5464 inarata
2841 5398 3160 5464 quotannis,

1805 5469 1867 5516 Et
1897 5468 2158 5528 imputata
2187 5467 2339 5515 ﬂoret
2368 5477 2538 5527 usque
2568 5463 2742 5512 vinea.

1716 5579 1872 5632 Terra
1904 5590 2039 5629 vero
2071 5577 2277 5641 nostra,
2330 5571 2483 5644 idem
2537 5575 2626 5627 est
2683 5575 2858 5642 atque
2903 5585 3010 5627 nos
3057 5567 3191 5644 ipsi.
3241 5567 3355 5626 Sed

1716 5648 1892 5720 plana
1913 5651 2002 5702 est
2020 5645 2121 5702 illa
2142 5643 2504 5717 metaphora.
