3856 6206
506 373 653 448 H7!

1957 382 2022 446 S.
2068 379 2440 447 AMBROSII

3693 345 3803 448 im

504 519 606 577 sed
630 534 744 574 non
764 507 1532 591 intellexeruntparabolam,
1557 515 1999 590 quiamedicum
2023 534 2136 572 non
2167 521 2222 588 Α
2319 516 2407 570 61.
2441 515 2552 571 Sed
2575 512 2700 587 jam
2732 490 3064 588 expressius
3084 513 3154 572 de
3181 511 3311 588 ipsa
3361 495 3557 588 capitis
3609 532 3805 577 commo-

508 611 866 678 receperunt,
899 607 996 678 qui
1029 612 1256 662 curaret
1285 609 1512 662 animas
1545 608 1653 678 (69)
1685 609 1829 663 9"
1871 606 2138 661 laboran-

508 695 678 761 tium,
707 699 761 749 et
789 695 945 748 omni
970 695 1307 765 mgritudine
1337 700 1391 749 et
1413 695 1804 766 inmqualitate
1826 695 2142 748 incommo-

505 783 704 838 ditatis
735 781 1077 836 absolveret.
1113 783 1318 837 Factus
1349 788 1435 837 est
1465 785 1639 836 etiam
1673 783 1729 835 in
1784 781 2140 852 parabolam,

509 870 646 941 quia
678 886 910 924 carnem
944 870 1224 940 suscepit,
1257 887 1433 940 quam
1474 871 1885 924 cruciﬁxerunt
1934 869 2140 934 Judaei,

508 973 622 1013 non
656 956 1046 1028 intelligentes
1087 958 1419 1028 parabolam
1472 957 1812 1026 spiritalem.
1873 957 2142 1027 Eousque

505 1046 660 1102 enim
685 1062 798 1101 non
825 1045 1472 1110 intellexerunt,utcum
1501 1050 1791 1099 auctorem
1815 1044 1942 1098 vita;
1962 1043 2146 1098 cruci-

509 1133 774 1205 ﬁgerent,
801 1136 857 1186 et
889 1149 1234 1203 suspensam
1267 1133 1325 1186 in
1367 1149 1535 1187 cruce
1567 1137 1864 1186 cernerent
1913 1148 2144 1186 carnem

510 1221 740 1276 Domini
775 1220 1114 1284 salutarem,
1148 1226 1444 1276 moverent
1477 1225 1667 1290 caput.
1705 1221 1848 1273 Nam
1883 1219 1930 1273 si
1979 1218 2146 1273 intel-

511 1308 808 1375 lexissent,
840 1309 1041 1378 utique
1075 1326 1187 1362 non
1223 1308 1624 1373 insultassent,
1670 1308 1768 1361 sed
1829 1307 2148 1377 ingemuis-

511 1401 658 1452 sent.
691 1398 758 1450 Et
787 1400 980 1450 tamen
1014 1397 1140 1466 ipsa
1170 1397 1482 1450 commotio
1513 1396 1723 1465 capitis
1755 1393 1870 1448 illis
1895 1395 1950 1448 in
1987 1393 2148 1448 simi-

509 1483 813 1538 litudinem
847 1483 1041 1552 cessit,
1077 1488 1137 1538 ut
1162 1501 1275 1538 non
1309 1484 1415 1538 hoc
1466 1483 1817 1554 signiﬁcaret
1860 1482 2013 1552 quod
2065 1481 2148 1535 illi

513 1569 976 1635 sentiebant,sed
993 1573 1145 1643 quod
1165 1571 1846 1643 mysteriadeclarabant.
1875 1568 1959 1624 Illi
1993 1570 2148 1624 enim

513 1659 833 1716 secundum
865 1658 1023 1730 vulgi
1057 1677 1230 1715 usum
1272 1659 1622 1716 insultantes
1674 1659 1920 1714 Domino
1969 1674 2155 1713 move-

511 1748 654 1802 bant
673 1751 851 1818 caput
881 1763 1076 1812 suum,
1111 1748 1262 1803 sicut
1283 1749 1380 1819 qui
1405 1747 1586 1817 justis
1617 1745 1898 1800 insultare
1931 1745 2151 1801 deside-

514 1841 665 1900 rant,
699 1835 747 1890 si
771 1835 913 1889 forte
936 1852 1034 1889 eos
1073 1835 1320 1890 viderint
1373 1837 1430 1890 in
1483 1836 1590 1890 hoc
1636 1833 1846 1889 smculo
1898 1834 2151 1906 fatigari,

516 1928 746 1977 movent
778 1926 970 1993 caput.

583 2012 672 2064 60.
707 2009 840 2072 Quae
871 2011 1184 2065 commotio
1215 2011 1419 2082 capitis
1449 2011 1750 2080 geminum
1797 2007 2154 2063 intellectum

513 2096 710 2153 habet.
748 2098 1258 2170 Reprehensibiles
1290 2100 1443 2153 enim
1507 2099 1779 2154 videntur
1827 2097 2153 2152 secundum

517 2184 828 2256 Scriptura
861 2186 1288 2251 auctoritatem,
1321 2185 1420 2256 qui
1479 2189 1710 2239 movent
1768 2187 1959 2254 caput,
2018 2198 2152 2237 cum

517 2273 673 2328 dicat
701 2276 759 2328 et
774 2272 1112 2327 Matthazus:
1143 2293 1170 2320 ‹‹
1191 2273 1297 2337 Qui
1320 2272 1647 2327 transibant
1669 2271 2155 2342 blasphemabant

520 2360 831 2416 Dominum
863 2361 1066 2415 Jesum
1082 2364 1376 2415 moventes
1407 2359 1598 2432 capita
1620 2377 1723 2415 sua
1753 2360 1955 2431 (illatlh.
1978 2375 2150 2425 xxvn,

518 2446 693 2517 39).»
739 2449 808 2502 Et
858 2449 1119 2502 Marcus:
1154 2471 1181 2495 «
1242 2448 1348 2514 Qui
1408 2449 1777 2519 praeteribant
1828 2448 2008 2516 (Marc.
2060 2463 2150 2512 xv,

517 2534 692 2605 29).»
749 2536 1144 2590 Transeuntes
1203 2539 1398 2591 autem
1457 2536 1612 2606 quod
1665 2533 2154 2606 reprehensibiles

518 2622 898 2687 aestimentur,
931 2624 1097 2678 docet
1135 2623 1230 2678 hic
1259 2623 1382 2694 ipse
1411 2623 1718 2693 Propheta,
1753 2624 1852 2693 qui
1880 2622 2024 2678 dicit
2083 2622 2153 2676 de

518 2709 686 2765 vinea
716 2711 1001 2766 Sabaoth:
1042 2734 1068 2760 ‹‹
1099 2713 1165 2766 Et
1193 2711 1551 2766 vindemiant
1581 2727 1707 2766 eam
1741 2727 1943 2766 omnes
1962 2714 2151 2765 trans-

521 2801 727 2853 euntes
753 2797 906 2852 viam
940 2800 1114 2867 (Psal.
1141 2816 1326 2866 Lxx1x,
1368 2802 1470 2865 l2).
1498 2821 1525 2847 ››
1555 2798 1814 2868 Denique
1844 2802 1900 2852 et
1920 2797 2018 2868 qui
2065 2813 2153 2851 se-

523 2885 724 2957 quitur
750 2901 977 2950 versus,
1004 2886 1111 2940 hoc
1144 2887 1364 2957 signat:
1401 2909 1426 2934 ‹‹
1462 2886 1787 2940 Devastavit
1843 2902 1967 2940 eam
2018 2900 2156 2955 aper

519 2973 590 3027 de
620 2971 786 3038 silva,
821 2977 877 3026 et
907 2972 1224 3043 singularis
1256 2974 1413 3028 ferus
1444 2975 1718 3045 depastus
1740 2978 1825 3029 est
1841 2989 1967 3029 eam
1997 2973 2151 3041 (Ibid.

524 3059 635 3129 14).
672 3080 698 3107 ››
729 3059 800 3112 Et
831 3057 888 3113 in
945 3061 1367 3130 posterioribus
1400 3062 1517 3116 ait:
1553 3084 1578 3110 ‹‹
1614 3063 1682 3116 Et
1741 3079 1855 3116 non
1888 3063 2157 3116 dixerunt

517 3149 892 3204 transeuntes
938 3148 1130 3202 viam:
1167 3149 1494 3204 Benedictio
1551 3150 1780 3204 Domini
1839 3165 2016 3221 super
2053 3163 2154 3203 vos

2184 1881 2231 1946 B

2247 603 2403 659 tione
2435 620 2562 674 qua:
2593 603 2650 657 in
2683 602 3128 659 similitudinem
3161 602 3360 676 pepuli
3388 608 3474 659 est
3517 606 3700 676 posita,
3747 609 3807 662 di-

2247 693 2494 747 cendum
2525 697 2631 747 est.
2663 691 2802 754 Quis
2827 697 2916 747 est
2943 697 3120 764 caput
3150 691 3513 764 populorum,
3543 693 3642 748 nisi
3692 695 3812 750 Chri-

2252 784 2375 834 stus
2401 778 2428 832 ?
2457 779 2642 850 Caput
2675 779 2829 834 enim
2857 778 3120 834 mulieris
3149 779 3255 845 vir,
3282 785 3453 850 caput
3479 780 3575 834 viri
3608 781 3811 836 Christus

2253 868 2363 923 Sed
2395 871 2450 922 et
2468 866 2557 922 lex
2577 873 2753 939 caput
2771 866 3160 940 intelligibilis
3189 867 3467 922 mulieris.
3492 867 3716 940 Denique
3734 872 3811 925 sub

2254 955 2378 1026 lege
2408 959 2686 1026 tanquam
2718 955 2828 1010 sub
2851 955 2971 1010 viro
2988 961 3076 1012 est
3099 955 3352 1028 populus
3379 955 3811 1028 Judzeorum,quia

2255 1042 2343 1098 lex
2365 1035 2738 1113 vduoc'dicitur
2804 1042 2997 1098 Graece
3029 1061 3041 1109 ;
3075 1048 3132 1099 et
3202 1045 3329 1099 ideo
3404 1044 3678 1116 Synagoga
3717 1055 3807 1113 νόμῳ

2255 1130 2421 1201 quasi
2455 1129 2714 1186 masculo
2747 1130 3018 1202 copulata
3045 1135 3153 1195 est,
3187 1130 3288 1185 sed
3320 1129 3432 1201 legi
3454 1129 3814 1202 corporali,non

2256 1216 2502 1288 spiritali
2529 1234 2542 1284 ;
2577 1216 2684 1272 hoc
2715 1222 2826 1284 est,
2858 1217 2996 1272 ritui
3027 1216 3175 1290 legis
3203 1217 3470 1286 Judaico,
3498 1217 3649 1286 cujus
3667 1218 3814 1272 vincu-

2257 1305 2330 1359 lis
2361 1305 2582 1376 illigata
2610 1309 2715 1374 est,
2749 1304 2996 1377 legitimi
3031 1305 3296 1361 nesciens
3317 1309 3655 1360 sacramenta
3673 1307 3815 1376 conju-

2258 1392 2356 1464 gii.
2391 1392 2444 1447 Si
2477 1397 2671 1448 autem
2700 1394 2846 1450 912
2883 1399 3115 1448 mortua
3144 1392 3316 1448 fuerit
3356 1391 3464 1456 lex,
3494 1392 3592 1447 hoc
3607 1398 3698 1458 est,
3718 1393 3814 1465 legis

2260 1481 2656 1552 interpretatio
2689 1481 3035 1553 corporalis;
3063 1486 3198 1536 tunc
3247 1480 3432 1552 plebs,
3461 1479 3613 1551 quasi
3651 1487 3815 1536 mortuo

2260 1570 2506 1640 conjuge
2539 1570 2747 1640 priore,
2781 1569 3041 1641 legitime
3071 1569 3250 1624 nubet
3278 1569 3528 1624 secundo
3579 1569 3701 1637 viro,
3744 1571 3807 1639 qui

2261 1673 2329 1712 ex
2359 1657 2604 1712 mortuis
2631 1658 2965 1712 resurrexit.
3030 1659 3131 1713 Est
3180 1656 3355 1712 etiam
3409 1659 3574 1728 caput
3615 1655 3809 1712 mulieris

2260 1745 2440 1816 hujus
2472 1746 2584 1815 (70)
2615 1743 3013 1816 Evangelium.
3050 1745 3213 1800 Unde
3242 1743 3483 1816 quidam
3513 1743 3718 1815 mystice
3759 1744 3810 1797 in-

2262 1833 2584 1904 terpretati,
2619 1831 2966 1888 mortiﬁcato
3001 1833 3114 1888 ritu
3149 1831 3419 1898 Judaico,
3444 1835 3693 1902 tanquam
3712 1830 3815 1885 fratri

2265 1919 2523 1974 defuncti
2556 1919 2866 1990 Evangelio
2899 1919 3200 1975 mulierem
3252 1935 3384 1974 eam
3416 1919 3617 1974 nubere
3643 1936 3699 1975 ex
3735 1918 3811 1990 lege

2262 2005 2586 2074 voluerunt,
2622 2007 2762 2078 quia
2784 2007 2874 2062 lex
2898 2008 3330 2063 annuntiaverit
3353 2007 3710 2080 Evangelium.
3731 2007 3814 2060 Ideo

2264 2095 2418 2166 prior
2438 2094 2528 2149 lex
2556 2095 2663 2159 vir,
2697 2098 2898 2166 postea
2928 2094 3169 2149 secundi
3199 2095 3307 2150 viri
3337 2094 3568 2166 nuptiae,
3618 2095 3707 2149 hoc
3744 2100 3812 2154 est,

2264 2181 2559 2254 Evangelii
2593 2188 2959 2239 sacramenta
2985 2188 3142 2238 sunt.
3165 2183 3290 2238 Duo
3314 2185 3468 2239 enim
3497 2183 3646 2255 quasi
3671 2183 3813 2252 conju-

2263 2269 2357 2340 gia
2387 2270 2502 2325 duo
2533 2276 2672 2326 sunt
2702 2271 3093 2327 Testamenta.
3129 2271 3323 2327 Unum
3356 2271 3668 2344 conjugium
3703 2277 3812 2324 vetus

2263 2361 2352 2411 est
2380 2358 3000 2430 Testamentum,quod
3034 2363 3220 2414 morte
3246 2359 3355 2413 viri
3389 2358 3584 2430 prioris
3625 2357 3810 2413 solutum

2264 2449 2370 2499 est.
2404 2447 2472 2500 Et
2502 2445 2630 2501 ideo
2661 2448 2874 2502 mulier
2901 2446 3003 2502 illa
3031 2446 3125 2502 cui
3157 2445 3247 2502 lex
3278 2450 3506 2503 mortua
3532 2445 3807 2513 est,rectein

2264 2535 2587 2589 secundum
2619 2535 2958 2606 conjugium
2992 2535 3280 2601 convenit,
3314 2534 3424 2590 hoc
3443 2540 3546 2603 est,
3567 2535 3810 2590 Testamen-

2263 2625 2388 2675 tum
2421 2637 2654 2676 novum.
2687 2622 2782 2676 Sic
2806 2622 3038 2678 duobus
3063 2622 3346 2679 fratribus
3370 2639 3485 2678 una
3503 2621 3807 2693 conjungilur,

2263 2710 2355 2764 cui
2388 2711 2689 2782 superiora
2720 2716 2954 2782 peccata
2986 2711 3342 2776 moriuntur,
3407 2709 3630 2766 meliora
3674 2713 3809 2780 postea

2264 2802 2630 2852 sacramenta
2667 2804 3039 2854 renovantur.
3076 2799 3193 2854 Hoc
3222 2799 3398 2854 nobis
3427 2797 3700 2871 Apostolus
3732 2795 3805 2850 evi-

2265 2885 2470 2940 denter
2493 2887 2759 2957 exposuit
2789 2887 3025 2942 dicens:
3061 2910 3088 2935 ‹‹
3124 2887 3413 2953 Quoniam
3445 2903 3563 2960 quae
3607 2885 3692 2941 sub
3729 2885 3806 2936 viro

2263 2977 2353 3028 est
2383 2972 2610 3040 mulier,
2642 2973 2865 3029 vivente
2886 2974 3027 3042 viro,
3060 2974 3239 3047 ligata
3289 2979 3383 3031 est
3425 2974 3533 3047 legi
3580 2975 3712 3045 (Rom.
3744 2987 3804 3032 vn.

2262 3063 2339 3130 2),
2372 3083 2398 3111 »
2432 3061 2541 3117 hoc
2571 3065 2678 3130 est,
2713 3063 2802 3117 sui
2837 3062 2972 3135 legi,
3046 3068 3110 3118 ut
3164 3064 3215 3118 ei
3274 3063 3483 3119 debeat
3528 3061 3800 3118 castitatem:

2265 3170 2292 3196 ‹‹
2325 3147 2383 3204 Si
2416 3154 2609 3205 autem
2643 3155 2910 3205 mortuus
2944 3149 3114 3205 fuerit
3141 3151 3246 3219 vir,
3269 3151 3463 3207 soluta
3482 3154 3560 3206 est
3585 3149 3719 3221 siege
3734 3147 3799 3198 viri

517 3234 688 3306 (Psal.
748 3251 958 3302 cxxvn,
1017 3236 1109 3305 8);
1142 3253 1207 3292 eo
1267 3238 1416 3308 quod
1453 3239 1550 3308 qui
1612 3239 1840 3304 transit,
1903 3243 1958 3293 et
2035 3254 2150 3292 non
2183 3235 2224 3302 C
2262 3236 2450 3307 (Ibid)
2485 3255 2498 3304 ;
2532 3260 2559 3287 ››
2593 3237 2649 3293 id
2684 3243 2790 3305 est,
2824 3243 2888 3292 ut
2944 3239 3035 3294 cui
3086 3239 3245 3309 velit,
3307 3239 3508 3305 nubat,
3561 3235 3796 3293 dummodo

515 3325 634 3378 stat
663 3322 723 3378 in
755 3323 918 3379 atriis
940 3323 1190 3391 Domini,
1225 3342 1339 3379 non
1370 3327 1470 3380 dat
1520 3326 2008 3382 benedictionem.
2068 3327 2154 3380 Ita

515 3426 652 3483 ergo
674 3411 858 3467 Judaei
881 3414 1189 3468 movebant
1209 3419 1382 3485 caput
1397 3431 1573 3486 super
1597 3415 1908 3470 Dominum
1924 3415 2147 3479 Jesum,

516 3502 582 3553 ut
621 3500 1001 3569 prmterirent,
1034 3503 1133 3572 qui
1161 3503 1395 3556 ﬁrmum
1427 3501 1797 3575 solidumque
1829 3503 1958 3557 fidei
1982 3501 2151 3557 vesti-

514 3585 677 3656 gium
706 3586 920 3642 habere
941 3604 1052 3641 non
1080 3593 1361 3659 poterant.
1398 3590 1702 3645 Movebant
1731 3594 1925 3645 autem
1976 3593 2149 3661 caput

512 3687 708 3737 suum,
743 3689 992 3742 quorum
1025 3680 1197 3746 caput
1226 3676 1489 3732 Christus
1503 3694 1628 3732 esse
1650 3679 1948 3748 debuerat,
1971 3694 2142 3749 quem

511 3773 625 3811 non
656 3758 858 3813 debuit
886 3761 1176 3816 dimovere
1207 3768 1264 3818 et
1293 3764 1599 3818 deturbare
1633 3766 1875 3836 perﬁdia
1907 3766 2140 3820 Judaao-

508 3860 661 3899 rum.
695 3845 802 3900 Sed
836 3848 974 3917 quia
1001 3864 1112 3901 non
1166 3851 1320 3920 passi
1379 3854 1518 3904 sunt
1575 3853 1838 3907 membra
1899 3871 1961 3908 se
2011 3870 2138 3908 esse

501 3932 734 4000 Christi,
771 3934 898 3990 ideo
931 3941 1104 4007 caput
1136 3954 1334 3992 eorum
1363 3956 1476 3993 non
1519 3938 1629 3993 fuit
1676 3939 1958 3996 Christus.
2012 3941 2136 3997 Non

499 4025 624 4076 erat
652 4021 825 4078 etiam
858 4023 947 4078 lex
977 4031 1148 4095 caput
1181 4043 1403 4097 eorum,
1436 4027 1572 4098 quia
1593 4029 2065 4100 exspoliabantur
2079 4036 2137 4085 et

495 4108 622 4180 lege
643 4127 677 4164 a
697 4110 909 4183 populo
930 4114 1253 4168 nationum.
1279 4115 1405 4169 Non
1430 4115 1536 4170 fuit
1567 4116 1657 4170 his
1679 4122 1854 4188 caput
1874 4117 2131 4174 Verbum

495 4195 620 4264 Dei,
653 4197 790 4273 quia
833 4201 1150 4256 amiserant
1208 4203 1539 4274 prophetas,
1573 4209 1628 4258 et
1677 4205 1967 4276 apostolos
2017 4225 2132 4262 non

493 4281 806 4340 habebant.
839 4287 956 4342 Hoc
987 4289 1057 4343 de
1075 4290 1513 4362 reprehensibili
1546 4293 1932 4348 commotione
1979 4297 2135 4368 capi-

493 4369 569 4424 tis
599 4369 822 4427 dictum
855 4374 946 4429 sit.
973 4377 1072 4431 Est
1103 4382 1297 4432 tamen
1330 4384 1385 4433 et
1405 4378 1718 4435 laudabilis
1749 4382 1954 4451 capitis
1977 4400 2129 4438 com-

489 4457 698 4513 motio:
759 4463 1236 4533 reprehensibilis
1263 4467 1502 4532 Judaeis,
1553 4467 1864 4525 laudabilis
1903 4472 2119 4544 populo

490 4545 814 4603 nationum.
851 4551 996 4615 Quid
1031 4558 1119 4608 est
1150 4555 1305 4608 enim
1338 4560 1532 4625 caput,
1561 4555 1669 4610 nisi
1696 4557 1751 4610 in
1776 4574 1892 4628 quo
1913 4576 2123 4616 sensus

487 4633 663 4685 sunt?
694 4634 853 4690 Oculi
887 4640 1042 4694 enim
1079 4642 1362 4712 sapientis
1394 4642 1450 4694 in
1511 4643 1696 4714 capite
1754 4647 1918 4715 ejus;
1975 4665 2123 4719 quos

484 4719 699 4773 moveri
724 4729 947 4792 oportet
977 4727 1196 4790 oculos.
1225 4729 1281 4780 id
1316 4732 1422 4793 est,
1457 4732 1675 4785 mentis
1717 4736 1830 4787 tuae
1883 4751 2116 4802 sensus,

478 4822 548 4862 ne
581 4803 778 4877 aliquo
810 4814 1038 4884 torpore
1070 4815 1415 4886 pigrescant.
1469 4816 1628 4872 Move
1679 4835 1816 4891 ergo
1861 4824 2114 4893 pruden-

479 4895 622 4950 tiam
653 4899 838 4969 tuam,
891 4917 1053 4956 move
1102 4902 1467 4974 sapientiam,
1528 4922 1689 4961 move
1737 4909 2111 4981 cogitationes

474 4988 607 5042 tuas
638 4988 959 5044 caelestium
993 4988 1297 5044 collatione
1328 5005 1685 5059 sermonum,
1710 4998 1766 5049 et
1817 4998 2110 5070 propheti-

470 5089 673 5131 corum
705 5078 1099 5150 disputatione
1129 5078 1456 5140 verborum,
1494 5079 1570 5134 ita
1605 5087 1791 5136 utnon
1828 5102 2026 5156 pecces
2049 5088 2104 5142 in

467 5161 841 5224 Testamento
872 5167 994 5232 Dei,
1027 5167 1126 5222 sed
1163 5167 1305 5222 ﬁdes
1337 5166 1504 5222 ﬁrma
1526 5170 1620 5224 sit.
1647 5172 1793 5227 Sunt
1813 5175 1968 5230 enim
1991 5175 2104 5232 hae-

467 5251 629 5330 retici
661 5255 759 5326 qui
784 5261 1016 5312 movent
1044 5271 1253 5310 sensus
1281 5272 1440 5319 suos,
1467 5262 1527 5309 ut
1560 5261 1858 5328 perﬁdiam
1884 5269 2101 5333 tamen,

463 5354 576 5394 non
609 5342 782 5399 ﬁdem
814 5344 1081 5398 excitent.

531 5511 642 5578 (69)
675 5513 758 5569 Ita
788 5516 922 5570 edit.
958 5534 1181 5583 omnes,
1215 5535 1278 5573 ac
1311 5536 1450 5574 mss.
1489 5519 1637 5576 Vict.
1673 5528 1728 5579 et
1773 5525 1932 5582 Colb.
1981 5529 2090 5584 Alii

2262 3329 2493 3380 mortuo
2519 3325 2660 3391 viro,
2692 3327 2904 3394 nubat;
2964 3327 3102 3399 quia
3126 3350 3154 3377 «
3187 3327 3318 3383 vivo
3369 3328 3512 3393 viro,
3545 3348 3567 3374 »
3605 3324 3788 3395 inquit,‘

2259 3413 2525 3468 adultera
2553 3414 2872 3481 vocabitur,
2905 3413 2953 3470 si
2971 3415 3183 3486 juncta
3213 3416 3392 3471 fuerit
3447 3414 3598 3471 alteri
3640 3412 3750 3465 viro:
3773 3411 3797 3461 si

2258 3505 2453 3556 autem
2477 3505 2743 3557 mortuus
2767 3501 3448 3573 fueritvirejus,liberata
3461 3507 3543 3558 est
3560 3497 3799 3572 alegeu'n',

2255 3586 2338 3643 ita
2365 3593 2430 3643 ut
2459 3605 2573 3645 non
2603 3590 2682 3645 sit
2697 3589 3034 3658 adultera,si
3070 3591 3246 3646 fuerit
3266 3608 3404 3647 cum
3426 3591 3534 3646 alio
3556 3590 3657 3644 viro
3677 3586 3796 3656 (Ibat.

2253 3675 2306 3745 3)
2342 3700 2368 3725 ››
2393 3677 2508 3732 Ηοο
2541 3683 2970 3734 sacramentum
3007 3678 3181 3734 etiam
3215 3680 3287 3734 ad
3321 3679 3602 3736 Christum
3649 3680 3694 3732 et
3733 3675 3796 3729 Ec-

2253 3762 2487 3820 clesiam
2510 3767 2818 3838 pertinere,
2852 3766 3024 3822 etiam
3059 3765 3194 3822 alibi
3227 3767 3688 3833 demonstravit,»
3713 3761 3797 3835 quia

2252 3867 2528 3923 magnum
2590 3858 2680 3908 est
2736 3860 3165 3910 sacramentum
3223 3857 3516 3927 (ἕψειν,
3545 3856 3641 3923 32).
3674 3877 3693 3899 ιν
3736 3851 3794 3904 Hic

2248 3955 2479 4012 quoque
2510 3958 2621 3996 non
2646 3943 3020 4014 prmtermisit
3051 3943 3289 3998 dicens:
3325 3969 3350 3991 α
3392 3945 3600 4016 Itaque,
3655 3941 3793 3996 fratres

2247 4027 2382 4095 mei,
2415 4032 2470 4082 et
2498 4045 2598 4082 vos
2631 4029 2956 4084 mortiﬁcati
2982 4031 3123 4086 estis
3145 4029 3255 4104 legi
3283 4049 3389 4103 per
3407 4028 3792 4104 corpusChristi:

2246 4120 2310 4170 ut
2340 4116 2470 4170 sitis
2500 4116 2756 4182 alterius,
2793 4116 2889 4189 qui
2923 4135 2988 4172 ex
3045 4121 3294 4175 mortuis
3346 4118 3642 4176 resurrexit
3679 4117 3790 4188 (Rom.

2242 4221 2342 4258 vn.
2367 4205 2438 4274 4).
2475 4228 2500 4252 ››
2535 4206 2832 4269 Quomodo
2866 4208 3250 4262 mortiﬁcatus
3269 4225 3332 4263 es
3365 4208 3496 4282 legi,
3528 4207 3627 4263 nisi
3651 4209 3698 4260 ut
3729 4200 3788 4256 tibi

2241 4290 2386 4363 legis
2418 4293 2623 4347 umbra
2656 4293 2960 4361 moriatur,
2993 4310 3124 4350 cum
3151 4297 3384 4352 accedis
3414 4297 3484 4352 ad
3515 4292 3788 4352 sacramenta

2239 4379 2494 4436 coelestia
2513 4380 2540 4434 ?
2569 4381 2683 4436 Nec
2714 4382 2868 4436 enim
2901 4380 3070 4439 aliter
3099 4383 3277 4440 debes
3308 4385 3574 4441 accedere
3594 4382 3786 4438 sdEvan-

2236 4467 2474 4539 gelium,
2509 4469 2622 4523 nisi
2644 4469 2870 4525 solutus
2901 4470 3403 4546 interpretationis
3433 4469 3705 4544 corporalis
3721 4467 3784 4519 im-

2235 4556 2606 4628 pedimentis.
2631 4557 2901 4629 Alioquin
2951 4560 3304 4616 adulterium
3372 4567 3479 4626 est,
3530 4559 3658 4614 veris
3695 4553 3784 4609 falsi

2236 4645 2510 4711 miseere;
2544 4646 2824 4717 pudicitia
2847 4651 3040 4704 autem
3071 4649 3382 4721 spiritalis,
3443 4649 3489 4706 si
3535 4647 3696 4703 anima
3724 4647 3781 4694 ιω

2230 4737 2402 4787 exuta
2448 4735 2723 4790 omnibus
2781 4735 3218 4808 impedimentis
3276 4739 3457 4794 deviae
3503 4729 3781 4808 cognitionis.

2231 4821 2351 4876 sine
2379 4839 2524 4895 ruga
2553 4824 2788 4879 accedat
2821 4825 2888 4879 ad
2924 4825 3022 4880 Dei
3054 4827 3317 4884 verbum.
3381 4828 3526 4899 Ergo
3569 4824 3692 4880 sicut
3721 4818 3778 4871 Ec-

2225 4908 2411 4964 clesiae
2444 4915 2619 4982 caput
2646 4911 2933 4979 Christus,
2967 4914 3048 4970 ita
3077 4919 3134 4969 et
3162 4916 3479 4988 Synagogae
3509 4914 3658 4985 caput
3700 4907 3777 4960 lex;

2223 4996 2332 5053 hoc
2363 5003 2469 5063 est,
2496 5000 2566 5054 iis
2597 4999 2695 5071 qui
2727 5001 2837 5056 sub
2867 5001 2992 5074 lege
3023 5008 3183 5068 sunt,
3208 5009 3447 5076 prepter
3467 5017 3601 5075 quos
3618 4997 3775 5069 aposto-

2221 5085 2312 5141 lns
2348 5087 2470 5141 fecit
2509 5105 2568 5142 sc
2600 5104 2726 5143 esse
2760 5091 2868 5145 sub
2899 5089 3042 5162 lege,
3076 5108 3210 5147 cum
3241 5093 3353 5148 sub
3387 5092 3508 5165 lege
3537 5105 3636 5146 non
3660 5087 3772 5141 esset.

2219 5180 2283 5229 ut
2311 5192 2379 5231 ea
2409 5177 2509 5248 qui
2542 5178 2652 5232 sub
2682 5177 2806 5250 lege
2836 5184 2994 5248 sunt,
3025 5179 3412 5237 lucrifaceret.
3435 5182 3498 5238 Et
3525 5171 3768 5234 iterumdo-

2214 5268 2340 5319 ctor
2367 5265 2633 5336 gentium
2693 5267 2880 5322 factus
2929 5273 3036 5339 est,
3097 5271 3264 5340 quasi
3315 5273 3472 5325 esset
3524 5267 3632 5324 sine
3669 5261 3765 5328 198‘-

2214 5357 2277 5408 ut
2304 5369 2402 5409 eos
2432 5354 2532 5424 qui
2562 5360 2730 5409 erant
2761 5355 2885 5411 sine
2916 5357 3059 5429 lege,
3093 5358 3421 5429 acquireret
3449 5357 3664 5412 Christo.
3684 5345 3764 5402 Pul-

2274 5530 2383 5604 (70)
2414 5530 2662 5604 Mulieri;
2691 5530 2891 5604 _huius,
2948 5533 3226 5590 nimirum
3282 5533 3656 5604 intelligibilz's;
3697 5525 3762 5577 hi"?

459 5584 905 5678 quisque,
955 5590 1044 5641 scd
1100 5605 1205 5643 non
1264 5591 1652 5649 intellexerunt
1700 5598 1829 5666 quia
1876 5611 2094 5657 curaret
2201 5584 2289 5657 est
2319 5584 2502 5672 plebis
2531 5584 2907 5669 Judaicaéliu't
2939 5584 3495 5678 éﬁﬁi'i'é'ipaﬁiiﬁ'r’.

462 5649 696 5716 animas,
731 5649 837 5708 etc.
