3856 6206
161 270 318 340 1173

1260 264 1717 340 ENARRATIO
1760 271 1840 336 IN
1882 267 2260 335 PSALMUM
2305 266 2514 334 XLIII.

3427 263 3585 332 H74

158 410 294 469 chre
325 413 547 469 autem
577 405 836 486 sitquod
867 404 991 469 sine
1011 403 1138 485 lege
1168 404 1268 468 Dei
1301 426 1416 467 non
1455 411 1628 482 esset,
1661 412 1717 467 et
1764 407 1824 465 in
1854 408 1912 478 Α
1940 409 2169 464 raretur
2199 407 2257 463 in
2289 402 2558 479 posteris,
2590 405 2656 461 ut
2694 418 2893 462 semen
2943 399 3098 478 quod
3155 397 3244 460 lex
3298 418 3414 461 non
3446 399 3580 460 reli-

154 501 281 575 lega
307 501 550 558 Christi
582 504 948 574 permaneret
977 500 1028 573 (I
1053 499 1172 558 Cor.
1207 518 1284 567 1x,
1315 500 1430 571 21).

220 593 310 646 6‘2.
350 592 480 646 Lex
513 594 710 647 autem
733 591 1049 663 Synagogre
1080 592 1254 660 caput
1287 606 1401 644 non
1434 607 1467 643 a
1499 586 1784 660 principio
1811 606 1822 654 ;

156 680 293 752 quia
323 679 613 735 Christus
645 683 768 735 erat
797 684 971 751 caput
1001 677 1210 734 veteris
1262 679 1596 749 Synagogaz,
1648 692 1824 748 quam

154 769 388 840 Moyses
421 768 700 823 fundavit
718 772 773 822 et
795 768 1074 823 condidit.
1091 766 1352 838 Denique
1375 765 1510 821 audi
1533 767 1822 821 dicentem

155 857 290 928 quia
322 857 517 912 verbo
548 857 776 912 Domini
831 857 1074 912 fundata
1133 859 1239 911 est.
1274 878 1302 904 ‹‹
1337 855 1492 921 Fide,
1531 877 1556 903 »
1608 854 1818 926 inquit.

156 970 179 995 ‹‹
213 947 454 1018 Moyses
491 945 735 1018 grandis
770 946 957 1000 factus
987 945 1223 1017 negavit
1252 961 1314 999 se
1345 960 1472 998 esse
1505 943 1823 998 Pharaonis

158 1035 311 1106 regis
343 1039 665 1106 nepotem:
691 1033 900 1089 maluit
921 1035 1075 1089 enim
1094 1033 1324 1088 afﬂictis
1347 1031 1619 1103 compati,
1644 1048 1821 1103 quam

157 1122 603 1194 temporalibus
632 1123 939 1178 delectari:
973 1123 1341 1193 majoresque
1398 1121 1630 1176 divitias
1668 1120 1822 1176 resti-

159 1213 362 1280 mavit,
391 1215 454 1267 et
489 1211 747 1283 praetulit
775 1211 1070 1267 thesauris
1096 1210 1342 1283 Egypti,
1397 1209 1819 1281 improperium

158 1300 400 1357 Christi.
437 1299 778 1372 Aspiciebat
832 1301 988 1356 enim
1047 1300 1369 1355 mercedem
1416 1297 1819 1369 repromissio-

159 1405 297 1443 num
332 1389 442 1444 Dei
483 1389 669 1460 (Hebr.
727 1407 805 1456 x1,
837 1391 906 1443 24
957 1392 1012 1444 et
1039 1389 1152 1460 26),
1182 1410 1206 1436 n
1243 1404 1371 1459 quae
1426 1391 1516 1442 est
1566 1403 1817 1441 resurre~

159 1476 371 1532 etionis
390 1478 612 1550 gratia.
649 1478 758 1533 Sed
787 1477 887 1532 ubi
914 1480 1149 1550 propter
1162 1476 1818 1548 perfidiamJudasorum

159 1569 470 1620 mortuum
507 1569 596 1621 est
626 1565 963 1620 infidelibus
1024 1565 1123 1620 Dei
1173 1564 1452 1630 Verbum,
1502 1569 1559 1618 et
1610 1562 1820 1618 excidit

159 1652 509 1722 pectoribus
537 1652 907 1720 Judaeorum;
957 1651 1103 1724 legis
1160 1651 1440 1724 spiritalis
1486 1650 1818 1707 intellectus

1937 501 2163 571 querat,
2193 496 2490 570 Evangelii
2528 500 2698 552 tenor
2717 493 3116 550 resuscitaret.

2004 590 2093 643 64.
2124 587 2250 643 Non
2272 586 2488 642 mirum
2517 600 2653 656 ergo
2685 583 2734 640 si
2765 586 2941 655 caput
2969 598 3146 638 suum
3178 599 3357 654 prava
3397 581 3580 639 inter-

1935 677 2254 750 pretatione
2283 679 2606 740 moverunt,
2639 678 2705 729 ut
2733 671 2846 745 ipsi
2872 689 2905 726 a
2963 688 3024 727 se
3051 671 3437 728 deturbarent
3485 689 3579 728 sa-

1933 767 2234 838 pientiam,
2255 783 2373 821 suae
2405 763 2612 819 salutis
2635 765 2928 818 auctorem
2951 778 2963 816 :
2989 765 3090 815 aut
3111 763 3266 816 certe
3287 761 3572 817 movendo

1933 859 2106 928 caput
2131 872 2328 921 suum,
2362 871 2540 909 causa
2568 853 2729 908 fieret
2758 849 3167 905 commotionis
3199 849 3409 921 capitis
3461 866 3575 906 non

1933 945 2154 1016 paucis,
2182 945 2282 998 sed
2317 942 2568 1014 pepulis.
2601 941 2922 996 Commotio
2980 939 3102 993 haac
3157 937 3365 1010 capitis
3423 938 3579 996 facta

1933 1036 2049 1087 est:
2082 1030 2558 1103 quandoquidem
2589 1030 2646 1083 in
2681 1045 2913 1084 omnem
2942 1032 3160 1083 terram
3190 1026 3364 1082 exivit
3390 1041 3577 1084 sonus

1932 1137 2155 1186 eorum,
2190 1124 2252 1175 ut
2283 1121 2446 1176 ﬁeret
2477 1118 2668 1174 omnis
2715 1122 2870 1172 terra
2907 1116 3162 1180 Domini,
3215 1120 3271 1170 et
3323 1132 3573 1188 regnum

1931 1210 2162 1265 Domini
2192 1214 2346 1264 esset
2374 1208 2432 1264 in
2460 1207 2817 1263 nationibus.
2851 1205 3015 1261 Unde
3045 1208 3101 1260 et
3131 1204 3191 1259 in
3241 1203 3572 1276 posteriori-

1931 1300 2042 1354 bus
2071 1299 2242 1354 dicit:
2282 1319 2308 1348 «
2336 1296 2618 1352 Dominus
2650 1296 2930 1367 regnavit,
2956 1295 3288 1350 irascantur
3334 1291 3572 1365 populi:

1929 1387 2026 1459 qui
2058 1387 2225 1443 sedes
2259 1402 2435 1457 super
2463 1383 2795 1450 Cherubim,
2853 1386 3157 1438 moveatur
3216 1384 3370 1437 terra
3402 1381 3571 1454 (Psal.

1929 1493 2120 1542 xcvm,
2157 1476 2230 1545 1).
2269 1498 2288 1525 υ
2328 1475 2488 1539 Quod
2521 1472 2763 1545 pulchre
2793 1471 3005 1543 Aquila
3027 1469 3440 1542 interpretatus
3482 1473 3574 1526 est

1929 1573 1995 1620 ut
2023 1572 2289 1635 ἀλάλαγμα
2336 1564 2448 1635 (72)
2490 1563 2728 1632 diceret,
2787 1561 2896 1616 hoc
2953 1564 3060 1626 est,
3122 1559 3572 1615 transmutatio-

1929 1670 2083 1721 nem,
2118 1671 2244 1725 quae
2272 1655 2360 1709 est
2388 1652 2458 1708 de
2479 1651 2603 1708 loco
2636 1652 2707 1706 ad
2739 1650 2955 1718 locum,
2989 1649 3273 1704 deludzea
3295 1648 3368 1703 ad
3391 1664 3573 1721 popu-

159 1739 473 1837 occubuit,
502 1745 559 1795 et
589 1741 1125 1837 nupsit-Synagoga
1155 1741 1290 1795 ritui
1348 1739 1654 1813 corporali,
1714 1740 1815 1795 ob-
1846 1773 1893 1837 B
1925 1741 2013 1798 los
2046 1742 2370 1797 nationum.
2406 1741 2566 1806 Quod
2599 1757 2666 1795 ex
2695 1755 2764 1794 ea
2791 1737 3037 1794 lectione
3067 1754 3190 1809 quae
3223 1736 3282 1792 in
3315 1735 3573 1809 Evange-

155 1828 598 1900 servationique
620 1828 890 1901 perﬁdiae.
929 1829 1039 1884 Sed
1072 1845 1186 1885 non
1219 1829 1329 1884 fuit
1386 1828 1486 1884 illa
1534 1827 1818 1883 sobrietas
1846 1826 1891 1837 “’
1928 1829 2003 1886 lio
2037 1835 2144 1897 est,
2185 1829 2406 1902 liquido
2429 1829 2642 1900 poterit
2666 1826 3048 1894 manifestari,
3070 1826 3571 1898 quemadmodum

160 1915 526 1987 spiritalium
553 1919 913 1988 nuptiarum,
957 1917 1056 1973 sed
1112 1915 1462 1972 adulterium
1509 1916 1814 1972 castitatis.

163 2005 293 2060 Ideo
327 2006 650 2078 Synagoga
680 2005 863 2062 libera
893 2021 1022 2062 esse
1054 2023 1170 2062 non
1211 2005 1417 2078 potuit,
1481 2022 1606 2076 quas
1666 2005 1818 2060 male

162 2094 312 2148 913
348 2097 661 2166 nupserat,
709 2099 766 2150 et
797 2112 911 2150 non
961 2095 1283 2150 crediderat
1334 2095 1816 2150 resurrectionem

161 2181 374 2236 Christi
411 2183 697 2238 futuram.
723 2183 885 2239 Unde
914 2184 1062 2239 bene
1095 2184 1144 2238 ei
1179 2183 1382 2255 nupsit
1412 2182 1688 2248 Ecclesia,
1722 2182 1814 2237 cui

164 2271 502 2326 secundum
535 2287 760 2326 sacram
793 2272 1291 2344 dispensationem
1337 2272 1660 2327 secundum
1692 2288 1816 2326 car-

165 2374 296 2412 nem
331 2363 611 2415 mortuus
642 2364 730 2415 est
761 2359 1026 2416 Christus
1060 2379 1072 2428 ;
1107 2365 1172 2416 ut
1219 2360 1318 2415 illa
1375 2361 1578 2417 Judaea
1622 2360 1818 2415 anima

165 2461 287 2516 qua:
324 2451 466 2502 ante
496 2449 684 2502 fuerat
711 2447 891 2520 ligata
921 2454 1178 2520 peccato,
1212 2466 1314 2520 per
1353 2451 1601 2504 mortem
1657 2447 1816 2502 Chri-

164 2532 236 2587 sti
265 2535 676 2592 absolveretur
703 2536 934 2592 vinculo
962 2537 1324 2593 delictorum.
1358 2537 1483 2592 Non
1530 2536 1630 2591 ubi
1678 2551 1814 2607 ergo

167 2622 379 2679 mulier
411 2623 582 2679 alteri
613 2625 756 2692 viro,
790 2625 903 2680 nisi
927 2630 1195 2682 mortuus
1211 2625 1384 2680 fuerit
1404 2625 1490 2679 vir
1517 2642 1684 2692 suus,
1706 2625 1813 2680 hoc

167 2716 272 2778 est,
309 2713 428 2767 nisi
463 2730 498 2768 a
529 2712 760 2768 vinculo
793 2713 1036 2787 legitimi
1069 2714 1285 2770 amoris
1319 2714 1493 2769 fuerit
1523 2713 1810 2768 absoluta.

167 2798 222 2854 Si
254 2804 462 2857 autem
496 2805 766 2858 mortuus
796 2803 883 2857 vir
921 2804 1048 2874 ejus
1081 2803 1531 2870 fuerit,liberata
1560 2806 1667 2858 est.

231 2891 322 2944 62.
355 2895 512 2946 Sane
544 2892 852 2947 tenebatur
882 2909 948 2947 ex
979 2891 1124 2965 lege,
1157 2898 1222 2947 ut
1253 2892 1413 2947 fratri
1440 2891 1657 2963 proprii
1676 2907 1810 2946 con-

160 2976 318 3049 jugis
351 2978 764 3050 copularetur;
799 2981 845 3036 si
879 2997 1078 3036 semen
1110 2979 1340 3036 nullum
1373 2982 1620 3035 maritus
1650 2980 1697 3035 ei
1726 2997 1804 3034 re-

167 3063 436 3134 liquisset
464 3068 642 3135 (Deut.
679 3085 805 3137 xxv,
837 3069 914 3139 5).
949 3069 1109 3135 Quod
1131 3067 1426 3124 vinculum
1455 3069 1642 3141 magis
1678 3085 1809 3123 nec-

1928 1919 2018 1974 lex
2047 1923 2204 1974 mota
2227 1919 2321 1985 sit,
2347 1917 2572 1973 dicente
2601 1916 2930 1988 Scriptura:
2967 1938 2994 1964 «
3027 1919 3212 1987 Super
3231 1914 3571 1970 cathedram

1928 2008 2144 2080 Moysis
2175 2007 2450 2063 sederunt
2479 2005 2692 2062 Scriba:
2731 2008 2788 2059 et
2817 2003 3112 2060 Pharisaei.
3172 2003 3385 2059 Omnia
3429 2018 3566 2074 ergo

1928 2113 2056 2168 quae
2112 2097 2316 2152 dicunt
2369 2095 2554 2161 vobis,
2613 2097 2834 2149 servate
2887 2095 2944 2148 et
2990 2091 3192 2148 facite:
3245 2091 3569 2148 secundum

1927 2201 2100 2258 opera
2128 2201 2329 2241 eorum
2361 2183 2537 2239 nolite
2570 2183 2788 2248 facere;
2821 2198 2948 2254 quae
2979 2180 3137 2237 enim
3167 2179 3392 2248 dicunt,
3452 2197 3569 2236 non

1926 2274 2167 2330 faciunt.
2201 2273 2457 2345 Alligant
2483 2276 2680 2328 autem
2711 2287 2889 2327 onera
2918 2269 3137 2342 gravia,
3169 2273 3226 2325 et
3255 2269 3570 2342 imponunt

1926 2380 2102 2435 super
2131 2363 2408 2417 humeros
2439 2361 2747 2416 hominum
2779 2378 2791 2415 :
2826 2358 2938 2431 ipsi
2969 2361 3164 2415 autem
3223 2358 3406 2431 digito
3463 2375 3569 2414 suo

1924 2451 2132 2507 nolunt
2153 2469 2220 2506 ea
2251 2466 2498 2506 movere.
2533 2449 2742 2505 Omnia
2762 2451 2958 2504 autem
2984 2447 3225 2514 faciunt,
3249 2451 3315 2503 ut
3333 2447 3568 2504 videan-

1924 2545 2021 2596 tur
2051 2541 2122 2595 ab
2147 2539 2490 2595 hominibus
2522 2537 2726 2608 (Matth.
2761 2553 2922 2604 xxm,
2956 2538 3097 2608 2-5).
3134 2558 3163 2586 »

1993 2631 2080 2683 65.
2116 2629 2262 2694 Quid
2289 2632 2396 2694 est,
2432 2651 2459 2676 ‹‹
2492 2628 2744 2682 sederunt
2792 2625 3019 2692 Scribae,
3059 2648 3086 2674 ››
3118 2624 3231 2679 nisi
3292 2623 3431 2695 quia
3467 2623 3566 2678 lit-

1922 2721 2046 2773 tera
2074 2717 2386 2773 scribitur?
2410 2717 2563 2771 unde
2604 2719 2659 2770 et
2688 2724 2991 2787 γραμματεῖς
3048 2713 3243 2769 Grtsce
3290 2711 3568 2768 dicuntur

1922 2806 2156 2874 Scriba,
2191 2805 2395 2861 litterae
2429 2807 2583 2861 914
2643 2807 2954 2876 sequentes
3000 2801 3563 2873 interpretationem,

1924 2912 2038 2951 non
2070 2895 2312 2968 spiritus
2337 2893 2731 2960 intellectum;
2756 2893 2950 2948 littera
2974 2895 3171 2947 autem
3193 2889 3420 2947 occidit.
3445 2889 3568 2946 Lit-

1920 2989 2104 3040 teram
2137 3001 2272 3056 ergo
2304 2983 2662 3039 occidentem
2695 2985 3028 3054 sequentes,
3077 2983 3134 3037 et
3162 2980 3293 3053 ipsa
3345 2977 3568 3052 apella-

1919 3073 2076 3127 tione
2106 3077 2447 3127 resonantes
2479 3071 2722 3127 Scribis:
2757 3069 3032 3126 Pharisaei
3065 3073 3261 3125 autem
3284 3066 3566 3135 sunt,hoc

168 3147 321 3207 tabat
350 3153 755 3226 interpretatio
795 3155 1022 3224 littere,
1055 3174 1232 3228 quam
1281 3157 1466 3230 gratia
1510 3156 1808 3228 spiritalis.
1845 3143 1886 3209 C
1925 3165 2031 3224 est,
2067 3160 2224 3231 quia
2255 3160 2514 3216 veritatis
2547 3159 2768 3215 unitate
2789 3158 2959 3214 divisi
2982 3161 3153 3225 sunt;
3177 3157 3390 3228 phares
3407 3155 3564 3212 enim

168 3237 426 3312 Denique
458 3243 711 3299 habebat
742 3243 802 3298 in
833 3244 1127 3301 voluntate
1158 3246 1334 3300 frater
1362 3245 1639 3312 defuncti,
1679 3247 1741 3298 ut
1763 3244 1810 3299 si

170 3327 368 3396 nollet,
402 3348 522 3386 non
554 3331 838 3403 acciperet
872 3333 1068 3388 fratris
1101 3349 1337 3388 uxorem
1370 3333 1439 3388 ad
1465 3349 1666 3388 semen
1715 3332 1810 3386 de-

177 3414 356 3472 functi
381 3418 878 3475 resuscitandum.
913 3420 1075 3477 Unde
1122 3420 1580 3476 calceamentum
1638 3436 1811 3474 suum

175 3502 391 3562 solvere
415 3508 758 3578 jubebatur,
793 3513 857 3564 ut
887 3513 1042 3564 esset
1063 3527 1096 3566 a
1117 3526 1264 3565 nexu
1287 3508 1506 3582 cepulae
1530 3509 1658 3579 ejus
1682 3525 1815 3563 exu-

173 3593 289 3664 tus,
322 3612 506 3666 quam
538 3597 686 3652 asui
744 3598 933 3670 gratia
989 3598 1342 3654 ostendisset
1399 3596 1671 3653 alienam.
1721 3596 1814 3651 Sic

175 3681 326 3736 enim
351 3685 641 3756 scriptum
661 3686 914 3756 est,quia
933 3709 952 3735 σι
977 3686 1234 3742 solvebat
1261 3685 1814 3740 vircalceamentum

177 3783 372 3837 suum,
406 3776 464 3827 et
496 3773 674 3828 dabat
704 3773 964 3846 proximo
997 3791 1104 3830 suo
1135 3775 1361 3830 dicens:
1425 3774 1540 3828 IIoc
1598 3774 1708 3828 erit
1758 3774 1814 3826 in

174 3858 580 3916 testimonium
616 3863 673 3917 in
709 3863 902 3919 Israel.
936 3865 1006 3920 Et
1034 3863 1259 3919 dicebat
1288 3863 1684 3934 propinquus:
1712 3864 1814 3916 Ac-

177 3945 318 4018 cipe,
343 3953 399 4004 et
433 3951 671 4023 acquire
720 3951 822 4007 tibi
878 3957 962 4006 tu.
1022 3953 1091 4008 Et
1149 3951 1402 4008 solvebat
1433 3952 1542 4022 (71)
1593 3951 1817 4006 calcea-

179 4041 440 4094 mentum
474 4055 670 4095 suum.
705 4040 984 4095 Dicebant
1015 4040 1188 4097 etiam
1217 4044 1476 4096 astantes
1503 4057 1514 4094 :
1545 4062 1571 4090 «
1599 4039 1816 4095 [)ettibi

179 4120 460 4182 Dominus
495 4144 755 4196 uxorem,
791 4146 915 4200 quas
948 4129 1128 4185 intrat
1157 4130 1397 4184 domum
1431 4132 1616 4194 tuam,
1668 4128 1820 4182 sicut

181 4212 386 4270 Rachel
419 4219 480 4271 et
510 4215 662 4271 sicut
721 4217 837 4284 Lia,
900 4235 1024 4289 quae
1082 4218 1514 4272 aadilicaverunt
1561 4221 1820 4288 utraeque

184 4298 418 4358 domum
455 4303 652 4373 Israel,
715 4310 769 4361 et
826 4307 1086 4363 fecerunt
1131 4306 1404 4361 virtutem
1465 4305 1522 4360 in
1565 4305 1822 4377 Ephrata

183 4386 361 4454 (Ruth.
399 4409 474 4458 1v,
514 4393 616 4463 li).
658 4417 682 4440 ι)
714 4395 821 4448 Sed
851 4395 958 4450 hoc
989 4410 1056 4449 ex
1085 4393 1287 4448 litterae
1345 4393 1818 4464 interpretatione

580 4434 616 4463 Ilo

1922 3249 2339 3320 interpretatur
2359 3248 2584 3303 divisio.
2619 3247 2895 3301 Dividunt
2918 3249 3116 3302 autem
3147 3243 3424 3300 Pharisaei
3456 3243 3566 3299 hoc

1921 3353 2131 3409 genere
2161 3337 2333 3392 verba
2361 3336 2527 3408 legis,
2553 3341 2616 3390 ut
2638 3337 2929 3402 resonent,
2955 3337 3012 3388 et
3040 3333 3100 3388 in
3127 3332 3256 3406 ipsa
3277 3330 3562 3388 meditan-

1921 3430 2037 3495 tur,
2071 3424 2350 3496 spiritalis
2403 3429 2596 3480 autem
2631 3423 2906 3496 mysteria
2932 3421 3080 3494 legis
3110 3425 3167 3478 et
3197 3424 3565 3478 sacramenta

1925 3530 2039 3570 non
2071 3514 2322 3569 videant.
2356 3514 2501 3569 Nam
2525 3513 2572 3568 si
2605 3513 2697 3568 lex
2727 3509 3009 3584 spiritalis
3039 3514 3146 3578 est,
3180 3508 3384 3581 utique
3413 3525 3563 3582 prae-

1926 3607 2092 3675 cepta
2120 3602 2266 3676 legis
2297 3607 2436 3658 sunt
2467 3601 2774 3674 spiritalia:
2809 3605 2866 3657 et
2885 3617 3060 3674 opera
3089 3600 3218 3672 ejus
3278 3597 3568 3671 spiritalia

1925 3696 2080 3749 sunt.
2115 3693 2393 3748 Docentes
2420 3707 2555 3764 ergo
2608 3707 2737 3762 quae
2787 3690 3016 3762 Moyses
3073 3686 3331 3761 scripsit,
3388 3703 3568 3744 onera

1925 3781 2123 3854 gravia
2153 3781 2337 3854 ligant
2365 3781 2764 3854 corporalibus
2797 3778 2943 3851 legis
2975 3778 3198 3851 (gravia
3237 3779 3380 3833 sunt
3408 3773 3567 3832 enim

1928 3888 2054 3942 qua:
2087 3871 2379 3926 contraria
2404 3871 2546 3942 jugo
2577 3869 2792 3926 Christi
2825 3869 2986 3939 sunt)
3019 3871 3076 3923 et
3106 3883 3209 3938 per
3239 3863 3566 3920 doctrinam

1929 3976 2093 4015 suam
2129 3959 2354 4015 deviam
2386 3958 2585 4032 gravia
2615 3975 2793 4014 onera
2821 3957 3134 4028 imponunt
3163 3953 3408 4009 auribus
3465 3969 3572 4008 au-

1929 4047 2239 4114 dientium,
2274 4065 2400 4118 qum
2433 4047 2542 4119 ipsi
2575 4064 2646 4102 ne
2677 4050 2902 4101 tantum
2937 4043 3176 4115 quidem
3206 4040 3410 4098 volunt
3440 4057 3571 4096 mo~

1929 4153 2081 4201 vere,
2115 4139 2172 4191 et
2205 4135 2601 4208 corporalibus
2632 4134 2778 4206 legis
2808 4134 2877 4189 ad
2929 4129 3217 4204 spiritalia
3262 4128 3576 4202 Scriptura

1929 4225 2104 4280 verba
2134 4227 2555 4279 commoveant.
2608 4221 2699 4277 Sic
2762 4221 2919 4277 enim
2974 4218 3422 4292 intelligendum
3465 4221 3574 4285 est,

1931 4313 2069 4385 quia
2102 4313 2283 4385 digito
2316 4329 2421 4368 suo
2454 4311 2661 4367 nolunt
2719 4326 2948 4366 movere
3005 4307 3125 4374 illa,
3157 4307 3267 4364 hoc
3315 4310 3422 4373 est,
3473 4322 3580 4362 nec

1931 4403 2137 4474 exiguo
2160 4406 2373 4472 puncto
2406 4407 2579 4472 atque
2601 4402 2893 4454 momento
2915 4395 3279 4454 transferunt
3301 4411 3362 4451 se
3393 4395 3463 4450 ad
3490 4394 3578 4448 in-

184 4475 717 4580 Judzeumligabat.
752 4482 1034 4580 (laterum
1068 4483 1255 4580 ﬁgura
1285 4487 1425 4547 erat,
1460 4482 1613 4580 quod
1646 4482 1819 4580 ριπί-⁸
1857 4513 1900 4577 D
1933 4491 2313 4563 telligcntiam
2347 4488 2693 4562 spiritalem.
2731 4488 2873 4542 llinc
2906 4491 2992 4542 est
3021 4489 3078 4541 et
3102 4483 3269 4550 illud,
3305 4500 3418 4555 quo
3437 4482 3578 4538 scri-

139 4595 150 4602 κ
189 4569 308 4621 stus
329 4573 614 4625 venturus
646 4574 800 4625 esset
827 4570 882 4626 in
918 4576 1124 4641 terras,
1158 4570 1257 4643 qui
1318 4587 1515 4626 semen
1566 4571 1820 4626 defuncti

189 4656 384 4725 populi
419 4657 814 4714 resuscitaret.
871 4659 1075 4715 Merito
1132 4659 1357 4714 fratris:
1416 4660 1552 4730 quia
1602 4659 1823 4714 dictum

188 4747 304 4798 est:
343 4769 367 4794 ‹‹
402 4747 662 4802 Narrabo
697 4763 909 4803 nomen
941 4752 1109 4803 tuum
1146 4747 1422 4803 fratribus
1459 4747 1601 4802 meis
1651 4750 1821 4814 (Psal.

189 4845 299 4900 XXI,
353 4836 482 4906 23);
542 4839 644 4904 et;
685 4860 704 4884 ι
741 4837 997 4901 Quorum
1080 4841 1294 4910 patres,
1353 4841 1409 4892 et
1467 4854 1530 4891 ex
1612 4837 1826 4907 quibus

191 4917 451 4978 Christus
511 4925 834 4980 secundum
885 4942 1120 4982 carnem
1169 4926 1343 4997 (Rom.
1425 4942 1498 4992 Ix,
1549 4925 1625 4992 5).
1665 4946 1690 4972 ››
1729 4925 1826 4980 Vel

193 5007 322 5076 quia
351 5011 728 5085 Evangelium
761 5014 1046 5070 defuncta
1072 5014 1216 5087 legis
1242 5014 1664 5084 reparationem
1691 5031 1824 5085 Ope-

260 5149 571 5229 (_71)7Ro_r_n_.
609 5154 751 5229 edit.
802 5156 946 5224 sola,
1003 5160 1053 5211 et
1095 5157 1340 5211 dicebat:
1371 5157 1584 5229 Accipe,
1617 5164 1692 5229 et
1743 5173 1828 5211 ac-

194 5226 341 5301 qntre
372 5228 430 5301 te
459 5226 562 5301 tibi
587 5227 1059 5301 propinquitatem
1087 5244 1298 5301 meam;
1334 5235 1384 5281 et
1413 5227 1511 5281 hoc
1541 5227 1643 5280 erit
1672 5229 1728 5280 in
1752 5232 1826 5282 te-

195 5292 502 5364 stimonium
528 5292 814 5351 iit—Israel:
845 5300 909 5353 Et
937 5300 1189 5364 solrebat,
1218 5292 1328 5353 etc.

263 5361 370 5442 (.22)
398 5365 504 5420 ViX
537 5367 884 5443 adducimur
934 5374 1000 5443 ut
1040 5361 1363 5443 credamus
1395 5376 1666 5443 ἀᾏάλᾳγμα
1732 5389 1827 5443 ge-

200 5439 434 5491 nuinum
465 5453 632 5504 esse;
666 5442 790 5492 tum
839 5441 991 5511 quod
1040 5440 1265 5511 legatur
1322 5442 1378 5496 in
1443 5439 1601 5506 LXX,
1639 5439 1828 5510 κίντζσιν

199 5512 402 5588 stipati;
433 5515 482 5588 tv
512 5517 608 5588 τοῖς
638 5515 807 5588 Mog;
869 5515 992 5566 tum
1023 5511 1199 5588 quod
1250 5529 1317 5588 ea
1373 5528 1497 5588 v_ox_
1531 5512 1603 5566 ab
1680 5516 1829 5573 alcsa

199 5573 397 5648 enikz‘n,
429 5582 485 5634 et
532 5573 911 5652 alesanni't'em,
974 5587 1038 5638 ut
1064 5573 1359 5656 ‘corrupte
1406 5582 1624 5642 habent
1680 5602 1822 5645 mss.

1934 4586 2097 4654 ptum
2131 4585 2252 4635 est:
2292 4603 2317 4628 ‹‹
2349 4579 2509 4645 Quod
2533 4578 2577 4633 si
2613 4579 2669 4632 in
2701 4577 2881 4649 digito
2898 4576 2997 4632 Dei
3032 4591 3136 4648 ego
3169 4571 3334 4644 cjieio
3360 4572 3580 4628 daemo-

1938 4671 2033 4725 nia
2064 4671 2210 4740 (Luc.
2247 4687 2324 4733 ix,
2358 4669 2468 4737 20),
2508 4690 2533 4717 ››
2566 4667 2710 4731 Quid
2747 4666 2824 4722 sit
2875 4666 3117 4738 digitus,
3168 4663 3585 4736 interpretatur

1938 4760 2065 4830 ipsa
2087 4759 2408 4829 Scriptura,
2444 4775 2569 4828 quae
2603 4756 2741 4811 dicit
2791 4756 2847 4810 in
2873 4754 2988 4811 alio
3043 4753 3192 4809 libro
3251 4747 3579 4822 Evangelii;

1940 4872 1966 4897 ‹‹
1998 4849 2156 4911 Quod
2187 4847 2234 4903 si
2268 4847 2326 4900 in
2359 4847 2580 4917 Spiritu
2614 4847 2712 4901 Dei
2747 4862 2851 4918 ego
2877 4845 3043 4916 ejicio
3065 4840 3352 4898 daemonia
3377 4837 3583 4910 (Matth.

1940 4954 2041 5002 xu,
2073 4939 2186 5005 ‘28).
2227 4959 2251 4983 ››
2276 4936 2505 5007 Digitus
2537 4952 2673 5006 ergo
2705 4933 2821 4998 Dei,
2854 4933 3106 5005 Spiritus
3135 4929 3258 4995 Dei,
3281 4932 3407 4997 est;
3431 4931 3587 4984 Deus

1938 5024 2092 5078 enim
2127 5023 2376 5094 Spiritus
2409 5028 2519 5088 cst,
2549 5028 2604 5076 et
2636 5020 2779 5076 nihil
2812 5021 2988 5077 habet
3012 5019 3070 5074 in
3101 5034 3210 5074 sua
3253 5014 3588 5073 substantia

1940 5163 2285 5235 longissime
2317 5161 2644 5217 abhorreat.
2675 5160 3111 5235 Conjiceremus
3131 5156 3412 5235 libentius
3443 5157 3583 5215 scri-

1940 5229 2105 5306 ptuin
2195 5233 2396 5306 l'uissr,
2427 5241 2643 5304 κεφαλῆς
2673 5229 2880 5306 uagam,
2965 5232 3053 5306 vel
3106 5229 3344 5306 potius,
3376 5236 3584 5306 ἀᾈλοίω-

1939 5299 2014 5366 Im
2049 5329 2059 5360 :
2097 5299 2548 5377 prtecipue‘cum
2607 5302 2816 5377 Aquila
2866 5304 3038 5377 verbo
3072 5299 3259 5377 eidem
3307 5299 3436 5377 voci
3485 5317 3584 5377 co:

1955 5372 2112 5446 gnatd
2146 5378 2200 5430 in
2235 5372 2359 5446 ipso
2393 5373 2570 5443 hujus
2602 5373 2813 5446 psalmi
2847 5374 3014 5430 titulo
3047 5390 3191 5428 usus
3232 5373 3430 5444 fuerit,
3479 5372 3580 5428 ubi

1987 5448 2164 5503 obilio
2222 5444 2385 5510 teste,
2446 5446 2525 5499 ita
2601 5444 2925 5515 legebatur,
2956 5455 3035 5502 ὅτε
3066 5453 3313 5513 ἠλλοίωσε
3341 5453 3398 5502 τὸ
3425 5454 3583 5516 γεῦμα

1939 5526 2086 5577 αὐτοῦ
2120 5527 2180 5583 εἰς
2213 5523 2483 5588 πρόσωπον’
2511 5521 2902 5587 Λὸιμέλεχ,ρὶς.
