3856 6206
289 254 463 397 ιιιέ

1728 304 1793 371 S.
1840 306 2217 373 AMBROSll

3528 310 3674 376 H76

286 436 615 529 corporale,
641 438 745 495 sed
777 442 933 499 totus
960 444 1046 496 est
1076 440 1352 515 Spiritus.
1399 440 1463 497 ln
1520 440 1741 515 Spiritu
1788 459 1925 519 ergo
1956 445 2014 511 Α
2040 446 2162 498 tota
2190 442 2283 500 die
2314 442 2477 513 (Ibid.
2509 444 2589 517 9),
2622 467 2646 494 s
2675 448 2765 517 et:
2801 469 2829 497 α
2863 445 3009 515 Tota
3038 444 3132 527 die
3160 442 3513 527 verecnndia
3540 461 3677 529 gues

287 526 386 607 Dei
408 527 566 598 ejicit
587 528 963 591 daemonium,
992 530 1089 602 qui
1124 531 1180 584 in
1217 529 1397 601 digito
1430 529 1530 585 Dei
1562 531 1740 601 ejicit.
1764 529 1929 589 Unde

285 619 343 670 et
390 620 627 671 sanctus
680 618 851 671 David
911 618 1029 672 ait:
1065 642 1089 665 «ι
1151 619 1439 683 Quoniam
1497 618 1703 674 videbo
1752 618 1929 679 ccelos

287 707 442 773 tuos,
476 721 650 777 opera
680 706 998 777 digitorum
1035 712 1268 761 tuorum
1328 708 1502 763 (ρδαι.
1528 724 1651 766 vni.
1682 709 1760 775 5},
1821 706 1929 762 hoc

286 796 395 859 est,
429 793 683 864 Spiritus
715 794 797 847 tui
828 812 1003 866 opera
1034 802 1171 850 sunt
1203 796 1351 861 cmli,
1384 796 1537 851 sicut
1557 801 1615 851 et
1644 795 1928 867 scriptum

287 884 402 934 est:
435 904 462 929 ‹‹
500 881 686 935 Verbo
713 881 940 937 Domini
974 884 1099 937 cozli
1131 884 1341 938 firmati
1378 889 1544 950 sunt,
1602 889 1657 941 et
1714 882 1924 955 spiritu

287 967 403 1022 oris
433 969 560 1039 ejus
584 968 775 1024 omnis
806 971 989 1025 virtus
1018 988 1218 1026 eorum
1250 973 1421 1041 (Psal.
1448 988 1627 1039 xxx",
1654 971 1730 1041 6).
1756 993 1784 1020 »ι

354 1058 443 1111 66.
478 1056 551 1112 Ut
579 1074 715 1130 ergo
738 1059 1182 1125 concludamus,
1206 1060 1687 1132 disputationem,
1712 1059 1926 1114 Scriba:

286 1148 343 1199 et
370 1144 643 1199 Phariszei
681 1147 823 1201 nihil
857 1147 926 1201 ad
965 1148 1297 1202 interiorem
1319 1148 1617 1203 hominem
1644 1148 1925 1212 referunt,

288 1234 385 1304 qui
422 1238 484 1287 ut
513 1233 637 1305 ipse
668 1235 737 1288 ad
774 1236 1089 1307 imaginem
1122 1236 1223 1290 Dei
1260 1241 1313 1289 et
1368 1235 1816 1295 similitudinem
1844 1235 1928 1289 fa-

286 1323 416 1377 ctus
448 1326 566 1389 est;
600 1323 679 1377 ita
714 1324 765 1376 in
802 1324 871 1378 iis
903 1342 1030 1394 qua:
1062 1326 1279 1394 cogitat
1309 1329 1363 1378 et
1411 1341 1539 1395 quas
1586 1323 1928 1388 meditatur,

286 1410 457 1466 debet
477 1411 664 1482 magis
697 1429 823 1482 qua:
856 1410 1143 1482 spiritalia
1174 1416 1331 1477 sunt,
1366 1428 1542 1483 quam
1567 1428 1695 1483 qua:
1725 1428 1928 1466 carna-

287 1498 365 1554 lia
390 1499 662 1572 cogitare.
697 1500 910 1557 Totum
943 1515 1080 1571 ergo
1111 1502 1179 1554 ad
1217 1499 1380 1554 illum
1427 1501 1798 1567 exteriorem,
1852 1501 1927 1570 ad

285 1586 454 1643 illum
487 1592 781 1647 terrenum
812 1588 1112 1644 hominem
1144 1589 1356 1644 referre
1413 1589 1816 1654 contendunt;
1876 1594 1933 1643 et

290 1675 421 1732 ideo
450 1677 649 1732 omnia
669 1693 869 1731 eorum
894 1694 1069 1749 opera
1088 1678 1226 1733 talia
1248 1682 1407 1743 sunt,
1441 1683 1507 1733 ut
1527 1676 1840 1732 videantur
1859 1677 1931 1731 ab

2039 537 2239 588 contra
2260 549 2353 588 me
2385 538 2473 588 est
2502 534 2662 602 (Ibid.
2698 537 2808 602 16).
2839 558 2869 585 ιι
2903 535 3051 603 Quid
3070 536 3190 607 sibi
3242 536 3367 599 vult
3392 535 3509 611 ista
3556 552 3675 605 Inu-

2038 621 2205 686 tatio,
2239 639 2366 693 qua:
2397 622 2735 694 frequenter
2758 624 2817 678 in
2875 623 3126 699 Psalmis
3165 626 3472 698 repetitur,
3514 628 3679 699 sicut

2038 714 2095 764 et
2121 709 2180 763 in
2212 710 2531 765 centesimo
2562 716 2763 766 octavo
2786 710 3015 784 psalmo
3038 712 3117 766 ait
3143 730 3156 765 :
3192 735 3218 761 «ι
3252 717 3426 779 Deus,
3452 710 3675 770 laudem

2040 813 2229 853 meam
2263 814 2334 853 ne
2363 798 2649 855 tacueris:
2682 799 2822 872 quia
2840 816 2906 867 os
2934 801 3260 873 peccatoris
3291 806 3349 871 et
3378 818 3446 856 os
3498 802 3673 859 dolosi

2039 901 2216 957 super
2247 902 2338 940 me
2378 892 2662 959 .apertum
2709 893 2809 943 .est
2839 889 3013 959 (Psal.
3075 905 3231 955 mu,
3258 890 3337 959 2).
3370 912 3400 938 »ι
3443 889 3560 947 Hoc
3606 891 3679 953 ,de

2040 990 2156 1028 uno
2189 973 2457 1045 sequitur
2502 974 2575 1029 de
2632 974 2941 1048 pluribus:
2971 999 3000 1023 ‹‹
3032 976 3241 1051 Locuti
3298 983 3443 1043 sunt
3470 978 3679 1055 adver-

2039 1078 2171 1117 sum
2232 1077 2326 1116 me
2363 1060 2581 1135 lingua
2636 1062 2910 1121 dolosa...
2962 1069 3026 1137 et
3070 1070 3405 1137 posuerunt
3486 1066 3679 1122 odium

2040 1166 2142 1222 pro
2163 1150 2470 1205 dilectione
2519 1166 2650 1207 mea
2700 1151 2862 1224 (Ibid.
2923 1153 2977 1219 3,
3008 1154 3085 1223 5).
3140 1154 3358 1215 Deinde
3419 1154 3489 1219 de
3535 1171 3675 1210 uno:

2040 1261 2067 1286 «ι
2103 1237 2401 1295 Constitue
2431 1254 2610 1310 super
2630 1254 2773 1313 eum
2815 1245 3178 1317 peccatorem
3228 1241 3390 1309 (Ibid.
3420 1243 3501 1313 6),
3533 1243 3681 1316 quod

2038 1326 2271 1380 videtur
2328 1325 2387 1381 in
2445 1328 2766 1384 centesimo
2823 1333 3023 1391 octavo
3080 1328 3308 1405 psalmo
3372 1327 3551 1395 _aliud
3612 1330 3676 1384 ad

2040 1413 2323 1488 populum
2370 1414 2709 1473 Judaorum
2767 1417 2995 1483 relerri,
3079 1416 3240 1495 aliud
3322 1417 3399 1495 ad
3472 1416 3683 1495 Judam

2041 1502 2432 1574 proditorem:
2468 1504 2702 1577 quando
2733 1503 3041 1577 pluraliter
3076 1494 3342 1571 dicta,a_d
3366 1494 3681 1581 populum:

2042 1591 2276 1663 quando
2298 1589 2693 1665 singulariter,
2727 1592 2801 1647 ad
2828 1590 3068 1669 Iudam.
3102 1592 3209 1667 Hic
3234 1607 3474 1667 quoque
3488 1607 3686 1669 possu-

2041 1695 2175 1735 mus
2212 1678 2423 1746 dicere,
2463 1680 2700 1752 quando
2720 1680 3026 1759 pluraliter
3070 1681 3227 1737 dicta
3281 1681 3355 1736 ad
3418 1668 3673 1741 sanctos:

287 1764 654 1839 hominibus,
689 1782 802 1819 non
826 1769 891 1820 ut
921 1765 1187 1838 placeant
1228 1766 1400 1833 Patri,
1436 1766 1533 1837 qui
1568 1764 1625 1821 in
1685 1766 1930 1821 abscon-
1958 1766 2275 1871 Bquando
2304 1766 2704 1841 singulariter,
2739 1769 2810 1823 ad
2838 1768 3154 1833 Dominum
3182 1771 3457 1829 nostrum
3492 1760 3681 1853 desum

288 1852 410 1929 dite
440 1852 611 1907 videt.
637 1854 872 1908 Timent
900 1853 1056 1909 enim
1090 1872 1196 1908 sua
1228 1871 1401 1925 opera
1426 1852 1697 1911 revelare.

356 1944 445 1996 67.
481 1940 609 1996 Hzec
641 1947 730 1999 est
761 1957 895 2013 ergo
928 1944 1242 1997 commotio
1274 1941 1483 2014 capitis
1514 1958 1641 2015 qua:
1664 1943 1815 1997 facta
1844 1947 1934 1998 est

288 2030 347 2085 in
376 2028 641 2104 populis;
674 2030 785 2093 vel,
820 2030 969 2086 sicut
996 2030 1205 2103 Aquila
1260 2036 1318 2085 et
1354 2030 1741 2105 Symmachus
1781 2030 1933 2084 dixe-

289 2122 474 2174 runtu
501 2119 558 2175 in
591 2118 894 2193 gentibus;
934 2142 955 2167 ι
986 2135 1191 2174 omnes
1212 2119 1366 2173 enim
1399 2123 1600 2191 gentes
1630 2124 1935 2174 moverunt

288 2212 464 2281 caput
492 2213 762 2272 suum,ut
794 2208 976 2279 legem
1008 2205 1350 2282 spiritaliter
1387 2207 1927 2278 interpretarentur.

288 2296 468 2351 Nemo
484 2296 807 2350 secundum
830 2295 1085 2351 litteram
1110 2293 1257 2366 legis
1289 2310 1349 2349 se
1368 2298 1529 2365 putet
1553 2311 1679 2349 esse
1703 2292 1931 2349 salvan-

288 2384 453 2449 dum,
482 2382 620 2454 quia
649 2372 846 2439 littera
876 2381 1020 2455 legis
1053 2381 1427 2439 maledictum
1452 2368 1932 2455 habetz'spiritus

289 2470 754 2526 benedictionem
786 2471 971 2529 atl'ert.
1000 2470 1181 2525 Nemo
1212 2486 1279 2525 ex
1326 2470 1601 2542 operibus
1649 2469 1796 2541 legis
1827 2469 1931 2540 ju-

287 2559 528 2616 stiﬁcari
560 2565 775 2632 potest,
820 2559 960 2631 quia
1018 2560 1127 2614 sub
1174 2558 1480 2613 maledicto
1534 2563 1672 2613 sunt
1729 2574 1933 2613 omnes

290 2649 389 2721 qui
423 2648 535 2703 sub
566 2646 760 2703 littera
792 2651 949 2704 sunt.
984 2647 1232 2720 Fugiant
1263 2664 1398 2719 ergo
1429 2664 1632 2702 omnes
1663 2646 1935 2701 maledic-

287 2742 413 2792 tum
435 2736 604 2810 legis,
637 2741 692 2791 et
724 2736 1065 2798 confugiant
1094 2738 1165 2790 ad
1216 2735 1637 2791 benedictionis
1684 2736 1932 2808 gratiam

288 2829 353 2881 ut
382 2825 851 2885 benedictionem
885 2824 1140 2879 habeant
1162 2826 1214 2877 in
1241 2824 1575 2887 coelestibus
1602 2824 1659 2877 in
1703 2823 1932 2878 Christo

289 2914 453 2983 Jesu,
487 2913 586 2984 qui
620 2918 889 2967 mortuus
920 2917 1010 2967 est
1042 2929 1145 2983 pro
1176 2913 1365 2975 nobis,
1391 2917 1455 2966 ut
1478 2912 1622 2966 fides
1654 2912 1935 2967 transiret

293 3002 360 3056 ad
394 3004 633 3074 gentes:
670 3001 769 3071 qui
803 2999 935 3055 etsi
969 2999 1057 3053 vir
1100 3000 1207 3054 fuit
1253 3006 1386 3055 ante
1436 3001 1776 3072 Synagogae,
1828 3016 1935 3055 nec

292 3089 483 3163 ipsam
515 3089 791 3157 deseruit,
822 3094 880 3144 et
912 3105 1020 3147 nos
1050 3088 1324 3156 redemit;
1384 3087 1545 3144 illam
1604 3087 1760 3143 enim
1819 3104 1934 3143 non

2040 1852 2341 1911 Christum
2375 1855 2574 1915 referri
2604 1858 2791 1933 :quia
2819 1857 3099 1933 astimari
3131 1862 3322 1929 potest
3348 1861 3414 1912 et
3441 1846 3543 1933 pro
3563 1857 3686 1933 plu-

2041 1942 2205 1999 ribus
2235 1942 2295 1997 in
2329 1943 2611 2015 propheta
2639 1944 2895 2021 locutus,
2917 1950 2977 2001 et
3008 1944 3133 2018 ipse
3166 1961 3270 2019 pro
3302 1962 3393 2002 se.
3446 1945 3517 1999 Et
3570 1945 3686 2000 ideo

2041 2029 2277 2085 dixerit:
2306 2053 2335 2080 «
2367 2028 2890 2093 Verecundiamea
2918 2037 3122 2111 contra
3180 2048 3274 2088 me
3340 2036 3472 2089 est:
3512 2055 3533 2081 ι
3569 2050 3685 2105 qua:

2042 2117 2258 2175 dicitur
2304 2127 2552 2193 ἐνςροπής
2584 2127 2797 2192 ἐντροπὴ
2852 2125 3047 2185 autem
3079 2126 3189 2187 est,
3239 2123 3485 2197 quando
3538 2137 3683 2199 vere-

2040 2207 2318 2262 cundiam
2376 2206 2499 2263 vult
2546 2208 2680 2280 quis
2737 2209 2995 2265 incutere
3043 2198 3241 2277 alicui,
3304 2214 3374 2264 ut
3431 2209 3681 2287 inﬂectat

2043 2292 2412 2367 propositum
2445 2288 2643 2364 suum,
2678 2296 2830 2353 sicut
2851 2301 2975 2353 est:
3003 2319 3032 2348 ‹‹
3067 2296 3401 2357 Descendat
3430 2314 3583 2353 nunc
3620 2298 3685 2352 de

2041 2398 2236 2450 cruce,
2268 2386 2325 2436 et
2380 2384 2676 2461 credimus
2737 2372 2827 2441 ei:
2876 2384 3119 2463 conﬁdit
3172 2385 3237 2447 in
3287 2384 3434 2453 Deo,
3496 2384 3688 2463 liberet

2044 2486 2199 2525 nunc
2258 2487 2393 2533 cum
2438 2472 2646 2543 (Matth.
2703 2490 2880 2542 xxvii,
2930 2462 3147 2547 42-43.)
3180 2496 3209 2524 ι»
3260 2473 3510 2547 Pulchre
3554 2462 3684 2529 ait:

2041 2581 2070 2607 «
2102 2557 2245 2623 Tota
2274 2557 2396 2614 die:
2431 2583 2458 2608 ››
2487 2561 2624 2635 quia
2653 2561 2976 2635 incarnatio
3024 2562 3249 2618 Domini
3307 2561 3502 2623 nostri
3555 2560 3676 2618 Jesu

2041 2648 2253 2707 Christi
2279 2647 2469 2711 lucem
2503 2649 2703 2713 attulit
2733 2638 2973 2715 mundo.
2998 2650 3139 2711 ,Dies
3187 2649 3393 2729 itaque
3423 2652 3681 2713 incarna-

2043 2740 2220 2796 tionis
2277 2745 2387 2808 est,
2448 2740 2520 2819 de
2573 2756 2690 2812 quo
2742 2738 2900 2794 idem
2960 2738 3103 2794 dicit
3160 2739 3495 2796 Dominus:
3560 2740 3683 2817 Am-

2044 2828 2245 2904 bulate
2304 2829 2447 2883 dum
2531 2826 2722 2883 lucem
2782 2825 3009 2897 habetis
3097 2828 3277 2903 (loqu.
3338 2845 3449 2905 gn,
3516 2828 3619 2905 35),
3656 2849 3679 2875 »ι

2040 2923 2119 2979 et,
2177 2941 2204 2967 «
2260 2915 2557 2972 Abraham
2608 2915 2765 2981 diem
2827 2930 3024 2971 meum
3096 2914 3244 2970 vidit
3311 2914 3498 2988 (Joan.
3571 2930 3677 2982 Vm,

2042 3006 2163 3078 56).
2192 3029 2218 3054 ››
2244 3006 2394 3081 Ergo
2450 3005 2575 3060 haec
2628 3003 2978 3083 verecundia
3032 3003 3211 3082 habet
3256 3003 3317 3083 in
3380 3020 3446 3073 se
3502 3003 3679 3059 confu-

2049 3090 2295 3153 sionem.
2329 3092 2492 3155 Unde
2521 3097 2578 3148 et
2603 3080 3028 3165 Symmachus:
3062 3080 3270 3147 «Tota
3298 3080 3432 3169 die,
3487 3090 3677 3164 inquit,

292 3176 571 3241 deseruit,
605 3182 671 3232 ut
702 3176 957 3250 reliquias
1005 3176 1177 3233 salva:
1236 3178 1477 3233 ﬁerent:
1540 3194 1646 3233 nos
1694 3176 1941 3232 redemit
1960 3164 2015 3243 ~C
2042 3164 2315 3241 confusio
2347 3164 2714 3245 meaeontra
2760 3196 2855 3235 me
2900 3183 3009 3236 est.
3041 3202 3070 3228 ››
3122 3177 3259 3251 Qua;
3318 3164 3525 3253 ξίιιρω
3563 3195 3678 3241 con.

289 3265 553 3343 eligendo
585 3265 833 3343 populos
867 3266 1194 3322 nationum.
1230 3264 1357 3321 Haec
1389 3282 1525 3337 ergo
1554 3265 1757 3322 electio
1796 3281 1936 3337 gen-

292 3355 440 3429 tium
464 3344 624 3412 salus
646 3354 867 3429 Judaeis
900 3373 914 3423 ;
950 3354 1209 3428 reliquias
1241 3356 1396 3410 enim
1451 3372 1566 3410 non
1613 3371 1715 3426 per
1761 3371 1937 3427 opera

293 3428 422 3513 sua,
442 3445 595 3523 19ᾙᾷ
628 3428 739 3505 sed
764 3462 864 3519 per
919 3444 1263 3500 electionem
1312 3442 1510 3516 gratias
1557 3443 1726 3499 BathB
1771 3443 1931 3499 factae

285 3538 428 3590 sunt
454 3516 473 3588 ξ
492 3516 682 3607 gratia
712 3516 800 3589 est
830 3550 966 3607 ergo
996 3532 1208 3589 Christi
1248 3550 1375 3605 qua:
1406 3537 1463 3587 et
1509 3549 1615 3587 nos
1663 3532 1929 3598 redemit,

281 3626 339 3676 et
364 3620 642 3694 reliquias
697 3621 1025 3677 vivificavit.
1086 3622 1410 3677 Commotio
1467 3626 1665 3676 autem
1718 3620 1931 3693 capitis

281 3709 434 3764 facta
462 3713 551 3764 est
580 3708 640 3763 in
671 3709 947 3781 gentibus
981 3728 995 3778 ;
1022 3710 1123 3765 sed
1154 3702 1223 3765 ex
1254 3709 1361 3764 hac
1390 3708 1780 3764 commotione
1812 3726 1927 3764 non

280 3796 593 3875 mediocris
625 3796 969 3854 mutationis
991 3798 1240 3871 gratiam
1272 3797 1458 3853 Judaei
1520 3795 1925 3868 praetulerunt,

280 3904 533 3959 quorum
564 3886 819 3958 reliquias
852 3885 1022 3942 salvae
1048 3885 1210 3941 facta:
1238 3890 1393 3941 sunt.

348 3977 436 4030 68.
498 3975 683 4047 (Vers.
726 3977 826 4045 16).
860 3974 1168 4046 Sequitur:
1210 3998 1235 4023 ‹‹
1269 3975 1414 4029 Tota
1442 3972 1534 4028 die
1579 3974 1927 4029 verecundia

279 4080 409 4121 mea
439 4069 644 4121 contra
674 4082 765 4120 me
798 4071 885 4119 est
910 4082 920 4117 :
947 4068 1001 4119 et
1032 4063 1296 4119 confusio
1328 4061 1521 4117 vultus
1543 4062 1652 4117 mei
1697 4062 1926 4137 operuit

277 4142 389 4210 me.
427 4176 454 4202 υ
485 4144 630 4219 Quid
664 4158 752 4208 est
778 4152 930 4225 quod
963 4152 1259 4208 interdum
1311 4167 1380 4207 ex
1426 4167 1676 4223 persona
1722 4153 1922 4215 unius,

274 4243 568 4298 interdum
592 4259 659 4297 ex
687 4259 935 4314 persona
967 4242 1354 4315 plurimorum
1388 4239 1657 4313 psalmus
1688 4239 1781 4295 hic
1833 4237 1922 4309 di-

274 4330 464 4386 citur?
517 4330 845 4404 Namquea
901 4330 1188 4404 principio
1222 4348 1254 4384 a
1287 4329 1555 4401 pluribus
1611 4328 1803 4401 coepit,
1855 4333 1923 4383 ut

272 4423 389 4487 est;
423 4442 451 4469 ‹‹
487 4419 661 4488 Deus,
722 4420 967 4497 auribus
1025 4418 1379 4486 audivimus,
1413 4423 1471 4473 et
1536 4422 1741 4473 caetera
1786 4432 1915 4488 quas

2045 3269 2197 3326 fusio
2226 3269 2463 3334 Christi,
2491 3268 2604 3324 nisi
2636 3284 2799 3347 crux,
2850 3266 3007 3347 quod
3062 3267 3262 3347 nudus
3308 3267 3588 3347 pependit
3626 3266 3680 3322 in

2044 3359 2154 3414 ea?
2183 3359 2254 3414 Et
2284 3357 2449 3425 bene,
2511 3360 2634 3412 tota
2689 3344 2801 3424 die,
2861 3344 3001 3428 quia
3054 3344 3123 3411 ex
3171 3344 3288 3427 quo
3317 3344 3563 3438 afﬁxus
3600 3358 3675 3433 est

2043 3445 2223 3512 cruci,
2255 3461 2445 3518 usque
2475 3445 2533 3500 in
2565 3444 2770 3500 horam
2798 3460 3014 3500 nonam
3044 3443 3297 3515 tenebras
3330 3444 3501 3521 factas
3519 3446 3676 3521 sunt:

2042 3539 2101 3590 et
2157 3539 2290 3609 post
2346 3534 2551 3595 horam
2609 3548 2826 3601 nonam
2880 3530 2981 3587 lux
3057 3531 3292 3598 refulsit
3371 3520 3560 3613 usque
3600 3520 3677 3586 in

2039 3607 2368 3697 vesperum.
2394 3621 2498 3685 Hic
2538 3620 2662 3681 dies
2695 3636 2763 3677 ex
2800 3619 2991 3689 tribus
3019 3620 3248 3695 primus
3298 3607 3451 3699 (73):
3501 3608 3678 3697 Potest

2038 3716 2235 3769 tamen
2292 3714 2351 3766 et
2406 3709 2619 3771 chorus
2676 3712 3014 3771 sanctorum
3107 3698 3422 3780 pluraliter
3488 3702 3560 3765 de
3624 3722 3679 3764 se

2037 3803 2095 3855 et
2123 3797 2497 3878 singulariter
2528 3796 2728 3867 loqui:
2760 3795 2977 3869 chorus
3032 3794 3189 3869 enim
3244 3797 3425 3877 quasi
3483 3796 3668 3878 singu-

2037 3870 2565 3960 larem‘personam
2596 3884 2794 3954 habet,
2826 3885 2929 3955 sed
2961 3901 3243 3959 numerus
3286 3870 3670 3958 plurimorum
3749 3916 3757 3926 -

2034 3980 2143 4042 est,
2177 3975 2328 4030 sicut
2346 3974 2488 4029 illud
2515 3978 2634 4029 est:
2661 3997 2687 4021 «
2710 3972 3076 4045 Populushic
3104 3964 3671 4041 labiismehonorat;

2034 4080 2133 4119 eor
2162 4068 2358 4118 autem
2380 4078 2581 4117 eorum
2610 4056 2793 4139 longe
2813 4065 2904 4116 est
2931 4077 2965 4130 ρ,
2985 4076 3078 4117 me
3105 4060 3229 4131 (Isa.
3264 4078 3425 4130 xxxx,
3449 4061 3554 4131 l3).
3584 4082 3611 4111 γι

2102 4154 2191 4207 68.
2228 4152 2365 4215 Quae
2390 4154 2590 4219 autem
2622 4154 2713 4205 est
2743 4149 3033 4216 confusio,
3067 4166 3194 4223 qua:
3226 4140 3470 4223 operuit
3497 4148 3675 4223 Domi-

2032 4257 2175 4295 num
2212 4243 2437 4307 Jeslum,
2471 4254 2604 4293 cum
2662 4230 3089 4313 confusionem'
3123 4242 3364 4315 peccata
3434 4228 3667 4315 ﬁniant;

2031 4328 2162 4400 ipsa
2193 4332 2339 4395 sunt
2393 4326 2549 4405 enim
2606 4318 2755 4399 (ιιιώ
2793 4326 3066 4398 operiunt
3118 4314 3529 4405 peccator-em:
3566 4314 3669 4401 hic

2028 4420 2224 4477 autem
2247 4402 2545 4489 peccatum
2578 4429 2692 4471 non
2722 4410 2968 4483 fecerit?
3010 4412 3126 4487 Sed
3176 4402 3667 4489 quemadmodum

272 4513 601 4583 sequuntur
648 4486 838 4581 (supra
895 4486 1043 4563 vers.
1104 4512 1139 4562 2
1188 4513 1242 4562 et
1298 4508 1466 4580 seq).
1515 4507 1733 4562 Deinde
1787 4486 1913 4561 ait:
1948 4510 2115 4590 Dest
2172 4486 2435 4571 confusio
2493 4502 2793 4559 adducens
2849 4486 3317 4574 peccatumfita
3378 4486 3670 4590 est'Ol'C

271 4623 297 4647 «ι
356 4598 441 4653 Tu
502 4613 564 4652 es
622 4596 747 4668 ipse
802 4614 897 4651 rex
957 4613 1145 4663 meus,
1202 4601 1258 4651 et
1312 4597 1464 4651 Deus
1522 4611 1690 4650 meus
1720 4595 1920 4669 (Supra
1950 4588 1982 4590 _
2027 4593 2292 4673 confusio
2324 4610 2456 4666 quae
2486 4596 2789 4669 peccatum
2821 4589 3035 4663 abolet,
3068 4594 3134 4667 ut
3172 4590 3448 4672 confusio
3496 4588 3669 4645 crucis

268 4701 417 4741 vers.
450 4685 525 4755 5).
566 4684 859 4741 ulterum:
901 4707 921 4731 α
992 4687 1053 4738 In
1105 4688 1161 4739 te
1198 4683 1467 4739 inimicos
1497 4687 1730 4739 nostros
1778 4700 1917 4738 ven-

273 4773 572 4833 tilabimus
597 4772 757 4844 (Ibid.
782 4775 858 4840 6).
886 4795 913 4821 »
945 4772 1014 4827 Et
1044 4778 1245 4845 postea
1268 4790 1280 4827 :
1301 4795 1327 4820 ‹‹
1358 4773 1480 4827 Non
1513 4770 1672 4827 enim
1700 4771 1756 4825 in
1779 4787 1917 4826 arcu

271 4878 400 4941 meo
433 4863 680 4943 sperabo
724 4860 883 4934 (Ibid.
914 4861 991 4931 7),
1028 4884 1055 4910 »
1089 4865 1145 4916 et
1176 4883 1203 4909 ‹‹
1260 4860 1322 4915 In
1381 4861 1495 4916 Deo
1538 4858 1919 4915 laudabimur

340 5042 452 5112 (73)
487 5042 585 5097 llic
618 5040 1324 5114 sequituriB.Ambrosi_us
1342 5058 1541 5095 eorum
1574 5040 1909 5114 opinionem

267 5114 367 5185 qui
398 5111 605 5183 mortis
636 5111 851 5185 Christi
885 5112 1117 5170 Domini
1147 5112 1409 5185 triduum
1444 5113 1524 5167 ita
1543 5111 1914 5185 explicabant

263 5180 329 5240 ut
348 5180 605 5241 dicerent
626 5186 754 5257 ejus
770 5184 1018 5257 primam
1042 5186 1269 5239 noctem
1292 5183 1471 5257 fuisse
1487 5180 1759 5239 tenebras
1779 5180 1911 5240 illas

273 5272 399 5329 quas
432 5254 675 5313 Domino
708 5254 1052 5329 ex'spirante
1069 5259 1257 5329 totum
1307 5254 1505 5329 orbem
1556 5259 1908 5329 Operuerunt

263 5323 516 5399 primum
536 5345 667 5384 vero
695 5323 871 5396 diem,
907 5327 1163 5399 spatium
1185 5325 1332 5383 illud
1362 5325 1530 5393 lucis,
1563 5323 1719 5397 quod
1759 5323 1913 5399 inter

264 5398 498 5470 easdem
522 5400 793 5467 tenebras
824 5415 889 5453 ac
922 5397 1152 5470 noctem
1185 5405 1525 5470 sequentem
1557 5397 1905 5470 intercessit.

263 5466 676 5543 Verumtamen
704 5470 837 5543 jure
868 5469 1075 5525 merito
1107 5466 1607 5543 hanc—opinionem
1638 5468 1911 5543 repudiat
1938 5540 1939 5543 η

265 5538 745 5611 Augustinus,_de
777 5540 1050 5595 Cousensu
1108 5538 1327 5609 Evangf
1365 5541 1467 5595 lib.
1526 5559 1609 5608 ιιι,
1661 5538 1789 5611 cap.
1826 5541 1907 5611 724

266 5622 409 5663 num
440 5608 529 5671 66,
566 5608 663 5661 ubi
698 5608 848 5663 sicut
875 5614 930 5665 et
961 5613 1162 5677 Quaest.
1196 5608 1411 5679 Iz'uang.
1464 5610 1503 5666 l.
1531 5629 1570 5675 ι,
1604 5629 1660 5682 q.
1693 5608 1751 5680 6,
1808 5610 1906 5665 do-

2030 4669 2255 4740 Domini
2314 4680 2499 4746 nostri
2553 4677 2697 4749 Jesu
2750 4677 2989 4745 Christi,
3050 4669 3391 4755 perquam
3443 4681 3669 4753 peccata

2027 4758 2545 4827 n1undanturfEst
2574 4767 2751 4839 etiam
2773 4760 2966 4823 omnis
2996 4764 3262 4823 cenfusi'o
3290 4766 3455 4853 bona
3501 4780 3664 4853 quam

2022 4876 2127 4933 pro
2158 4859 2371 4925 Christi
2407 4856 2644 4913 nomine
2674 4855 2908 4929 subeas,
2943 4859 3001 4911 et
3047 4848 3373 4937 admodum
3404 4848 3663 4929 gloriosa,

2023 5044 2111 5093 cet
2154 5040 2208 5093 in
2246 5034 2585 5093 memoratis
2614 5034 2810 5090 tribus
2841 5032 3050 5105 diebus
3106 5037 3334 5104 partem
3386 5048 3494 5105 pro
3549 5032 3659 5087 toto

2021 5110 2370 5167 sumendam
2398 5122 2527 5179 esse
2554 5123 2569 5173 ;
2598 5106 2667 5179 in
2696 5121 2813 5179 quo
2841 5120 2978 5179 pum
3017 5102 3367 5179 intarpretos
3387 5102 3565 5179 ὴρμ
3579 5116 3659 5179 ῃ.

2021 5116 2370 5187 sumendam
2398 5122 2527 5163 esse
2554 5123 2569 5173 ;
2598 5122 2667 5187 in
2696 5121 2813 5178 quo
2840 5120 2978 5231 ἣρω
3017 5116 3170 5185 Inter
3213 5116 3367 5230 rem?
3387 5116 3565 5185 ημερ
3636 5129 3654 5142 .

2020 5182 2139 5260 cuti
2173 5184 2332 5260 sunt.
2365 5178 2511 5260 Vide
2536 5182 2713 5260 etiam
2851 5175 3126 5260 “hermam
3148 5120 3303 5253 fert.
3329 5236 3346 5260 δ
3360 5116 3654 5260 gr,

2018 5236 2235 5321 5l7,art.
2270 5253 2323 5317 4,
2356 5253 2414 5306 et
2438 5236 2993 5323 alios‘s'cholasticos
3024 5236 3284 5323 dubium
3329 5236 3444 5323 ῌειρ
3470 5236 3656 5323 “iiii-.3

2019 5316 2294 5393 summus
2312 5316 2412 5377 est
2440 5334 2784 5393 consensus.
2819 5317 3091 5393 Quinimo
3121 5316 3391 5393 eamdem
3414 5322 3419 5325 ’
3444 5316 3656 5393 gentes;

2018 5396 2161 5469 tiam
2194 5387 2444 5469 ipsemet
2468 5383 3071 5469 Ambgosiuszdoeere
3098 5383 3327 5469 videtur
3365 5384 3540 5469 epist.

2017 5467 2197 5543 episc.
2216 5452 2471 5539 ‘Emilize
2505 5452 2793 5537 scribens,
2825 5452 2974 5543 intra
3162 5452 3649 5538 tridnupfﬁnguit,

2017 5547 2070 5585 et
2104 5554 2289 5585 nassus
2318 5540 2416 5585 est-
2447 5538 2495 5585 Δ
2525 5534 2754 5585 quievit.
2786 5534 2838 5585 et
2862 5547 2986 5585 rem
3054 5531 3191 5585 emit.

2016 5531 2074 5595 εἰ
2097 5531 2295 5611 passus
2318 5540 2416 5605 est,
2447 5538 2495 5607 et
2525 5534 2754 5609 quievit,
2774 5531 2838 5613 "et
2862 5531 3173 5609 τξδιιῆνρᾲτῖξ
