3856 6206
135 341 271 440 mi

1165 345 1615 437 ENARRA'I‘IO
1659 372 1738 436 IN
1784 359 2163 440 PSALMUM
2208 373 2419 440 xmn.

3330 342 3494 432 me

132 509 171 566 si
194 508 330 565 verbi
356 505 545 582 gratia
574 506 634 563 in‘
664 494 1065 580 persecutione
1094 503 1183 568 lex
1214 505 1307 574 sit,
1342 509 1405 561 ut
1460 505 1720 572 verbere-
1752 508 1808 575 Α
1835 507 2116 578 minatur,
2147 509 2250 582 qui
2282 507 2499 570 oblitus
2525 524 2639 564 non
2673 508 2761 563 est
2792 500 2892 562 Dei
2925 502 3016 562 sui
3043 523 3054 560 :
3089 500 3324 560 illorum
3348 519 3484 560 con-

129 597 602 662 turChristianus,
636 600 701 651 ut
729 595 1074 668 dignitatem
1123 595 1377 662 amittat,
1425 599 1492 651 ut
1539 612 1734 663 careat

127 687 383 760 privilegio
422 687 555 759 (74),
580 690 654 750 ,ut
684 685 743 748 in
774 683 1006 746 vincula
1035 684 1304 740 ducatur.
1357 685 1485 738 Haec
1532 684 1731 755 utique

125 774 367 842 confusio,
400 765 507 836 etsi
540 772 909 845 privilegium
940 789 1056 828 non
1073 771 1452 841 habet,habet
1480 771 1728 844 gloriam

125 863 213 936 pia:
247 862 637 928 confessionis.
684 862 784 916 Est
824 865 1018 916 autem
1068 864 1126 916 et
1172 859 1726 926 Christiconfusio,

125 953 256 1008 sicut
279 951 392 1024 ipse
440 951 556 1005 ait:
591 973 618 1000 «
657 949 776 1015 Qui
826 966 918 1004 me
968 949 1249 1005 confusus
1301 949 1476 1005 fuerit
1522 965 1731 1004 coranr

124 1039 447 1110 hominibus,
482 1039 834 1106 confundam
883 1042 940 1093 et
984 1054 1088 1109 ego
1137 1054 1271 1093 eum
1316 1053 1512 1093 coram
1564 1038 1731 1092 Patre

124 1129 348 1201 meo,qui
367 1129 425 1184 in
448 1126 605 1182 ccelis
626 1131 715 1182 est
735 1126 1150 1198 (Matth.x,33).-
1170 1126 1336 1188 Bona
1355 1142 1490 1198 ergo
1523 1127 1729 1181 confu-

121 1215 703 1290 sio,plerisquetamen
718 1214 1058 1285 bujusmodi
1073 1214 1335 1270 confusio
1348 1214 1560 1269 Christi
1577 1231 1733 1269 ama-

119 1304 386 1376 raest,hoc
406 1308 636 1371 est,non
655 1303 1694 1373 credentibus,jucundacredentibus
1715 1345 1727 1355 .

176 1393 258 1447 69.
316 1391 494 1462 (Vers.
563 1392 668 1464 l7.)
728 1391 856 1447 Sive
915 1408 1051 1468 ergo
1116 1391 1256 1446 velis
1323 1391 1725 1447 confusionem

116 1480 306 1555 Christi
329 1479 585 1553 intellige
616 1481 675 1534 in
709 1497 938 1536 crucem
972 1481 1120 1550 ejus,
1155 1496 1282 1552 quas
1318 1479 1536 1536 Judais
1568 1480 1730 1535 vide-

115 1570 272 1644 batur
305 1584 444 1639 esse
481 1569 787 1634 confusio,
841 1569 947 1640 qui
1002 1566 1372 1623 insultabant
1426 1568 1500 1638 ei,
1561 1567 1730 1640 quasi

114 1645 457 1734 erubesceret
484 1657 750 1718 Christus
779 1657 838 1711 in
869 1674 935 1712 eo
966 1673 1158 1728 opere,
1191 1657 1250 1711 in
1291 1674 1403 1728 quo
1436 1657 1730 1729 publicam

115 1746 442 1823 operabatur
472 1744 719 1800 salutem
747 1761 758 1799 :
793 1745 910 1808 sive
939 1745 1114 1807 etiam
1147 1744 1296 1800 hanc
1328 1745 1729 1800 confusionem

114 1817 250 1906 quae"
285 1817 463 1910 ingeri
506 1833 829 1900 videbatur,
881 1855 909 1882 «
960 1850 994 1887 a
1037 1849 1174 1897 voce
1223 1833 1628 1904 exprobrantis
1675 1837 1733 1888 et
1763 1855 1834 1934 Bg

113 1922 485 1998 obloquentis,
516 1940 547 1976 a
580 1921 721 1986 facie
752 1921 974 1983 inimici
1004 1925 1061 1984 et
1090 1921 1512 1993 persequevntis.
1541 1944 1568 1970 »
1591 1922 1758 1976 Erur

113 2011 368 2073 bescebat
394 2009 547 2064 enim
581 2010 666 2064 sic
695 2009 927 2082 lapsum
977 1999 1104 2064 esse
1151 2009 1399 2076 electum
1439 2008 1732 2081 populum

112 2087 276 2164 suum
291 2103 345 2170 et
365 2084 830 2166 Confundebatur
847 2098 905 2152 in
931 2114 1029 2153 eos
1050 2098 1203 2169 apud
1228 2098 1736 2170 Patrem,quorum

105 2176 574 2244 ﬁnis'advenerat
600 2204 613 2254 ;
644 2203 900 2257 praesens
929 2186 1086 2242 enim
1118 2190 1242 2241 erat
1281 2186 1424 2242 Filio
1470 2187 1664 2254 Pater,
1698 2205 1732 2241 a

106 2293 215 2349 quo
245 2291 540 2346 nunquam
573 2277 763 2345 potest
794 2274 973 2349 Filius
1003 2275 1281 2346 separari.
1316 2275 1382 2330 Et
1411 2275 1538 2342 ideo
1561 2275 1739 2342 ,Pater

103 2353 370 2442 audiebat
400 2362 687 2430 dicentem
717 2361 936 2417 Judreis
962 2379 1011 2417 :«
1034 2361 1176 2418 Ecce
1199 2361 1560 2436 relinquetur
1573 2363 1738 2418 vobis

102 2441 308 2518 domus
332 2455 524 2507 vestra
561 2451 789 2506 deserta
818 2451 1028 2522 (Matth.
1060 2468 1154 2518 xx,
1186 2451 1297 2521 38).
1331 2473 1358 2500 »

167 2539 440 2610 70.Sunt
470 2543 662 2594 autem
721 2538 822 2609 qui
881 2539 1056 2594 etiam
1117 2539 1176 2593 in
1233 2538 1572 2612 confusione
1632 2557 1749 2612 sua,

103 2627 445 2702 gloriantur,
487 2625 639 2696 sicut
682 2625 768 2681 illi
817 2627 887 2681 de
937 2627 1153 2699 quibus
1199 2626 1341 2694 dicit
1388 2627 1735 2698 Apostolus:

103 2741 131 2767 ‹‹
161 2715 309 2783 Quia
323 2713 507 2788 gloria
522 2732 723 2771 eorum
743 2714 803 2786 in
825 2715 1163 2784 confusione
1183 2716 1447 2787 ipsorum
1474 2718 1740 2788 (Philipp,

103 2823 188 2872 ιιι,
223 2798 332 2877 19),
366 2824 394 2853 »
427 2803 642 2882 quibus
673 2803 965 2875 contraria
993 2808 1083 2858 est
1123 2803 1309 2876 gloria
1355 2803 1590 2882 Christi,
1640 2805 1740 2876 qui

101 2908 335 2963 crucem
366 2879 645 2964 suscepit,
679 2907 783 2947 nec
823 2892 1225 2962 confusionem
1273 2893 1507 2966 refugit,
1563 2879 1740 2964 quam

104 2998 214 3051 nos
246 2996 477 3053 quoque
507 2976 750 3035 minime
774 2979 979 3035 timere
1030 2980 1335 3048 debemus,
1385 2997 1491 3036 nec
1535 2981 1741 3051 formi-

102 3070 242 3126 dine
289 3073 388 3144 aut
441 3068 676 3124 fastidio
723 3067 1038 3138 declinare,
1085 3084 1156 3122 ne
1201 3073 1506 3140 peccatum
1564 3087 1744 3141 supra

100 3175 213 3216 nos
245 3145 515 3225 adducat,
550 3174 675 3228 quas
713 3160 904 3228 potest
954 3155 1239 3224 adducere
1282 3157 1534 3231 gratiam
1587 3159 1736 3213 vitae.

98 3249 206 3304 Est
235 3245 395 3302 enim
425 3250 480 3301 et
504 3227 862 3302 confusionis
882 3245 1094 3324 gloria,
1130 3250 1195 3300 ut
1223 3227 1350 3301 siin
1372 3245 1590 3302 multos
1611 3227 1818 3319 gen-‘C

97 3335 234 3410 tiles
255 3333 490 3390 incidas
520 3332 607 3388 vel
637 3332 1036 3404 philosophos,
1079 3337 1136 3388 et
1181 3332 1265 3386 illi
1310 3333 1415 3404 tibi
1467 3333 1752 3404 objicient

96 3437 340 3498 crucem
375 3420 616 3494 Christi,
671 3426 727 3476 et
777 3421 948 3477 verbo
995 3421 1313 3494 rependere
1361 3437 1476 3476 non
1535 3421 1748 3492 possis,

93 3529 204 3568 nec
232 3509 522 3582 salutaria
560 3509 872 3582 quisquam
921 3509 1121 3565 audiat
1160 3510 1335 3565 verba
1380 3510 1747 3582 referentem,

89 3605 185 3657 est
215 3598 525 3671 confusio:
561 3621 589 3649 «
623 3599 724 3654 sed
772 3615 805 3654 a
851 3615 988 3654 voce
1027 3597 1431 3670 exprobrantis
1479 3601 1535 3653 et
1582 3597 1747 3654 oblo-

86 3687 378 3768 quentis:
411 3704 444 3743 a
484 3686 628 3756 facie
660 3686 880 3762 inimici
911 3690 967 3742 et
997 3686 1460 3759 persequentis.»
1502 3687 1574 3742 Et
1616 3687 1746 3743 ideo

84 3776 212 3833 noli
269 3775 625 3848 respondere
671 3772 1093 3848 insipienti'ad
1142 3774 1524 3848 insipientam
1575 3776 1742 3846 ejus:

79 3870 216 3923 esto
246 3865 408 3944 gicut
427 3865 605 3934 homo
635 3869 839 3938 mutus
869 3869 926 3921 et
954 3868 1176 3940 tacens,
1209 3860 1266 3920 et
1295 3864 1464 3938 quasi
1494 3881 1611 3920 non
1642 3881 1743 3920 au-

78 3954 265 4030 diens
294 3954 479 4010 verba
504 3952 916 4010 insultantium
947 3951 1606 4026 etiobloquentiummon
1625 3970 1741 4029 quo

74 4042 455 4118 respondere
486 4058 762 4114 nequeas,
795 4043 893 4099 sed
928 4059 1043 4115 quo
1073 4039 1423 4114 respondere
1472 4059 1588 4098 non
1639 4044 1743 4099 de-

69 4126 252 4204 beas.
283 4128 460 4186 Omni
483 4130 638 4200 enim
677 4129 759 4187 rei
807 4129 1061 4204 tempus,
1111 4135 1345 4204 tempus
1391 4131 1644 4196 tacendi,
1689 4136 1746 4186 et

67 4225 330 4320 tempus
360 4216 1026 4320 loquendi.‘Tacendum
1057 4223 1188 4320 est,_
1207 4220 1441 4320 quando
1472 4223 1740 4320 paratum

63 4305 474 4380 non‘invenis
521 4307 884 4376 auditorem:
937 4307 1297 4383 loquendum
1345 4312 1454 4378 est,
1506 4308 1740 4385 quando

61 4395 383 4470 Dominus
411 4395 675 4469 linguam
704 4397 1050 4453 eruditionis
1097 4396 1386 4476 indulget,
1436 4401 1501 4450 ut
1547 4412 1738 4452 sermo

55 4490 222 4541 tuus
259 4485 539 4560 operetur
569 4485 627 4557 in
658 4484 962 4554 aﬂ‘ectibus
1005 4485 1389 4540 audientium.
1440 4485 1739 4549 Quomodo

54 4568 384 4650 autem'te
414 4572 633 4648 audiat,
666 4573 767 4644 qui
797 4573 926 4642 ideo
955 4573 1063 4629 tibi
1092 4573 1450 4645 obloquitur,
1482 4590 1548 4629 eo
1581 4575 1736 4648 quod
1769 4593 1815 4657 D

49 4660 394 4717 salubrem
425 4665 596 4716 tuum
627 4659 772 4717 nolit
802 4661 1004 4717 audire
1028 4678 1365 4734 sermonem
1386 4663 1415 4718 ?
1444 4668 1548 4717 aut
1596 4679 1738 4734 quo-

44 4748 253 4824 modo
288 4747 403 4821 tibi
436 4748 787 4822 acquiescat,
819 4749 918 4822 qui
950 4753 1287 4826 persecutor
1315 4754 1424 4821 est,
1449 4755 1506 4805 et
1526 4749 1662 4804 velit
1681 4754 1737 4805 te
1777 4791 1782 4796 .

41 4834 177 4892 sibi
213 4834 576 4893 vindicare?
603 4838 719 4893 Aut
755 4842 822 4894 ut
866 4837 1076 4910 Aquila
1124 4838 1290 4910 dixit,
1339 4837 1426 4893 vel
1469 4839 1734 4910 Symma-

37 4922 246 4991 chus,
283 4931 359 5000 ut
377 4924 706 5001 ulciscatur
757 4929 814 4983 et
858 4925 1067 4999 puniat
1108 4926 1168 4982 in
1212 4931 1273 4983 te
1320 4927 1474 4998 quod
1525 4925 1737 4983 Christi

35 5013 420 5095 him-editas.
463 5014 534 5089 ad
581 5018 792 5096 gentes
850 5013 1159 5086 videantur
1219 5031 1347 5072 esse
1393 5014 1738 5073 transfusa?

30 5103 224 5174 L030
267 5101 480 5173 itaque
529 5097 643 5158 ista
689 5103 956 5160 confusio
1003 5105 1154 5160 917
1200 5121 1235 5160 a
1291 5104 1630 5160 confusione
1678 5106 1737 5158 et

25 5189 404 5263 opprobrio
435 5191 775 5262 peccatoris.
809 5192 986 5249 Istius
1013 5191 1170 5250 enim
1201 5193 1559 5251 conscientia
1599 5191 1734 5249 illu-

101 5456 249 5538 (74)
287 5457 782 5540 ξνξυξιςρὶωηλμῐ
809 5459 991 5540 tradit
1019 5457 1197 5540 βρίθει.
1228 5461 1293 5517 de
1340 5462 1490 5518 Verb.
1539 5464 1731 5540 signif.

23 5527 142 5583 lib.
185 5527 340 5600 in?)
371 5527 781 5608 iys'l's'ingu‘lare
810 5527 908 5608 est,
941 5536 992 5584 et
1121 5540 1284 5608 certae
1309 5527 1614 5608 personae:
1644 5527 1730 5589 υὲι

23 5613 238 5654 :ausa:
272 5600 534 5674 gratiam
565 5604 613 5655 et
642 5601 830 5674 [avare
856 5600 1501 5674 concessumChristiani
1534 5610 1729 5662 autem

23 5685 250 5742 isque
289 5671 446 5729 adeo
476 5671 776 5742 quondam
807 5671 1464 5742 imperatorumediCtis
1495 5674 1729 5748 privile-

1840 597 2383 669 funditur,quorum
2411 597 2712 670 ingenium
2743 595 2956 668 caligat
2976 599 3150 667 atque
3181 593 3487 666 perturbat

1842 685 2163 740 recordatio
2194 685 2560 746 delictorum.

1908 775 1998 829 71.
2033 774 2216 845 (Vers.
2252 775 2337 842 18,
2369 773 2459 841 49,
2491 773 2606 843 20.)
2637 773 2708 827 Et
2737 773 2866 828 ideo
2915 773 3057 827 bene
3106 770 3216 826 sibi
3269 769 3488 825 conscii

1841 861 2078 916 dicunt:
2113 885 2139 909 ‹‹
2176 862 2305 916 Haec
2335 862 2533 916 omnia
2559 865 2843 916 venerunt
2869 876 3045 930 super
3074 875 3201 923 nos,
3235 863 3292 913 et
3319 856 3483 913 obliti

1841 967 1955 1005 non
1989 966 2198 1004 sumus
2228 955 2304 1017 te,
2339 953 2396 1005 et
2425 949 2624 1020 inique
2655 967 2772 1003 non
2804 949 3032 1021 egimus
3055 948 3113 1002 in
3135 951 3486 1003 testamento

1839 1039 2036 1093 tuo.Et
2055 1055 2172 1096 non
2197 1038 2436 1094 recessit
2463 1042 2614 1092 retro
2637 1054 2735 1092 cor
2757 1044 3023 1092 nostrum
3055 1054 3067 1091 :
3093 1040 3149 1090 et
3179 1034 3488 1090 declinasti

1841 1126 2084 1188 semitas
2130 1130 2361 1182 nostras
2412 1127 2482 1182 de
2513 1126 2603 1180 via
2647 1130 2767 1180 tua.
2807 1147 2832 1173 »
2883 1125 3119 1180 Videtur
3168 1123 3492 1179 versiculus

1841 1215 2086 1270 ultimus
2119 1232 2232 1270 non
2281 1215 2637 1270 concordare
2685 1213 3106 1286 superioribus.
3159 1212 3304 1267 Nam
3349 1228 3493 1283 quo-

1841 1304 2011 1358 modo
2043 1301 2416 1358 declinarunt
2445 1303 2506 1368 ii,
2541 1302 2758 1373 quibus
2790 1300 3112 1356 divinitatis
3143 1299 3304 1354 nulla
3335 1300 3497 1354 obre-

1840 1391 1958 1463 psit
1985 1390 2329 1458 oblivio,nec
2361 1391 2613 1461 alicujus
2645 1390 2973 1462 iniquitatis
3007 1389 3496 1453 conscientia,nec

1841 1479 1962 1534 ulla
2005 1479 2278 1535 desidia?
2325 1481 2436 1535 Sed
2487 1479 2535 1532 si
2589 1479 2925 1534 consideres
2977 1479 3114 1550 quia
3149 1478 3356 1549 justus
3403 1477 3496 1532 vix

1841 1567 2037 1624 salvus
2068 1568 2152 1637 fit,
2186 1567 2463 1640 intelligis
2494 1569 2748 1639 profecto
2779 1572 2835 1622 et
2857 1566 3044 1637 ipsius
3067 1581 3494 1636 nonnunquam

1842 1657 2096 1720 titubare
2125 1656 2388 1729 vestigia,
2420 1661 2478 1711 et
2509 1661 2807 1711 auctorem
2851 1653 3259 1709 declinationis
3291 1669 3494 1710 eorum

1843 1749 2024 1800 Deum
2049 1744 2229 1799 videri
2259 1763 2271 1812 ;
2307 1745 2446 1816 quia
2476 1744 2600 1816 ipse
2635 1760 2868 1816 quoque
2892 1744 3320 1815 patiturjustos
3344 1758 3496 1814 saepe

1840 1834 2205 1905 tentari,quo
2239 1833 2426 1905 magis
2462 1834 2782 1904 probentur
2809 1831 3230 1896 tentationibus
3260 1829 3493 1887 eruditi.

1843 1922 1984 1986 Quis
2015 1927 2103 1988 est
2135 1927 2330 1978 autem
2366 1927 2485 1976 tam
2520 1921 2707 1988 fortis,
2744 1925 2807 1975 ut
2848 1937 3219 1992 nequaquam
3259 1920 3318 1974 in
3369 1924 3496 1974 ten-

1842 2009 2060 2065 tatione
2093 2015 2414 2079 moveatur,
2451 2009 2560 2064 nisi
2596 2009 2879 2064 Dominus
2912 2009 3146 2079 adjutor
3176 2007 3226 2064 ei
3253 2009 3496 2064 assistat

1846 2099 2105 2170 Denique
2138 2099 2520 2154 conturbatus
2552 2104 2642 2153 est
2670 2103 2728 2152 et
2754 2099 2880 2168 ipse
2915 2097 3108 2164 David,
3166 2097 3304 2168 quia
3352 2096 3500 2152 dixit

1845 2189 1904 2243 in
1937 2205 2046 2244 sua
2072 2187 2464 2244 abundantia:
2519 2210 2544 2236 ‹‹
2595 2187 2718 2242 Non
2774 2186 3050 2249 movebor
3100 2185 3160 2240 in
3210 2189 3498 2240 aeternum

1846 2275 1958 2347 (Ps.
1994 2293 2152 2343 xxrx,
2182 2276 2237 2346 7)
2275 2299 2321 2329 ››.
2358 2283 2464 2330 Aut
2503 2275 2636 2347 quis
2668 2279 2755 2329 est
2783 2273 2878 2329 ille
2911 2290 3084 2346 quem
3135 2273 3297 2330 locus
3346 2274 3498 2329 afﬂi—

1847 2364 2140 2428 ctationis,
2191 2369 2246 2418 et
2297 2367 2462 2419 terrae
2514 2361 2844 2435 corruptela
2902 2379 3017 2417 non
3068 2365 3314 2430 moveat,
3367 2378 3499 2418 cum

1848 2452 2045 2506 divina
2094 2453 2383 2506 sententia
2443 2451 2736 2506 neminem
2787 2451 3093 2522 exceperit,
3148 2450 3250 2522 qui
3299 2450 3375 2506 sit
3427 2452 3499 2506 ab

1849 2539 2120 2595 exercitio
2151 2544 2207 2594 et
2235 2558 2269 2594 a
2299 2539 2638 2611 fatigatione
2664 2543 2829 2593 terra:
2854 2539 3034 2608 hujus
3066 2538 3370 2605 immunis,
3408 2537 3500 2594 cui

1849 2628 2067 2683 dictum
2099 2632 2221 2684 est:
2256 2651 2283 2678 ‹‹
2317 2627 2625 2683 Maledicta
2663 2632 2819 2684 terra
2868 2628 2927 2682 in
2987 2627 3263 2682 omnibus
3312 2626 3500 2699 operi-

1850 2717 1962 2771 bus
1994 2717 2182 2781 tuis...
2218 2715 2439 2787 spinas,
2472 2716 2684 2788 inquit,
2737 2721 2796 2771 et
2845 2715 3092 2770 tribulos
3145 2714 3502 2788 germinabit

1851 2806 2004 2875 (Gen.
2040 2822 2126 2871 In,
2161 2805 2270 2877 18).
2308 2827 2336 2854 ››
2364 2805 2628 2877 Denique
2659 2805 2781 2876 ipse
2811 2804 3027 2859 Paulus
3059 2803 3370 2860 Dominicaa
3397 2821 3499 2859 vas

1851 2892 2174 2960 electionis,
2208 2911 2242 2948 a
2273 2893 2682 2948 maledictione
2723 2892 2930 2948 veteris
2972 2893 3273 2948 sententiae
3330 2893 3502 2949 abso-

1850 2982 2011 3037 lutus
2043 2981 2273 3038 Domini
2319 2983 2455 3038 Jesu
2512 2981 2808 3054 passione,
2857 2987 3054 3037 tamen
3102 2981 3397 3054 captivum
3442 2998 3504 3037 se

1852 3070 1985 3125 duci
2017 3070 2076 3124 in
2105 3070 2293 3142 legem
2336 3070 2552 3142 peccati
2603 3069 3113 3125 vehementissime
3162 3069 3499 3140 deploravit,

1855 3174 1960 3213 nec
1993 3175 2352 3230 quemquam
2394 3158 2504 3213 nisi
2561 3158 2858 3213 Christum
2912 3175 2946 3213 a
2994 3175 3108 3229 quo
3157 3157 3504 3214 liberaretur

1856 3246 2115 3313 invenit:
2150 3262 2284 3300 cum
2316 3263 2449 3302 eum
2473 3246 2563 3300 lex
2592 3246 2683 3301 sui
2715 3245 2974 3317 corporis
3005 3249 3061 3300 et
3091 3245 3302 3308 umbra
3345 3262 3499 3300 mor-

1859 3335 1936 3390 tis
1968 3338 2220 3408 urgeret.
2263 3385 2273 3395 .

1930 3427 2020 3479 72.
2055 3423 2319 3478 Diximus
2350 3439 2589 3479 sensum
2623 3441 2635 3478 :
2670 3411 2770 3478 sed
2812 3422 3144 3494 expressius
3194 3422 3294 3495 qui
3341 3421 3504 3478 locus

1858 3514 1936 3568 sit
1964 3512 2378 3576 afﬂictationis,
2411 3512 2777 3567 considerare
2806 3528 2912 3567 nos
2965 3510 3254 3578 convenit,
3305 3515 3505 3566 utrum

1857 3600 1954 3656 hic
1983 3601 2264 3665 mundus,
2294 3601 2394 3672 qui
2425 3600 2483 3654 in
2517 3598 2774 3674 maligno
2821 3599 3046 3672 positus
3094 3603 3202 3669 est,
3249 3617 3323 3656 an
3371 3616 3506 3657 vero

1857 3705 1991 3745 caro
2022 3692 2242 3758 nostra,
2276 3689 2335 3743 in
2368 3705 2486 3760 qua
2515 3689 2712 3744 anima
2743 3693 2942 3744 nostra
2973 3689 3339 3757 humiliatur,
3363 3690 3504 3746 dum

1857 3776 1916 3831 in
1949 3775 2122 3844 istius
2153 3777 2347 3833 carnis
2377 3777 2681 3833 descendit
2724 3778 3062 3834 societatem
3092 3796 3104 3833 :
3139 3795 3211 3834 an
3262 3779 3507 3835 adversa

1856 3865 2073 3936 quibus
2102 3882 2439 3932 exercemur
2469 3867 2528 3920 in
2560 3866 2669 3922 hoc
2700 3883 2937 3938 corpore
2967 3867 3285 3932 constituit,
3311 3866 3368 3920 in
3388 3883 3504 3938 quo

1855 3953 2299 4025 ingemiscimus
2357 3955 2627 4027 gravati;
2701 3955 2855 4026 quod
2906 3954 3181 4009 nolumus
3237 3953 3500 4024 spoliari,

1853 4041 1954 4097 sed
2013 4043 2447 4113 supervestiri?
2503 4043 2698 4113 gravis
2753 4043 2910 4096 enim
2968 4041 3132 4097 labor
3200 4046 3291 4097 est
3357 4043 3500 4098 dum

1852 4133 2278 4203 exspectamus,
2330 4134 2397 4183 ut
2445 4129 2831 4184 absorbeatur
2880 4126 3126 4182 mortale
3158 4126 3266 4182 hoc
3297 4143 3330 4183 a
3359 4127 3497 4194 vita,

1851 4235 1966 4289 quo
1999 4233 2103 4273 nos
2133 4215 2452 4290 exspoliare
2484 4216 2764 4272 debemus
2790 4234 2801 4283 ;
2838 4215 3061 4272 minore
3113 4216 3270 4273 enim
3301 4215 3498 4273 labore

1849 4305 2225 4378 exspoliatur,
2280 4321 2458 4377 quam
2501 4304 2864 4361 absorbetur.
2922 4305 2990 4360 Et
3031 4305 3159 4360 vide
3215 4321 3286 4362 ne
3332 4323 3366 4362 a
3396 4307 3499 4362 ad-

1849 4395 2096 4451 versitas
2128 4394 2203 4450 sit
2232 4394 2612 4466 exspoliantis
2643 4411 2725 4461 se,
2761 4397 2816 4449 et
2845 4393 3236 4466 exspectantis
3278 4397 3343 4449 ut
3391 4395 3494 4449 ab-

1849 4483 2156 4539 sorbeatur
2185 4500 2218 4539 a
2263 4483 2397 4538 vita.
2450 4481 2744 4554 Exspoliat
2785 4482 2992 4555 gratia,
3049 4482 3324 4538 absorbet
3375 4499 3497 4555 pm-

1848 4571 2128 4638 nitentia;
2187 4570 2476 4642 exspoliat
2531 4569 2866 4626 sublimitas
2924 4570 3159 4638 mentis,
3221 4571 3498 4628 absorbet

1846 4660 2169 4733 diligentia.
2202 4660 2502 4728 Quomodo
2535 4665 2730 4716 autem
2763 4659 2998 4716 dubites
3037 4661 3194 4732 quod
3244 4659 3492 4716 afﬂicta-

1846 4747 2024 4804 tionis
2055 4749 2150 4804 hic
2180 4748 2342 4804 locus
2375 4748 2469 4816 sit,
2507 4749 2740 4822 quando
2772 4765 2983 4822 corpus
3030 4753 3120 4805 est
3169 4748 3398 4816 mortis,
3434 4748 3494 4803 in

1846 4853 1960 4908 quo
1991 4837 2176 4909 operit
2206 4853 2312 4893 nos
2351 4837 2526 4892 etiam
2576 4838 2787 4893 umbra
2836 4837 3090 4892 mortis?
3138 4837 3204 4892 Et
3244 4836 3373 4891 ideo
3419 4836 3492 4890 ad

1843 4925 2141 4981 lucernam
2188 4925 2350 4981 illam
2400 4942 2632 4998 semper
2680 4926 2962 4982 debemus
3012 4925 3313 4982 intendere
3363 4940 3491 4996 quae

1844 5014 2086 5070 verbum
2118 5014 2216 5070 Dei
2257 5017 2381 5082 est;
2417 5014 2754 5069 utsciamus
2777 5014 3276 5085 quemadmodum
3305 5014 3490 5075 nostri

1845 5103 2025 5159 animi
2058 5103 2297 5182 semitas
2317 5102 2640 5175 dirigamus
2657 5107 2713 5158 et
2733 5103 2979 5175 vestigia
2999 5101 3212 5158 mentis
3235 5103 3465 5159 interna
3479 5147 3492 5172 ,

1844 5196 1912 5250 ut
1938 5191 2038 5248 lux
2066 5191 2398 5248 animorum
2429 5191 2613 5247 solvat
2640 5191 2910 5247 tenebras
2941 5189 3289 5264 corporales.

1841 5461 1954 5588 giis
1985 5460 2108 5516 suis
2141 5459 2370 5542 spoliati
2402 5462 2560 5528 sunt,
2594 5461 2660 5539 ut
2689 5457 2940 5539 infames
2991 5457 3290 5528 declarati,
3343 5459 3486 5532 reip.

1866 5529 1949 5588 ori
1981 5548 2045 5586 ac
2077 5530 2363 5586 militandi
2390 5532 2521 5588 iure
2544 5533 2774 5588 privati.
2805 5533 2981 5588 atque
3011 5531 3153 5586 adeo
3185 5531 3256 5586 ad
3286 5547 3486 5588 necem

1866 5531 1949 5588 bri
1981 5548 2045 5586 ac
2077 5531 2363 5586 militandi
2387 5532 2521 5601 jure
2544 5531 2774 5600 privati,
2805 5533 2981 5600 atque
3011 5531 3153 5586 adeo
3185 5531 3256 5586 ad
3286 5531 3486 5588 necem

1841 5602 2154 5686 cujuslibet
2179 5601 2372 5684 gladip
2405 5601 2628 5657 nefaria
2651 5601 3075 5683 proscriptione
3117 5603 3329 5663 addicti
3365 5603 3485 5658 fue-

1841 5679 1974 5733 rint.
2007 5675 2113 5732 Adi
2148 5675 2457 5732 Baronlun:
2495 5672 2563 5730 ad
2595 5690 2690 5729 an.
2725 5669 2939 5728 Chrlsti
2968 5674 3093 5742 303,
3141 5675 3246 5729 304
3274 5677 3330 5729 et
3357 5674 3481 5728 362.
