3856 6206
372 318 529 385 H79

1817 313 1888 380 8.
1930 308 2307 382 AMBROSII

3578 316 3705 388 mo

442 455 533 512 73.
566 452 813 511 Pulchre
842 458 1037 510 autem
1058 454 1115 508 et
1136 449 1356 525 Aquila!
1378 446 1780 524 interpretatio
1812 467 2011 523 quem-
2037 450 2096 519 Α
2125 450 2408 524 repetitus
2436 454 2548 520 est,
2580 454 2647 507 ut
2676 444 2973 523 intelligas
3001 444 3142 522 quia
3154 465 3271 507 non
3292 448 3530 509 conditio
3544 456 3697 513 carnis

374 546 693 603 admodum
725 542 1047 615 intelligere
1092 541 1411 597 debeamus
1453 540 1644 596 locum
1685 540 2013 597 afﬂictatio-

373 635 488 703 nis,
518 634 803 706 expressit
835 632 1079 685 dicendo
1104 649 1118 685 :
1148 654 1169 680 ι
1199 631 1487 696 Quoniam
1530 629 1853 684 humiliasti
1910 648 2014 684 nos

372 724 583 779 inloco
614 724 938 778 sirenarum
962 721 989 774 ?
1021 720 1091 775 L't
1120 737 1233 775 non
1276 736 1409 775 caro
1454 719 1510 773 in
1562 719 1702 773 vitio
1750 719 1846 785 sit,
1895 718 2014 773 sive

371 818 616 877 natura;
649 811 749 865 sed
797 826 863 865 ea
912 827 1038 880 qua:
1089 826 1324 864 carnem
1378 806 1811 878 corruptibilem
1858 808 2012 863 918

370 918 497 958 esse
535 902 817 955 fecerunt.
870 899 1123 969 Denique
1176 898 1401 952 sirenas
1450 914 1699 968 quarum
1754 897 2013 951 secundo

369 991 496 1055 (Ita.
529 1006 652 1053 xm,
702 989 793 1057 21)
841 993 898 1042 et
958 988 1128 1041 tertio
1188 987 1393 1053 (Mirh.,
1452 1003 1490 1051 ι,
1550 987 1605 1052 9)
1657 972 2010 1039 mentionem

368 1078 501 1134 fecit
532 1076 831 1148 Scriptura
860 1076 1077 1139 divina,
1102 1074 1386 1145 quasdam
1416 1074 1593 1127 fuisse
1625 1072 1849 1144 puellas
1879 1089 2011 1142 gen-

370 1167 488 1221 tilis
543 1166 781 1219 tradidit
813 1163 1080 1223 historia.
1112 1180 1238 1232 qua:
1269 1162 1422 1216 vocis
1454 1162 1697 1233 proprias
1729 1161 2011 1215 suavitate

365 1253 613 1310 canendi
644 1252 953 1319 illecebris,
988 1251 1338 1322 adiendique
1371 1250 1566 1305 studio
1600 1249 1820 1303 illectos
1852 1251 2006 1302 navi-

369 1348 573 1416 gantes
630 1341 701 1396 ad
751 1341 916 1395 littus
964 1341 1273 1394 admOvere
1330 1338 1561 1409 navigia
1621 1338 2011 1409 provocabant

368 1434 479 1499 (75,
508 1448 519 1483 ε
549 1446 786 1501 eosque,
817 1446 951 1483 cum
984 1428 1232 1499 gratiam
1264 1428 1421 1481 vocis
1452 1430 1837 1498 sequerentur
1882 1442 2009 1480 sco-

366 1519 573 1592 puloso
604 1519 661 1573 in
689 1517 813 1573 loco
846 1516 1216 1588 naufragium
1268 1515 1452 1571 facere
1500 1515 1703 1570 solitos
1750 1520 2009 1569 vetustas

365 1606 615 1680 posteris
641 1606 877 1662 tradidit
908 1606 1097 1673 (Hom.
1142 1604 1236 1660 0d.
1290 1607 1364 1675 Β).
1413 1605 1627 1659 Earum
1676 1608 1871 1657 autem
1920 1600 2007 1656 in-

365 1695 703 1769 terpretatio
752 1695 873 1750 hazc
923 1698 1033 1757 est,
1080 1692 1344 1765 voluptas
1387 1694 1565 1757 vocis,
1620 1698 1675 1747 et
1739 1691 2007 1763 quadam

366 1783 644 1841 adulatio.
709 1784 793 1838 lta
839 1798 971 1853 ergc
1031 1781 1227 1837 saeculi
1280 1780 1548 1852 voluptas
1602 1798 1707 1835 nos
1752 1780 2008 1851 quadam

367 1871 589 1928 carnali
646 1870 979 1927 adulatione
1034 1870 1283 1925 delectat
1330 1875 1393 1925 ut
1440 1869 1708 1941 decipiat.
1760 1868 1831 1923 Ut
1871 1884 2008 1940 ergo

366 1960 487 2017 illic
518 1977 632 2016 non
664 1959 829 2015 littus
861 1959 919 2015 in
950 1960 1087 2014 vitio
1142 1963 1287 2025 erat,
1336 1959 1436 2015 sed
1484 1975 1698 2013 canora
1739 1956 2005 2021 dulcedo,

365 2066 493 2123 quae
522 2048 773 2105 faciebat
800 2048 1180 2119 asperitatem
1226 2046 1438 2102 littoris
1488 2064 1603 2101 non
1651 2046 1879 2101 caveri:
1928 2043 2010 2097 ita

364 2155 481 2195 non
511 2154 644 2194 caro
676 2138 734 2193 in
764 2137 942 2203 vitio;
975 2136 1075 2191 sed
1108 2153 1176 2191 ea
1206 2135 1422 2208 quibus
1452 2151 1585 2191 caro
1627 2135 1740 2189 ista
1788 2132 2005 2189 sollici-

362 2230 522 2283 tatur
548 2231 607 2282 et
636 2225 900 2281 ﬂuctuat.
934 2224 1187 2294 Denique
1217 2239 1400 2289 mare,
1434 2222 1483 2278 si
1515 2226 1836 2294 tempestas
1857 2220 2009 2275 desit

363 2314 630 2387 quietum
660 2317 785 2369 est:
820 2313 867 2367 si
904 2311 1154 2384 procella
1181 2311 1398 2376 saviat,
1417 2311 1827 2383 periculosum.

432 2404 597 2459 74.Et
609 2402 980 2475 septuaginta
991 2401 1243 2456 virorum
1259 2401 1487 2456 videtur
1505 2415 1637 2455 cum
1660 2399 1754 2455 his
1775 2403 2004 2454 senten-

361 2493 445 2548 tia
472 2491 939 2557 convenire,cum
969 2490 1173 2544 dicunt
1198 2489 1337 2561 quia
1369 2489 1652 2561 scriptum
1684 2492 1807 2543 est:
1854 2489 2004 2552 Quo-

361 2580 521 2636 niam
534 2578 855 2635 humiliasti
874 2595 999 2634 nos.
1012 2578 1144 2649 nCuj
1157 2594 1225 2633 us
1240 2572 1735 2649 interpretationis
1748 2576 2007 2631 testimo-

362 2667 459 2725 nia
486 2668 558 2725 de
587 2667 887 2739 Scriptura
912 2670 1051 2722 sunt
1081 2666 1250 2721 nobis
1282 2666 1628 2722 arcessenda
1658 2665 1889 2721 divinis.
1912 2664 2007 2719 Ait

360 2758 517 2814 enim
540 2757 599 2813 in
633 2754 1080 2811 Deuteronomio
1104 2772 1117 2810 :
1145 2777 1173 2803 ‹‹
1205 2754 1261 2809 Si
1296 2753 1522 2821 exieris,
1568 2756 1771 2824 inquit,
1805 2754 1864 2808 in
1897 2770 2003 2825 pu-

359 2833 537 2919 gnam
568 2845 849 2901 adversus
880 2842 1148 2898 inimicos
1179 2847 1335 2908 tuos,
1365 2847 1421 2898 et
1444 2842 1754 2898 tradiderit
1778 2842 1882 2897 tibi
1905 2858 2005 2899 eos

361 2933 644 2990 Dominus
674 2932 829 2988 Deus
858 2937 996 2987 tuus
1027 2930 1085 2986 in
1119 2947 1331 2987 manus
1361 2936 1518 2997 tuas,
1549 2934 1607 2986 et
1637 2930 2005 3002 deprazdatus

362 3020 543 3078 fueris
573 3020 761 3092 spolia
789 3036 1014 3087 eorum,
1046 3024 1103 3074 et
1132 3019 1346 3075 videris
1376 3019 1436 3074 in
1462 3036 1529 3075 ea
1575 3019 2005 3090 depraedatione

359 3109 665 3168 mulierem
696 3110 909 3164 bonam
942 3108 1154 3181 specie,
1188 3112 1245 3163 et
1280 3107 1705 3164 cohabitaveris
1755 3125 1888 3163 cum
1936 3124 2004 3164 ea

2121 541 2388 596 videatur
2417 556 2525 596 nos
2550 538 2887 607 humiliare,
2915 540 3018 596 sed
3048 538 3242 612 culpa.

2191 632 2262 684 75
2332 629 2445 684 Nec
2496 634 2693 685 tamen
2744 644 2957 701 negare
2993 645 3311 700 possumus
3358 631 3501 702 quod
3541 632 3701 691 multis

2121 718 2468 774 humilietur
2493 723 2549 773 et
2580 733 2733 785 caro,
2763 716 2890 773 loco
2938 716 3087 789 ipso,
3119 715 3410 772 illecebris
3438 718 3583 790 ipsis,
3610 721 3705 776 fra-

2122 807 2344 879 gilitate
2366 823 2599 878 quoque
2624 822 2740 877 qua
2769 804 2957 877 patuit
2984 804 3187 861 errori.
3235 806 3371 871 Quae
3401 804 3522 862 licet
3561 825 3654 863 non
3678 826 3704 863 ι

2122 894 2377 949 medocri
2406 893 2739 950 adversario
2765 897 3034 965 serpente
3071 893 3316 964 decepta
3344 892 3422 948 sit
3455 895 3583 965 (76);
3621 895 3705 951 ha-

2120 985 2295 1039 bebat
2322 988 2515 1038 tamen
2543 982 2631 1038 sui
2657 999 2772 1038 non
2795 982 3147 1038 mediocrem
3168 981 3705 1054 gmtiam,antequam

2122 1076 2424 1145 peccatum
2458 1073 2773 1143 irreperet:
2809 1071 2868 1126 in
2898 1073 3218 1141 conspectu
3244 1075 3371 1123 erat
3409 1070 3498 1125 Dei
3537 1071 3707 1135 Adam,

2118 1162 2178 1216 in
2248 1161 2516 1233 paradiso
2572 1159 2821 1231 vigebat,
2880 1156 3098 1214 ccelesti
3152 1156 3345 1229 gratia
3415 1156 3705 1230 refulgebat,

2119 1250 2469 1321 loquebatur
2498 1265 2635 1304 cum
2667 1252 2800 1303 Deo.
2852 1244 3150 1317 Numquid
3197 1261 3335 1299 eum
3388 1244 3709 1301 humiliatum

2117 1344 2251 1394 ante
2280 1337 2497 1410 legisti,
2522 1336 2633 1392 nisi
2664 1340 3047 1408 posteaquam
3075 1334 3470 1405 pravaricatio
3494 1350 3612 1389 eum
3629 1334 3711 1390 hu-

2120 1428 2361 1483 miliavit
2393 1443 2500 1482 sua
2522 1426 2552 1479 ?
2582 1426 2761 1496 Cujus
2789 1423 2911 1479 vitii
2933 1421 3329 1478 hereditatem
3355 1421 3427 1476 ad
3451 1438 3547 1477 nos
3560 1438 3711 1494 usque

2114 1515 2461 1583 transmisit,
2496 1519 2561 1570 ut
2589 1514 2649 1569 in
2684 1513 2795 1569 hoc
2838 1527 3079 1584 corpore
3140 1508 3444 1566 constituti
3502 1508 3715 1566 nolimus

2118 1604 2474 1677 peregrinari
2503 1604 2575 1659 de
2604 1617 2863 1674 corpore,
2892 1600 3047 1656 οιο
3075 1603 3133 1654 et
3161 1599 3370 1654 adesse
3389 1598 3517 1654 Deo.
3537 1599 3713 1655 Etideo

2118 1693 2502 1749 humiliamus
2514 1692 2771 1747 animam
2786 1692 3049 1745 nostram
3070 1703 3203 1760 quae
3223 1687 3374 1744 sead
3390 1691 3559 1743 Deum
3575 1686 3717 1760 gestit

2034 1819 2085 1884 Β
2119 1781 2418 1838 attollere:
2452 1782 2555 1837 sed
2580 1776 2962 1884 cosru‘ptibile‘
2987 1776 3098 1832 hoc
3125 1792 3340 1884 corpus
3390 1780 3577 1850 gravat
3615 1776 3714 1831 ani-

2116 1876 2650 1941 mam,terrenaque
2670 1864 3005 1923 habitacula
3026 1864 3557 1937 praeponderant,ut
3581 1880 3718 1920 mens

2114 1960 2320 2015 devota
2347 1959 2464 2015 Deo
2487 1958 2820 2030 frequenter
2838 1953 3150 2010 inclinetur
3167 1952 3241 2008 ad
3261 1952 3653 2021 saeculum,nec
3670 1969 3717 2008 se

2116 2047 2404 2120 subjicere
2430 2047 2547 2103 Deo
2576 2042 3069 2120 possit,quoniam
3098 2040 3525 2112 subjectionem
3551 2040 3633 2097 sui
3652 2056 3720 2096 sa-

2117 2136 2334 2211 pientia
2373 2135 2567 2191 carnis
2617 2134 3002 2208 ignorat,qua3
3043 2134 3311 2186 nostrum
3354 2130 3586 2187 involvit
3615 2129 3721 2185 affe-

2116 2231 2297 2283 ctum.

2183 2318 2275 2371 76.
2307 2313 2577 2370 Dicentes
2606 2312 2728 2369 haec
2757 2313 2832 2370 de
2862 2314 3203 2386 nobis,quid
3233 2315 3307 2371 de
3336 2328 3512 2370 carne
3526 2308 3719 2387 Domini

2116 2404 2300 2461 nostri
2327 2403 2471 2459 Jesu
2500 2401 2716 2458 Christi
2746 2403 3059 2459 dicemus?
3087 2404 3194 2469 Qui
3250 2403 3459 2474 utique
3502 2396 3722 2470 suscepit

2113 2492 2307 2549 carnis
2337 2491 2508 2548 istius
2534 2490 2925 2560 veritatem,et
2952 2491 3081 2547 ideo
3106 2514 3135 2541 ε(
3156 2491 3542 2562 semetipsum
3559 2484 3721 2541 humi-

2113 2581 2276 2636 liavit
2306 2596 2491 2652 usque
2519 2579 2593 2635 ad
2625 2582 3147 2645 mortem,mortem
3177 2583 3384 2635 autem
3401 2574 3719 2647 crucis(Plu’-

2113 2670 2437 2742 tipp.u,8).»
2458 2666 2777 2747 Diligenter
2804 2668 3056 2737 attende,
3077 2671 3136 2724 et
3164 2666 3476 2723 considera
3501 2663 3718 2736 singula.

2111 2759 2254 2815 Vide
2275 2759 2416 2830 quia
2433 2755 2631 2813 volens
2653 2756 2913 2829 suscepit
2932 2756 3084 2812 hanc
3105 2755 3361 2812 formam
3383 2752 3625 2827 corporis
3644 2767 3718 2805 no-

2112 2848 2240 2914 stri,
2273 2851 2331 2902 et
2358 2850 2470 2901 tuae
2499 2843 2783 2916 obsequia
2828 2843 3145 2911 servitutis,
3195 2845 3255 2899 in
3304 2841 3721 2900 similitudinem

2110 2936 2421 2992 hominum
2450 2934 2640 2989 factus
2665 2952 2679 3002 ;
2708 2950 2822 2989 non
2854 2932 2914 2988 in
2946 2932 3409 2990 similitudinem
3437 2930 3615 2988 carnis
3638 2928 3717 2984 sed

2108 3024 2169 3080 in
2182 3022 2629 3081 similitudinem
2641 3021 2948 3077 hominum
2962 3025 3341 3094 peccatorum
3360 3039 3375 3089 ;
3396 3020 3584 3076 omnis
3594 3017 3718 3074 enim

2109 3113 2287 3170 homo
2316 3113 2425 3168 sub
2456 3114 2710 3184 peccato.
2744 3110 2877 3166 Ideo
2907 3110 3097 3183 specie
3127 3110 3409 3166 inventus
3437 3113 3501 3165 ut
3539 3108 3714 3167 homo;

358 3200 535 3271 (Deut.
568 3215 686 3266 xxi,
722 3198 788 3253 19
813 3201 870 3254 et
902 3180 1008 3265 11).
1046 3220 1074 3246 ››
1107 3198 1175 3252 Et
1204 3196 1393 3253 infra:
1427 3220 1454 3246 ‹‹
1490 3197 1548 3253 Si
1581 3196 1838 3253 nolueris
1868 3212 1998 3251 eam
2029 3180 2073 3247 C
2111 3207 2177 3258 ut
2206 3180 2493 3274 scriptum
2523 3202 2613 3256 est
2630 3198 2788 3256 deeo
2812 3217 2826 3255 :
2852 3222 2881 3249 «
2903 3180 2973 3255 Et
2994 3198 3170 3255 homo
3190 3202 3371 3266 est,et
3390 3199 3525 3270 quis
3543 3211 3719 3268 cognoo

355 3291 575 3360 postea,
605 3284 863 3341 dimittes
892 3300 1019 3339 eam
1050 3283 1314 3340 liberam.
1350 3326 1363 3339 .
1402 3327 1413 3338 .
1451 3327 1463 3339 .
1497 3283 1635 3356 quia
1673 3283 1999 3341 humiliasti

354 3393 484 3439 eam
516 3374 673 3447 (Ibid.
710 3375 820 3446 14).
854 3396 882 3423 ››
916 3373 1093 3430 Vides
1121 3389 1258 3446 ergo
1302 3373 1580 3446 quoniam
1632 3390 1747 3430 non
1791 3377 2001 3429 natura

356 3464 450 3521 sui
478 3480 630 3533 eam,
683 3463 785 3518 sed
817 3462 867 3518 is
915 3462 1015 3533 qui
1059 3461 1111 3517 ei
1158 3461 1551 3534 integritatem
1600 3462 1842 3535 pudoris
1889 3461 1999 3519 eri-

357 3552 507 3625 puit,
538 3550 883 3607 humiliasse
916 3550 1275 3621 perhibetur.
1307 3549 1621 3606 Humilitas
1650 3567 1787 3623 ergo
1807 3552 1999 3624 operis

358 3643 467 3705 est,
500 3655 603 3710 per
633 3638 787 3710 quod
817 3654 951 3692 caro
981 3638 1095 3694 ista
1124 3637 1343 3710 peccati
1392 3656 1603 3711 corpus
1655 3640 1859 3696 etfecta
1888 3644 1999 3708 est,

358 3732 415 3785 et
444 3726 606 3783 locus
635 3725 1049 3781 afﬂictationis.
1085 3728 1301 3782 Iterum
1334 3726 1511 3783 alibi:
1546 3728 1659 3782 «:Si
1690 3729 1852 3802 virgo
1899 3731 2000 3786 de-

358 3819 638 3889 sponsata
664 3813 838 3870 fuerit
867 3815 1073 3882 viro,et
1103 3814 1403 3871 inveniens
1432 3832 1562 3872 eam
1584 3816 1759 3873 homo
1780 3819 1840 3873 in
1862 3818 2001 3874 civi-

357 3909 476 3962 tate
505 3904 810 3961 dormierit
835 3919 969 3960 cum
1002 3920 1090 3970 ea,
1122 3904 1444 3960 educentur
1476 3905 1649 3961 ambo
1678 3907 1750 3961 ad
1773 3911 2000 3979 portam

355 3992 608 4051 civitatis
636 4009 777 4060 suae,
809 3996 867 4048 et
890 3990 1346 4064 lapidabuntur:
1379 3997 1437 4049 et
1468 3994 1751 4050 morietur
1787 3996 2002 4067 juven-

356 4082 509 4153 cula,
542 4081 677 4155 quia
709 4097 825 4136 non
855 4079 1198 4136 exclamavit
1227 4081 1285 4135 in
1310 4081 1560 4153 civitate,
1594 4098 1698 4138 nec
1720 4084 2003 4140 invocavit

359 4170 680 4241 hominem,
713 4168 812 4243 qui
842 4169 1212 4225 subveniret:
1247 4174 1303 4225 et
1332 4170 1438 4233 vir,
1470 4169 1680 4242 inquit,
1716 4170 1853 4243 quia
1899 4171 2003 4228 hu-

359 4257 608 4314 miliavit
638 4257 942 4314 mulierem
976 4257 1223 4330 proximi
1253 4258 1345 4313 sui
1377 4258 1560 4330 (Deut.
1579 4276 1718 4326 XXII,
1749 4260 1997 4330 23-24).»

359 4349 428 4404 Et
480 4346 576 4405 hic
632 4348 834 4404 eadem
892 4351 949 4402 et
998 4346 1181 4418 hujus
1239 4363 1417 4403 causa
1468 4348 1777 4416 sermonis,
1848 4353 1914 4405 ut
1969 4367 2004 4406 a

356 4441 695 4508 corruptore
752 4434 1063 4491 humiliata
1128 4434 1375 4492 dicatur.
1445 4436 1703 4492 Tertium
1770 4454 2003 4510 quoque

2108 3294 2229 3347 seet
2255 3306 2391 3347 eum
2409 3287 2842 3362 (Jercm.xvn,9)
2860 3287 2889 3343 ?
2912 3310 2938 3337 ››
2960 3287 3144 3344 Homo
3165 3288 3504 3343 secundum
3523 3299 3718 3341 carnem

2108 3380 2211 3436 sed
2238 3378 2392 3435 ultra
2420 3377 2715 3435 hominem
2763 3377 3087 3434 secundum
3137 3377 3563 3449 operationem.
3614 3395 3638 3425 »δ
3664 3370 3722 3427 Ut

2107 3469 2313 3539 homo,
2370 3466 2599 3540 inquit,
2653 3464 2983 3521 humiliavit
3037 3464 3436 3537 semetipsum
3493 3462 3720 3535 (Philipp.

2112 3576 2172 3625 ιι,
2202 3559 2258 3629 8)
2283 3574 2295 3612 :
2326 3556 2466 3629 quia
2492 3555 2565 3611 ad
2595 3569 2695 3611 eos
2739 3554 2895 3611 Deus
2938 3552 3098 3610 venit
3128 3554 3231 3626 qui
3279 3551 3583 3611 humiliati
3623 3550 3725 3606 fue-

2109 3651 2261 3712 rant,
2292 3644 2645 3702 liberandos.
2679 3644 2809 3716 Ipse
2839 3658 2902 3699 se
2952 3658 3089 3716 ergo
3138 3641 3484 3698 humiliavit
3527 3643 3730 3714 propter

2109 3735 2369 3792 nos.Nou
2390 3748 2527 3805 ergo
2548 3748 2760 3804 corpus
2776 3730 2935 3787 illius
2954 3746 3166 3804 corpus
3189 3731 3407 3787 mortis
3433 3749 3450 3799 ;
3471 3728 3728 3803 siquidem

2109 3840 2322 3897 corpus
2350 3825 2441 3878 est
2466 3820 2628 3876 vitas:
2670 3834 2776 3876 nec
2833 3835 2967 3875 caro
3015 3817 3195 3885 illius,
3246 3820 3473 3875 umbra
3520 3815 3730 3874 mortis:

2110 3911 2404 3985 siquidem
2436 3908 2629 3983 fulgor
2655 3913 2746 3964 est
2772 3906 2968 3981 gloriae
2991 3923 3006 3963 ς
3032 3923 3137 3964 nec
3156 3907 3215 3963 in
3238 3923 3307 3964 eo
3335 3906 3511 3964 locus
3527 3903 3732 3962 aﬂlicta-

2108 4001 2334 4068 tionis;
2368 3998 2659 4071 siquidem
2700 3996 2760 4051 in
2811 3993 2912 4051 illo
2960 4010 3200 4069 corpore
3244 3996 3538 4052 omnibus
3582 3990 3737 4067 gratia

2108 4082 2890 4147 consolationis.Humiliavit
2904 4087 3058 4151 se,ut
3086 4083 3349 4140 disceres
3372 4082 3519 4156 quid
3551 4082 3620 4138 sit
3647 4080 3730 4135 hn-

2111 4173 2619 4246 militas.Denique
2641 4172 2779 4229 audi
2805 4171 3091 4228 dicentem
3115 4189 3129 4227 :
3153 4194 3181 4221 ‹‹
3207 4171 3436 4229 Discite
3464 4190 3500 4229 a
3519 4188 3610 4228 me
3631 4167 3738 4241 quia

2111 4266 2274 4322 mitis
2303 4280 2458 4330 sum,
2489 4266 2547 4318 et
2575 4259 2817 4317 humilis
2846 4260 3019 4316 corde
3044 4260 3201 4330 (Matt
3235 4302 3248 4315 .
3300 4278 3387 4316 xx.
3425 4261 3539 4332 29).
3581 4280 3608 4308 ››
3656 4254 3731 4313 Ille

2111 4372 2174 4412 se
2196 4350 2624 4418 humiliavit,ut
2643 4354 2707 4405 tu
2728 4347 3062 4406 exaltareris
3086 4347 3223 4420 ;qui
3238 4349 3410 4404 enim
3427 4345 3736 4406 sehumiliat

2111 4442 2480 4501 exaltabitur.
2515 4439 2626 4496 Sed
2658 4454 2773 4495 non
2802 4453 3008 4493 omnes
3036 4436 3137 4509 qui
3166 4436 3591 4503 humiliantur,
3619 4431 3735 4490 exal-

356 4524 539 4581 hahes
569 4525 640 4580 de
670 4524 779 4581 hac
811 4540 870 4580 re
904 4522 1329 4594 testimonium,
1362 4528 1420 4580 et
1450 4524 1639 4596 plura,
1673 4524 1722 4581 si
1753 4542 2000 4598 queres.
2034 4546 2081 4611 ι)
2111 4534 2434 4599 tabuutur;
2460 4526 2676 4585 multos
2696 4526 2854 4584 enim
2873 4524 3093 4582 crimen
3118 4526 3410 4584 humiliat
3430 4525 3733 4584 adi-uiuam.

359 4614 578 4669 Tamen
607 4612 677 4668 de
701 4612 902 4668 eodem
936 4611 1083 4668 libro
1133 4612 1308 4668 audi:
1359 4635 1387 4663 ‹‹
1439 4612 1497 4668 Si
1543 4612 1676 4685 quis
1723 4615 2008 4672 invenerit

359 4700 669 4775 virginem,
700 4716 829 4772 qua:
861 4717 976 4756 non
1010 4701 1084 4756 sit
1116 4701 1489 4773 desponsata,
1522 4705 1578 4757 et
1624 4701 1741 4758 vim
1789 4703 2007 4762 faciens

365 4791 414 4847 ei
448 4789 753 4846 dormierit
781 4804 914 4844 eum
948 4805 1035 4856 ea,
1069 4788 1558 4860 patrijuvenculae
1580 4790 2011 4865 quinquaginta

368 4880 724 4949 denarios,et
754 4877 861 4934 erit
888 4895 1027 4934 uxor
1046 4878 1341 4950 ejus,quia
1361 4877 1689 4935 humiliavit
1708 4896 1837 4936 eam
1864 4898 1878 4936 :
1904 4898 2009 4938 nec

361 4968 576 5041 poterit
604 4967 896 5024 dimittere
929 4983 1055 5022 eam
1105 4983 1205 5040 per
1255 4982 1427 5023 omne
1473 4970 1727 5041 tempus,
1772 4973 2008 5042 propter

372 5056 527 5129 quod
585 5054 917 5113 humiliavit
973 5055 1127 5126 (Ibid.
1194 5056 1285 5122 28,
1343 5055 1455 5124 29).
1529 5078 1557 5106 »
1622 5055 1753 5128 Ipse
1815 5073 2007 5116 sermo

432 5271 541 5339 (⁸75)
603 5270 699 5326 Sic
728 5270 863 5327 edit.
900 5287 933 5326 a
981 5269 1198 5343 quibus
1228 5285 1450 5343 parum
1496 5270 1714 5343 abeunt
1760 5288 1904 5328 mss.
1955 5274 2005 5329 si

360 5357 605 5415 sensum
654 5347 915 5415 spectes;
970 5341 1028 5397 in
1080 5341 1273 5415 vrbis
1313 5346 1518 5415 autem
1570 5341 1691 5397 haec
1721 5344 2009 5415 reperitur

365 5411 652 5485 praecipua
687 5392 1033 5485 «rf’versitas:
1086 5392 1519 5485 Lglfaliquvot,
1562 5392 2004 5485 gzidbiiéiej'};

362 5480 734 5560 incudmhquw
754 5553 764 5560 _
781 5484 1064 5560 illecebras
1108 5480 1491 5560 provocatum.
1548 5483 1763 5560 anes
1786 5480 2002 5557 Asimul,

360 5549 820 5625 audiendi’studio
852 5549 1172 5625 navigantes
1212 5555 1281 5609 ad
1329 5556 1485 5611 littus
1528 5555 1809 5612 admovere
1849 5549 2005 5615 navi;

367 5622 542 5691 gium,
572 5636 767 5691 eosque
795 5625 937 5693 (cum
966 5622 1339 5695 gratiam,aut
1366 5630 1431 5682 ut
1460 5626 1636 5698 aﬁqui
1658 5631 1841 5697 gratia
1860 5633 2007 5688 vocis

2110 4619 2467 4679 Humiliatus
2496 4620 2586 4674 est
2616 4618 2811 4672 autem
2841 4614 3124 4671 Dominus
3152 4630 3347 4686 usque
3377 4615 3456 4671 ad
3501 4617 3730 4671 mortem.

2112 4715 2180 4767 ut
2208 4711 2279 4767 de
2307 4706 2493 4783 portis
2512 4703 2719 4762 mortis
2738 4702 3107 4760 exaltaretur.

2182 4799 2424 4855 77.Ecce
2452 4794 2584 4851 vide
2611 4793 2863 4866 gratiam
2891 4790 3264 4861 Christi,vide
3292 4792 3592 4850 beneﬁcia
3616 4791 3729 4861 ejus.

2112 4890 2500 4959 Posteaquam
2546 4881 2812 4939 Christus
2868 4880 3120 4949 advenit,
3160 4879 3283 4937 hac
3317 4898 3468 4939 caro
3498 4897 3621 4955 qua
3644 4880 3735 4935 erat

2114 4977 2325 5034 umbra
2353 4972 2578 5043 mortis,
2611 4970 2784 5044 coepit
2810 4987 2913 5044 per
2940 4970 3188 5044 gratiam
3214 4969 3469 5027 Domini
3491 4968 3733 5041 refulget!

2115 5069 2172 5123 et
2198 5064 2412 5121 habere
2439 5061 2639 5118 lumen
2669 5059 3012 5134 proprium;
3055 5059 3207 5116 unde
3254 5063 3317 5116 et
3368 5060 3601 5118 dictum
3635 5056 3729 5114 est:

2112 5275 2433 5350 sequuntur)
2484 5274 2776 5350 scopulosa
2814 5273 2891 5350 in_
2916 5272 3034 5350 loco
3066 5272 3329 5350 indiciue
3376 5274 3729 5350 licuit-acim

2185 5342 2298 5420 (76)
2326 5342 2492 5420 Rom.
2525 5342 2663 5420 edit.
2694 5342 2837 5420 sola,
2857 5343 3072 5415 decepta
3097 5345 3170 5399 sit
3196 5346 3337 5400 Eva.
3375 5342 3579 5420 Minus
3604 5342 3727 5399 bene.

2112 5414 2606 5491 subintelligenda
2634 5414 2791 5471 enim
2836 5430 2944 5491 vox
2960 5414 3239 5491 caraquae
3261 5416 3581 5491 superiore
3600 5424 3727 5468 versu

2115 5506 2389 5575 expressa
2417 5484 2524 5545 εει·
2556 5484 3507 5575 Νειψεξφτςξιεέιεῗνθὲριίθιιωι
3534 5495 3729 5575 ques

2112 5555 2373 5637 quinque
2404 5575 2550 5637 mss.
2583 5555 2914 5637 restitutum
2946 5555 3003 5613 id
3034 5555 3264 5626 evincit,
3327 5555 3558 5618 sensus
3600 5557 3723 5614 Bom-

2114 5628 2351 5694 l'ectio'ni
2381 5633 2583 5691 minus
2613 5628 2883 5688 concinit.
3602 5640 3607 5644 ι
