3856 6206
275 369 421 455 usi

1332 378 1780 446 ENARRATIO
1823 376 1903 443 IN
1944 369 2328 444 'PSALMUM
2372 376 2578 441 XLIII.

3502 373 3659 441 1182

274 522 298 576 «ἀ
324 505 587 581 Lucerna
617 503 874 595 corporis
904 519 987 576 tui
1029 521 1117 577 est
1168 517 1372 575 oculus
1411 519 1550 574 tuus
1581 515 1790 584 (Matth.
1824 533 1900 583 v1,
1932 517 1979 583 Α
2017 518 2349 572 nostrarum
2380 514 2574 587 imago
2608 510 2994 586 resplendeat.
3028 503 3180 569 Bene
3210 507 3358 567 illud
3383 509 3459 567 ait
3489 510 3661 583 Aqui-

269 613 386 684 22);
420 612 522 668 sed
553 611 685 667 vide
713 610 784 665 de
811 626 924 682 quo
956 607 1122 664 oculo
1160 608 1351 675 dicat;
1397 622 1513 662 non
1544 605 1615 661 de
1643 605 1893 661 exterio-

271 717 344 767 re,
371 701 472 755 sed
495 700 566 755 de
589 697 878 764 interiore,
895 719 921 747 «
945 697 1000 752 Si
1023 695 1248 763 oculus,
1266 695 1476 767 inquit,
1493 699 1632 749 tuus
1647 692 1895 764 simplex

268 788 450 856 luerit,
481 792 672 842 totum
702 803 913 858 corpus
960 789 1132 841 tuum
1163 783 1422 839 lucidum
1467 782 1576 838 crit
1623 782 1828 853 (Ibid.).
1867 804 1894 830 ››

267 875 504 932 Interior
533 875 735 947 utique
766 879 855 929 est
885 873 1108 939 oculus,
1142 872 1242 944 qui
1263 876 1451 927 totum
1483 870 1738 926 hominis
1770 887 1892 925 cor-

265 981 368 1038 pus
390 963 704 1020 illuminat.
738 961 982 1018 Interior
1012 965 1100 1016 est
1129 961 1304 1016 etiam
1327 959 1552 1027 oculus,
1579 959 1682 1030 qui
1705 959 1898 1014 aufert

265 1053 363 1110 toti
376 1051 602 1124 corpori
615 1051 961 1119 caecitatem;
982 1049 1120 1122 quia
1137 1049 1421 1120 scriptum
1436 1052 1524 1104 est
1541 1065 1552 1102 :
1584 1070 1603 1111 ᾳ
1623 1047 1679 1102 Si
1698 1051 1894 1102 autem

264 1155 510 1213 nequam
545 1138 717 1195 fuerit
756 1138 961 1193 oculus
992 1142 1150 1204 tuus,
1184 1140 1372 1193 totum
1393 1153 1604 1208 corpus
1626 1139 1800 1191 tuum
1823 1139 1898 1190 te-

265 1229 571 1285 nebrosum
585 1227 693 1283 erit
710 1227 866 1298 (Ibid.
885 1226 977 1296 23)
1023 1247 1049 1274 ››
1076 1225 1248 1280 Vides
1271 1224 1328 1280 in
1353 1241 1467 1280 uno
1487 1225 1724 1280 homine
1743 1225 1900 1279 unde

263 1316 508 1373 tenebrae
537 1318 875 1381 nascantur,
908 1314 1060 1369 unde
1089 1313 1288 1368 lumen
1322 1313 1560 1368 oriatur.
1598 1315 1728 1384 Ipse
1761 1329 1896 1384 ergo

261 1404 361 1460 tibi
390 1421 453 1460 es
507 1403 714 1476 caligo,
761 1402 848 1458 vel
895 1402 1112 1457 lumen.
1161 1401 1358 1474 Caligo
1407 1401 1738 1472 iniquitatis
1787 1405 1895 1468 est,

264 1493 507 1548 tenebrae
538 1494 941 1564 peccatorum:
989 1489 1187 1545 lumen
1235 1489 1598 1545 innocentiae.
1634 1489 1762 1561 Ipse
1793 1489 1898 1544 tibi

265 1596 394 1653 ergo
423 1597 506 1648 es,
538 1579 627 1636 vel
658 1579 884 1650 injurias
935 1582 1154 1645 auctor,
1204 1577 1292 1633 vel
1339 1577 1542 1651 gratiae
1575 1596 1586 1633 :
1640 1577 1899 1650 operatio

263 1668 451 1724 divina
481 1667 626 1722 nihil
654 1672 827 1723 errat.
863 1668 1082 1722 Lumen
1117 1667 1170 1721 in
1199 1669 1254 1722 te
1276 1666 1404 1738 ipso
1425 1669 1515 1722 est
1542 1685 1554 1734 ;
1581 1666 1718 1738 quia
1740 1667 1901 1722 inno-

261 1773 396 1814 cens
450 1755 700 1811 infantia
744 1759 847 1810 tua
893 1759 999 1810 est.
1050 1755 1203 1810 Pura
1255 1771 1423 1810 mens
1471 1754 1729 1810 hominis
1769 1759 1902 1810 ante

2002 603 2097 660 la:
2134 626 2161 653 «
2195 604 2254 658 in
2311 607 2365 658 te
2399 607 2585 658 morte
2616 602 2930 670 efﬁcimur,
2983 601 3262 674 quoniam
3321 601 3378 655 in
3427 599 3658 657 Christo

2007 692 2433 760 mori,arduum
2465 697 2520 747 et
2551 691 2872 764 gloriosum
2899 708 2912 746 :
2949 695 3006 746 et
3038 691 3096 745 in
3130 690 3256 761 ipso
3281 689 3657 760 moritur,qui

2007 798 2113 852 pro
2145 783 2274 851 ejus
2307 781 2540 836 nomine
2573 797 2739 835 sacra
2765 779 3036 852 passione
3062 783 3152 834 est
3181 782 3515 833 coronatus.
3549 778 3656 832 Sed

2007 868 2142 940 quid
2173 869 2401 924 miraris
2431 869 2584 940 quod
2599 869 2987 940 requirentem
3015 867 3195 922 Deum
3222 865 3449 921 occulta
3469 866 3661 921 cordis

2005 957 2325 1012 versiculus
2357 957 2467 1012 iste
2498 957 2770 1023 declaret,
2804 973 2938 1010 cum
2961 955 3099 1010 alibi
3142 955 3324 1010 Deum
3368 957 3653 1009 scrutato-

2009 1061 2130 1100 rem
2160 1044 2376 1117 legeris
2416 1045 2605 1099 cordis
2639 1048 2851 1112 (Jcrem.
2887 1058 3044 1111 xvm,
3082 1046 3166 1110 10)
3210 1044 3237 1096 ?
3262 1067 3288 1091 »
3312 1042 3460 1107 Quid
3483 1043 3657 1098 etiam

2009 1134 2242 1188 miraris
2265 1133 2311 1187 si
2341 1133 2532 1188 verbis
2561 1132 2776 1188 nostris
2800 1134 3076 1203 maiestas
3091 1131 3295 1186 divina:
3315 1132 3659 1187 substantiae

2011 1221 2290 1293 explicari
2324 1238 2438 1276 non
2472 1223 2678 1292 possit,
2714 1238 2844 1275 cum
2874 1221 2954 1275 ait
2977 1219 3288 1292 Apostolus
3312 1221 3460 1290 (78):
3495 1243 3523 1269 «
3551 1221 3665 1274 No-

2010 1309 2109 1365 lite
2162 1314 2299 1364 ante
2386 1313 2620 1381 tempus
2691 1310 2832 1380 quid
2885 1310 3172 1378 judicare,
3235 1310 3417 1363 donec
3477 1308 3666 1363 veniat

2010 1397 2292 1452 Dominus
2339 1399 2441 1470 qui
2493 1397 2857 1452 illuminabit
2904 1397 3132 1452 occulta
3185 1398 3576 1463 tenebrarum,
3611 1401 3666 1451 et

2013 1486 2412 1542 manifestabit
2452 1485 2694 1541 consilia
2744 1486 3049 1540 cordium:
3104 1489 3158 1539 et
3207 1491 3345 1539 tunc
3398 1485 3529 1540 laus
3558 1486 3668 1540 erit

2015 1573 2334 1644 unicuique
2366 1590 2398 1628 θ,
2435 1579 2544 1628 Deo
2575 1578 2626 1641 (ι
2660 1573 2779 1628 Cor.
2816 1591 2890 1639 Iv,
2922 1574 2977 1644 5)
3010 1573 3038 1627 ?
3086 1596 3111 1620 υ
3145 1573 3439 1627 Tenebras
3469 1573 3666 1627 cordis

2013 1679 2164 1733 saepe
2218 1660 2340 1716 loco
2389 1661 2654 1716 criminis
2706 1660 2977 1731 legimus,
3029 1659 3145 1715 imo
3195 1677 3373 1731 prope
3423 1660 3662 1731 ubique.

2010 1749 2156 1805 Vide
2176 1765 2312 1821 ergo
2335 1766 2406 1804 ne
2436 1750 2549 1804 ista
2571 1749 2691 1804 sint
2714 1749 2938 1803 occulta
2955 1749 3356 1815 tenebrarum,
3375 1765 3503 1820 quas
3528 1751 3668 1803 sunt

259 1844 661 1901 adolescentia:
692 1843 1008 1910 lubricum,
1059 1847 1115 1898 et
1149 1843 1480 1913 juventutis
1510 1858 1786 1899 errorem.
1817 1845 1901 1898 Tu
1936 1881 1984 1945 Β
2017 1838 2210 1893 cordis
2241 1837 2487 1905 occulta,
2533 1837 2780 1908 ideoque
2826 1838 3202 1892 tenebrarum
3253 1853 3466 1892 nomen
3499 1852 3664 1892 acce-

264 1933 369 1989 tibi
397 1948 534 2005 ergo
567 1932 837 1987 tenebras
868 1930 1053 1986 fecisti
1085 1946 1213 1986 esse
1244 1932 1398 2003 quod
1430 1931 1628 1986 lumen
1663 1936 1770 1987 est.
1804 1931 1907 1988 De-

267 2021 443 2093 nique
470 2021 625 2076 idem
655 2019 882 2084 oculus,
916 2019 1024 2074 hoc
1055 2023 1166 2090 est,
1199 2035 1411 2074 sensus
1443 2019 1720 2089 hominis,
1755 2025 1908 2076 tene-

265 2109 474 2166 brosus
503 2111 592 2164 est
619 2108 680 2164 in
711 2112 1032 2180 peccatore,
1077 2107 1423 2180 splendidus
1473 2109 1533 2162 in
1574 2107 1902 2164 innocente.

331 2199 420 2253 78.
483 2197 597 2252 Nec
643 2196 789 2252 illud
838 2200 1251 2267 praetereamus
1308 2197 1463 2268 quod
1515 2196 1907 2268 Symmachus

269 2286 382 2341 ait:
417 2308 446 2336 «
477 2283 746 2340 Afﬂixisli
779 2301 883 2340 nos
905 2283 963 2338 in
985 2284 1108 2340 loco
1131 2285 1379 2340 deserto.
1408 2307 1435 2334 »
1458 2286 1590 2340 Ideo
1615 2284 1911 2357 afﬁgimur

269 2375 422 2431 920
454 2374 593 2446 quia
627 2372 921 2428 interdum
955 2373 1334 2428 destituimur
1355 2373 1709 2445 protectione
1738 2373 1905 2430 coele-

269 2461 364 2528 sti,
398 2467 454 2518 et
485 2461 642 2534 regio
673 2461 788 2517 ista
826 2461 936 2516 sub
968 2459 1276 2517 maledicto
1319 2466 1427 2527 est,
1470 2461 1554 2516 vel
1590 2462 1650 2516 in
1681 2462 1907 2517 lubrico

272 2549 554 2606 saeculari.
577 2549 835 2605 Necdum
855 2565 1087 2621 quoque
1107 2549 1483 2605 benedixerat
1499 2553 1714 2606 terram
1738 2567 1907 2605 suam

270 2637 553 2695 Dominus
601 2641 799 2693 noster
845 2637 1018 2694 Jesus
1069 2637 1359 2708 Christus,
1409 2641 1466 2693 et
1511 2636 1642 2694 ideo
1682 2637 1905 2694 labora-

270 2727 434 2798 bant,
452 2741 558 2781 ncc
583 2726 654 2780 ad
687 2725 886 2781 lumen
919 2725 1150 2798 pietatis
1180 2727 1309 2796 ejus
1337 2725 1642 2782 oculorum
1677 2727 1908 2799 spirita-

268 2813 415 2870 lium
455 2813 867 2869 intendebatur
897 2813 1154 2869 obtutus.
1189 2813 1408 2870 Deinde
1458 2814 1596 2886 quia
1642 2815 1908 2886 voluptas

269 2905 327 2960 et
354 2901 658 2959 delectatio
689 2902 893 2956 mundi
925 2902 1256 2973 frequenter
1278 2902 1480 2974 irrepit
1501 2903 1718 2974 (Hom.,
1744 2903 1905 2975 Odys.

269 2992 358 3063 κ).
389 2991 550 3048 Unde
581 3007 698 3047 non
727 2989 978 3045 vinculis
1005 2989 1261 3046 hominis
1290 2989 1450 3046 illius
1481 2989 1662 3062 ligare
1692 3007 1798 3046 nos
1822 2995 1908 3046 at-

270 3095 385 3152 que
429 3079 648 3135 vincire
689 3079 994 3145 debemus,
1043 3095 1149 3134 nec
1200 3095 1332 3134 cera
1379 3095 1549 3135 aures
1597 3079 1905 3135 claudere:

271 3169 383 3225 Sed
417 3170 672 3224 avertere
699 3183 898 3222 aurem
932 3167 1400 3238 quotiescunque
1432 3166 1620 3222 aliena
1641 3167 1827 3239 affide,
1855 3171 1911 3222 et

2016 1926 2227 1998 perint,
2266 1926 2419 1998 quod
2453 1943 2521 1980 ea
2550 1927 2621 1981 ab
2655 1925 2785 1981 aliis
2819 1944 2932 1981 non
2985 1926 3518 1997 deprehendantur,
3563 1925 3665 1980 sed

2015 2015 2253 2071 lateant.
2287 2016 2358 2070 Et
2387 2017 2513 2071 ideo
2545 2015 2829 2070 Dominus
2879 2015 2935 2068 in
2988 2014 3078 2068 die
3116 2014 3324 2084 judicii
3357 2013 3661 2069 illumina—

2015 2108 2184 2159 turus
2255 2103 2540 2158 asseritur
2607 2103 2832 2158 occulta
2905 2102 3300 2168 tenebrarum,
3375 2102 3511 2174 quia
3570 2119 3669 2158 cor

2016 2193 2193 2247 unius
2241 2193 2527 2263 cujusque
2591 2191 3078 2258 manifestabitur,
3153 2193 3306 2262 quod
3376 2195 3511 2246 ante
3571 2207 3666 2246 oc-

2018 2280 2242 2336 cultum
2274 2285 2435 2335 erat:
2471 2279 2580 2336 soli
2627 2279 2862 2352 quidem
2918 2279 3146 2335 Christo
3195 2279 3516 2352 cognitum,
3569 2279 3668 2351 qui

2017 2369 2208 2424 sciens
2231 2368 2441 2439 judicii
2464 2369 2556 2424 sui
2590 2369 2838 2441 gratiam
2864 2367 2979 2422 ait:
3008 2392 3035 2417 ‹‹
3059 2367 3214 2422 Nihil
3237 2372 3327 2423 est
3350 2366 3664 2435 occultum,

2017 2455 2170 2528 q‘uod
2205 2473 2316 2510 non
2343 2456 2814 2511 manifestabitur
2837 2456 3042 2527 (Matth.
3076 2474 3131 2522 Χ,
3175 2458 3285 2525 26).
3326 2479 3345 2505 ι

2086 2544 2176 2598 80.
2211 2544 2362 2599 Sunt
2392 2549 2585 2600 autem
2621 2543 2820 2598 multa:
2852 2561 2977 2615 quae
3004 2548 3240 2615 propter
3258 2545 3666 2600 verecundiam

2017 2631 2364 2704 premimus,
2404 2637 2460 2687 et
2510 2636 2573 2686 ut
2620 2631 2971 2704 impleamus
3017 2633 3250 2688 cmleste
3298 2634 3664 2699 mandatum,

2016 2720 2193 2776 tacito
2224 2721 2380 2792 apud
2412 2737 2521 2776 nos
2554 2725 2824 2776 tenemus
2863 2722 3097 2789 affectu,
3151 2739 3222 2776 ne
3270 2721 3574 2778 videamur
3605 2722 3664 2777 in

2017 2808 2091 2863 iis
2124 2825 2250 2880 quae
2285 2813 2483 2865 nostra
2527 2811 2685 2876 sunt,
2737 2808 2993 2881 gloriari,
3044 2814 3101 2865 et
3151 2827 3354 2865 eorum
3407 2811 3664 2866 fructum

2017 2895 2310 2969 vulgando
2343 2897 2694 2968 incipiamus
2743 2897 3028 2954 amittere.
3083 2899 3237 2954 Sunt
3285 2903 3481 2954 autem
3511 2901 3657 2956 92]

2019 2985 2248 3041 occulta
2268 2987 2587 3058 sapientiae,
2611 3004 2736 3058 quae
2761 2992 2962 3059 raptus
2985 2987 3042 3042 in
3069 2987 3339 3059 paradiso
3361 2989 3663 3060 apostolus

2020 3073 2237 3128 Paulus
2260 3075 2519 3130 audivit:
2548 3080 2603 3130 et
2624 3075 2764 3146 quia
2787 3092 2900 3130 non
2929 3076 3135 3130 licebat
3153 3075 3377 3131 homini
3396 3094 3464 3134 ea
3484 3077 3666 3150 loqui,

2022 3162 2175 3233 apud
2200 3179 2261 3218 se
2283 3164 2513 3234 tegebat
2537 3179 2549 3216 :
2577 3179 2690 3216 non
2715 3163 2854 3234 quia
2874 3179 3048 3217 usum
3073 3179 3272 3219 eorum
3297 3169 3396 3219 aut
3416 3167 3666 3237 gratiam

272 3257 568 3313 contraria
594 3254 685 3311 vel
719 3256 960 3311 adversa
992 3253 1227 3310 utilitati
1260 3259 1469 3311 nostra:
1492 3254 1704 3328 aliquis
1721 3255 1912 3311 existi-
1941 3241 1984 3307 C
2023 3249 2153 3306 aliis
2184 3250 2487 3318 invideret,
2520 3253 2619 3306 sed
2654 3252 2807 3322 quod
2842 3268 2955 3306 non
2986 3251 3198 3306 licebat
3228 3251 3451 3307 homini
3482 3253 3664 3325 loqui,

273 3348 398 3400 mat
439 3343 827 3416 obloquenda,
877 3359 950 3397 ne
1003 3343 1063 3396 in
1113 3359 1178 3398 eo
1231 3359 1499 3398 sermone
1545 3343 1766 3416 operiat
1812 3359 1918 3398 nos

273 3431 485 3488 umbra
515 3431 759 3487 mortis:
795 3435 852 3485 et
895 3430 945 3486 si
995 3430 1136 3503 quid
1180 3429 1296 3486 tale
1344 3431 1654 3503 profertur,
1687 3447 1794 3486 nos
1824 3435 1917 3486 ta-

277 3536 414 3576 men
448 3519 545 3576 Dei
569 3519 811 3575 verbum
843 3518 1125 3574 debemus
1173 3519 1448 3586 inserere,
1502 3519 1657 3591 quod
1704 3519 1918 3575 mentis

275 3611 493 3665 nostrae
525 3607 724 3664 oculos
758 3607 980 3680 fulgore
1011 3606 1431 3679 disputationis
1462 3606 1775 3663 illuminct.

345 3698 437 3751 79.
470 3696 652 3769 ('Vers.
684 3697 774 3762 2t,
806 3698 899 3751 22.
945 3696 960 3765 )
992 3695 1304 3767 Sequitur:
1348 3718 1376 3745 «
1409 3695 1465 3752 Si
1513 3695 1673 3752 obliti
1709 3711 1918 3751 sumus

273 3800 492 3841 nomen
509 3783 608 3841 Dei
621 3784 827 3851 nostri,
849 3785 907 3839 et
927 3784 975 3839 si
1000 3784 1387 3855 expendimus
1400 3801 1612 3840 manus
1632 3789 1833 3840 nostra
1845 3785 1915 3838 ad

269 3875 414 3930 deos
435 3873 677 3929 alienos.
701 3873 903 3929 Nonne
916 3877 1068 3928 Deus
1090 3873 1344 3945 requiret
1366 3873 1480 3928 ista
1497 3873 1526 3928 ‘I
1546 3872 1757 3945 Aquila
1780 3874 1913 3945 (77),

270 3985 300 4015 ‹‹
337 3961 710 4036 investigabit
739 3961 873 4027 ista,
909 3984 936 4011 »
966 3961 1130 4032 dixit,
1164 3962 1570 4035 Symmachus,
1603 3985 1630 4009 «
1665 3962 1917 4017 inveniet

262 4049 427 4107 ista?
456 4054 586 4122 Ipse
614 4049 770 4119 enim
803 4049 961 4104 novit
991 4049 1216 4106 occulta
1245 4050 1457 4106 cordis.
1508 4050 1653 4116 Quia
1682 4053 1918 4124 propter

262 4143 326 4193 te
367 4141 554 4193 morte
602 4137 898 4193 efficimur
942 4141 1064 4194 tota
1111 4139 1240 4194 die:
1287 4139 1543 4194 astimati
1589 4156 1796 4194 sumus
1850 4143 1913 4193 ut

262 4242 406 4284 oves
460 4224 794 4282 occisionis.
840 4247 868 4274 »
917 4225 1063 4288 Quid
1111 4231 1200 4281 est
1257 4227 1412 4298 quod
1467 4227 1583 4282 ait:
1639 4227 1917 4298 Requiret

261 4315 426 4372 Deus
449 4315 478 4370 ?
505 4313 681 4378 Quasi
713 4314 759 4369 si
794 4330 908 4369 non
941 4314 1221 4386 requirat,
1245 4314 1508 4388 ignoret:
1541 4319 1597 4370 et
1620 4315 1704 4370 sic
1726 4315 1916 4386 requi-

261 4408 358 4460 ret
386 4405 541 4460 Deus
571 4402 923 4459 oblivionem
955 4407 1117 4458 tuam
1151 4419 1276 4475 quae
1305 4403 1561 4476 irrepsit,
1592 4410 1656 4459 ut
1687 4405 1914 4460 auferat

257 4494 398 4565 ejus
428 4509 600 4549 omne
621 4490 956 4565 vestigium.
991 4491 1154 4548 Unde
1196 4496 1252 4547 et
1300 4492 1511 4565 Aquila
1540 4493 1719 4548 dixit:
1755 4516 1782 4542 ‹‹
1818 4495 1909 4548 Ιη-

2028 3337 2170 3394 forte
2199 3337 2374 3393 etiam
2407 3337 2628 3393 homini
2660 3337 2861 3393 audire
2892 3354 3007 3392 non
3037 3338 3307 3409 proderat
3333 3355 3346 3393 :
3375 3355 3502 3410 quae
3526 3345 3667 3397 tunc

2026 3425 2382 3480 illuminabit
2398 3427 2698 3493 Dominus,
2723 3441 2856 3480 cum
2879 3424 3402 3481 illuminandorum
3425 3436 3667 3483 secreto-

2027 3531 2156 3569 rum
2187 3518 2421 3586 tempus
2451 3513 2764 3570 advenerit.
2798 3513 2940 3568 Vide
2969 3531 3039 3569 ne
3067 3514 3242 3569 etiam
3275 3515 3332 3569 in
3356 3515 3664 3588 Evangelio

2027 3603 2364 3658 distantiam
2397 3602 2652 3674 aliquam
2685 3601 2960 3674 reperias,
2995 3603 3093 3657 ubi
3127 3602 3308 3657 dixit:
3351 3626 3370 3655 ι
3397 3604 3552 3660 Nihil
3577 3622 3666 3661 oc-

2026 3691 2248 3746 cultum
2281 3691 2436 3764 quod
2467 3709 2582 3746 non
2633 3691 3128 3757 manifestabitur,
3181 3709 3368 3764 neque
3399 3698 3663 3766 opertum

2027 3782 2182 3852 quod
2209 3797 2324 3836 non
2355 3780 2706 3836 revelabitur
2735 3781 2940 3852 (Ibid)
2971 3802 2998 3831 »
3026 3780 3172 3836 Illud
3195 3787 3390 3837 tamen
3410 3783 3670 3855 adstipu-

2024 3869 2180 3924 latur
2210 3871 2282 3925 ad
2306 3868 3241 3942 superioreminterpretationem,
3268 3875 3330 3924 ut
3353 3874 3667 3944 utrumque

2025 3958 2095 4013 de
2121 3957 2292 4012 bonis
2323 3974 2452 4012 esse
2477 3957 2806 4022 credamus,
2839 3957 2975 4028 quia
3024 3957 3303 4028 scriptum
3338 3961 3458 4012 est:
3495 3981 3522 4007 «
3557 3959 3665 4014 Co-

2023 4046 2253 4119 gnoscit
2277 4046 2561 4101 Dominus
2592 4045 2692 4116 qui
2719 4049 2858 4099 sunt
2887 4045 3074 4116 ipsius
3123 4047 3195 4116 (II
3227 4046 3357 4100 Tim.
3393 4063 3455 4116 ιι,
3493 4047 3598 4118 19).
3637 4071 3663 4098 ››

2023 4135 2170 4190 Suos
2201 4150 2336 4206 ergo
2367 4134 2687 4206 cognoscit,
2733 4138 2789 4188 et
2819 4149 2917 4188 eos
2963 4133 3263 4205 cognoscit
3313 4134 3412 4206 qui
3445 4151 3662 4207 cogno-

2023 4228 2193 4280 scunt
2209 4223 2421 4278 Deum:
2443 4222 2669 4294 ignorat
2693 4225 2888 4276 autem
2910 4237 3008 4276 eos
3032 4223 3130 4293 qui
3155 4222 3429 4295 ignorant
3447 4223 3658 4293 Deum;

2023 4313 2122 4384 qui
2153 4312 2306 4367 enim
2340 4311 2591 4383 ignorat,
2619 4310 3006 4382 ignorabitur.
3055 4311 3339 4367 Dominus
3369 4330 3504 4386 ergo
3536 4330 3664 4385 qua;

2022 4402 2175 4457 bona
2200 4405 2357 4466 sunt,
2390 4399 2788 4472 recognoscit:
2822 4417 2888 4455 ea
2920 4417 3046 4472 qua:
3078 4404 3219 4455 sunt
3262 4401 3436 4473 plena
3467 4402 3664 4473 cogni-

2022 4488 2198 4546 tionis
2229 4488 2455 4553 divinaz,
2490 4505 2554 4544 ea
2585 4507 2709 4561 quae
2743 4493 2883 4544 sunt
2912 4488 3138 4545 occulta
3164 4489 3483 4561 sapientiae,
3510 4492 3665 4546 novit

252 4580 579 4654 vestigabit
606 4581 737 4636 ista.
767 4602 795 4630 »
821 4580 967 4635 Nam
991 4579 1192 4652 utique
1214 4580 1314 4654 qui
1337 4582 1496 4639 novit
1514 4582 1705 4638 cordis
1723 4581 1912 4660 o‘ccul-
1941 4603 1986 4668 Ι)
2021 4579 2324 4646 Dominus,
2357 4583 2660 4634 aversatur
2685 4581 2876 4633 autem
2910 4595 2977 4633 ea
3019 4595 3145 4650 quis
3180 4583 3322 4635 sunt
3351 4578 3524 4651 plena
3555 4579 3662 4634 ini-

253 4676 345 4734 ta,
379 4670 674 4741 quomodo
702 4668 926 4742 quaerit,
959 4669 1051 4724 cui
1101 4669 1276 4724 etiam
1324 4686 1392 4724 ea
1431 4687 1561 4742 quae
1589 4676 1727 4727 sunt
1757 4673 1906 4727 inte-

247 4760 438 4826 riora,
471 4758 784 4815 manifesta
809 4757 995 4814 sunt?
1021 4757 1321 4830 Siquidem
1361 4759 1515 4830 apud
1549 4759 1732 4814 Deum
1764 4777 1904 4816 con-

246 4847 510 4904 scientia
539 4847 1008 4918 uniuscujusque
1038 4861 1100 4901 se
1139 4846 1351 4918 prodit,
1385 4850 1444 4902 et
1495 4847 1766 4919 cogitatio
1798 4848 1902 4903 ho-

245 4935 443 4992 minis
474 4936 628 5008 apud
659 4952 794 4992 eum
847 4951 908 4990 se
957 4938 1056 4991 aut
1103 4935 1474 5001 condemnat,
1526 4939 1626 4991 aut
1671 4942 1900 5009 purgat.

2019 4668 2262 4740 quitatis
2289 4671 2464 4740 atque
2495 4666 2740 4740 peccati.

2087 4759 2174 4813 81.
2226 4757 2484 4829 Denique
2533 4757 2578 4812 si
2635 4755 2880 4812 istorum
2943 4774 3252 4829 personam
3309 4755 3660 4820 consideres,

2017 4861 2164 4917 quos
2195 4845 2358 4900 nulla
2397 4844 2573 4900 divini
2600 4844 2793 4900 cultus
2812 4843 3022 4900 oblivio
3044 4843 3350 4912 separavit,
3388 4847 3450 4896 ut
3473 4841 3661 4896 alieno

2016 4935 2123 4990 deo
2153 4933 2546 5005 expanderent
2577 4950 2715 4988 suas
2765 4950 2997 5000 manus,
3047 4937 3220 5004 atque
3269 4929 3490 5003 aperire
3524 4947 3661 4985 suas

2016 5021 2246 5078 animas
2267 5021 2581 5088 noluerint,
2604 5021 2892 5094 intelliges
2917 5021 3071 5093 quod
3093 5021 3146 5073 in
3165 5018 3374 5075 ocultis
3397 5019 3523 5073 suis
3545 5035 3660 5074 non

240 5030 337 5081 De
359 5023 539 5098 nique
569 5023 781 5096 Aquila
811 5047 840 5075 «
868 5023 1112 5080 visionis
1159 5022 1350 5079 cordis
1379 5046 1406 5072 »
1451 5023 1616 5092 dixit,
1649 5042 1714 5081 eo
1747 5026 1900 5096 quod

234 5112 456 5169 videat
484 5130 584 5169 cor
622 5117 911 5180 nostrum,
935 5116 991 5168 et
1004 5111 1195 5167 omnis
1209 5111 1390 5167 nostri
1411 5113 1684 5186 cogitatio
1709 5114 1902 5169 cordis

235 5201 311 5257 in
346 5206 623 5275 promptu
652 5200 727 5256 sit
757 5201 911 5273 apud
940 5201 1147 5267 Deum,
1178 5204 1356 5273 atque
1396 5201 1446 5256 ei
1480 5203 1897 5275 cogitationum

2018 5110 2236 5183 ﬂagitia
2267 5109 2464 5182 aliqua
2496 5114 2686 5174 erant,
2719 5110 2818 5164 sed
2855 5125 2922 5163 ea
2950 5125 3076 5179 quae
3099 5112 3295 5163 essent
3319 5107 3661 5162 innocentia:

2011 5198 2408 5268 continebant,
2430 5197 2908 5269 quandoquidem
2935 5203 3118 5252 morte
3132 5195 3542 5251 efﬁciebantur
3556 5212 3660 5268 pro

318 5324 416 5405 77ἶ
451 5324 602 5406 Edit.
637 5325 803 5406 130m.
838 5343 937 5406 sei:
963 5323 1084 5406 illis
1112 5325 1327 5406 verbis,
1360 5327 1567 5406 Aquila
1589 5332 1725 5406 _e_tc.,
1754 5331 1898 5401 reje-

231 5396 367 5450 ctis
400 5396 458 5450 in
490 5396 785 5470 inferiora,
818 5401 874 5470 et
903 5397 1092 5470 tribus
1120 5396 1672 5470 versibus,'Siﬁobliti
1689 5396 1895 5468 sumus,

230 5470 396 5541 etc.,_
425 5466 702 5541 continua
733 5468 880 5524 serie
911 5469 1234 5540 dispositis,
1269 5464 1576 5541 subiungit
1601 5488 1612 5526 :
1640 5472 1780 5540 Quid
1799 5464 1896 5537 est,
2008 5483 2131 5541 "6173
2153 5470 2307 5541 ille!!!
2331 5478 2454 5541 Ἰυιῖῗ
2474 5464 2694 5541 ίζνξίλςίΐ
2717 5468 2768 5518 ατ
2793 5464 3144 5541 ατιῙςῖζάί,εῙι¹³
3167 5464 3656 5541 (inmansuetum-

226 5535 519 5611 qyodgit:
549 5555 730 5595 nonne
759 5541 897 5595 Deus
919 5533 1327 5611 requa-otism?
1350 5533 1574 5609 Quasi?,
1596 5533 1704 5597 etc.
1732 5533 1897 5598 nobis
2079 5539 2192 5608 (78)
2225 5533 2370 5611 Vict.
2405 5538 2460 5589 et
2479 5533 2672 5611 Colb.,
2707 5552 2840 5611 (ηιτη.Δ
2880 5534 3019 5611 illud
3067 5551 3278 5608 quoque
3319 5536 3542 5589 turbare
3562 5549 3659 5589 nos

227 5603 324 5664 ab
355 5607 494 5682 edit.
530 5615 649 5683 ant.
691 5615 748 5683 et
777 5626 918 5667 mss.
954 5603 1216 5683 recedere
1251 5603 1521 5683 religioni
1547 5603 1672 5668 fuit.
1712 5618 1771 5669 In
1804 5615 1894 5669 Lis
2004 5603 2118 5663 nou
2147 5603 2328 5680 possit
2353 5603 2492 5678 quod
2517 5607 2598 5659 ait
2631 5606 2931 5676 Apostolus,
2964 5610 3071 5660 etc.

222 5683 452 5736 tamen
521 5682 592 5736 ab
649 5681 786 5737 edit.
852 5686 908 5738 et
955 5683 1081 5737 cod.
1127 5681 1276 5738 Vict.
1328 5681 1383 5737 et
1431 5681 1588 5738 Colb.
1624 5685 1891 5744 nonnihil

2008 5321 2406 5387 dissentiunt;
2439 5321 2701 5446 quinque
2732 5321 2832 5376 alii
2867 5321 2948 5376 ita
2971 5325 3193 5392 partem
3220 5320 3489 5374 ultimam
3517 5337 3660 5391 prae-

2009 5395 2298 5446 ferentes:
2336 5393 2440 5446 0ui
2494 5400 2544 5446 et
2574 5393 2714 5446 uuod
2745 5395 2821 5446 ait
2858 5409 2869 5446 :
2931 5394 3174 5446 rcauiret
3201 5393 3342 5446 Deus
3368 5396 3392 5444 .9
3422 5391 3660 5446 Oblzrio-

2009 5395 2298 5449 ferentes:
2336 5391 2475 5460 Quid
2494 5400 2544 5446 et
2574 5393 2714 5463 quod
2745 5395 2821 5447 ait
2858 5409 2869 5447 :
2931 5391 3174 5463 requiret
3201 5393 3342 5447 Deus
3368 5396 3392 5444 .9
3422 5391 3661 5446 Oblivio-
