3856 6206
252 353 394 423 ιιεδ
1301 353 1762 420 ΕΝΑΒΒΑΤΙΟ
1798 351 1886 416 IN"

2043 352 2296 418 lLMUM
2343 349 2554 418 XLIII.
3474 347 3632 419 “86

251 493 388 558 bus;
429 488 956 552 obdormireienim.
983 487 1228 546 videtur.
1263 489 1355 560 iis,
1386 491 1613 562 quibus
1634 507 1749 546 non
1783 505 1872 544 re-
1902 491 1955 556 Α
1985 489 2218 560 piamus
2250 494 2706 558 sacramentum,
2749 494 2904 546 recte
2934 489 3109 545 etiam
3158 489 3316 544 illud
3345 496 3633 562 usurpant

252 579 506 646 surrexit,
536 583 597 636 et
623 596 772 652 quos
801 579 860 635 in
887 580 1074 636 ﬁnem.
1095 579 1340 651 repellit.
1374 580 1514 644 Quis
1557 583 1751 634 autem
1782 584 1874 634 est
1985 578 2173 633 sancti
2205 578 2464 634 dicentes
2492 595 2504 632 :
2541 602 2576 629 «-
2603 579 2806 642 Quare
2839 579 3044 635 faciem
3094 583 3255 635 tuam
3308 579 3570 635 avertis?
3601 601 3628 629 ι)

252 668 346 740 qui
392 667 704 740 repellitur,
755 668 869 725 nisi
919 667 1026 740 qui
1066 668 1492 740 peregrinatur
1525 685 1564 722 a-
1602 666 1870 732 Domino,
1986 665 2094 721 hoc
2123 672 2246 722 est:
2281 669 2388 724 etsi
2422 668 2653 737 avertis,
2687 669 2952 736 Domine,
2995 668 3198 724 faciem
3249 673 3411 723 tuam
3469 686 3503 723 a
3533 685 3637 723 no-

250 755 384 827 quia
404 773 516 812 non
549 757 954 828 peregrinatur
989 773 1031 812 a.
1067 772 1306 828 corpore
1328 756 1356 810 ?
1387 756 1686 820 Quomodo
1716 754 1874 810 enim
1983 754 2098 821 bis,
2126 759 2322 810 tamen
2356 757 2652 828 signatum
2687 762 2777 813 est
2806 757 2864 811 in
2889 758 3055 812 nobis
3088 757 3286 812 lumen
3309 756 3504 812 vultus
3523 757 3632 824 tui,

249 848 502 916 possunt.
531 845 656 900 Deo.
689 843 930 917 placere.
963 843 1068 916 qui
1107 844 1171 899 in
1201 861 1374 899 carne
1421 844 1608 899 sunt?
1646 844 1716 898 Et
1744 842 1874 898 ideo
1986 843 2250 899 Domine.
2274 845 2564 899 Tenemus
2589 845 2733 900 illud
2761 845 2816 899 in
2836 846 3107 900 cordibus
3130 846 3368 913 nostris,
3393 846 3526 900 etin
3550 846 3639 899 in-

249 949 366 989 non-
387 934 442 988 in
474 949 652 989 carne.
673 932 891 998 simus,
918 934 1020 989 sed
1037 932 1260 1004 spiritu
1289 951 1301 988 :
1335 933 1739 988 adhaereamus
1761 931 1873 986 Do-
1986 931 2133 986 timo
2155 931 2424 1002 splendet
2447 933 2654 987 affectu
2680 950 2692 987 :
2719 949 2906 1005 neque
2925 933 3080 987 enim
3101 933 3417 1005 quisquam
3441 937 3635 1005 potest

250 1020 588 1087 mino-Jesu,
624 1021 726 1093 qui
757 1038 826 1076 se
865 1021 925 1076 in
973 1021 1328 1094 octogesimo
1382 1025 1440 1077 et
1485 1025 1682 1076 octavo
1716 1019 1877 1092 psal-
1990 1019 2332 1088 subsistere,
2384 1021 2431 1076 si
2482 1025 2545 1076 tu
2600 1027 2826 1078 avertas
2879 1022 3084 1077 faciem
3136 1027 3319 1077 tuam.
3369 1045 3398 1072 ‹‹
3430 1021 3641 1078 Omnia

249 1109 666 1182 momepulsum
695 1109 840 1165 dicit
866 1126 978 1183 pro.
1009 1108 1203 1166 nobis.
1235 1110 1382 1165 «.Tu.
1425 1125 1560 1165 vero
1608 1107 1878 1182 repulisti
1988 1107 2146 1163 enim
2179 1126 2212 1164 a
2245 1114 2301 1164 te
2331 1114 2655 1180 expectant,
2690 1115 2754 1165 ut
2783 1115 2845 1165 tu
2877 1111 2979 1166 des
3011 1110 3128 1166 illis
3175 1111 3370 1166 cibum
3401 1111 3460 1166 in
3491 1114 3638 1167 tem-

248 1213 346 1268 pro
397 1197 610 1266 nihilo,
651 1199 914 1265 Domine,
967 1197 1252 1254 distulisti
1315 1198 1620 1254 Christum
1678 1202 1876 1266 tuum,

248 1286 500 1342 evertisti
523 1291 942 1344 testamentum
971 1287 1122 1343 servi
1151 1286 1249 1342 tuis
1270 1287 1450 1359 (Psal.
1480 1303 1752 1354 nxxxvm,
1785 1285 1877 1352 38,

247 1375 347 1447 i0).
381 1374 581 1447 Itaque
635 1375 908 1448 repulsus
960 1376 1020 1430 in
1077 1375 1270 1432 nobis)
1304 1376 1502 1431 factus
1539 1378 1628 1431 est
1678 1375 1737 1429 in
1769 1390 1874 1445 op-

244 1463 534 1534 probrium
546 1463 890 1520 vicinissuis
906 1481 919 1533 ;
933 1463 1031 1520 ille
1043 1463 1202 1520 enim
1213 1462 1884 1535 suseepitopprobrium-

247 1552 450 1621 crucis,
482 1557 550 1609 ut
577 1569 703 1611 nos.
732 1552 992 1625 gloriam
1030 1569 1168 1608 suai-
1195 1551 1639 1609 resurrectionis
1668 1551 1878 1606 indue-

247 1645 343 1696 ret.
373 1641 667 1714 Repulsus
693 1641 942 1712 videtur,
975 1641 1154 1714 quasi
1174 1646 1472 1696 mortuus:
1517 1644 1574 1696 et
1605 1639 1884 1712 perfusus

247 1729 602 1796 confusione,
658 1729 826 1801 quasi
875 1731 1226 1786 cruciﬁxus:
1276 1730 1376 1785 sed
1426 1728 1763 1785 benedictus
1791 1732 1888 1783 est

245 1816 636 1886 maternum,
681 1819 781 1890 qui
815 1818 1284 1874 maledictionem
1333 1817 1590 1885 sustulit,
1643 1817 1880 1873 benedi-

246 1906 453 1963 ctionis
473 1908 732 1979 gratiam
765 1908 1138 1979 comparavit.

310 1994 398 2050 8!;
432 1995 767 2066 (Versus-2'4.)
804 1995 1114 2067 Sequitur:
1149 2019 1194 2045 «ο
1221 1995 1418 2059 Οιιειιιθι
1460 1995 1679 2051 faciem
1716 1999 1879 2050 tuam

245 2083 447 2139 avertis
467 2083 497 2138 ?
515 2085 858 2139 aAvertere
886 2100 921 2139 a
951 2083 1128 2140 nobis.
1140 2083 1326 2139 Deum
1357 2083 1567 2140 faciem
1585 2098 1754 2138 suam
1779 2099 1889 2154 pu-

243 2171 724 2243 tamus,.quand~o
755 2188 962 2228 sumus
1009 2173 1068 2226 in
1117 2171 1417 2243 aliquibus
1465 2170 1898 2226 afﬂictionibus-

246 2259 584 2328 constituti;
617 2263 683 2315 ut
709 2259 966 2316 tenebrae
979 2264 1204 2316 nostros
1221 2259 1418 2315 otl‘und
1426 2264 1600 2315 antur
1613 2279 1616 2286 ·
1627 2259 1856 2314 effectui
1867 2299 1881 2325 ,

245 2347 461 2418 quibus
490 2348 756 2420 impediti
795 2347 1080 2422 fulgorem
1133 2348 1400 2404 veritatis
1447 2347 1632 2403 oculis
1664 2347 1896 2403 nostris

244 2435 888 2510 haurire-nequeamus.
937 2437 1166 2494 Etenim
1214 2437 1264 2493 si
1311 2437 1370 2492 in
1421 2441 1689 2493 nostrum
1729 2437 1886 2492 Deus

245 2526 503 2582 attendat
523 2526 855 2598 ingenium,
884 2530 941 2582 et
970 2530 1232 2582 nostram
1254 2529 1513 2581 mentem
1531 2525 1772 2581 visitare
1801 2525 1888 2580 di-

242 2619 471 2686 gnetur,
517 2615 660 2672 certi
696 2615 884 2671 simus
903 2616 1056 2686 quod
1085 2614 1248 2670 nulla
1266 2631 1357 2671 res
1379 2614 1549 2671 nobis
1571 2612 1897 2686 caliginem-

245 2704 429 2774 possit
457 2704 765 2760 obducere.
798 2704 1023 2760 Etenim
1055 2704 1109 2760 si
1135 2703 1330 2760 vultus
1371 2703 1627 2760 hominis
1659 2703 1885 2759 caeteris

244 2793 642 2848 membrorum
663 2792 928 2864 partibus
951 2791 1084 2864 plus
1107 2792 1371 2865 refulget,
1396 2796 1453 2847 et
1474 2807 1886 2864 quemcunque

239 2878 560 2949 intuemur,
576 2880 663 2936 vel
691 2881 1467 2953 incognitum-agnoscimus,
1487 2879 1575 2936 vel
1588 2880 1896 2952 cognitum-

242 2969 737 3042 reoognoscimus,
760 2986 935 3042 quem
955 2975 1226 3042 aspectus
1249 2969 1636 3025 nosterlatere
1654 2985 1769 3025 non
1793 2986 1888 3040 pa-

239 3057 385 3114 titur
409 3062 659 3131 ;quanto
682 3059 870 3132 magis
889 3059 984 3114 Dei
1003 3058 1198 3114 vultus
1209 3075 1385 3130 quem
1404 3062 1646 3130 spectat,
1667 3057 1888 3112 illumi-

245 3147 370 3202 nati
388 3147 476 3203 De
509 3163 626 3219 quo
659 3146 1529 3219 utceteraejussuntjtaethoc
1543 3147 1896 3219 praeclarum

1990 1213 2146 1269 pore.
2180 1197 2365 1253 Dante
2396 1203 2452 1253 te
2479 1199 2592 1266 his,
2627 1199 2940 1270 colligent:
2974 1200 3270 1271 aperiente
3310 1204 3367 1254 te
3396 1213 3642 1255 manum

1987 1290 2175 1353 tuam,
2212 1286 2481 1343 universa
2530 1287 2936 1359 implebantur
2987 1289 3284 1345 bonitate:
3341 1292 3648 1345 avertente

1989 1379 2183 1430 autem
2208 1380 2263 1430 te
2285 1376 2516 1444 faciem,
2545 1377 2956 1433 turbabuntur.
2982 1379 3222 1434 Auferes
3249 1377 3521 1449 spiritum
3547 1394 3642 1433 eo-

1990 1479 2143 1530 rum,
2175 1467 2234 1544 et
2265 1464 2554 1530 deficient,
2587 1470 2643 1520 et
2676 1466 2732 1519 in
2767 1467 3060 1535 pulverem
3095 1483 3271 1522 suum
3302 1471 3642 1522 converten-

1989 1556 2104 1607 tur.
2162 1553 2404 1608 Emittes
2455 1554 2729 1624 spiritum
2788 1561 2977 1622 tuum,
3046 1559 3103 1610 et
3149 1555 3537 1611 creabuntur:
3591 1560 3646 1610 et

1991 1642 2299 1696 renovabis
2331 1642 2537 1697 faciem
2570 1647 2736 1697 terra;
2769 1645 2939 1713 (Psul.
2990 1660 3110 1710 cm,
3145 1645 3357 1714 27-30).
3393 1666 3422 1693 »
3451 1646 3646 1716 Agno-

1993 1730 2110 1784 scis
2141 1747 2267 1800 qute
2299 1731 2376 1785 sit
2415 1747 2546 1786 esca
2591 1749 2762 1802 quam
2822 1733 2974 1786 Deus
3027 1732 3366 1788 hominibus
3415 1731 3645 1787 submi-

1995 1819 2207 1873 nistrat
2228 1819 2255 1872 ?
2279 1820 2404 1890 ipse
2426 1823 2516 1875 est
2538 1820 2705 1875 cibus
2729 1838 2901 1890 quem
2935 1821 3258 1876 secundum
3285 1820 3645 1876 voluntatem

1992 1907 2180 1962 Patris
2213 1906 2552 1979 unigenitus
2585 1907 2772 1963 Filius
2806 1911 2934 1979 ejus
2965 1908 3246 1964 Dominus
3279 1913 3478 1965 noster
3506 1921 3644 1980 epu-

1991 1993 2363 2073 1atur,_sicut
2396 1997 2520 2068 ipse
2552 1997 2670 2052 ait:
2711 2022 2729 2045 α
2769 1999 2928 2053 Meus
2969 1998 3136 2052 cibus
3186 2003 3294 2065 est,
3344 2002 3409 2052 ut
3437 1996 3644 2053 faciam

1992 2081 2350 2139 voluntatem
2399 2085 2590 2140 Patris
2622 2086 2758 2151 mei,
2790 2085 2886 2156 qui
2938 2085 2998 2140 in
3047 2085 3205 2142 cmlis
3235 2089 3324 2141 est
3352 2087 3530 2156 (Joan.
3565 2102 3642 2153 ιν)

1993 2173 2105 2243 34).
2135 2195 2164 2222 ››
2194 2171 2294 2228 Hic
2324 2174 2491 2229 cibus
2524 2174 2691 2230 nobis
2731 2180 2820 2229 est
2861 2174 3156 2241 salutaris,
3205 2179 3270 2231 et'
3315 2174 3522 2231 omnia.
3543 2173 3643 2230 Dei

1995 2265 2133 2316 sunt
2164 2260 2468 2318 salutaria.
3485 2257 3492 2260 ’

2062 2349 2154 2404 89.
2177 2351 2361 2406 Audis
2392 2352 2660 2424 quaedam
2693 2352 2794 2408 Dei
2828 2353 3109 2421 membra,
3144 2367 3426 2424 cognosce
3463 2351 3643 2408 virtu-

1994 2441 2100 2492 tes.
2136 2438 2346 2494 Manus
2392 2439 2608 2512 quippe
2654 2441 2807 2510 ejus,
2859 2441 3162 2512 plenitudo
3211 2441 3642 2497 bonitatis'est:

1994 2525 2172 2581 facies
2203 2527 2351 2597 ejus,
2376 2526 2732 2584 illuminatio
2773 2529 2984 2585 mentis
3015 2533 3121 2585 est.
3165 2530 3234 2584 Et
3254 2529 3383 2585 ideo
3415 2545 3648 2600 semper

1995 2615 2066 2670 ab
2099 2631 2165 2670 eo
2215 2631 2542 2687 speremus,
2593 2617 2650 2671 in
2703 2617 2896 2688 ipsum
2947 2622 3082 2673 vota
3121 2621 3321 2673 nostra
3362 2623 3418 2674 et
3449 2617 3647 2672 omnia

1995 2703 2191 2758 studia
2215 2704 2568 2775 dirigamus;
2591 2721 2692 2760 nec
2710 2706 3111 2777 desperemus,
3134 2705 3244 2761 etsi
3267 2704 3652 2778 corporaliter

1994 2808 2128 2848 eum
2159 2793 2355 2848 videre
2386 2810 2500 2848 non
2533 2810 2850 2866 possumus
2879 2812 2892 2862 ;
2929 2811 3118 2866 neque
3142 2795 3299 2850 enim
3319 2794 3648 2866 desperavit

1997 2881 2245 2953 Moyses,
2279 2880 2373 2936 cui
2402 2882 2626 2937 dictum
2661 2887 2786 2938 est:
2823 2881 2998 2938 «Non
3025 2887 3191 2954 potes
3221 2883 3414 2938 videre
3438 2883 3646 2938 faciem

1998 2987 2226 3038 meam;
2263 2987 2378 3026 non
2413 2971 2565 3027 enim
2599 2971 2817 3027 videbit
2865 2972 3073 3027 faciem
3124 2988 3314 3027 meam
3363 2971 3556 3039 homo,
3591 2977 3648 3026 et

1997 3055 2144 3110 vivet
2176 3057 2368 3125 (Exod.
2404 3074 2602 3122 xxxm,
2637 3059 2748 3129 20).
2785 3080 2813 3107 ››
2845 3059 2916 3113 Et
2958 3058 3215 3114 addidit:
3248 3081 3276 3109 ‹‹
3310 3059 3452 3114 Ecce
3482 3058 3650 3114 locus

1997 3143 2150 3215 apud
2179 3145 2484 3209 me,stabis
2515 3145 2574 3200 in
2606 3150 2772 3218 petra
2802 3165 2814 3212 ;
2845 3150 2900 3202 et
2931 3164 3064 3201 cum
3097 3147 3428 3202 transierict
3456 3145 3657 3219 gloria

243 3236 436 3292 sancti
465 3235 749 3308 Apostoli,
784 3235 879 3308 qui
935 3251 1065 3291 vere
1092 3235 1377 3306 interpres
1423 3239 1511 3291 est
1551 3235 1786 3302 Christi,
1821 3240 1886 3290 ut
1915 3219 1957 3285 C
1997 3248 2144 3300 mea,
2179 3248 2392 3303 ponam
2427 3238 2483 3288 te
2512 3233 2572 3289 in
2604 3249 2909 3289 cavernam
2961 3240 3154 3305 petrae,
3197 3239 3252 3288 et
3300 3233 3558 3306 operiam
3589 3240 3641 3289 te

246 3324 616 3396 aptioreeum
630 3340 804 3380 sensu
819 3327 1154 3380 etsermone
1167 3323 1382 3379 nostris
1396 3323 1727 3378 infunderet
1739 3340 1890 3379 men-

244 3413 438 3469 tibus:
457 3413 615 3468 unde
633 3412 714 3468 ait
737 3429 794 3466 :«
813 3411 1096 3476 Quoniam
1111 3411 1377 3482 Deusqui
1390 3411 1616 3466 dixitde
1633 3411 1889 3467 tenebris

247 3500 452 3560 lumen
482 3500 910 3574 splendescere,
939 3499 1130 3558 illuxit
1154 3500 1214 3556 in
1243 3499 1518 3565 cordibus
1546 3497 1780 3567 nostris,
1815 3501 1888 3556 ad

243 3588 742 3652 illuminationem
774 3587 1030 3645 scientiae
1065 3588 1347 3644 claritatis
1395 3587 1620 3644 Domini
1652 3588 1712 3643 in
1744 3587 1889 3644 facie

241 3677 460 3734 Christi
490 3677 632 3733 Jesu
663 3679 734 3746 (II
759 3679 882 3734 Cor.
935 3695 1010 3743 IV,
1052 3681 1126 3746 ti).
1163 3698 1191 3726 »
1242 3676 1348 3732 Ubi
1389 3676 1580 3750 igitur
1627 3677 1686 3732 in
1720 3676 1888 3733 nobis

241 3765 503 3822 reluceat
519 3765 804 3834 Christus,
829 3764 1180 3821 audivimus.
1215 3766 1316 3821 Est
1333 3765 1488 3820 enim
1514 3765 1704 3838 fulgor
1724 3770 1886 3821 aster-

240 3871 355 3911 nus
387 3853 745 3917 animorum,
779 3871 950 3926 quem
1002 3853 1131 3910 ideo
1182 3853 1350 3910 Pater
1400 3853 1558 3909 misit
1586 3853 1645 3908 in
1679 3859 1886 3920 terras,

239 3947 305 3998 ut
333 3945 470 4015 ejus
489 3941 808 3998 illuminati
829 3942 1018 4010 vultu,
1040 3947 1254 3998 aeterna
1273 3947 1331 3998 et
1349 3942 1604 3999 coelestia
1625 3948 1887 4014 spectare

237 4035 562 4101 possimus,
615 4032 713 4104 qui
761 4036 894 4086 ante
941 4036 1174 4087 terrena
1225 4031 1472 4103 caligine
1519 4032 1883 4088 tenebamur.

233 4119 382 4183 Quid
418 4119 491 4174 de
521 4119 750 4176 Christo
779 4118 1008 4192 loquar,
1039 4119 1388 4176 cuuretiam
1419 4119 1626 4175 Petrus
1657 4124 1886 4192 aposto-

229 4206 325 4265 lus
359 4207 573 4265 dixerit
604 4208 675 4263 ad
707 4207 872 4262 illum
905 4207 1182 4263 claudum
1205 4224 1272 4263 ex
1301 4212 1464 4264 utero
1487 4207 1694 4264 matris
1725 4226 1842 4264 sua:
1865 4227 1883 4263 :

235 4296 544 4370 «Respice
585 4295 644 4350 in
695 4313 799 4352 nos
849 4299 986 4365 (Act.
1040 4311 1127 4364 ιιι,
1180 4296 1318 4367 l1),»
1368 4297 1467 4368 qui
1515 4297 1771 4369 respexit
1822 4298 1883 4352 in

227 4385 504 4456 Petrum,
557 4389 614 4441 et
660 4384 793 4440 ﬁdei
846 4384 1212 4440 illuminatus
1261 4388 1350 4440 est
1402 4383 1642 4456 gratia?
1686 4385 1883 4457 Neque

229 4475 398 4536 enim
423 4473 744 4545 accepisset
770 4472 1092 4530 remedium
1143 4471 1438 4540 sanitatis,
1488 4473 1603 4530 nisi
1633 4473 1883 4531 ﬁdeliter

227 4561 801 4622 credidisset..Unde
822 4578 960 4618 cum
978 4561 1531 4632 tanta-gloriaesset
1560 4561 1619 4617 in
1651 4568 1880 4635 aposto-
1911 4585 1956 4648 D

223 4649 614 4717 lis,.audiaus
658 4651 910 4706 transire
955 4649 1271 4708 Dominum
1319 4649 1526 4707 Jeeum
1575 4650 1902 4708 Zacchzeus.

224 4738 1377 4810 ascenditin.arb0rem,.quia.exiguus
1431 4743 1488 4794 et
1534 4738 1786 4811 pusillus
1819 4741 1878 4795 in

222 4829 588 4885 turbamum
611 4826 818 4884 videre
836 4829 1228 4898 nonpoteratt
1268 4825 1438 4884 Vidit
1470 4827 1791 4894 Christum,
1824 4833 1896 4885 et-

222 4916 440 4973 lumen
468 4915 705 4973 invenit.
737 4915 897 4971 Vidit
922 4932 1080 4981 eum,
1106 4921 1163 4972 et
1193 4914 1297 4988 qui
1325 4919 1457 4971 ante
1479 4915 1668 4972 aliena
1690 4917 1877 4988 rapie~

219 5005 348 5072 bat,
385 5021 494 5060 sua
523 5002 787 5060 contulit.
823 5003 1023 5059 Merito
1054 5019 1190 5076 ergo
1221 5003 1422 5058 dicunt
1453 5003 1550 5060 isti
1578 5023 1590 5059 :
1627 5029 1652 5054 ‹‹
1689 5007 1876 5070 Quare

219 5092 442 5149 faciem
473 5097 635 5150 tuam
667 5093 878 5148 avertis
896 5092 923 5147 7
947 5113 975 5144 »

293 5181 599 5238 924.88.
645 5182 760 5236 Aut
810 5181 1056 5237 fortasse
1100 5183 1406 5252 propterea
1450 5181 1700 5251 dioitur,:
1737 5183 1893 5256 quia;

218 5269 704 5327 desiderantibus
735 5269 948 5327 Christi
999 5285 1226 5326 moram
1273 5270 1520 5327 faciebat
1564 5271 1870 5331 adventus.

217 5359 368 5432 Ipse.
391 5358 548 5414 enim
565 5362 670 5416 .est
688 5359 893 5415 vultus
917 5358 1134 5425 Patris,
1153 5358 1253 5431 qui
1275 5359 1578 5434 est-imago
1606 5365 1666 5418 et
1688 5361 1876 5436 gloria

216 5447 353 5503 Dei.
391 5445 551 5504 Certe
582 5446 632 5503 si
663 5463 780 5504 non
811 5447 886 5505 ad
922 5447 1376 5506 :Inearnatiou-is.
1403 5450 1531 5520 ejus
1580 5449 1690 5507 hoc
1721 5451 1868 5507 acci—

2001 3337 2175 3375 manu
2241 3338 2391 3391 mea,
2440 3323 2622 3377 donec
2673 3328 2988 3387 transeam,
3041 3326 3096 3376 et
3150 3321 3351 3376 tollam
3399 3337 3640 3377 manum

1999 3424 2212 3476 meam,
2265 3414 2321 3465 et
2367 3410 2592 3465 videbis
2636 3411 2958 3482 posteriora
2990 3426 3140 3475 mea,
3193 3409 3398 3465 faciem
3446 3414 3656 3466 autem

1999 3514 2187 3554 meam
2220 3498 2412 3553 videre
2442 3516 2557 3554 non
2589 3499 2804 3570 poteris
2835 3499 2994 3565 (Ibid.
3026 3499 3238 3568 21-23).
3289 3521 3317 3548 »
3349 3498 3474 3555 Non
3504 3515 3640 3572 ergo

1996 3587 2224 3642 videtur
2253 3588 2324 3642 ab
2353 3587 2589 3644 homine
2621 3587 2797 3643 facies
2829 3588 2948 3644 Dei.
3002 3589 3101 3644 Est
3147 3591 3342 3644 tamen
3389 3587 3554 3644 locus
3583 3588 3642 3643 in

1997 3692 2113 3747 quo
2145 3676 2256 3732 ﬁde
2286 3693 2349 3732 se
2380 3680 2667 3732 monstret
2715 3676 2938 3732 homini
2989 3678 3161 3733 Deus.
3217 3677 3315 3734 Est
3357 3677 3452 3732 hic
3479 3677 3660 3733 locus»

1997 3765 2151 3835 apud
2187 3767 2385 3832 Deum,
2414 3770 2472 3822 et
2502 3766 2634 3821 ideo
2665 3765 3084 3822 sisteterimus
3113 3767 3174 3821 in
3223 3771 3406 3838 petra,
3440 3766 3499 3822 id
3531 3771 3640 3833 est,

1998 3852 2056 3907 in
2090 3855 2283 3909 carnis
2315 3853 2487 3910 istius
2519 3854 2878 3911 conscientia
2907 3855 3043 3926 (31),
3074 3860 3131 3910 et
3179 3855 3312 3910 fidei
3343 3855 3639 3921 ﬁrmitate,

1996 3942 2104 3996 etsi
2127 3941 2553 4013 plenitudinem
2575 3945 2704 4014 ejus
2725 3944 2920 3999 videre
2938 3959 3055 3998 non
3077 3958 3418 4014 possumus,
3441 3948 3658 3999 tamen

1996 4036 2282 4102 quantum
2313 4048 2654 4102 possumus,
2687 4031 2856 4103 quasi
2909 4030 3187 4103 reliquias
3237 4033 3364 4103 ejus
3396 4031 3640 4087 luminis

1994 4119 2357 4176 hauriemus.
2391 4121 2588 4190 Neque
2621 4120 2779 4175 enim
2810 4119 3039 4192 Moyses
3087 4124 3269 4175 totam
3319 4120 3640 4176 divinitatis

1994 4207 2122 4278 ejus
2172 4207 2597 4279 plenitudinem
2646 4207 2810 4276 vidit,
2867 4224 2992 4280 quae
3041 4208 3268 4264 habitat
3315 4209 3371 4263 in
3413 4209 3640 4266 Christo

1993 4295 2412 4367 corporaliter;
2483 4297 2583 4352 sed
2630 4296 2780 4351 vidit
2838 4296 3161 4368 posteriora
3210 4297 3449 4367 Christi,
3496 4298 3642 4354 vidit

1992 4381 2361 4455 splendorem
2394 4384 2522 4454 ejus
2553 4387 2617 4438 ut
2646 4383 2844 4450 homo,
2875 4383 3021 4438 vidit
3058 4385 3186 4454 ejus
3225 4384 3471 4457 gloriam
3507 4402 3639 4456 pas-

1991 4471 2196 4541 sionis,
2229 4489 2331 4544 per
2361 4489 2540 4544 quam
2573 4488 2819 4545 regnum
2863 4472 3032 4531 nobis
3080 4471 3308 4528 caeleste
3343 4473 3636 4529 rcseravit.

2060 4562 2148 4616 90.
2198 4561 2413 4634 Aquila
2465 4566 2686 4630 autem,
2737 4585 2765 4612 ‹‹
2797 4563 2986 4628 Quare
3031 4562 3241 4618 faciem
3291 4567 3456 4618 tuam
3502 4564 3638 4617 abs-

1991 4651 2214 4721 condis,
2249 4675 2276 4704 ››
2308 4650 2544 4723 posuit;
2593 4652 2693 4708 sed
2741 4651 2918 4708 etiam
2968 4653 3177 4718 cmteri,
3225 4653 3379 4724 quod
3411 4651 3642 4706 videtur

1991 4739 2295 4795 convenire
2327 4756 2464 4796 cum
2494 4739 2672 4812 Moysi
2703 4739 2899 4800 dictis.
2933 4741 3034 4812 qui
3066 4741 3179 4795 ait:
3218 4765 3242 4787 ‹‹
3294 4741 3640 4794 Demonstra

1989 4832 2046 4884 te
2095 4829 2239 4884 mihi
2288 4829 2479 4898 (Exod.
2535 4846 2738 4897 xxxiii,
2793 4831 2881 4899 13)
2914 4853 2938 4877 ››
2994 4830 3164 4900 quasi
3211 4829 3463 4882 diceret:
3510 4825 3637 4881 Noli

1989 4917 2218 4973 vultum
2250 4922 2418 4974 tuum
2451 4918 2596 4974 mihi
2627 4919 3004 4984 abscondere,
3037 4918 3138 4971 sed
3175 4915 3362 4987 magis
3391 4916 3634 4970 demon-

1986 5009 2109 5062 stra
2134 5006 2329 5062 videre
2360 5007 2635 5078 cupienti.

2055 5095 2150 5151 91.
2179 5095 2248 5150 Et
2279 5095 2544 5150 addidit:
2581 5118 2609 5143 ‹‹
2655 5093 3052 5159 Oblivisceris,
3108 5092 3318 5164 inquit,
3371 5091 3629 5164 inopiam

1986 5188 2268 5250 nostram,
2304 5187 2362 5238 et
2391 5180 2829 5237 tribulationem
2861 5187 3143 5237 nostram.
3177 5203 3204 5230 υ
3241 5181 3319 5236 De
3361 5197 3476 5252 qua
3507 5181 3628 5236 ino-

1986 5273 2083 5344 pia
2111 5271 2254 5327 dicit
2283 5275 2520 5327 sanctus
2551 5269 2839 5340 PrOpheta
2869 5269 3023 5340 quod
3056 5269 3115 5323 in
3155 5268 3501 5324 oblivionem
3536 5286 3630 5325 ve-

1984 5361 2135 5417 nerit
2165 5359 2316 5415 Dei?
2346 5363 2451 5414 aut
2480 5375 2606 5430 qua:
2628 5363 2718 5412 est
2745 5358 2860 5413 ista
2891 5357 3110 5429 inopia,
3133 5375 3310 5430 quam
3342 5359 3629 5414 excidisse

1984 5451 2102 5506 Deo
2150 5454 2347 5504 nostro
2398 5452 2454 5501 et
2500 5446 2744 5502 Domino
2796 5447 3230 5518 conqueratur?
3276 5447 3397 5502 Non
3442 5448 3629 5504 otiosa

293 5679 416 5759 (31)
467 5679 529 5738 Id
578 5683 686 5747 est,
734 5677 1064 5754 cognitione
1114 5695 1180 5737 ac
1227 5678 1340 5736 fide
1391 5679 1581 5737 carnis
1629 5681 1868 5754 Christi,
1911 5699 2089 5760 quam
2121 5686 2284 5758 petra
2317 5678 2418 5739 illa
2450 5677 2876 5755 praefigurabat.
