3860 6206
212 323 366 390 1187

1673 331 1735 391 S.
1786 326 2152 396 AMBROSII

3461 337 3618 402 1188

209 469 288 517 est
328 462 541 534 inopia,
575 455 689 517 nisi
721 463 867 517 forte
897 477 965 518 ea
994 473 1120 534 quae
1153 465 1536 535 protectorem
1564 468 1768 519 Deum
1802 469 1858 520 et
1887 465 1940 532 Α
1971 482 2099 521 esse
2140 469 2477 539 promeruit.
2528 467 2788 540 Denique
2838 472 2900 524 ut
2960 464 3110 526 scias
3167 468 3308 542 quia
3357 469 3616 527 dilatavit

223 555 718 608 remuneratorcm
767 551 979 606 habere
1037 553 1422 608 consueverit.
1469 553 1525 606 Si
1569 553 1724 609 enim
1775 556 1863 609 est

206 639 508 712 inopiacui
529 644 684 712 patet
707 656 952 712 regnum
977 639 1277 709 caelorum,
1304 645 1456 697 recte
1479 640 1573 696 isti
1596 642 1856 714 inopiam

210 747 378 785 suam
429 728 643 784 divinis
693 729 976 784 excidisse
1024 729 1297 785 sensibus
1326 729 1709 799 arbitrantur,
1760 731 1860 802 qui

209 817 464 873 animam
500 835 666 873 suam
703 816 1076 872 humiliatam
1108 817 1165 872 in
1199 818 1433 890 pulvere
1455 818 1858 890 deplorabant,

207 910 263 961 et
290 910 546 961 ventrem
595 922 771 960 suum
813 905 870 960 in
916 911 1071 962 terra
1098 907 1249 963 925
1300 907 1516 962 haerere
1563 907 1854 964 dicebant.

206 994 312 1058 Qui
347 997 543 1050 autem
578 994 636 1048 in
673 1000 824 1050 terra
855 995 1094 1060 haerent,
1129 996 1402 1050 videntur
1437 995 1634 1050 divina
1662 1000 1857 1067 prote-

205 1083 394 1138 ctione
444 1082 679 1155 privari.
737 1085 870 1148 Qua:
936 1083 1013 1137 sit
1059 1099 1195 1155 ergo
1247 1084 1360 1138 ista
1410 1083 1625 1156 inopia,
1679 1085 1852 1140 audi:

207 1194 232 1220 ‹‹
266 1171 424 1226 Beati
449 1171 603 1226 enim
631 1187 918 1242 pauperes
941 1170 1174 1242 spiritu,
1199 1172 1462 1243 ipsorum
1486 1171 1640 1226 enim
1663 1177 1752 1228 est
1773 1189 1856 1228 re-

201 1274 384 1330 gnum
407 1258 685 1314 caelorum
725 1259 938 1328 (illatlh.
973 1277 1026 1327 v,
1059 1261 1135 1329 3).
1171 1283 1196 1307 ››
1228 1261 1281 1314 Si
1334 1276 1469 1333 ergo
1501 1261 1670 1316 beata
1710 1278 1851 1332 pau-

202 1353 396 1419 pertas
427 1351 535 1415 est,
570 1348 658 1402 cui
695 1350 856 1418 patet
883 1347 1118 1413 ccelum,
1154 1352 1416 1404 terrenas
1440 1348 1584 1404 istas
1617 1348 1854 1405 divitias

202 1435 590 1508 negligamus,
616 1435 978 1508 corporalem
998 1437 1445 1493 redundantiam
1462 1437 1849 1494 declinemus.

201 1526 529 1596 Sequamur
559 1524 802 1596 vestigia
834 1524 1230 1596 apostolorum
1261 1527 1396 1598 (82),
1431 1531 1562 1581 ante
1595 1542 1850 1597 quorum

200 1613 374 1684 pedes
400 1613 809 1685 unusquisque
842 1614 995 1685 quod
1029 1613 1284 1669 habebat
1322 1614 1578 1686 pecuniae
1607 1632 1675 1670 ex
1707 1631 1846 1670 suo-

200 1719 328 1756 rum
380 1718 652 1774 agrorum
718 1703 901 1773 pretio
946 1702 1322 1770 conferebat,
1374 1706 1438 1758 ut
1489 1702 1848 1774 pauperibus

1976 554 2150 612 Paulo
2185 557 2466 613 Dominus
2509 557 2706 626 Jesus,
2755 556 2891 614 audi
2935 558 3132 631 ipsum
3159 557 3506 632 Apostolum
3535 561 3617 615 di-

1971 648 2292 700 centem:«
2320 646 2398 702 Os
2429 647 2892 708 nostrum,926
2939 650 3098 719 patet
3144 648 3218 703 ad
3266 664 3394 715 vos,
3446 663 3478 702 ο
3509 647 3613 704 Co-

1975 732 2198 800 rinthii,
2253 750 2353 789 cor
2399 739 2665 790 nostrum
2711 733 3024 790 dilatatum
3073 739 3161 790 est
3217 736 3292 805 (II
3353 736 3485 792 Cor.
3533 753 3610 802 vr,

1975 821 2080 891 11).
2137 843 2165 869 ››
2221 822 2395 893 Aperi
2457 839 2592 895 ergo
2643 839 2729 889 os,
2779 823 3053 880 conﬁtere
3100 823 3429 890 Christum,
3474 824 3608 896 quia

1973 907 2275 980 plenitudo
2305 915 2430 967 est:
2466 911 2566 967 ubi
2597 910 2921 984 plenitudo,
2953 911 3032 966 ibi
3054 911 3231 968 etiam
3252 910 3522 968 latitudo.
3545 913 3609 967 Et

1971 997 2142 1068 quasi
2167 997 2356 1053 bonus
2389 997 2667 1070 magister
2695 1000 2795 1072 qui
2827 999 3145 1071 discipulos
3184 999 3402 1056 habere
3446 1005 3602 1072 opta-

1969 1089 2055 1140 ret
2081 1084 2354 1156 aequales,
2386 1103 2494 1142 nos
2524 1102 2757 1160 quoque
2785 1088 3054 1144 hortatus
3102 1092 3192 1143 est
3241 1091 3308 1144 ut
3337 1087 3606 1144 dilatare-

1967 1189 2121 1240 mur,
2155 1174 2396 1230 dicens:
2431 1198 2458 1223 ‹‹
2493 1173 2827 1230 Dilatamini
2860 1181 2914 1230 et
2953 1192 3055 1232 vos
3085 1175 3248 1243 (Ibid.
3285 1175 3396 1247 13).
3443 1198 3470 1224 ››

2035 1263 2124 1316 93.
2164 1262 2308 1317 Cum
2340 1265 2532 1318 autem
2567 1263 2719 1319 Deus
2749 1263 2969 1320 alicubi
3020 1264 3076 1320 in
3122 1263 3501 1321 tribulatione
3530 1263 3609 1319 di-

1965 1348 2110 1405 latat
2158 1350 2291 1420 (8'3),
2341 1354 2482 1406 tunc
2534 1351 2599 1406 fit
2653 1350 2898 1408 latitudo
2965 1353 3180 1417 cordis,
3231 1352 3396 1408 sicut
3443 1367 3614 1408 arena

1963 1438 2143 1494 maris
2173 1437 2642 1495 innumerabilis.
2695 1441 2830 1505 Quae
2873 1440 2952 1495 sit
2992 1439 3106 1496 ista
3158 1439 3442 1506 latutido,
3477 1441 3609 1495 audi

1962 1525 2250 1582 dicentem
2286 1531 2553 1581 sanctum
2598 1525 2969 1582 Salomonem
3000 1529 3112 1597 (83)
3145 1545 3157 1583 :
3211 1550 3238 1577 ι(
3300 1528 3528 1600 Optavi,
3556 1533 3612 1584 et

1959 1616 2134 1670 datus
2165 1619 2252 1670 est
2286 1614 2428 1670 mihi
2461 1631 2704 1671 sensus:
2741 1620 2797 1671 et
2827 1615 3107 1682 invocavi,
3140 1620 3198 1671 et
3239 1615 3404 1672 venit
3432 1617 3493 1672 in
3525 1633 3612 1673 me

1958 1704 2200 1776 Spiritus
2231 1703 2532 1776 sapientia:
2564 1704 2713 1776 (Sap.
2748 1721 2849 1770 vn,
2887 1706 2964 1774 7).
3017 1704 3090 1760 Ut
3131 1705 3296 1760 enim
3329 1705 3613 1776 acciperet

198 1790 658 1860 dispensaretur.
695 1790 870 1845 Istam
908 1791 1087 1862 igitur
1136 1791 1395 1863 inopiam
1445 1791 1843 1864 evangelicam
1879 1828 1926 1893 Β
1959 1791 2308 1864 sapientiam
2341 1810 2374 1847 a
2404 1792 2540 1858 Deo,
2578 1809 2690 1847 non
2741 1792 2993 1859 divitias,
3049 1809 3164 1848 non
3218 1792 3609 1860 nobilitatem,

198 1878 292 1932 hic
325 1878 510 1932 sancti
544 1878 649 1932 viri
697 1878 880 1933 multo
928 1883 1061 1934 ante
1107 1895 1368 1935 exercere
1418 1886 1711 1952 cmperant
1744 1899 1756 1947 ;
1791 1885 1845 1936 et
1879 1878 1926 1893 ⁵’
1957 1897 2070 1935 non
2101 1883 2470 1952 potestatem,
2523 1881 2622 1936 sed
2673 1879 3018 1952 sapientiam
3073 1879 3412 1952 postulavit,
3457 1885 3514 1936 et
3544 1881 3599 1935 in

201 1967 327 2022 ideo
357 1966 628 2022 dicebant
658 1984 669 2020 :
705 1991 730 2015 ‹‹
767 1967 1138 2023 Oblivisceris
1184 1968 1444 2040 inopiam
1500 1973 1784 2024 nostram.
1815 1991 1841 2019 ››

199 2055 340 2111 Tale
375 2059 466 2111 est
493 2055 622 2125 hoc,
662 2055 834 2128 quale
868 2055 1010 2111 illud
1046 2056 1432 2129 apostolicum
1462 2075 1474 2113 :
1515 2081 1541 2106 ››
1563 2058 1708 2114 Ecce
1738 2075 1844 2113 nos

198 2143 548 2214 reliquimus
580 2145 801 2210 omnia,
836 2148 894 2199 et
922 2144 1104 2200 secuti
1149 2161 1357 2200 sumus
1400 2149 1453 2200 te
1485 2143 1691 2215 (Matth.
1727 2163 1844 2212 xxx,

196 2233 306 2302 27).
343 2255 368 2281 ››
405 2233 562 2287 Bona
583 2249 720 2303 ergo
741 2237 1075 2304 paupertas,
1104 2250 1230 2304 quae
1263 2250 1297 2288 a
1321 2232 1530 2304 pietate
1563 2234 1842 2305 procedit,

198 2323 253 2374 et
282 2319 564 2376 virtutum
596 2320 1002 2375 exercitatione
1034 2321 1380 2392 suscipitur.

267 2411 355 2463 92.
390 2408 506 2463 Nec
537 2408 727 2463 solum
761 2409 1039 2480 inopiam,
1074 2409 1172 2464 sed
1205 2411 1379 2466 etiam
1402 2409 1846 2467 tribulationem

199 2513 366 2552 suam
401 2497 461 2551 in
493 2496 840 2552 oblivionem
891 2497 1004 2553 Deo
1042 2497 1272 2553 venisse
1317 2497 1642 2570 deplorant.
1678 2499 1848 2553 Bona:

199 2589 336 2641 sunt
365 2590 420 2639 et
448 2584 858 2641 tribulationes
889 2602 1016 2657 quae
1055 2591 1195 2642 sunt
1243 2587 1488 2659 propriae
1520 2588 1841 2659 justorum,

199 2675 299 2746 qui
332 2691 446 2730 non
475 2690 577 2746 pro
617 2674 841 2729 meritis
875 2675 1021 2740 suis,
1055 2675 1154 2730 sed
1203 2692 1306 2746 pro
1338 2676 1552 2746 pietate
1585 2692 1682 2730 eas
1715 2693 1844 2730 sus-

197 2763 426 2819 tinent:
461 2762 519 2817 in
551 2763 768 2834 quibus
791 2764 993 2834 justus
1025 2779 1139 2818 non
1171 2763 1464 2831 atteritur,
1497 2764 1597 2819 sed
1638 2762 1843 2818 dilata-

203 2856 316 2918 tur,
351 2852 504 2907 sicut
533 2856 772 2907 sanctus
805 2851 1092 2922 Propheta
1139 2851 1395 2907 declarat
1443 2852 1680 2907 dicens:
1717 2875 1743 2899 ‹‹
1781 2852 1841 2906 In

203 2939 577 2996 tribulatione
608 2938 865 2994 dilatasti
908 2939 1052 2994 mihi
1099 2940 1270 3011 (Psal.
1322 2957 1399 3005 1v,
1449 2942 1524 3010 2).
1565 2963 1585 2988 η
1620 2939 1688 2994 Et
1719 2939 1844 3010 ipse

200 3028 485 3084 Dominus
508 3027 680 3084 Jesus
709 3027 790 3082 ait
822 3043 833 3082 :
871 3050 897 3075 «
932 3033 994 3082 In
1026 3027 1398 3083 tribulatione
1444 3028 1697 3084 invocavi
1731 3028 1840 3083 Do-

199 3119 452 3186 minum,
484 3120 540 3172 et
566 3116 856 3172 exaudivit
877 3133 968 3172 me
993 3118 1048 3171 in
1069 3116 1445 3172 latitudinem
1470 3117 1638 3187 (Psal.
1663 3133 1840 3183 cxvu,

1954 1969 2054 2024 illa
2110 1969 2311 2024 omnia
2387 1985 2513 2041 quas
2573 1967 2750 2024 etiam
2823 1985 2939 2024 non
3000 1968 3312 2039 postulavit
3361 1969 3599 2024 invenit.

1955 2057 2120 2114 Unde
2155 2057 2455 2129 Scriptura
2485 2056 2632 2112 dicit
2661 2056 2802 2128 quia
2829 2055 2964 2112 talis
2993 2061 3118 2112 erat
3136 2056 3387 2112 latitudo
3418 2057 3603 2113 cordis

1955 2147 2103 2217 ejus,
2159 2146 2309 2201 sicut
2358 2162 2534 2202 arena
2591 2145 2771 2201 maris
2827 2144 3275 2200 innumerabilis
3323 2144 3432 2214 (ιη
3474 2147 3599 2214 Reg.

1957 2251 2031 2299 ιν,
2063 2234 2178 2303 29).
2231 2233 2394 2288 Unde
2445 2232 2596 2288 hanc
2645 2233 2934 2305 percipias
2977 2231 3371 2299 latitudinem,
3418 2233 3501 2288 ait
3532 2233 3600 2288 de

1956 2324 2149 2394 seipso
2180 2338 2578 2393 cognoscens:
2613 2345 2640 2372 ‹‹
2687 2322 2750 2376 In
2798 2320 3107 2376 latitudine
3147 2320 3340 2396 cordis
3386 2321 3474 2376 tui
3503 2320 3600 2376 de-

1957 2409 2144 2466 scribe
2173 2425 2301 2465 eam
2338 2409 2517 2480 (Prov.
2551 2427 2650 2477 vn,
2683 2411 2757 2480 3).
2811 2433 2838 2459 ››
2884 2410 2953 2464 Et
3001 2408 3127 2464 ideo
3175 2409 3275 2480 qui
3307 2408 3488 2464 habet
3511 2424 3600 2464 sa-

1959 2497 2263 2571 pientiam,
2296 2515 2413 2554 non
2441 2498 2500 2553 in
2533 2497 2758 2553 occulto
2791 2501 2984 2552 teneat
3021 2513 3170 2563 eam,
3223 2513 3341 2553 non
3370 2497 3446 2553 ad
3476 2512 3600 2552 mo-

1956 2590 2260 2655 mentum;
2311 2587 2413 2642 aed
2465 2590 2635 2641 canat
2682 2603 2810 2641 eam
2860 2585 2917 2640 in
2949 2585 3141 2641 exitu:
3190 2584 3414 2657 ubique
3445 2586 3596 2658 quod

1958 2675 2154 2741 sentit,
2190 2691 2325 2730 cum
2356 2675 2702 2732 auctoritate
2740 2673 3032 2747 praedicet.

2021 2764 2109 2819 94.
2140 2763 2528 2836 Symmachus
2557 2767 2752 2820 autem
2785 2778 2886 2836 pro
2932 2760 3308 2817 tribulatione
3351 2761 3600 2818 afﬂicta-

1953 2851 2169 2907 tionem
2203 2853 2416 2924 posuit.
2451 2852 2583 2907 Sive
2623 2855 2822 2907 tamen
2874 2849 3170 2908 amictatio
3214 2849 3312 2920 sit,
3355 2851 3478 2906 sive
3502 2850 3599 2904 tri-

1956 2939 2198 3007 bulatio,
2234 2957 2380 3011 opus
2436 2943 2526 2995 est
2567 2944 2630 2994 ut
2679 2956 2783 2995 nos
2840 2955 3190 2996 maneamus
3240 2938 3297 2993 in
3329 2937 3596 3002 Domino,

1954 3045 2058 3083 nec
2091 3028 2162 3083 ab
2211 3029 2413 3084 eodem
2466 3029 2830 3095 recedamus,
2879 3027 3162 3098 quoniam
3207 3025 3461 3100 proauis
3491 3026 3598 3082 Do-

1956 3116 2113 3172 mino
2143 3121 2202 3172 et
2231 3116 2542 3172 assistente
2587 3115 2776 3183 nobis,
2827 3131 2998 3172 omne
3047 3119 3347 3172 certamen
3377 3113 3601 3176 fortiter

200 3208 277 3277 5).
323 3231 348 3255 ››
391 3206 664 3262 Dilatavit
714 3209 915 3262 sancto
962 3205 1224 3279 apostolo
1271 3205 1468 3274 Paulo,
1517 3206 1748 3277 quando
1790 3205 1836 3261 ei
1873 3189 1914 3255 C
1952 3221 2272 3276 possumus
2301 3204 2612 3260 sustinere.
2647 3204 2706 3259 Si
2747 3207 2943 3259 autem
2994 3203 3310 3260 Dominum
3340 3201 3598 3276 negliga-

200 3295 501 3352 oculorum
552 3295 746 3350 lumen
798 3294 1048 3367 eripuit;
1104 3295 1183 3350 ita
1223 3295 1380 3350 enim
1424 3295 1726 3350 confessus
1756 3298 1844 3350 est
1951 3311 2107 3359 mus,
2153 3297 2210 3348 et
2260 3291 2430 3364 longe
2481 3309 2586 3348 nos
2635 3291 2922 3348 faciamus
2978 3309 3014 3347 a
3065 3291 3313 3347 Domino
3348 3289 3593 3347 facimus

198 3384 516 3451 Christum,
547 3400 720 3457 quem
753 3384 1004 3455 negabat
1033 3387 1222 3438 antea.
1261 3383 1390 3438 Ideo
1423 3400 1523 3437 vas
1545 3381 1844 3438 electionis

270 3528 383 3596 (82)
417 3527 558 3580 Mss.
600 3525 886 3591 nonnulli,
936 3541 1228 3594 sequamur
1272 3529 1418 3593 gesta
1452 3526 1836 3596 apostolorum.

1952 3381 2118 3436 nobis
2149 3379 2547 3436 adversarium
2581 3380 2898 3436 fortiorem.

1949 3523 2088 3578 edit.
2120 3537 2414 3602 nusquam
2443 3520 2502 3575 in
2536 3521 2754 3602 nostris
2786 3537 2927 3576 mss.
2973 3519 3288 3602 invenitur,
3321 3521 3424 3602 sed
3471 3525 3595 3602 post

272 3591 383 3666 (83)
416 3597 564 3650 Edit.
599 3596 762 3650 Rom.
808 3597 954 3665 sola,
1004 3591 1142 3650 Deus
1175 3591 1348 3650 alicui
1392 3599 1449 3649 in
1480 3591 1843 3650 tribulatione
1948 3609 2149 3648 vocem
2189 3593 2550 3666 Salomonem,
2598 3592 2876 3648 continuo
2919 3591 3308 3657 subnectitur,
3359 3595 3421 3646 ut
3451 3591 3591 3646 acci-

199 3668 516 3808 d‘iggtliic
546 3735 854 3806 Scriptura:
886 3734 1048 3789 locus
1099 3752 1272 3806 quem
1317 3735 1592 3791 exhibent
1636 3752 1838 3790 omnes

1951 3673 2097 3736 pere!
2126 3665 2480 3735 sapientiam,
2511 3668 2620 3719 etc.

1030 4113 1137 4196 ΙΝ
1199 4109 1744 4197 PSALMUM
1801 4109 2033 4197 XLV
2097 4107 2774 4194 ENABRATIO.

839 4473 1223 4529 PREFATIO.

271 4566 322 4621 1.
359 4565 546 4634 (Vers.
582 4564 657 4633 1.)
689 4561 920 4617 'l‘itulus
970 4561 1182 4632 psalmi
1213 4562 1391 4631 hujus
1444 4561 1524 4615 ita
1577 4557 1842 4614 inscribi-

200 4660 337 4710 tur:
372 4675 399 4702 «
435 4651 497 4706 In
532 4652 733 4717 finem,
764 4667 866 4721 pro
900 4649 1035 4704 filiis
1081 4649 1224 4704 Core
1254 4665 1356 4720 pro
1389 4645 1654 4711 occultis,
1686 4645 1844 4718 psal-

203 4759 334 4797 mus
365 4739 476 4812 ipsi
508 4738 710 4794 David.
748 4761 768 4785 ι
807 4737 953 4799 Quid
995 4741 1104 4798 est.
1137 4759 1163 4784 ‹‹
1201 4752 1304 4806 pro
1355 4732 1646 4790 occultis?
1678 4756 1705 4783 ››
1739 4733 1844 4788 Oc-

203 4829 495 4885 cultorum
527 4825 804 4881 habuisse
845 4841 908 4878 se
958 4822 1348 4894 cognitionem
1398 4839 1500 4893 per
1547 4820 1849 4876 revelatio-

204 4935 337 4973 nem
366 4915 597 4972 Domini
626 4915 789 4981 Jesu,
825 4913 884 4968 in
910 4911 1398 4983 quinquagesimo
1439 4926 1671 4981 quoque
1702 4908 1851 4981 psal-

208 5023 302 5061 mo
336 5009 575 5061 sanctus
622 5002 908 5075 Propheta
953 5003 1371 5055 commemorat
1416 4999 1654 5053 dicens:
1691 5021 1717 5047 ‹‹
1754 4997 1849 5052 In-

205 5099 364 5150 certa
404 5098 461 5149 et
507 5093 736 5148 occulta
777 5092 1074 5162 sapientia:
1125 5097 1235 5142 tuae
1270 5087 1656 5142 manilestasti
1707 5085 1852 5141 mihi

207 5183 352 5254 (Psal
389 5200 440 5246 1.,
499 5184 576 5252 8).
636 5204 663 5229 »
723 5181 856 5244 Quae
910 5182 1105 5233 autem
1159 5175 1259 5231 illa
1314 5176 1434 5231 sint
1488 5173 1734 5239 occulta,
1793 5173 1853 5227 in

207 5269 518 5341 Evangelio
594 5273 796 5324 sancto
869 5267 1166 5331 docemur,
1244 5265 1470 5320 dicente
1531 5262 1632 5318 Dei
1689 5261 1852 5326 Filio,

209 5359 363 5428 quod
399 5359 675 5430 mysteria
701 5356 1003 5429 sapientiae
1035 5353 1378 5411 abscondita
1408 5352 1526 5408 sint
1580 5350 1853 5423 sapienti-

208 5447 341 5510 bus,
399 5451 456 5501 et
513 5446 771 5517 parvulis
829 5445 1074 5500 reveleta
1129 5441 1338 5513 (Matth.
1420 5457 1499 5507 xx,
1555 5442 1669 5510 25).
1726 5439 1856 5494 Haec

211 5537 350 5586 sunt
389 5533 508 5599 illa,
563 5535 620 5586 ni
673 5533 860 5599 fallor,
922 5549 1051 5603 quae
1111 5529 1320 5586 oculus
1379 5545 1496 5584 non
1551 5528 1717 5595 vidit,
1749 5541 1859 5582 nec

213 5618 372 5676 auris
416 5618 654 5690 audivit,
695 5635 802 5677 nec
850 5620 910 5675 in
963 5635 1061 5677 cor
1103 5618 1361 5677 hominis
1410 5617 1802 5674 ascenderunt
1837 5633 1852 5676 :

1877 4472 1924 4537 D
1958 4486 2085 4541 quae
2118 4468 2461 4541 praeparavit
2490 4467 2838 4523 Dominibus
2853 4466 3238 4540 diligentibus
3266 4480 3427 4521 eum.
3460 4464 3603 4536 Ergo

1956 4558 2015 4613 in
2048 4556 2275 4613 occulto
2319 4556 2510 4612 cordis
2557 4557 2743 4612 nostri
2793 4555 3022 4611 occulta
3063 4553 3369 4625 sapientia
3417 4567 3609 4608 recon-

1957 4645 2188 4711 damus,
2240 4661 2354 4698 non
2403 4647 2620 4699 temere
2677 4643 2978 4715 aliquibus
3042 4641 3441 4714 divulgemus,
3492 4638 3604 4694 nisi

1957 4736 2456 4788 sacramentorum
2489 4731 2877 4799 consortibus,
2926 4747 3074 4802 quos
3118 4730 3406 4786 Dominus
3435 4742 3607 4783 voca-

1957 4821 2040 4876 vit
2069 4822 2141 4876 ad
2189 4819 2437 4892 gratiam
2485 4835 2678 4887 suam,
2731 4820 2832 4892 qui
2891 4835 2952 4875 se
2999 4820 3060 4874 in
3107 4816 3453 4874 abscondito
3482 4813 3605 4870 vult

1960 4910 2173 4980 rogari,
2209 4909 2486 4978 quoniam
2527 4908 2689 4964 solus
2737 4913 2846 4975 est,
2897 4907 2997 4979 qui
3049 4906 3396 4962 abscondita
3423 4909 3481 4960 et
3509 4919 3608 4959 oc-

1960 4997 2119 5052 culta
2147 5001 2477 5065 cognoscat.

2029 5090 2086 5140 2.
2119 5086 2379 5156 Denique
2409 5083 2535 5156 ipse
2565 5083 2850 5140 Dominus
2879 5084 3052 5140 Jesus
3073 5084 3145 5138 ad
3167 5081 3601 5154 percipiendam

1964 5173 2174 5246 Legem
2209 5172 2399 5228 solum
2433 5172 2692 5244 Moysen,
2725 5189 2840 5227 non
2873 5172 3097 5244 absque
3125 5171 3266 5226 Jesu
3297 5175 3516 5233 tamen,
3543 5168 3601 5220 in

1965 5266 2223 5318 montem
2256 5259 2440 5316 voluit
2470 5261 2786 5316 ascendere
2816 5260 3006 5333 (Exod.
3039 5276 3157 5326 xrx,
3188 5259 3302 5330 24).
3336 5259 3400 5312 In
3428 5261 3608 5312 Evan-

1965 5350 2116 5423 gelio
2147 5365 2382 5421 quoque
2416 5348 2602 5412 Petro,
2631 5348 2866 5418 Joanni,
2900 5353 2958 5404 et
2983 5348 3202 5404 Jacobo
3225 5345 3368 5403 solis
3398 5361 3466 5401 ex
3494 5359 3606 5400 om-

1967 5439 2026 5493 ni
2058 5454 2304 5494 numero
2353 5435 2780 5508 discipulorum
2837 5434 3282 5494 resurrectionis
3324 5451 3446 5488 suae
3488 5431 3604 5505 glo-

1968 5527 2116 5582 riam
2147 5523 2419 5580 revelavit
2449 5523 2656 5596 (Matth.
2685 5541 2824 5593 xvu,
2859 5526 2933 5596 1).
2977 5525 3061 5580 Ita
3109 5521 3408 5578 occultum
3438 5535 3601 5578 suum

1966 5615 2148 5674 voluit
2177 5628 2305 5674 esse
2334 5612 2700 5688 mysterium,
2753 5617 2810 5674 et
2855 5611 3206 5674 admonebat
3253 5610 3599 5686 frequenter,
