3856 6206
129 350 258 450 ιιδό

1173 375 1627 446 ENABRATIO
1669 375 1748 446 ΙΝ
1791 375 2169 447 PSALMUM
2218 377 2392 444 XLV.

3325 377 3479 446 1190

129 537 185 576 ne
211 518 293 574 cui
329 515 488 573 facile
537 532 661 590 quae
718 516 1002 584 viderant,
1061 518 1478 573 annnntiarent
1527 535 1595 572 nc
1645 518 1725 570 of-
1757 518 1808 584 Α
1841 521 1895 572 et
1929 516 2162 571 liberavi
2196 520 2269 582 te,
2303 515 2563 571 exaudivi
2604 520 2656 570 te
2682 516 2740 569 in
2775 516 3120 571 abscondito
3163 520 3478 588 tempesta-

130 607 450 664 fendiculum
481 605 794 677 quisquam
825 604 1047 660 subiret
1095 605 1403 673 infirmior,
1460 606 1558 678 qui
1611 607 1726 660 vim

127 698 587 752 sacramentorum
637 693 944 749 ﬂuctuanti
1010 693 1247 765 ingenio
1297 693 1534 749 haurire
1612 710 1727 748 non

129 788 311 857 posset.
343 783 594 854 Denique
627 783 750 850 ipse
780 783 985 838 Petrus
1035 782 1332 837 nesciebat
1385 782 1526 854 quid
1574 782 1727 837 dice-

129 877 211 939 ret,
251 871 379 944 quia
431 871 542 926 tria
600 871 976 926 tabernacula
1036 871 1302 939 Domino,
1361 877 1418 926 et
1479 870 1730 926 servulis

128 961 353 1016 crederet
405 976 529 1015 esse
584 959 868 1015 facienda.
925 959 1143 1015 Deinde
1190 959 1475 1032 fulgorem
1531 959 1728 1032 gloriae

129 1047 322 1104 Domini
352 1048 822 1121 transﬁgurantis
853 1063 914 1104 se
972 1047 1266 1104 sustinere
1325 1065 1441 1104 non
1500 1047 1726 1119 potuit:

128 1136 210 1191 sed
233 1137 286 1190 in
315 1139 521 1192 terram
551 1137 782 1205 cecidit,
839 1135 1168 1192 ceciderunt
1220 1139 1278 1192 et
1327 1135 1430 1190 filii
1489 1135 1728 1192 tonitrui

127 1224 348 1280 Jacobus
375 1229 429 1280 et
447 1224 724 1292 Joannes,
755 1229 812 1280 et
839 1227 1025 1281 nubes
1055 1224 1285 1296 operuit
1309 1241 1429 1294 eos,
1482 1241 1585 1280 nec
1635 1242 1732 1297 po-

129 1318 336 1368 tuerunt
365 1329 600 1386 surgere
629 1312 741 1370 nisi
771 1317 974 1384 postea
1005 1329 1184 1384 quam
1213 1313 1388 1369 Jesus
1446 1313 1624 1380 venit,
1676 1317 1733 1368 et

129 1399 423 1472 tetigiteos,
456 1401 713 1472 etjussit
769 1405 833 1456 ut
885 1404 1211 1473 surgerent,
1246 1405 1302 1457 et
1361 1401 1732 1456 formidinem

128 1493 548 1560 sequestrarent.
582 1489 935 1546 Introierunt
962 1506 1097 1562 ergo
1126 1490 1186 1546 in
1219 1491 1458 1558 nubem,
1513 1495 1574 1544 ut
1633 1491 1732 1544 ab-

129 1575 229 1632 dita
256 1580 308 1632 et
339 1577 560 1633 occulta
601 1581 1032 1650 cognoscerent,
1086 1582 1258 1650 atque
1290 1577 1367 1632 ibi
1425 1577 1738 1633 audierunt

128 1681 298 1720 vocem
328 1665 426 1721 Dei
449 1665 726 1722 dicentis:
768 1689 795 1717 «
846 1666 947 1722 Hic
1004 1670 1094 1722 est
1140 1665 1323 1721 Filius
1383 1683 1549 1721 meus
1593 1665 1734 1721 dile-

128 1756 252 1820 ctus,
281 1753 338 1808 in
369 1770 480 1826 quo
512 1753 658 1809 mihi
687 1754 1008 1827 complacui
1040 1774 1052 1810 :
1088 1754 1284 1826 ipsum
1336 1755 1531 1809 audite
1577 1754 1734 1824 (Ibid.

127 1841 239 1903 5).»
270 1841 411 1907 Quid
443 1847 548 1897 est.
580 1865 606 1891 ‹‹
658 1842 758 1898 Hic
814 1846 904 1898 est
963 1842 1144 1897 Filius
1205 1859 1372 1897 meus
1433 1841 1740 1897 dilectus?

128 1928 224 1984 Hoc
251 1933 351 2000 est,
384 1929 500 1985 noli
551 1947 762 1998 errare,
823 1932 1043 1998 Simon,
1110 1935 1175 1985 ut
1229 1929 1477 1986 servulis
1527 1930 1738 1986 Filium

127 2016 629 2074 Deiconferendum
673 2023 862 2091 putes.
898 2041 926 2069 »
958 2019 1060 2074 Hic
1090 2023 1180 2074 est
1229 2018 1436 2074 Filium
1486 2035 1674 2084 meus,
1713 2043 1739 2067 ››

128 2121 223 2160 non
249 2105 467 2179 Moyses
498 2107 704 2173 Filius,
728 2124 842 2163 non
886 2106 1036 2162 Elias
1085 2107 1287 2175 Filius,
1322 2107 1593 2178 quamvis
1651 2107 1741 2162 al-

126 2195 200 2246 ter
224 2194 507 2266 aperuerit
529 2211 708 2262 mare,
742 2193 886 2250 alter
916 2193 1190 2250 clauserit
1219 2194 1453 2250 coelum.
1480 2196 1540 2250 In
1570 2196 1742 2250 verbo

126 2281 260 2336 enim
288 2282 513 2338 Domini
547 2287 792 2354 uterque
828 2287 1100 2339 naturam
1131 2283 1266 2338 vicit
1288 2282 1580 2349 elementi,
1640 2285 1739 2339 sed

128 2367 198 2423 illi
223 2369 607 2428 ministerium
642 2372 1041 2444 praebuerunt,
1071 2370 1166 2427 hic
1192 2376 1280 2428 est
1327 2374 1427 2444 qui
1472 2371 1744 2428 solidavit

126 2472 308 2528 aquas,
338 2459 547 2516 ccelurn
575 2461 835 2516 siccitate
855 2459 1084 2529 clausit,
1143 2464 1199 2517 et
1247 2461 1479 2532 quando
1537 2460 1740 2526 voluit,

127 2545 176 2599 in
205 2546 414 2604 imbres
439 2548 694 2605 resolvit.
727 2549 836 2604 Ubi
868 2549 1275 2606 testimonium
1301 2549 1744 2606 resurrectionis

127 2634 430 2706 asciscitur,
477 2637 876 2710 astipulantur
947 2638 1278 2694 ministeria
1351 2636 1741 2706 servulorum,

128 2721 214 2778 ubi
233 2722 412 2797 gloria
437 2725 670 2782 Domini
702 2727 1061 2800 resurgentis
1090 2727 1438 2794 ostenditur,
1498 2727 1742 2783 servulis

126 2809 378 2881 splendor
433 2815 834 2871 absconditur.
883 2815 1146 2887 Namque
1207 2816 1367 2887 ipsos
1440 2814 1742 2871 stellarum

125 2896 308 2970 globos
336 2903 421 2958 sol
451 2907 690 2959 exortus
719 2905 974 2971 obducit,
1007 2909 1063 2960 et
1079 2904 1276 2960 omnia
1299 2921 1500 2960 earum
1520 2903 1748 2960 lumina

126 2991 406 3048 mundano
439 2993 551 3048 sub
583 2991 702 3048 sole
732 2997 1068 3048 vanescunt.
1104 2994 1404 3058 Quomodo
1445 3009 1580 3066 ergo
1634 2994 1746 3049 sub

129 3081 322 3135 sterno
353 3081 472 3137 sole
498 3080 766 3152 justitize,
799 3085 974 3152 atque
1004 3080 1102 3136 illo
1133 3081 1359 3154 fulgore
1415 3082 1610 3138 divino
1668 3082 1746 3136 vi-

127 3163 234 3220 deri
263 3171 528 3238 poterant
553 3168 733 3224 stellae
764 3168 1062 3225 carnales?
1091 3169 1200 3225 Ubi
1257 3185 1393 3242 ergo
1451 3175 1592 3226 sunt
1646 3169 1746 3226 illa

1837 607 1932 671 tis,
1970 605 2204 676 pro‘bavi
2238 609 2292 660 te
2324 607 2380 660 in
2413 621 2564 676 aqua
2595 604 3072 659 contradictionis
3103 605 3280 676 (Psal.
3313 623 3477 674 Lxxx,

1837 696 1889 764 8)
1949 719 1974 741 ››
2000 696 2098 748 Est
2129 694 2283 748 enim
2311 695 2575 764 quaedam
2607 693 2664 747 in
2715 693 3196 748 tribulationibus
3253 694 3486 749 interna

1838 787 2136 854 pectorum
2171 799 2332 836 smvae
2365 787 2700 852 tempestas,
2733 782 2964 853 quando
2999 787 3139 837 sunt
3171 781 3310 837 foris
3343 798 3484 854 pug-

1841 889 1946 936 nae,
1965 871 2123 925 intus
2146 871 2407 924 timores.
2437 871 2536 924 Est
2556 887 2706 940 aqua
2728 869 3223 934 contradictionis,
3247 871 3484 940 quando

1837 957 1994 1014 velut
2024 958 2279 1029 quodam
2341 958 2694 1012 amarissimi
2727 957 2867 1012 salis
2899 963 3040 1012 aestu
3073 957 3482 1028 ﬂuctuant(84)

1840 1050 2054 1102 nostrae
2091 1046 2492 1119 cogitationes,
2527 1063 2629 1100 nec
2656 1045 2852 1100 ullain
2887 1047 3173 1117 profundo
3197 1046 3482 1101 mentium

1841 1135 2200 1190 definitionis
2223 1134 2537 1190 stabilitate
2561 1133 2947 1206 placidantur.
2982 1136 3141 1190 Tunc
3172 1139 3486 1207 tempestas

1843 1225 1899 1277 in
1933 1223 2297 1289 abscondito,
2330 1228 2470 1278 tunc
2503 1241 2653 1294 aqua
2685 1222 3180 1290 contradictionis,
3214 1241 3339 1295 qua
3363 1222 3486 1278 solo

1842 1317 2032 1385 potest
2061 1312 2276 1367 Christi
2311 1329 2577 1367 sermone
2610 1312 2821 1378 sedari,
2876 1328 2988 1382 quo
3038 1315 3274 1382 peccata
3322 1310 3490 1366 nobis

1843 1405 2043 1455 nostra
2077 1401 2340 1466 dimittit,
2375 1401 2695 1454 secundum
2733 1399 2888 1469 quod
2923 1398 3045 1470 ipse
3077 1400 3352 1470 dignatus
3403 1402 3492 1454 est

1844 1488 2056 1555 dicere,
2089 1513 2112 1535 ‹‹
2145 1488 2272 1542 Jam
2305 1505 2402 1541 vos
2441 1487 2642 1542 mundi
2677 1486 2820 1542 estis
2853 1492 3089 1558 propter
3137 1504 3489 1554 sermonem,

1845 1592 2019 1647 quem
2052 1576 2280 1631 locutus
2308 1593 2439 1630 sum
2472 1576 2632 1630 vobis
2669 1577 2853 1644 (.loan.
2885 1593 2975 1630 xv.
3013 1577 3086 1644 3).
3123 1599 3148 1623 υ
3205 1576 3488 1645 Loquere,

1846 1665 2088 1719 Domine
2118 1665 2278 1729 Jesu,
2311 1664 2548 1718 verbum
2584 1669 2748 1717 tuum
2783 1664 3071 1718 medicina
3097 1667 3204 1731 est,
3245 1664 3490 1718 verbum

1846 1757 2015 1806 tuum
2046 1751 2244 1807 lumen
2277 1756 2383 1820 est,
2409 1753 2648 1806 verbum
2686 1759 2849 1806 tuum
2884 1756 3091 1806 nostra!
3149 1750 3491 1807 colluvionis

1849 1840 2068 1895 ablutio
2103 1845 2208 1907 est,
2245 1842 2480 1896 verbum
2519 1848 2684 1896 tuum
2722 1841 2847 1895 fons
2880 1845 2986 1896 est.
3022 1841 3406 1913 Tuloqueris,
3439 1844 3496 1895 et

1850 1928 2024 1999 culpa
2052 1928 2300 1984 lavatur.

1925 2107 1974 2161 4.
2007 2106 2074 2160 Et
2100 2107 2239 2178 quia
2267 2107 2335 2161 de
2367 2107 2701 2161 abscondito
2735 2106 3116 2178 tempestatis,
3152 2110 3206 2161 et
3239 2107 3309 2162 de
3341 2122 3496 2177 aqua

1850 2195 2326 2250 contradictionis
2387 2196 2599 2250 ductus
2649 2203 2736 2250 est
2792 2212 3007 2261 sermo,
3059 2194 3257 2251 omnia
3325 2193 3494 2249 nobis

1853 2283 2068 2337 factum
2103 2287 2191 2337 est
2218 2282 2317 2338 Dei
2338 2283 2612 2337 Verbum.
2649 2284 2790 2338 Caro
2822 2284 3040 2338 factum
3069 2287 3177 2350 est,
3242 2285 3307 2338 ut
3363 2299 3490 2338 car-

1853 2388 1982 2426 nem
2019 2376 2312 2438 servaret;
2348 2388 2502 2442 aqua
2532 2372 2750 2426 factum
2791 2375 2900 2439 est,
2957 2376 3021 2427 ut
3085 2387 3301 2444 aquam
3350 2387 3493 2426 con-

1852 2458 2216 2515 tradictionis
2238 2477 2345 2514 sua
2366 2460 2555 2532 gratia
2574 2465 2942 2532 temperaret,
2967 2464 3023 2516 et
3045 2459 3495 2516 amaritudinem

1852 2547 2171 2620 impietatis
2200 2549 2474 2603 auferret.
2510 2549 2756 2620 Ideoque
2788 2549 3073 2621 scriptum
3125 2553 3237 2618 est,
3274 2570 3295 2599 ι
3329 2551 3496 2618 Aqua

1854 2635 1970 2690 alta
2025 2636 2267 2690 verbum
2329 2637 2387 2690 in
2420 2637 2590 2692 corde
2621 2635 2727 2690 viri
2782 2638 2961 2708 (Prov.
3024 2654 3118 2703 xx,
3151 2637 3228 2706 5).
3264 2658 3290 2684 ››
3339 2635 3495 2690 Alibi

1853 2724 2095 2790 verbum,
2129 2723 2263 2779 alibi
2298 2724 2510 2779 iterum
2567 2726 2900 2788 consilium;
2932 2724 3010 2778 ibi
3069 2723 3226 2779 enim
3274 2724 3496 2779 bonum

1855 2811 2187 2879 consilium,
2222 2813 2320 2868 ubi
2352 2813 2569 2868 bonum
2603 2818 2694 2868 est
2724 2813 2821 2868 Dei
2852 2815 3115 2869 verbum.
3150 2813 3218 2867 Et
3236 2812 3364 2868 ideo
3387 2811 3500 2866 tibi

1852 2901 1944 2956 lex
1972 2900 2144 2956 dicit:
2173 2926 2200 2950 ‹‹
2236 2903 2475 2957 Attende
2506 2902 2633 2970 tibi,
2665 2920 2737 2958 ne
2769 2903 2870 2957 fiat
2900 2902 3005 2956 tibi
3064 2902 3309 2957 verbum
3366 2917 3497 2956 ma-

1856 2989 1978 3045 lum
2011 2990 2069 3044 in
2102 2991 2270 3046 corde
2302 2996 2401 3046 tuo
2433 2992 2612 3064 (Deut.
2670 3009 2763 3046 xv.
2794 2993 2869 3062 9),
2906 3015 2931 3042 »
2984 2995 3042 3046 et
3099 2990 3238 3046 dicit
3293 2991 3489 3060 Jesus,

1856 3103 1882 3129 ‹‹
1912 3079 2058 3142 Quid
2093 3080 2361 3151 cogitatis
2390 3080 2545 3135 mala
2588 3081 2645 3135 in
2679 3081 2954 3136 cordibus
3003 3079 3211 3135 vestris
3269 3078 3490 3150 (Matth.

1859 3186 1932 3233 ιιι,
1966 3169 2063 3237 ti)?
2093 3191 2120 3216 ››
2154 3167 2313 3223 Misit
2343 3170 2498 3224 enim
2517 3168 2671 3224 Deus
2693 3169 2945 3223 Verbum
2971 3184 3168 3233 suum,
3192 3171 3502 3223 utsanaret

125 3251 352 3325 lumina,
385 3273 516 3327 qum
544 3255 758 3312 vestris
784 3262 918 3313 ante
940 3256 1124 3313 oculis
1154 3259 1410 3329 quodam
1463 3258 1746 3315 miraculo
1778 3242 1820 3309 C
1857 3255 2174 3324 hominem,
2211 3274 2325 3312 non
2360 3263 2423 3312 ut
2453 3257 2737 3328 perderet.
2772 3259 2883 3313 Hoc
2914 3258 3153 3310 verbum
3209 3255 3500 3310 medicina

129 3341 512 3416 refulgebant?
542 3345 813 3401 Tenebrae
845 3350 983 3402 sunt
1006 3346 1294 3413 universa,
1318 3347 1750 3419 comparatione

126 3426 262 3486 lucis
312 3436 562 3488 aeternae.
621 3433 734 3488 Alii
784 3433 1126 3490 ministeriis
1177 3436 1302 3489 suis
1345 3435 1460 3490 Deo
1523 3435 1751 3507 placere

127 3515 263 3575 021
296 3521 593 3588 festinent,
626 3522 719 3577 hic
751 3523 913 3579 solus
933 3527 1024 3579 est
1047 3510 1248 3579 verum
1279 3522 1478 3579 lumen
1509 3529 1568 3580 et
1586 3530 1751 3580 aster-

126 3622 276 3678 num,
310 3609 367 3665 in
395 3627 513 3682 quo
549 3611 714 3666 Pater
737 3609 1079 3682 complacet,
1112 3611 1200 3666 vel
1231 3612 1290 3666 in
1318 3629 1433 3684 quo
1476 3613 1750 3684 benepla-

125 3693 292 3752 citum
323 3702 413 3754 est
441 3697 608 3766 mihi,
641 3703 706 3754 ut
737 3715 932 3754 meum
966 3699 1061 3764 sit,
1113 3700 1398 3771 quidquid
1439 3699 1532 3755 hic
1594 3701 1748 3770 fecit,

123 3786 172 3836 et
201 3785 483 3858 quidquid
520 3803 624 3858 ego
657 3787 784 3853 feci,
810 3787 937 3842 Filii
967 3804 1114 3859 opus
1143 3790 1418 3860 essejure
1459 3790 1748 3845 credatur.

124 3868 312 3941 Ipsum
343 3875 542 3930 audite
571 3876 882 3943 dicentem,
908 3899 935 3926 ‹‹
969 3875 1086 3947 Ego
1118 3881 1175 3932 et
1221 3877 1388 3932 Pater
1437 3895 1620 3933 unum
1651 3895 1752 3934 su-

122 3974 245 4017 mus
273 3963 452 4034 (Joan.
487 3981 544 4028 x,
593 3964 705 4034 30).
739 3986 767 4013 »
825 3964 950 4020 Non
1007 3963 1178 4032 dixit,
1239 3965 1354 4038 Ego
1412 3971 1469 4021 et
1525 3967 1752 4038 Moyses

119 4062 294 4104 unum
326 4051 718 4108 sumus..Non
741 4051 884 4107 dixit
904 4051 1016 4108 sibi
1047 4057 1103 4109 et
1131 4052 1268 4110 Elia:
1299 4053 1484 4110 ullum
1545 4055 1750 4111 divinae

117 4134 302 4205 gloria:
361 4155 493 4195 esse
551 4141 933 4196 consortium.
989 4142 1138 4207 Quid
1194 4142 1308 4197 tria
1373 4144 1753 4199 tabernacula

116 4229 450 4298 praeparatis
466 4229 494 4284 ?
515 4228 641 4284 Non
673 4229 729 4283 in
753 4229 923 4286 terris
943 4229 1118 4286 habet
1146 4231 1256 4286 iste
1284 4231 1747 4302 tabernaculum,

119 4314 208 4367 sed
261 4315 322 4370 in
362 4316 528 4372 coelo.
588 4317 915 4373 Audierant
973 4318 1242 4390 apostoli,
1284 4324 1342 4374 et
1417 4321 1751 4376 ceciderunt

115 4416 318 4471 pavore
349 4404 596 4460 turbati.
627 4403 798 4460 Venit
826 4406 1131 4475 Dominus,
1168 4411 1224 4461 et
1257 4407 1465 4463 levavit
1518 4425 1638 4476 eos,
1697 4415 1753 4465 et

107 4486 281 4556 jussit
312 4509 386 4548 ne
415 4492 510 4548 cui
543 4492 798 4548 dicerent
827 4495 980 4566 quod
1020 4495 1324 4551 vidissent.

1862 3347 1969 3412 est,
2004 3362 2117 3400 non
2150 3361 2338 3416 poena.
2373 3345 2488 3400 Hoc
2543 3345 2785 3399 verbum
2834 3345 2891 3399 in
2951 3345 3121 3400 corde
3180 3349 3297 3410 tuo,
3331 3348 3389 3398 et
3439 3344 3497 3397 in

1861 3449 1958 3489 ore
1981 3433 2054 3488 sit
2085 3434 2204 3499 tuo,
2238 3432 2346 3488 hoc
2379 3433 2630 3488 Verbum
2661 3434 2738 3488 sit
2796 3434 2855 3488 in
2915 3433 3183 3502 occul.is,
3220 3431 3318 3486 ubi
3374 3432 3496 3486 dia-

1863 3519 2402 3589 bolusinsidiatur;
2462 3523 2637 3576 intret
2690 3521 2967 3588 Verbum,
3017 3525 3182 3576 exeat
3233 3519 3499 3575 diabolus

1863 3610 2008 3664 Nam
2039 3610 2086 3664 si
2119 3610 2415 3682 irrepserit
2444 3609 2733 3678 diabolus,
2767 3610 3032 3665 Christus
3077 3609 3312 3676 recedit,
3355 3625 3499 3680 quo-

1863 3698 2034 3753 modo
2065 3699 2304 3754 recessit
2332 3718 2365 3754 a
2393 3699 2547 3754 Juda
2576 3703 2891 3770 postquam
2916 3717 2978 3754 sc
3010 3698 3281 3754 diabolus
3312 3697 3370 3752 in
3404 3715 3501 3752 cor

1862 3790 1990 3860 ejus
2021 3788 2328 3846 immersit.
2363 3789 2430 3842 Et
2472 3793 2537 3843 tu
2571 3803 2706 3860 ergo
2736 3787 2848 3856 dic,
2884 3811 2910 3838 ‹‹
2944 3789 3026 3842 Ab
3069 3787 3312 3843 occultis
3354 3787 3500 3841 meis

1862 3884 2084 3937 munda
2123 3896 2236 3946 me,
2288 3877 2530 3932 Domine
2578 3879 2917 3942 Psat..xvm,
2955 3877 3062 3946 13),
3100 3899 3125 3925 ››
3186 3891 3258 3929 ne
3300 3874 3501 3928 diabo-

1859 3971 1951 4026 lus
1983 3969 2293 4025 insidietur
2323 3966 2379 4020 in
2412 3964 2677 4031 occultis,
2713 3965 2864 4020 sicut
2895 3963 2982 4017 leo
3018 3963 3073 4017 in
3132 3961 3310 4017 cubili
3369 3978 3501 4017 suo.

1861 4059 2022 4125 Quod
2056 4058 2104 4114 si
2138 4055 2352 4112 Christi
2383 4053 2610 4110 occulta
2639 4053 2731 4123 pie
2763 4051 3125 4122 fideliterque
3157 4050 3501 4116 servaveris,

1861 4145 2179 4203 insidiandi
2211 4141 2442 4198 diabolo
2473 4141 2634 4196 locus
2663 4157 2793 4196 esse
2824 4156 2937 4194 non
2970 4139 3200 4211 poterit.
3254 4139 3501 4209 Ideoque

1861 4236 1916 4290 in
1951 4235 2176 4307 psalmo
2211 4247 2364 4287 nono
2395 4229 2568 4286 David
2601 4229 2672 4284 de
2701 4227 2945 4284 occultis
2977 4227 3238 4283 scribens
3270 4226 3502 4282 Domini

1860 4320 2262 4388 sacramentis,
2297 4319 2452 4390 quod
2485 4321 2574 4374 est
2604 4317 2902 4373 conversio
2962 4321 3352 4389 peccatorum,
3409 4333 3505 4371 vo-

1861 4412 2009 4467 catio
2068 4409 2354 4482 gentium,
2411 4407 2507 4462 Dei
2578 4423 2845 4480 regnum,
2908 4405 3248 4478 praparatio
3287 4403 3499 4470 cordis,

1870 4496 2338 4569 928judicium
2371 4512 2718 4567 pauperum,
2753 4495 2985 4550 refectio
3047 4494 3308 4564 inepum,
3369 4496 3504 4547 ante

176 4578 228 4633 3.
257 4578 404 4637 Huic
434 4597 573 4653 ergo
605 4585 707 4637 tua
736 4581 962 4638 occulta
991 4589 1238 4655 servato,
1279 4584 1370 4639 cui
1421 4585 1601 4642 David
1644 4604 1752 4642 sua
1781 4602 1826 4666 D
1859 4589 1929 4643 de
1951 4586 2193 4642 occultis
2226 4583 2475 4657 pectoris
2507 4584 2589 4639 tui
2622 4588 2796 4654 atque
2827 4581 3066 4638 secretis
3114 4582 3501 4638 exterminan-

112 4666 333 4723 occulta
384 4669 708 4725 mandabat
757 4669 868 4740 (84)
893 4669 1113 4739 dicens,
1138 4695 1165 4721 ‹‹
1221 4672 1308 4727 Ab
1339 4673 1553 4729 ocultis
1604 4674 1748 4730 meis

110 4756 327 4812 munda
357 4773 475 4827 me,
504 4757 746 4813 Domine
775 4758 946 4829 (Psal.
982 4775 1141 4827 xvm,
1174 4761 1280 4832 13).
1316 4761 1535 4816 Munda
1592 4763 1748 4817 enim

109 4841 317 4900 debent
347 4861 480 4902 esse
503 4847 886 4917 receptacula,
941 4847 998 4902 in
1057 4848 1272 4919 quibus
1330 4853 1469 4904 sunt
1517 4850 1749 4922 pietatis

105 4932 329 4990 occulta
377 4935 679 5006 mysteria.
742 4937 812 4990 Et
867 4935 994 4991 ideo
1064 4937 1164 4991 tibi
1253 4937 1487 5008 dicitur,
1521 4962 1546 4986 ι‹
1611 4939 1748 4994 Bibe

106 5035 317 5091 aquam
349 5023 424 5077 de
456 5023 612 5077 vasis
636 5023 753 5079 tuis
778 5028 834 5079 et
862 5025 931 5079 de
964 5030 1269 5096 puteorum
1301 5030 1535 5080 tuorum
1577 5027 1745 5080 lonti-

105 5106 280 5165 bus...
315 5114 374 5166 et
395 5111 458 5164 in
488 5109 696 5181 plateis
720 5113 1257 5184 superﬂuantaqum
1280 5118 1408 5180 tuae,
1434 5118 1498 5168 ut
1527 5114 1745 5186 irriguo

103 5195 258 5253 fonte
290 5199 600 5256 munderis
632 5201 812 5272 (Prov.
835 5217 889 5267 v,
925 5201 1009 5269 12,
1045 5202 1152 5273 16).
1189 5223 1217 5250 »
1250 5202 1381 5257 Ideo
1440 5203 1546 5257 tibi
1603 5203 1746 5260 dici-

104 5286 216 5355 tur,
251 5308 280 5336 ››
313 5285 469 5342 Vino
515 5286 830 5344 torcularia
888 5293 986 5345 tua
1041 5289 1366 5344 redundent
1422 5292 1602 5360 (Prov.
1661 5309 1746 5361 ιιι,

104 5373 212 5443 10).
249 5396 276 5422 ››
309 5374 449 5434 Ideo
480 5375 715 5443 dicitur,
749 5400 776 5428 ‹‹
801 5378 862 5432 In
892 5377 1266 5434 tribulatione
1292 5377 1573 5436 invocasti
1631 5396 1743 5448 me,

167 5533 283 5608 (84)
309 5533 457 5608 Mss.
490 5534 732 5608 aliquot,
764 5554 866 5594 sua
908 5537 1116 5594 occulta
1163 5537 1489 5593 mandabat.
1544 5537 1748 5595 Melius
1822 5583 1831 5594 .

99 5601 318 5732 33,020
340 5605 532 5663 edit...
562 5601 880 5675 mandabat,
913 5608 970 5666 id
1002 5614 1090 5666 est
1126 5609 1385 5664 oratione
1444 5625 1747 5667 commcn-

1861 4677 2000 4731 dum
2034 4674 2428 4731 adversarium
2463 4673 2622 4738 dicit,
2682 4689 2753 4727 ne
2812 4673 3010 4728 sedeat
3068 4673 3126 4726 in
3174 4671 3387 4728 ocultis
3439 4675 3503 4725 ut

1859 4766 2179 4820 interficere
2211 4763 2453 4834 cupiens
2485 4762 2877 4818 innocentem.
2914 4762 3164 4832 Ideoque
3194 4761 3297 4814 tibi
3357 4759 3502 4813 dici-

1858 4857 1981 4907 tur:
2016 4876 2041 4901 «
2079 4853 2235 4906 Intra
2265 4850 2323 4905 in
2357 4850 2695 4905 cubiculum
2727 4856 2917 4916 tuum,
2971 4855 3028 4904 et
3074 4848 3270 4903 clauso
3327 4845 3495 4914 ostio,

1859 4959 1959 4995 ora
1990 4940 2218 4994 Patrem
2252 4944 2420 4992 tuum
2481 4939 2535 4992 in
2595 4939 2939 4993 abscondito
2984 4936 3189 5006 (Matth.
3250 4953 3327 5007 γι,
3356 4936 3432 5005 ὓ).
3469 4956 3497 4982 ››

1861 5029 1960 5084 lllo
2001 5034 2099 5082 tua
2129 5027 2442 5082 descendat
2475 5027 2678 5094 oratio,
2706 5027 2801 5081 ubi
2835 5043 2959 5080 cam
2995 5024 3193 5079 audiat
3223 5024 3322 5094 qui
3347 5040 3500 5078 scru-

1860 5122 2016 5172 tatur
2047 5115 2410 5180 abscondita,
2445 5115 2523 5168 ibi
2556 5119 2718 5169 tuam
2777 5113 3117 5185 patientiam
3177 5111 3497 5182 deprehen-

1857 5206 1976 5270 dat,
1995 5203 2105 5271 vel,
2129 5203 2385 5274 tegend'n
2412 5203 2658 5272 injuriae,
2685 5201 3072 5272 veljactantie:
3096 5201 3494 5264 declinandze;

1857 5292 2111 5349 occultat
2137 5291 2294 5347 enim
2325 5291 2560 5363 sapiens
2591 5291 2866 5362 injuriam
2899 5307 3090 5345 suam.
3126 5289 3208 5343 Ibi
3241 5293 3330 5344 est
3372 5288 3498 5343 lati-

1855 5381 2061 5438 bulum
2095 5379 2422 5453 sapientiaa;
2448 5401 2475 5428 ‹‹
2511 5379 2708 5450 posuit
2737 5379 2892 5434 enim
2957 5379 3226 5434 tenebras
3286 5377 3498 5433 latibu-

1928 5543 2039 5611 (84)
2072 5541 2153 5594 Ita
2185 5539 2447 5610 quinque
2483 5555 2626 5592 mss.
2661 5537 2769 5593 Alii
2802 5555 2935 5611 vero
2965 5544 3021 5593 et
3078 5556 3282 5594 omnes
3331 5538 3500 5611 edit.,

1854 5609 2377 5684 peccatsrum’stmva
2398 5613 2763 5686 tempestas...
2797 5610 3030 5686 quodam
3059 5613 3339 5669 maritimi
3369 5609 3502 5667 «ali:

1856 5688 1992 5743 aestu
2027 5686 2323 5756 ﬂuctuant,
2357 5685 2462 5738 etc.
