3856 6206
114 342 256 417 1193

1192 353 1645 418 ENARRATIO
1688 352 1769 416 IN
1813 353 2182 418 PSALMUM
2233 357 2411 417 XLV.

3349 362 3504 420 1194

113 486 220 544 nisi
248 488 303 542 in
335 487 603 545 Oratione
620 482 687 544 "et
708 487 937 560 jejunio
968 488 1129 561 (Ibid.
1160 490 1272 560 20).
1306 489 1376 544 Et
1414 486 1741 543 addididit:
1774 487 1830 553 Α
1859 490 1946 542 tes
1978 487 2076 559 qui
2099 488 2532 543 transferuntur
2582 487 2641 542 in
2691 450 3056 561 paradisum,
3099 490 3313 562 quibus
3363 491 3506 547 dici-

116 572 228 633 «εἰ
252 572 580 633 habueritis
612 578 787 634 ﬁdem
821 576 972 633 sicut
1001 586 1247 651 granum
1299 578 1543 649 sinapis,
1594 576 1748 631 dicc-

111 666 182 723 us
209 666 343 722 huic
374 667 601 723 monti:
632 666 843 723 Transi
869 667 1006 723 hinc
1038 667 1136 723 illo
1169 667 1326 736 (Ibid.
1365 669 1472 733 19),
1512 687 1533 713 α
1570 682 1747 720 manu

111 754 441 828 signiﬁcans
471 754 606 828 quis
634 755 733 812 ille
762 772 933 812 mons
960 761 1136 824 esset,
1170 771 1344 828 quem
1386 758 1585 827 posset
1614 771 1748 826 per-

109 845 243 900 fecta
270 844 584 902 transferre
630 845 799 901 ﬁdes.
829 844 1120 916 Prgrfecta
1170 843 1323 901 enim
1374 844 1519 900 fides
1568 854 1752 916 grano

109 933 319 1006 sinapis
387 937 724 1006 comparata
772 939 883 1004 est,
929 935 1154 991 dicente
1224 933 1549 1007 Apostolo:
1606 956 1635 983 «
1687 932 1746 987 Si

107 1020 343 1079 habeam
372 1034 608 1079 omnem
640 1022 839 1094 ﬁdem,
872 1023 955 1080 ita
979 1027 1044 1079 ut
1089 1027 1320 1080 montes
1350 1022 1701 1079 transferam
1730 1039 1742 1077 :

107 1110 441 1167 charitatem
490 1114 686 1167 autem
743 1124 858 1170 neu
906 1112 1179 1181 habeam,
1226 1110 1376 1168 nihil
1424 1109 1571 1166 mihi
1613 1127 1747 1182 pro-

108 1200 232 1257 dest
257 1202 307 1270 (Ι
327 1200 447 1256 Cor.
480 1214 608 1267 xm,
637 1200 714 1273 2).
747 1222 777 1251 »
1346 1210 1351 1215 ’

154 1286 255 1346 ’11).
282 1286 559 1362 (Versat)
586 1293 738 1345 Sunt
768 1288 944 1345 etiam
970 1289 1071 1357 qui
1102 1290 1186 1345 ita
1219 1289 1595 1362 distinguunt
1618 1288 1746 1345 qut

102 1377 529 1434 transferuntur
558 1382 823 1447 montes;
859 1397 888 1427 »
923 1382 989 1434 ut
1016 1380 1330 1451 sequatur:
1366 1401 1394 1428 «
1444 1380 1509 1433 In
1557 1378 1743 1433 cordi-

102 1467 209 1523 bas
237 1465 416 1523 maris
440 1470 785 1533 sonuerunt,
810 1466 968 1524 980
996 1471 1055 1522 et
1084 1468 1329 1522 turbatae
1390 1469 1530 1522 sunt
1579 1483 1743 1538 aquae

101 1556 225 1627 ejus
250 1573 263 1612 :
295 1554 625 1612 conturbati
656 1559 797 1612 sunt
826 1559 1054 1611 montes
1075 1555 1137 1611 in
1168 1555 1510 1611 fortitudine
1539 1556 1686 1627 ejus.
1714 1577 1741 1604 ››

99 1644 220 1700 Non
248 1645 411 1699 bona
454 1658 616 1718 aquae
667 1662 793 1718 quas
825 1649 1060 1714 sonant,
1107 1649 1282 1717 atque
1331 1644 1663 1713 turbantur,
1687 1651 1744 1700 et

99 1737 297 1806 potum
327 1734 582 1806 praebere
625 1746 738 1789 non
789 1736 1057 1806 possunt.
1110 1731 1378 1788 Meliores
1422 1736 1563 1788 sunt
1614 1749 1740 1805 quae

1862 580 2044 631 tur:«
2084 577 2260 631 llodie
2291 594 2519 632 mecum
2553 578 2667 633 eris
2719 577 2777 632 in
2824 580 3094 649 paradiso
3140 581 3290 651 (Luc.
3341 598 3505 649 xxm,

1860 665 1968 732 43).
2006 689 2033 714 ››
2068 668 2132 720 Et
2161 665 2312 722 alius
2343 666 2443 739 qui
2475 667 2722 722 dicitur:
2758 692 2785 717 ‹‹
2821 667 2913 723 Sic
2946 685 3080 723 eum
3111 668 3237 725 volo
3270 687 3507 726 manere

1861 755 2041 810 donec
2075 755 2321 823 veniam,
2355 755 2495 826 quid
2528 757 2599 812 ad
2638 760 2695 811 te
2717 755 2746 810 ?
2774 758 2859 812 Tu
2892 774 2986 813 me
3033 775 3278 829 sequere
3325 756 3485 831 (Ιοαή

1860 860 1975 912 xxx,
2009 844 2121 915 23).
2157 866 2184 893 ››
2218 845 2285 898 Et
2313 844 2507 899 Enoeh
2539 845 2639 916 qui
2670 850 2871 917 raptus
2901 850 3009 915 est,
3043 863 3114 903 ne
3144 847 3369 904 malitia
3398 866 3504 905 sa:-

1860 930 1975 987 culi
2016 936 2364 988 mutaretur.

1932 1022 2018 1076 12.
2051 1021 2238 1094 (Vere.
2269 1022 2349 1093 5.)
2380 1026 2518 1077 Post
2548 1022 2777 1077 Domini
2808 1024 3147 1094 passiunem
3179 1026 3320 1097 quid
3342 1025 3502 1082 aliud

1857 1110 2024 1181 sequi
2050 1110 2272 1179 debuit,
2305 1109 2419 1166 nisi
2453 1113 2593 1183 quia
2622 1111 2692 1166 de
2722 1128 2961 1184 corpore
3014 1112 3243 1168 Domini
3284 1113 3503 1172 ﬂumen

1854 1198 2055 1254 exivit:
2093 1200 2327 1272 quando
2359 1201 2428 1255 de
2461 1200 2639 1255 latere
2670 1201 2799 1271 ejus
2840 1218 2992 1272 aqua
3039 1201 3206 1257 ﬂuxit
3261 1207 3318 1258 et
3365 1220 3504 1259 san-

1853 1286 2005 1359 guis,
2048 1304 2163 1359 quo
2222 1288 2537 1343 laetificavit
2593 1289 2823 1343 animas
2882 1289 3313 1360 universorum,
3368 1291 3506 1366 quia

1854 1374 1953 1431 illo
1985 1376 2226 1432 ﬂumine
2258 1375 2398 1431 lavit
2426 1381 2729 1449 peccatum
2762 1377 2941 1433 totius
2991 1379 3247 1434 mundi?
3298 1380 3399 1436 Est
3448 1384 3506 1438 et

1854 1463 2068 1519 ﬂuvius
2097 1464 2196 1536 qui
2228 1464 2299 1520 de
2346 1465 2502 1520 Eden
2535 1465 2694 1533 exiit,
2725 1469 2784 1520 et
2822 1465 3119 1522 circumiit
3168 1467 3501 1525 universam

1850 1555 2090 1620 terram,
2126 1552 2382 1609 Verbum
2427 1554 2528 1609 Dei
2579 1571 2693 1625 quo
2752 1555 3063 1626 paradisus
3112 1554 3500 1629 intelligibilis

1852 1641 2150 1713 irrigatur,
2211 1646 2268 1696 et
2325 1641 2517 1696 omnis
2575 1643 2772 1697 anima
2826 1647 3067 1698 vocatur
3119 1644 3190 1699 ad
3249 1645 3498 1717 gratiam

1852 1729 2088 1796 Christi,
2137 1730 2368 1785 dicente
2410 1730 2537 1802 ipso
2583 1730 2683 1786 Dei
2736 1730 2963 1787 Verbo:
3016 1754 3037 1781 α
3081 1732 3138 1786 Si
3171 1733 3305 1804 quis
3353 1733 3497 1802 sitit,

97 1816 525 1894 per-transeunt,
560 1822 713 1877 sicut
742 1822 1030 1894 scriptum
1079 1825 1203 1878 est:
1237 1844 1265 1871 ‹‹
1316 1823 1470 1876 Inter
1517 1821 1741 1877 medios
1768 1852 1818 1917 B
1850 1819 2042 1873 veniat
2071 1819 2141 1874 ad
2176 1836 2287 1888 me,
2321 1823 2379 1875 et
2406 1819 2588 1873 bibat.
2622 1819 2726 1874 Cui
2757 1834 2863 1893 ego
2895 1820 3106 1877 dedero
3129 1837 3366 1894 aquam,
3389 1821 3501 1878 ﬂu-

96 1912 321 1965 montes
376 1908 818 1981 pertransibunt
864 1925 1049 1982 aqum,
1095 1912 1154 1965 et
1206 1908 1497 1980 potabunt
1534 1925 1739 1965 omnes
1768 1907 1816 1917 ”
1850 1907 2011 1963 mina
2044 1909 2114 1962 de
2157 1911 2353 1964 ventre
2402 1909 2529 1978 ejus
2562 1909 2744 1964 ﬂuent
2802 1926 2966 1981 aqua:
3014 1909 3153 1966 viva:
3186 1911 3362 1981 (Joan.
3395 1929 3495 1981 vn,

92 1995 289 2052 bestiis
342 1996 515 2068 agri:
575 1994 901 2068 suscipiant
957 1995 1160 2069 onagri
1216 1995 1276 2050 in
1348 1995 1507 2051 sitim
1567 2013 1737 2052 suam

92 2084 243 2153 Psal.
274 2099 394 2152 cru,
425 2084 518 2153 lO,
550 2080 701 2155 41).»
736 2084 992 2157 Denique
1014 2083 1114 2139 ubi
1138 2083 1288 2157 legio
1312 2084 1736 2141 daemoniorum

89 2172 257 2247 petiit
276 2177 335 2230 et
363 2173 584 2247 accepit
612 2177 960 2247 potestatem
989 2176 1056 2228 ut
1088 2172 1355 2229 introiret
1397 2172 1458 2228 in
1507 2189 1733 2246 porcos,

88 2262 301 2337 magno
327 2262 531 2336 inpetu
563 2278 626 2319 se
658 2260 1041 2336 praecipitavit
1070 2261 1129 2317 in
1161 2278 1322 2318 mare
1356 2262 1733 2335 (Luc.vm,32)

90 2356 145 2409 et
182 2367 349 2424 aquae
404 2350 517 2408 illa!
573 2350 764 2425 gregis
820 2351 914 2408 sui
973 2350 1426 2424 praacipitatione
1489 2351 1733 2406 turbatae

90 2444 245 2497 sunt.
278 2436 429 2495 Alibi
459 2455 691 2512 quoque
717 2440 874 2496 idem
898 2439 1079 2496 David
1105 2439 1390 2513 propheta
1409 2439 1493 2495 sic
1514 2439 1730 2511 posuit:

93 2552 117 2579 κ
147 2526 435 2584 Viderunt
460 2533 518 2583 te
549 2543 735 2600 aqum,
768 2528 943 2597 Deus,
989 2528 1263 2583 viderunt
1315 2531 1371 2583 te
1429 2544 1615 2600 aquae,
1675 2532 1734 2583 et

87 2618 411 2673 timuerunt
449 2616 616 2689 (Psal.
654 2633 836 2685 LXXVI,
871 2616 985 2687 l7),
1018 2638 1046 2666 »
1077 2616 1187 2672 hoc
1237 2621 1348 2683 est,
1410 2617 1571 2671 bonae
1618 2615 1732 2672 vir-

86 2710 395 2777 tutes,quze
427 2706 600 2760 Verbi
633 2704 884 2760 cmlestis
939 2705 1275 2778 cognitione
1314 2711 1454 2761 sunt
1493 2704 1731 2777 placidae

86 2811 202 2852 non
234 2794 429 2850 sonitu
455 2797 513 2850 et
550 2794 776 2865 fragore
824 2793 1133 2850 terribiles.
1186 2798 1261 2849 De
1314 2793 1484 2849 malis
1534 2797 1731 2850 autem

82 2878 398 2939 virtutibds
427 2881 569 2955 quid
603 2880 794 2937 dicit?
819 2904 847 2931 «
879 2882 952 2937 Et
981 2883 1340 2938 conturbata:
1354 2887 1493 2937 sunt
1513 2882 1727 2955 abyssi,

85 2968 404 3029 multitudo
432 2969 662 3028 sonitus
692 2982 980 3042 aquarum
1013 2971 1247 3042 (lbid.l7
1274 2974 1323 3027 et
1352 2970 1499 3043 48).»
1524 2970 1731 3044 Abyssi

80 3066 269 3118 Deum
301 3073 415 3116 non
443 3054 727 3129 vident,et
754 3058 884 3115 ideo
915 3059 1347 3116 turbationibus
1378 3077 1608 3132 semper
1627 3061 1728 3115 ob-

81 3149 268 3207 noxias
299 3153 455 3206 sunt.
488 3149 558 3205 Et
587 3148 854 3222 exposuit
882 3149 1023 3221 quid
1056 3153 1253 3205 essent
1283 3150 1497 3221 abyssi.
1531 3172 1558 3198 «
1585 3148 1728 3204 Mul-

76 3238 295 3306 titudo,
329 3260 357 3287 ››
389 3238 600 3309 inquit,
641 3261 669 3288 «
724 3238 954 3293 sonitus
1010 3254 1318 3309 aquarum.
1379 3260 1407 3287 »

76 3327 272 3384 bestia
297 3325 401 3383 illa‘
435 3325 833 3382 Antichristus
874 3342 944 3382 ex
973 3325 1184 3399 abysso
1218 3325 1502 3394 ascendit,
1532 3331 1598 3381 ut
1625 3327 1727 3381 ad-

74 3428 289 3472 versus
336 3414 517 3470 Etiam
577 3419 751 3487 atque
798 3414 1012 3479 Enoch,
1065 3419 1243 3486 atque
1290 3414 1575 3470 Joannem
1620 3416 1752 3485 (87)'

75 3504 183 3576 qui
217 3506 457 3577 propter
483 3502 887 3558 testimonium
917 3501 1150 3559 Domini
1188 3503 1324 3559 Jesu
1372 3502 1542 3557 terris
1592 3506 1733 3558 sunt

73 3590 321 3660 redditi,
351 3589 744 3665 praeliaretur;
778 3596 845 3647 ut
891 3590 1144 3664 legimus
1193 3591 1252 3646 in
1296 3591 1542 3647 Joannis
1588 3592 1736 3664 Apo-

74 3680 304 3754 calypsi
329 3694 344 3736 :
378 3680 474 3736 cui
503 3680 706 3735 datum
737 3684 826 3736 est
854 3696 920 3737 os
951 3678 1229 3752 loquendi
1283 3696 1497 3754 magna
1546 3680 1728 3753 (Apoc.

70 3788 206 3839 xm,
235 3769 317 3841 5),
353 3773 421 3824 ut
448 3769 729 3825 adversus
760 3772 942 3825 Deum
996 3768 1167 3841 plena
1213 3769 1428 3825 furoris
1476 3768 1736 3825 convicia

72 3863 140 3916 et
171 3856 468 3930 sacrilegii
498 3861 860 3931 personaret.
888 3868 893 3871 '

153 3947 248 4003 11.
286 3945 471 4020 (Vere.
504 3946 581 4017 4.)
612 3947 949 4003 Sonuerunt
977 3963 1115 4020 ergo
1141 3963 1328 4019 aquae,
1360 3947 1418 4003 id
1455 3950 1566 4015 est,
1624 3947 1737 4002 im-

71 4034 299 4092 mundi
329 4033 595 4106 spiritus,
645 4048 779 4091 cum
826 4035 1209 4093 turbarentur
1252 4035 1516 4092 videntes
1563 4042 1739 4108 opera

67 4123 205 4194 Dei,
250 4122 313 4178 in
367 4122 601 4179 Domini
649 4122 928 4179 salutaris
971 4124 1221 4179 adventu
1270 4124 1739 4197 appropinquare

68 4211 196 4270 sibi
233 4209 533 4283 judicium
590 4209 1087 4283 pertimescentes.
1137 4215 1470 4267 Sonuerunt
1514 4215 1571 4267 et
1616 4216 1739 4267 tur-

67 4298 235 4357 batze
266 4302 410 4355 sunt
438 4312 602 4371 aqum
634 4299 694 4354 in
725 4298 951 4355 Domini
984 4299 1274 4371 passione.
1307 4299 1469 4356 Unde
1516 4304 1575 4355 et
1619 4300 1740 4355 dic-

67 4391 396 4445 tum-est:
448 4406 478 4438 «
509 4388 699 4452 Quare
747 4388 1113 4445 fremuerunt
1160 4393 1380 4461 gentes,
1436 4393 1494 4445 et
1541 4387 1743 4461 populi

68 4476 359 4534 meditati
387 4480 531 4533 sunt
559 4476 757 4533 inania
786 4477 956 4550 (Psal.
990 4494 1052 4546 ιι,
1086 4478 1139 4549 1)
1170 4499 1199 4529 ‹‹
1230 4477 1260 4532 ?
1285 4478 1358 4534 Et
1388 4476 1524 4534 alibi
1555 4477 1745 4550 Scrip-

1845 1997 1936 2062 37,
1967 1997 2077 2068 38).
2105 2016 2132 2047 ι
2190 1998 2269 2052 Ex
2315 1995 2414 2051 illo
2463 1996 2619 2051 enim
2669 1996 2840 2052 unico
2892 1998 2987 2052 Dei
3024 1997 3213 2055 Verbo
3245 2002 3499 2072 quatuor

1846 2085 2155 2141 ﬂuviorum
2188 2086 2511 2157 prudentiae
2542 2088 2599 2140 et
2650 2084 3036 2153 fortitudinis,
3094 2086 3497 2160 temperantia:

1846 2188 2079 2246 quoque
2109 2177 2165 2229 et
2189 2173 2427 2243 justitia:
2460 2173 2681 2229 ﬂuenta
2724 2179 3062 2230 manarunt.
3096 2198 3125 2226 «
3172 2174 3286 2231 Alii
3333 2176 3495 2245 enim

1842 2278 1949 2335 per
2021 2262 2304 2335 Spiritum
2351 2263 2523 2318 datur
2569 2264 2716 2319 931
2769 2279 2961 2321 sermo
3027 2264 3346 2337 sapientiae,
3398 2264 3497 2321 alii

1842 2351 1987 2407 ﬁdes
2033 2351 2091 2406 in
2122 2352 2325 2407 eodem
2369 2351 2610 2423 Spiritu,
2664 2351 2762 2406 alii
2811 2352 3002 2424 gratia
3033 2353 3405 2410 curationum
3437 2353 3497 2410 in

1843 2456 1961 2494 uno
2009 2439 2252 2511 Spiritu,
2306 2438 2403 2493 alii
2455 2439 2710 2510 operatio
2762 2441 3116 2498 virtutum...
3169 2442 3297 2498 Haec
3337 2443 3494 2498 enim

1844 2532 2117 2600 operatur
2146 2528 2346 2584 omnia
2374 2545 2528 2584 unus
2558 2532 2730 2600 atque
2757 2528 2911 2583 idem
2935 2530 3208 2602 Spiritus,
3229 2531 3494 2586 dividens

1842 2617 2095 2690 singulis
2129 2623 2302 2689 prout
2330 2616 2455 2672 vult
2486 2618 2533 2689 (I
2572 2621 2694 2674 Cor.
2747 2634 2849 2687 xu,
2894 2619 2949 2690 8,
3000 2618 3111 2690 11).
3163 2642 3182 2667 υ
3238 2618 3306 2673 Hi
3354 2623 3494 2675 sunt

1843 2706 2099 2778 impetus
2122 2706 2544 2772 ﬂuminis,cum
2569 2724 2630 2763 se
2661 2706 2721 2761 in
2753 2705 3001 2778 gratiam
3030 2706 3491 2764 ministeriorum

1841 2794 2198 2866 operationis
2233 2799 2405 2867 atque
2436 2795 2666 2849 virtutis
2696 2800 3017 2867 spontanee
3035 2794 3317 2852 divisione
3337 2799 3493 2853 tran-

1840 2882 2053 2938 fundit.

1911 2971 1998 3028 l3.
2036 2972 2136 3027 His
2177 2972 2358 3045 igitur
2389 2972 2650 3029 ﬂuminis
2681 2974 2919 3046 superni
2951 2975 3243 3031 meatibus
3287 2974 3490 3032 civitas

1838 3060 1938 3116 illa
1968 3059 2023 3115 in
2057 3077 2176 3133 qua
2204 3065 2356 3116 Deus
2386 3062 2694 3127 inhabitat,
2728 3063 3041 3135 irrigatur:
3074 3066 3131 3119 et
3156 3062 3490 3120 sanctiﬁca-

1838 3154 1933 3205 tur
1961 3148 2245 3206 Altissimi
2276 3150 2742 3219 tabernaculum,
2777 3152 2968 3206 omnis
3000 3152 3198 3207 anima
3229 3169 3359 3224 quae
3399 3152 3486 3206 in-

1467 3238 1613 3292 Nam
1673 3241 1730 3293 et
1758 3218 1800 3285 C
1838 3238 2140 3294 habitatur
2171 3255 2205 3293 a
2232 3238 2497 3293 Christo:
2532 3239 2619 3293 vel
2652 3255 2863 3311 corpus
2908 3238 3054 3294 illud
3104 3218 3262 3311 quod
3309 3239 3484 3312 Virgo

1839 3326 2152 3400 generavit,
2186 3327 2257 3381 de
2289 3343 2403 3397 quo
2436 3326 2665 3382 Gabriel
2697 3326 2942 3399 angelus
2973 3327 3154 3382 dixit:
3189 3350 3217 3378 «
3242 3327 3309 3382 Et
3329 3328 3483 3399 quod

1841 3420 2113 3471 nascetur
2141 3431 2208 3470 ex
2234 3420 2288 3470 te
2319 3420 2587 3470 sanctum
2634 3416 2935 3470 vocabitur
2982 3416 3164 3471 Filius
3216 3415 3317 3471 Dei
3370 3415 3484 3471 vivi

1840 3507 1993 3575 (Luc.
2027 3522 2065 3572 ι,
2096 3505 2207 3577 35).
2244 3527 2271 3553 n
2323 3505 2546 3558 Bonum
2603 3504 3067 3574 tabernaculum,
3120 3507 3276 3580 quod
3325 3502 3487 3561 nulla

1842 3596 2157 3665 potuerunt
2182 3592 2530 3647 obumbrare
2556 3596 2811 3664 peccata.
2828 3592 3187 3650 Admirabile
3208 3593 3496 3667 templum

1847 3682 1965 3749 Dei,
1996 3684 2053 3736 et
2074 3681 2209 3737 aula
2236 3681 2509 3747 caelestis,
2544 3682 2697 3753 quod
2730 3680 2992 3738 solutum
3024 3683 3323 3757 corrumpi
3380 3698 3496 3738 non

1844 3769 2055 3842 potuit,
2109 3772 2209 3826 sed
2258 3770 2412 3826 intra
2459 3769 2721 3825 triduum
2784 3770 3129 3839 resurrexit,
3182 3771 3499 3827 resuscita-

1844 3864 1971 3914 tum
2004 3859 2073 3913 ab
2105 3858 2231 3930 ipso
2262 3859 2363 3931 qui
2397 3864 2667 3915 mortuus
2714 3858 3038 3915 videbatur.
3088 3859 3204 3915 Nec
3253 3859 3492 3929 mirum,

1846 3947 2083 4018 quando
2133 3947 2290 4004 Deus
2339 3946 2400 4002 in
2446 3946 2635 4002 medio
2691 3946 2942 4003 civitatis
2999 3948 3126 4018 ejus
3185 3950 3331 4015 erat,
3389 3952 3496 4001 nec

1848 4040 2177 4093 commotus
2208 4041 2317 4104 est,
2349 4036 2468 4093 sive
2516 4036 2655 4108 quia
2704 4034 2928 4091 nullius
2986 4036 3206 4108 peccati
3258 4034 3496 4109 prolap-

1848 4126 2011 4181 sione
2041 4129 2372 4181 commotus
2400 4130 2489 4181 est
2519 4124 2618 4181 Dei
2652 4122 2967 4191 Filius,nec
2995 4124 3248 4195 alicujus
3279 4123 3499 4180 erroris

1850 4214 2168 4269 offensione
2198 4214 2488 4281 titubavit,
2520 4218 2622 4270 aut
2665 4212 2984 4285 corporalis
3032 4212 3319 4270 illecebrae
3365 4230 3495 4269 mu-

1848 4301 1993 4357 tavit
2046 4300 2339 4373 impulsu;
2404 4303 2523 4358 sive
2581 4302 2723 4374 quia
2781 4319 2897 4357 non
2948 4300 3188 4374 reliquit
3235 4301 3496 4358 animam

1851 4390 1980 4461 ejus
2010 4389 2111 4445 Dei
2143 4388 2350 4461 gratia,
2374 4391 2475 4445 sed
2500 4390 2906 4463 inseparabilis
2936 4390 2994 4446 in
3016 4406 3082 4446 ea
3100 4391 3503 4463 mansit,quod

1853 4479 1925 4534 ab
1955 4477 2115 4533 omni
2146 4477 2469 4533 colluvione
2510 4479 2705 4534 delicti
2756 4478 3134 4536 immaculata
3180 4479 3498 4535 duraverit.

68 4562 432 4655 turadicit:
454 4585 499 4655 να
552 4564 726 4655 Periit
770 4565 1064 4655 memoria
1112 4581 1315 4655 eorum
1346 4582 1478 4655 cum
1498 4567 1744 4655 strepitu
1777 4589 1824 4655 Β
1856 4566 2021 4622 Unde
2049 4570 2105 4621 et
2133 4565 2206 4621 ad
2239 4566 2464 4621 Patrem
2499 4568 2596 4623 Dei
2629 4567 2811 4625 Filius
2861 4568 3039 4624 dixit:
3090 4588 3119 4617 ι
3170 4568 3285 4624 Nec
3338 4568 3502 4624 dere-

64 4652 266 4726 (Ρεαι.
302 4669 383 4723 1x,
411 4654 489 4724 7).
524 4675 555 4704 »
582 4652 865 4710 Diabolus
896 4669 1112 4712 sonum
1144 4654 1648 4726 quaerit,C.bristus
1677 4655 1750 4711 si-

64 4741 369 4798 lentium.
392 4741 654 4813 Denique
684 4764 714 4794 «
743 4742 898 4798 sicut
926 4757 1115 4815 agnus
1144 4758 1340 4799 coram
1364 4744 1640 4799 tondente
1662 4759 1746 4810 se,

64 4830 173 4889 sic
196 4844 327 4886 non
360 4830 590 4903 aperuit
618 4847 684 4887 os
714 4840 890 4887 suum
921 4833 1050 4903 (Isa.
1083 4848 1207 4899 Lm,
1238 4833 1317 4902 7).
1375 4854 1403 4881 ››
1455 4831 1528 4887 Et
1570 4831 1746 4887 alibi:

65 4944 101 4971 κ
137 4916 281 4976 Non
315 4916 616 4989 clamabit,
663 4936 850 4992 neque
899 4921 1228 4988 contendet,
1281 4938 1385 4976 nec
1433 4921 1748 4992 quisquam

65 5007 301 5064 audiet
326 5007 388 5063 in
419 5008 612 5079 platea
639 5025 837 5066 vocem
863 5010 1060 5081 ejus...
1094 5010 1277 5066 donec
1303 5010 1500 5080 ejiciat
1528 5009 1584 5064 in
1634 5009 1747 5065 vic-

64 5096 243 5153 toria
266 5095 565 5167 judicium
596 5098 615 5168 (
647 5097 834 5153 Matth.
867 5115 971 5163 xu,
1004 5098 1095 5167 19,
1125 5100 1234 5167 20;
1282 5101 1386 5154 lsa.
1441 5116 1559 5166 Llll,
1607 5101 1687 5169 7):
1722 5120 1749 5147 ››

61 5186 224 5251 Quae
272 5188 370 5239 est
422 5184 535 5241 ista
592 5186 706 5241 nisi
756 5186 828 5241 de
878 5191 1145 5259 serpente
1195 5188 1482 5245 victoria?
1533 5190 1593 5243 In
1642 5188 1751 5242 hac

61 5271 443 5357 fortitudine
471 5274 600 5330 Filii
631 5275 732 5332 Dei
761 5275 1090 5332 conturbati
1121 5282 1263 5332 sunt
1294 5282 1556 5334 montes:
1617 5294 1751 5333 cum

63 5358 376 5423 diabolus
397 5367 458 5419 et
486 5364 744 5421 ministri
776 5366 905 5436 ejus
935 5364 1198 5423 viderent
1245 5373 1507 5423 mortuos
1558 5384 1753 5423 resur-

59 5457 327 5526 gentes.
364 5452 465 5509 Isti
498 5458 639 5510 sunt
667 5458 897 5510 montes
927 5455 1029 5526 qui
1060 5456 1408 5512 turbantur:
1439 5455 1522 5511 illi
1582 5472 1755 5512 mon-

150 5596 286 5669 (87)
319 5554 771 5670 Quadam_edit.
808 5596 1041 5670 Paris.,_
1067 5606 1226 5670 atque
1259 5600 1459 5656 Jo’anni
1485 5616 1499 5655 :
1550 5613 1754 5670 emen-

60 5667 319 5727 damus
352 5667 538 5725 ecod.
591 5667 758 5741 Reg.,
806 5670 968 5741 atque
1015 5667 1299 5727 Joaﬁnem.
1353 5670 1465 5727 Sed
1513 5670 1574 5727 in
1624 5669 1756 5729 aliis

431 5794 693 5859 ΡΑτιιοι.
740 5794 902 5860 XIV.

1860 4655 2092 4728 linques
2115 4655 2373 4711 animam
2407 4671 2593 4712 meam
2631 4656 2689 4712 in
2724 4657 2951 4715 inferno
2982 4659 3155 4732 (Psal.
3184 4675 3276 4727 xv,
3329 4657 3437 4729 10).
3472 4678 3503 4707 ››

1860 4745 2009 4817 Ergo
2042 4744 2182 4816 quia
2204 4745 2445 4799 suberat
2473 4744 2524 4799 ei
2556 4761 2659 4800 nec
2692 4746 2751 4801 in
2783 4764 2957 4803 carne
3005 4764 3264 4820 peccare,
3312 4745 3508 4801 divine

1861 4833 1978 4889 ait:
2014 4856 2040 4882 ‹‹
2074 4833 2192 4905 Ego
2223 4833 2282 4886 in
2315 4833 2483 4887 Patre
2512 4836 2570 4887 et
2598 4832 2768 4888 Pater
2794 4834 2855 4889 in
2889 4852 2980 4891 me
3027 4840 3117 4892 est
3159 4836 3344 4909 (Joan.
3390 4850 3507 4904 xxv,

1863 4922 1973 4993 10).
2012 4943 2039 4969 ››
2069 4922 2139 4975 Et
2170 4920 2312 4976 alibi
2347 4938 2360 4975 :
2403 4943 2423 4970 ε
2461 4920 2739 4977 Traditus
2767 4928 2996 4991 sum,et
3026 4942 3141 4981 non
3173 4924 3512 4998 egrediebar

1860 5010 2033 5081 (Psal.
2068 4998 2315 5075 Lxxxvu,
2347 5008 2425 5078 9).
2460 5030 2488 5058 »
2522 5010 2607 5063 Ab
2648 5027 2713 5064 eo
2764 5011 2966 5082 utique
3015 5030 3129 5068 non
3178 5014 3514 5086 egredieba-

1864 5104 1977 5167 tur,
2008 5097 2100 5152 cui
2130 5098 2277 5152 dixit
2306 5101 2503 5168 postea
2528 5112 2539 5150 :
2576 5120 2602 5145 ‹‹
2638 5098 2971 5165 Exsurrexi,
3001 5106 3061 5155 et
3089 5101 3281 5157 adhuc
3318 5106 3513 5157 tecum

1861 5205 1994 5243 sum
2025 5187 2197 5259 (Psal.
2230 5200 2499 5251 cxxxvm,
2536 5185 2644 5256 48).
2683 5209 2710 5235 ››
2742 5187 2847 5241 Ubi
2880 5191 3078 5242 autem
3113 5188 3329 5261 aliquis
3375 5206 3515 5262 gra-

1861 5278 1991 5332 vius
2022 5277 2644 5347 peccat,commovetur
2674 5274 2731 5329 in
2763 5291 2829 5331 eo
2861 5275 3105 5344 Deus,ut
3136 5279 3209 5332 ab
3239 5293 3306 5333 eo
3329 5281 3517 5333 trans-

1863 5372 1975 5421 eat.
2011 5364 2172 5420 Uude
2202 5369 2258 5419 et
2281 5362 2415 5416 Adae
2468 5363 2732 5434 peccanti
2776 5363 3155 5420 deambulare
3203 5365 3363 5420 visus
3402 5370 3511 5435 est,

1863 5459 1920 5510 et
1994 5452 2287 5525 Stephano
2367 5454 2556 5519 stare;
2646 5452 2787 5521 quia
2871 5450 2965 5507 ille
3050 5453 3518 5523 praevaricatione

1864 5595 2138 5654 omnibus
2169 5598 2228 5653 et
2257 5608 2399 5651 mss.
2425 5595 2483 5650 et
2510 5591 2648 5650 edit.
2691 5592 2801 5652 soli
2853 5593 3011 5654 Elius
3063 5601 3121 5654 et
3170 5596 3364 5655 Enoch
3389 5613 3516 5654 me-

1865 5673 2188 5727 morantur.

3113 5794 3196 5861 38
