3856 6206
151 375 292 439 "9'1

1224 370 1678 432 ENARRATIO
1722 371 1800 431 ΙΝ
1847 370 2226 433 PSALMUM
2272 370 2446 432 XLV.

3386 361 3545 432 H98

149 522 317 579 regna
346 503 580 575 peccati,
616 518 749 558 cum
787 501 1036 573 legitur:
1081 503 1199 555 Non
1254 505 1442 569 regnet
1494 510 1795 574 peccatum-
1822 503 1876 568 Α
1908 500 2165 556 laborem
2243 503 2398 556 934
2451 502 2601 570 ejus.
2654 500 2817 554 Sicut
2853 498 3012 554 enim
3080 498 3321 554 Abrahae
3368 516 3545 572 opera

148 597 201 649 in
226 598 397 648 vestro
442 592 667 647 mortali
698 606 919 662 corpore
951 592 1123 659 (Rom.
1158 607 1233 643 v1.
1301 590 1409 659 12).
1492 589 1794 645 lnclinavit

154 683 338 737 omnia
368 696 545 751 regna
576 678 833 751 perfidiae
853 695 989 733 voce
1028 696 1136 733 sua
1193 678 1496 743 Dominus,
1544 679 1743 732 dicens
1776 702 1789 739 :

150 772 320 827 Venite
342 768 411 824 ad
440 785 550 835 me,
583 784 767 824 omnes
797 769 897 838 qui
916 767 1181 822 laboratis
1210 770 1261 822 et
1298 769 1519 822 onerati
1561 770 1709 834 estis,
1742 768 1794 821 et

143 875 231 927 ego
266 857 509 926 reﬁciam
543 872 631 912 vos
663 856 853 925 (Matth
883 872 965 918 χι,
997 857 1112 925 28).

208 949 287 1001 17.
321 946 479 1001 Hanc
512 962 711 1000 vocem
743 944 904 1000 dedit
933 944 1297 1009 Altissimus,
1331 949 1390 999 et
1420 961 1626 999 omnes
1652 960 1788 999 eum

140 1035 313 1091 secuti
341 1040 481 1091 sunt
512 1033 714 1105 populi
746 1035 1077 1099 nationum,
1119 1033 1268 1087 dura
1317 1033 1537 1104 peccati
1611 1047 1790 1103 regna

143 1123 444 1195 fugientes,
474 1127 533 1177 et
564 1125 854 1194 perpetua;
905 1121 1114 1177 mortis
1172 1121 1556 1181 atrocitatem.
1615 1125 1789 1191 atque

140 1210 551 1267 intolerabilem
566 1211 919 1282 flagitiorum
931 1210 1237 1265 omninum
1269 1209 1634 1275 servitutem;
1651 1224 1784 1263 cum

140 1298 500 1370 polliceretur
523 1298 692 1353 fessis
716 1297 999 1369 requiem,
1042 1298 1287 1369 captivis
1354 1297 1782 1364 remissionem,

138 1388 516 1443 servientibus
574 1385 942 1453 libertatem;
975 1390 1032 1440 et
1088 1386 1337 1441 decusso
1386 1386 1532 1455 jugo
1599 1384 1784 1440 ferreo

138 1474 427 1548 Babylonii
445 1475 621 1547 regis,
645 1476 863 1546 jugum
889 1490 1064 1529 suum
1087 1490 1265 1529 suave
1287 1473 1609 1528 cervicibus
1645 1473 1784 1527 tide-

136 1566 269 1620 lium
299 1564 684 1634 subrogaret;
726 1579 798 1621 ne
825 1579 1008 1616 vacua
1037 1560 1187 1616 colla
1234 1560 1542 1633 gentilium
1576 1577 1782 1615 rursus

135 1653 400 1710 inimicus
430 1651 651 1708 catenis
674 1667 792 1706 suae
819 1649 1151 1721 iniquitatis
1181 1649 1550 1721 astringeret.
1584 1648 1782 1704 Chris-

136 1746 224 1799 tus
250 1743 404 1798 enim
443 1757 593 1812 quos
611 1739 832 1811 alligat,
863 1739 1112 1794 liberat:
1159 1742 1219 1793 et
1276 1755 1426 1810 quos
1485 1737 1778 1809 astringit,

133 1829 395 1887 absolvit.
431 1828 692 1900 Denique
719 1828 819 1898 qui
850 1843 1054 1882 servus
1074 1831 1310 1881 vocatus
1343 1843 1377 1881 a
1397 1825 1644 1881 Domino
1668 1828 1778 1893 est,
1812 1867 1860 1931 Β

132 1919 373 1975 libertus
394 1920 487 1973 est
506 1916 737 1972 Domini
763 1933 779 1983 ;
801 1919 859 1971 et
887 1915 987 1987 qui
1019 1914 1167 1971 liber
1190 1919 1426 1970 vocatus
1447 1919 1554 1981 est,
1574 1926 1783 1970 servus

129 2006 333 2063 Christi
362 2009 477 2062 est.
516 2005 770 2075 Ideoque
801 2003 860 2058 in
886 2003 1011 2059 suis
1031 2001 1283 2058 vinculis
1315 2001 1530 2058 Paulus
1570 2001 1784 2074 gloria-

124 2095 442 2164 tur,dicens
465 2110 478 2150 :
504 2115 533 2145 «
566 2094 785 2147 Paulus
812 2092 1045 2148 vinctus
1093 2092 1235 2146 Jesu
1268 2092 1484 2163 (Ephes.
1520 2108 1605 2153 Ill,
1642 2092 1714 2159 1),
1752 2114 1774 2142 ι

133 2185 287 2251 Quod
311 2184 428 2241 sub
458 2181 590 2238 aliis
618 2180 989 2246 contumelia,
1024 2180 1135 2235 sub
1167 2180 1396 2235 Christo
1427 2179 1612 2251 gloria
1671 2183 1778 2234 est.

131 2274 293 2328 Dedit
311 2287 516 2328 vocem
548 2285 717 2325 suam
748 2270 806 2323 in
841 2268 1111 2340 passione
1144 2268 1451 2338 Dominus,
1470 2273 1526 2322 et
1556 2269 1782 2322 univer-

129 2379 189 2418 sa
214 2360 508 2418 elementa
536 2361 930 2424 tremuerunt,
964 2356 1157 2412 omnis
1172 2362 1329 2411 terra
1359 2361 1652 2411 commota
1689 2361 1779 2411 est

127 2451 335 2523 (Matth.
367 2464 545 2517 xxvn,
588 2446 704 2518 51),
734 2450 802 2502 ut
859 2445 1007 2500 ritus
1064 2444 1372 2517 gentilium
1429 2443 1776 2510 solveretur,

133 2540 412 2612 ﬁeretque
441 2542 595 2593 terra
622 2534 878 2600 Domini,
913 2539 971 2590 et
1002 2533 1303 2606 plenitudo
1334 2533 1484 2602 ejus,
1517 2537 1581 2586 ut
1636 2530 1779 2597 scri-

127 2632 286 2701 ptum
312 2631 406 2684 est
427 2626 601 2697 (Psat.
634 2640 797 2691 xxm,
828 2622 935 2695 1.);
970 2626 1267 2678 cessarent
1333 2620 1578 2691 auguria
1605 2620 1777 2691 perﬁ-

128 2719 362 2782 dorum,
395 2719 454 2770 et
482 2712 835 2770 sacrificium
870 2711 1193 2783 impietatis
1241 2709 1498 2781 cognitio
1528 2709 1662 2763 fidei
1722 2713 1779 2764 et

127 2808 392 2863 studium
426 2803 750 2860 devotionis
800 2800 1123 2857 abolerent.
1178 2799 1288 2854 Dat
1346 2815 1544 2854 vocem
1602 2813 1772 2853 suam

129 2894 413 2951 Dominus
441 2889 721 2963 quotidie,
753 2893 808 2945 et
839 2887 1087 2945 resultat
1108 2887 1169 2942 in
1201 2888 1481 2943 cordibus
1511 2885 1774 2957 singulo-

125 2999 253 3038 rum
279 3001 293 3050 ;
323 2985 391 3036 ut
420 2984 717 3035 terrenum
745 2992 918 3033 omne
950 2977 1193 3032 decedat
1249 2976 1379 3045 ejus
1436 2975 1534 3047 qui
1594 2976 1774 3031 bene-

121 3072 307 3128 credit
337 3069 569 3136 affectu,
603 3071 777 3138 atque
810 3081 1015 3121 omnes
1042 3064 1388 3119 interiorum
1419 3080 1629 3119 sensus
1646 3063 1771 3119 ani-

122 3176 353 3217 morum
385 3158 458 3213 ab
489 3173 704 3223 errore,
735 3155 1109 3227 corruptione
1137 3152 1380 3208 luxuriae
1412 3158 1470 3207 et
1519 3152 1770 3208 dissolu-

1904 591 2091 644 facere
2119 590 2422 651 debemus,
2484 596 2548 643 ut
2602 588 2704 642 ﬁlii
2738 590 2866 659 ejus
2922 587 3203 659 appellari
3234 590 3369 659 jure
3426 604 3545 643 me-

1904 696 2138 732 reamur
2171 697 2182 745 ;
2221 680 2297 732 ita
2326 679 2502 733 etiam
2525 676 2796 731 exercitia
2819 682 2992 747 atque
3013 676 3346 731 certamina
3367 677 3555 732 sancti

1900 767 2077 822 Jaeob
2110 768 2307 821 subire
2336 767 2635 835 debemus,
2672 770 2734 820 ut
2762 765 2917 819 Deus
2946 765 3127 819 Jacob
3159 765 3314 819 Deus
3356 769 3555 821 noster

1901 871 2027 910 esse
2059 856 2347 910 credatur.
2382 855 2526 909 Nam
2559 854 2607 909 si
2638 870 2814 926 opera
2835 855 3039 919 Jacob,
3076 853 3165 908 vel
3198 853 3337 924 quia
3382 853 3551 909 illum

1901 961 2131 1015 requare
2163 960 2273 999 non
2308 960 2647 1014 possumus,
2674 942 2873 997 studia
2902 941 3099 1013 operis
3129 943 3256 1012 ejus
3286 959 3354 996 ac
3411 940 3548 996 fidei

1870 1088 1873 1091 ,
1902 1049 2014 1087 non
2034 1037 2311 1103 agnoscat
2339 1031 2398 1085 in
2430 1031 2599 1085 nobis
2624 1048 2639 1086 :
2672 1031 2965 1101 quomodo
2997 1031 3165 1100 quasi
3190 1031 3346 1089 Deus
3360 1031 3543 1086 Jacob

1899 1138 2006 1175 nos
2030 1122 2236 1190 juvare
2267 1120 2607 1190 dignabitur
2634 1120 2661 1174 ‘l

1968 1212 2056 1263 20.
2144 1210 2329 1277 (Vers.
2406 1210 2486 1268 9.)
2563 1208 2712 1263 Dum
2770 1207 2892 1262 haec
2971 1208 3189 1263 diceret
3254 1225 3386 1264 ecce
3441 1225 3546 1281 per

1897 1299 2177 1368 Spiritum
2202 1302 2471 1352 sanctum
2532 1312 2790 1367 prtesens
2834 1298 3027 1369 imago
3085 1296 3137 1352 ei
3196 1296 3398 1352 infusa
3453 1302 3543 1353 est

1896 1385 2225 1441 futurorum
2262 1403 2275 1448 ;
2311 1386 2587 1440 etvidcns
2617 1400 2685 1439 ex
2713 1385 2872 1456 gravi
2908 1386 3345 1456 perturbatione
3363 1385 3544 1442 bello-

1895 1492 2024 1528 rum
2058 1491 2259 1546 pacem
2291 1479 2413 1529 toto
2447 1476 2585 1528 orbe
2615 1473 2887 1528 ditfusam
2913 1474 2971 1527 in
3002 1474 3254 1528 adventu
3314 1475 3543 1530 Domini

1893 1563 2189 1629 salmaris,
2225 1564 2438 1618 clamat
2471 1564 2542 1615 ad
2575 1562 2878 1617 universos
2908 1562 3109 1616 dicens
3138 1578 3149 1616 :
3176 1584 3204 1612 «
3236 1562 3440 1617 Venite
3481 1566 3542 1619 et

1890 1653 2078 1706 videte
2109 1668 2282 1723 opera
2295 1651 2546 1717 Domini,
2569 1668 2696 1722 quae
2715 1650 2911 1722 posuit
2940 1650 3204 1722 prodigia
3227 1666 3404 1722 super
3419 1655 3540 1707 ter-

1892 1757 2015 1794 ram
2027 1782 2039 1795 .
2054 1739 2318 1794 «Venite.
2337 1760 2364 1789 ››
2379 1740 2451 1793 ad
2465 1739 2970 1811 congregationem
2985 1742 3227 1810 spectat:
3241 1760 3269 1788 ‹‹
3282 1738 3535 1808 Videte,»

1890 1828 1960 1882 ad
1985 1828 2366 1883 intentionem
2399 1832 2455 1882 et
2491 1828 2903 1899 cognoscendae
2962 1826 3223 1882 studium
3254 1827 3534 1883 veritatis.

1891 1916 2114 1983 Videte,
2146 1916 2338 1988 inquit
2358 1932 2532 1986 Opera
2588 1915 2819 1969 Domini
2863 1914 3036 1986 plena
3091 1915 3413 1984 miraculis,
3473 1917 3535 1972 in

1892 2005 2107 2075 quibus
2140 2019 2485 2075 magnarum
2521 2007 2658 2057 sunt
2700 2002 2869 2075 signa
2906 2002 3214 2058 virtutum.
3273 2003 3536 2076 Denique

1888 2101 2068 2165 τέρατι
2126 2093 2337 2159 Graece,
2388 2090 2733 2146 admiranda
2786 2091 3067 2146 dicuntur
3136 2091 3338 2147 Latine
3393 2092 3532 2163 (90).

1888 2181 2014 2236 Non
2037 2197 2173 2252 ergo
2203 2180 2370 2251 quasi
2404 2178 2744 2251 prodigialia
2774 2178 3031 2259 horroris
3060 2178 3311 2251 accipias
3361 2198 3538 2254 opera

1890 2270 2144 2335 Domini,
2199 2270 2297 2325 sed
2331 2269 2500 2340 quasi
2563 2269 2731 2339 plena
2777 2266 3204 2323 admirationis.
3260 2269 3536 2326 Prteclare

1889 2359 2084 2430 posuit
2105 2375 2284 2428 super
2313 2363 2527 2412 terram
2564 2374 2577 2423 ;
2611 2357 2669 2411 id
2693 2360 2784 2411 est
2803 2355 2861 2410 in
2890 2361 3128 2411 terram.
3149 2378 3177 2406 »

1958 2448 2046 2500 21.
2083 2447 2269 2517 (Vers.
2305 2448 2418 2513 10.)
2453 2468 2481 2495 ‹‹
2513 2445 2796 2501 Auferens
2826 2444 2978 2501 bella
3019 2461 3208 2517 usque
3256 2447 3327 2501 ad
3388 2447 3535 2503 fines

1886 2539 2071 2600 terrze,
2107 2550 2304 2589 arcum
2337 2537 2597 2588 conteret
2624 2536 2682 2587 et
2710 2531 3037 2604 confringet
3056 2550 3220 2589 arma
3244 2550 3256 2588 :
3290 2538 3348 2589 et
3367 2540 3535 2601 scuta

1885 2624 2188 2679 comburet
2205 2621 2343 2694 igni.
2362 2644 2389 2671 »
2410 2622 2478 2676 Et
2495 2637 2623 2676 vere
2643 2625 2959 2691 antequam
2976 2622 3305 2677 Romanum
3317 2623 3532 2678 diffun-

1884 2713 2119 2768 deretur
2147 2710 2480 2782 imperium,
2510 2726 2628 2765 non
2657 2709 2850 2765 solum
2898 2709 3267 2783 singularum
3289 2712 3527 2769 urbium

1883 2817 2048 2873 reges
2076 2801 2385 2855 adversum
2416 2815 2478 2854 se
2509 2797 3073 2870 praeliabantur;sed
3094 2799 3395 2873 etiamipsi
3414 2800 3528 2858 Ro-

1884 2891 2044 2945 mani
2074 2888 2240 2945 bellis
2272 2889 2607 2960 frequenter
2634 2886 2906 2943 civilibus
2936 2887 3351 2945 atterebantur.
3411 2890 3528 2945 Pu-

1883 2978 2083 3046 gnavit
2112 2976 2332 3032 Marius
2364 2977 2644 3031 adversus
2660 2975 2929 3031 Cinnam.
2966 2977 3025 3030 In
3066 2981 3315 3048 utraque
3360 2982 3524 3050 parte

1885 3067 2185 3121 Romanus
2217 3066 2384 3121 fusus
2413 3069 2503 3119 est
2559 3064 2822 3134 sanguis.
2885 3064 3043 3136 Sylla
3091 3065 3429 3132 insurrexit,
3471 3070 3529 3122 et

1882 3155 2063 3211 Mario
2087 3153 2291 3209 victori
2317 3170 2522 3207 rursus
2545 3153 2736 3207 civilia
2751 3152 2904 3207 bella
2921 3153 3257 3208 commovit.
3275 3154 3525 3224 Lepidus

120 3252 298 3316 tione,
332 3247 409 3303 ad
441 3245 847 3318 cognitionem.
886 3242 1209 3299 ccelestium
1242 3246 1770 3309 sacramentorum,
1804 3231 1847 3296 C
1886 3244 1998 3317 (9|)
2051 3241 2458 3310 Sertoriusque
2514 3239 2761 3295 rebelles
2821 3256 2884 3295 se
2936 3240 3197 3295 Romano
3273 3240 3521 3312 imperio

119 3345 175 3396 et
202 3337 473 3399 studium
505 3333 795 3390 castitatis
821 3350 835 3400 ;
867 3350 902 3388 a
931 3330 1193 3403 nequitia
1223 3331 1293 3385 ad
1335 3329 1609 3385 virtutem
1670 3329 1767 3402 pia

119 3426 493 3485 confessione
521 3426 842 3478 moveatur.

1876 3331 2270 3404 praebuerunt.
2304 3329 2495 3383 Caesar
2523 3327 2865 3398 Pompeium
2915 3331 3005 3382 est
3046 3331 3408 3398 persecutus,
3466 3333 3524 3384 et

1874 3419 2192 3479 Galliarum
2228 3419 2482 3472 furorem
2513 3415 2782 3472 excitavit
2808 3415 3088 3471 adversus
3116 3431 3281 3471 arma
3309 3416 3521 3473 Roma-

188 3472 813 3587 -§)'ltlotos
829 3472 972 3581 ergo
1012 3524 1111 3563 eos
1170 3507 1312 3563 dicit
1340 3506 1443 3579 qui
1497 3506 1557 3561 in
1615 3472 1769 3562 terra
1876 3472 2230 3565 Devicto
2260 3505 2486 3562 seniore
2506 3503 2798 3574 Pompeio,
2813 3504 3113 3575 juniorem
3130 3504 3190 3559 in
3210 3504 3518 3576 Hispania-

119 3611 284 3671 sunt,
316 3602 406 3659 vel
438 3600 577 3674 quia
596 3605 753 3657 terra
780 3602 945 3655 erant
974 3613 1177 3652 omnes
1206 3596 1493 3663 homines,
1530 3595 1589 3650 in
1637 3595 1768 3667 qui-

118 3696 229 3751 bus
262 3696 393 3749 erat
420 3695 652 3745 terrena
682 3685 979 3760 corruptio
1015 3703 1028 3753 ;
1061 3685 1203 3756 quia
1233 3684 1440 3739 oculus
1485 3684 1769 3738 mentium

117 3785 187 3841 ad
222 3780 482 3839 sublime
508 3777 707 3851 gratia:
738 3774 990 3833 scelestis
1019 3773 1243 3829 elevare
1285 3776 1457 3844 atque
1511 3770 1774 3828 attollere

118 3870 465 3929 nesciebant
493 3885 507 3935 ;
539 3882 646 3922 nec
677 3868 947 3938 poterant
977 3863 1201 3920 dicere:
1240 3884 1267 3910 ››
1302 3862 1451 3916 Deus
1490 3860 1773 3915 virtutum

120 3961 435 4017 nobiscum
462 3974 475 4025 ;
513 3978 540 4007 »
570 3972 703 4010 cum
717 3953 935 4026 quibus
965 3968 1077 4007 non
1104 3949 1358 4009 eratnisi
1389 3949 1778 4022 prolapsionis

122 4052 418 4111 incentor,
450 4050 507 4101 et
535 4048 742 4100 auctor
770 4041 1005 4098 erroris.
1062 4040 1173 4095 Sed
1239 4043 1618 4111 posteaquam
1671 4056 1778 4095 vox

124 4135 363 4195 Domini
394 4134 454 4190 in
486 4129 791 4203 Evangelio
823 4128 1147 4196 resultavit,
1180 4130 1356 4182 audet
1385 4127 1668 4199 Propheta
1698 4128 1781 4182 di-

122 4242 293 4283 cere:
321 4247 347 4273 ‹‹
384 4222 536 4277 Deus
552 4221 829 4275 virtutum
852 4217 1181 4272 nobiscum.
1214 4238 1239 4264 ››
1264 4216 1413 4270 Bene
1435 4215 1577 4271 dicit
1598 4233 1611 4271 :
1630 4216 1780 4271 Deus

126 4315 421 4369 virtutum
454 4309 800 4373 nobiscum;
834 4328 861 4356 »
896 4305 996 4376 qui
1021 4304 1268 4359 credidit
1297 4304 1453 4374 quod
1510 4304 1681 4381 Virgo
1723 4305 1779 4359 in

124 4410 301 4459 utero
332 4397 551 4470 accepit
581 4402 637 4451 et
666 4395 909 4468 peperit.
954 4393 1252 4448 Audemus
1309 4396 1365 4445 et
1404 4408 1510 4446 nos
1567 4393 1780 4461 dicere,

127 4517 157 4540 υ
193 4491 357 4546 Deus
387 4486 671 4541 virtutum
702 4483 1006 4539 nobiscum
1034 4498 1046 4535 :
1085 4503 1112 4528 »
1145 4485 1521 4551 posteaquam
1556 4481 1785 4537 Emma-

1877 3613 2012 3653 rum
2042 3595 2308 3667 partibus
2338 3592 2666 3649 debellavit.
2687 3592 2837 3658 Quid
2852 3592 3213 3649 Triumviros
3234 3592 3523 3665 loquarex

1881 3685 2145 3744 hostibus
2173 3683 2393 3739 amicos
2424 3683 2560 3754 (92),
2595 3699 2664 3737 ex
2684 3683 2892 3738 amicis
2923 3699 3133 3755 rursus
3162 3683 3222 3737 in
3282 3682 3524 3740 hostiles

1882 3773 2174 3829 tumultus
2205 3788 2332 3827 esse
2364 3787 2743 3843 progressos:
2780 3770 2964 3826 maria
2995 3788 3228 3843 quoque
3293 3772 3525 3828 Actiaco

1884 3862 2035 3918 bello
2062 3861 2280 3917 infecta
2302 3860 2590 3931 sanguine
2622 3860 3017 3915 Romanorum
3046 3850 3267 3914 ?‘Unde
3305 3860 3527 3915 factum

1885 3955 1993 4018 est,
2028 3956 2092 4005 ut
2144 3949 2314 4004 taedio
2374 3947 2659 4003 bellorum
2717 3947 2998 4012 civilium,
3056 3945 3211 4000 Julio
3262 3948 3529 4019 Augusto

1886 4041 2217 4094 Romanum
2250 4037 2571 4091 deferretur
2600 4035 2912 4105 imperium
2945 4050 2958 4088 :
2991 4037 3049 4087 et
3076 4032 3530 4105 itapraaliainte-

1889 4129 2042 4183 stina
2067 4126 2271 4181 sedata
2304 4127 2460 4178 sunt.
2498 4124 2613 4176 lloc
2644 4128 2838 4176 autem
2869 4138 2935 4176 eo
2967 4122 3230 4193 profecit,
3264 4126 3330 4177 ut
3377 4128 3532 4179 recte

1890 4234 1991 4289 per
2018 4218 2205 4270 totum
2233 4213 2433 4266 orbem
2468 4208 2713 4281 apostoli
2746 4209 3115 4264 mitterentur
3143 4210 3370 4266 dicente
3419 4210 3532 4267 Do-

1890 4305 2050 4360 mino
2077 4302 2254 4357 Jesu:
2290 4302 2502 4354 Euntcs
2543 4300 2743 4353 docete
2790 4315 2994 4353 omnes
3054 4304 3254 4371 gentes
3312 4301 3525 4371 (Matth.

1888 4410 2086 4459 xxvm,
2119 4391 2228 4461 49).
2263 4388 2380 4443 Illis
2410 4388 2646 4458 quidem
2675 4387 3183 4443 etiaminterclusa
3216 4388 3537 4444 barbaricis

1895 4482 2195 4537 montibus
2210 4494 2387 4549 regna
2403 4482 2733 4547 patuerunt.
2745 4482 2809 4530 ut
2824 4476 3054 4531 Thema!
3072 4478 3254 4542 India,
3269 4477 3539 4532 Matthan

128 4578 299 4644 nuel,
336 4576 443 4631 hoc
474 4580 582 4640 est,
618 4573 771 4629 Deus
801 4570 972 4643 coepit
1002 4586 1130 4623 esse
1162 4569 1488 4624 nobiscum.
1522 4569 1627 4624 Ubi
1649 4586 1784 4643 ergo
1820 4600 1865 4662 D
1897 4569 2112 4629 Persia.
2146 4569 2255 4622 Sed
2292 4573 2485 4620 tamen
2515 4582 2629 4636 quo
2680 4565 2851 4636 plura
2879 4564 3108 4621 obirent
3136 4566 3329 4639 spatia
3356 4572 3538 4623 terra-

129 4664 510 4727 Emmanuel,
542 4663 622 4716 ibi
652 4684 679 4712 ‹‹
710 4661 862 4716 Deus
893 4659 1171 4714 virtutum
1208 4657 1537 4711 nobiscum.
1574 4680 1601 4705 ››
1820 4654 1857 4662 ”
1897 4676 2051 4724 rum,
2076 4659 2132 4712 in
2161 4662 2361 4711 exortu
2396 4654 2660 4708 Ecclesiae
2685 4658 3029 4726 potestatem
3048 4656 3291 4712 Romani
3312 4656 3544 4729 imperii

196 4756 291 4811 19.
309 4777 335 4803 ‹‹
363 4754 647 4824 Suceptor
668 4756 867 4806 noster
885 4749 1041 4803 Deus
1056 4746 1301 4800 Jacobm
1332 4746 1634 4800 Imitemur
1653 4763 1788 4819 ergo
1900 4753 2021 4803 toto
2063 4748 2201 4805 orbe
2231 4744 2486 4809 ditl‘udit,
2511 4759 2567 4796 et
2597 4744 3013 4800 dissidentium
3066 4750 3317 4812 mentes,
3364 4750 3545 4800 terra-

130 4841 537 4918 patriarcham
571 4841 773 4907 Jacob,
806 4838 1042 4893 odorem
1099 4837 1249 4905 ejus,
1302 4833 1575 4888 virtutem
1636 4836 1788 4904 ejus,
1900 4852 2151 4907 rumque
2178 4833 2425 4889 divortia
2455 4834 2670 4887 donata
2689 4836 3188 4905 pacecomposuit.
3210 4833 3548 4888 Didicerunt

1902 4957 2249 5015 triumvirali
2272 4960 2554 5028 potestate
2577 4974 2739 5029 arma
2752 4975 2860 5011 sua
2878 4959 3064 5029 primo
3082 4958 3540 5029 conjunxerunt:

1907 5033 2006 5086 sed
2044 5030 2195 5084 brevi
2231 5029 2423 5082 soluta
2445 5032 2549 5100 est
2596 5028 2697 5082 illa
2752 5028 3015 5083 societas.
3068 5029 3329 5100 Namque
3387 5028 3544 5100 haud

1907 5102 2093 5157 multo
2126 5107 2254 5172 post
2284 5098 2498 5169 Lepido
2532 5098 2587 5172 in
2622 5100 2885 5154 ordinem
2949 5101 3198 5172 redacto,
3220 5098 3547 5172 A'Antonius

1909 5169 2163 5243 denique
2215 5173 2367 5240 apud
2422 5169 2652 5243 Aetium
2713 5172 3071 5226 maritimam
3133 5170 3285 5243 Epiri
3340 5172 3547 5226 urbem

139 5239 615 5322 tiuni'assertor,
655 5251 755 5322 qui
786 5239 1065 5322 advers-us
1094 5243 1360 5322 Catulum
1387 5243 1630 5316 Syllana:
1665 5239 1801 5302 'fac-
1910 5239 2097 5322 navali
2131 5239 2330 5314 pugna
2354 5239 2703 5322 proﬂigatae
2731 5243 2804 5295 ab
2836 5239 3399 5322 Aligusto_violeptas
3430 5258 3550 5322 ma:

136 5321 335 5394 tionis
365 5322 574 5394 ducem
602 5311 862 5394 quicum
887 5319 1051 5392 prius
1091 5311 1459 5394 consulatum
1519 5323 1801 5394 gesserat,
1913 5334 2024 5394 nus
2055 5311 2317 5394 insuam
2354 5311 2744 5394 ipsius’lvitam
2776 5311 3076 5394 convertit.
3107 5316 3222 5394 llas
3253 5312 3551 5394 Octaviani

140 5392 382 5454 bellum
417 5383 733 5467 gessit-De
761 5383 966 5449 eodem
984 5393 1178 5447 autem
1204 5387 1415 5460 Lepido
1438 5383 1569 5443 mo'x
1591 5383 1803 5445 iterum
1913 5385 2153 5445 Caesaris
2181 5383 2487 5467 victorias,_
2505 5387 2801 5467 etupacem
2834 5384 2973 5467 inde
2995 5388 3274 5467 secutam
3296 5384 3554 5467 .Tacitus

143 5452 453 5524 dicemus:
1280 5452 1300 5460 ’
1917 5455 2259 5529 compendio
2332 5452 2617 5526 exprimit
2658 5452 2776 5507 iliis
2861 5455 3087 5510 verbis:
3144 5454 3334 5527 Lepidi
3396 5459 3557 5583 atque

230 5535 684 5583 l82lAntnnins-
735 5533 1010 5583 Lonidus.
1056 5535 1231 5583 atoue
1285 5531 1584 5583 Augustus
1646 5532 1808 5583 nrius
1918 5529 2138 5583 Antonii
2165 5542 2322 5581 arma
2361 5527 2421 5580 in
2448 5526 2749 5583 Augustum
2790 5541 3010 5583 cessere.
3069 5528 3166 5583 aut
3219 5531 3417 5583 cuncta
3482 5531 3556 5583 1's-

230 5537 349 5609 (62)
378 5533 1010 5610 Antoniu_s,_chidus,
1056 5535 1231 5610 atque
1272 5531 1584 5610 Augustus
1646 5532 1808 5610 prius
1918 5526 2138 5610 Antonii
2165 5542 2322 5610 arma
2361 5527 2421 5580 in
2440 5526 3010 5610 ﬂugustumressere,
3069 5528 3166 5610 qui
3216 5526 3417 5610 cuncta
3444 5526 3556 5583 dis-

149 5597 492 5674 discoitdes,
527 5612 589 5663 ut
620 5597 763 5663 Julii
796 5597 1038 5661 Caesaris
1088 5597 1324 5657 a'Bruto
1344 5597 1589 5674 alasque
1619 5597 1815 5676 conju-
1920 5601 2119 5661 cordiis
2147 5598 2402 5676 civilibus
2427 5599 2592 5669 fessa,
2625 5597 2850 5653 nomine
2898 5597 3190 5670 principis,
3246 5600 3346 5655 sub
3396 5599 3560 5671 {Inpe-

148 5680 312 5739 ratis
368 5670 655 5737 interfecti
693 5692 896 5734 necem
955 5676 1467 5749 persequerentur,
1492 5670 1815 5749 assumpta
1921 5676 2072 5735 rium
2100 5670 2324 5742 accepit.

212 4968 314 5040 (00
333 4970 347 5037 )
368 4966 512 5040 Mss.
540 4964 826 5040 nonnulli.
847 4987 871 5040 ξι
905 4961 1163 5040 Denique
1188 4958 1796 5040 prod_igia.Gra‘cr,ad-

134 5030 421 5097 miranda
441 5037 717 5092 dicuntur
739 5035 993 5091 Latine.»
1012 5030 1119 5086 Alii
1152 5037 1209 5085 et
1228 5030 1506 5084 edit.utin
1528 5035 1686 5085 textu
1707 5050 1796 5087 ex-

136 5114 321 5175 cepto
342 5109 492 5176 quod
512 5109 679 5164 Rom.
703 5107 877 5162 habet
896 5123 908 5161 :
927 5127 955 5153 »
978 5102 1531 5176 prodigiadicuntur
1544 5102 1798 5159 Latine.»

218 5173 340 5253 (91)
362 5173 495 5236 Fuit
524 5181 575 5236 is
600 5180 676 5235 M.
710 5179 856 5253 [En],
906 5173 1185 5253 Lepidqu
1213 5173 1606 5253 Maria'narum
1665 5193 1799 5253 par-
