3856 6206
133 318 274 388 1201

1181 312 1636 378 ENAHRATIO
1679 314 1759 380 ΙΝ
1803 317 2181 408 ΡβΑΙιΜυΜ
2226 322 2462 390 XLVII.

3367 322 3532 393 £205

127 456 181 512 et
205 445 659 525 cogitationibus
689 446 762 504 ad
794 443 1079 504 virtutum
1128 447 1327 536 studia
1373 447 1762 504 convenienti-
1793 453 1850 522 Α
1879 468 2048 510 cusso
2073 454 2358 514 velamine
2389 455 2522 530 (98).
2554 456 2736 516 David
2787 459 2984 517 autem
3032 461 3141 518 sub
3187 457 3314 536 lege
3360 461 3519 536 posi-

127 543 232 600 bus
260 541 320 596 in
353 538 687 611 semetipsis
715 542 1050 610 pangerent
1089 535 1351 609 spiritale
1397 536 1761 609 psalterium,

127 637 176 689 et
204 629 525 703 cognitioni
572 627 916 695 divinitatis,
965 625 1274 698 pervigiles
1324 625 1561 697 specula
1601 644 1764 683 men-

123 721 190 776 tis
218 719 334 791 (97)
357 717 588 784 intenti,
611 715 934 771 ccelestium
959 715 1371 786 mysteriorum
1394 714 1554 786 digni
1576 715 1765 772 forent

122 807 349 864 haurire
381 809 620 862 secreta.
654 805 720 860 Et
751 805 878 860 ideo
912 821 1045 858 cum
1079 802 1443 875 psaimorum
1493 808 1626 858 ante
1675 823 1762 860 ar-

120 915 240 954 cam
272 895 507 952 Domini
538 893 799 965 quotidie
849 893 1245 948 canendorum
1297 909 1516 948 munus
1545 897 1602 948 et
1631 894 1758 947 ofﬁ-

119 987 268 1042 cium
314 983 692 1056 recepissent,
756 981 1028 1037 videntur
1095 980 1286 1048 electi,
1350 985 1415 1036 ut
1461 980 1757 1052 psalmum

118 1073 323 1130 cantici
370 1073 432 1127 in
482 1071 740 1127 secunda
783 1069 1020 1126 Sabbati
1069 1069 1398 1140 specialiter
1439 1069 1760 1142 reciperent

117 1161 564 1219 concinendum.
597 1158 822 1214 Etenim
854 1158 1072 1230 quibus
1103 1162 1256 1214 recte
1294 1158 1600 1214 videbatur
1627 1176 1757 1215 esse

114 1250 518 1317 commissum,
551 1252 617 1304 ut
646 1248 1049 1304 ascensionem
1080 1247 1313 1302 Domini
1334 1247 1406 1303 ab
1439 1247 1640 1302 inferis
1672 1264 1758 1302 re-

113 1338 405 1411 surgentis
435 1354 570 1394 voce
599 1353 708 1392 sua
737 1335 1074 1408 psallerent,
1122 1334 1218 1391 his
1259 1335 1460 1406 utique
1493 1336 1753 1390 deferen-

111 1428 248 1483 dum
282 1427 412 1492 fuit,
455 1426 514 1480 in
570 1425 767 1496 ipsum
818 1423 1259 1480 resurrectionis
1309 1423 1462 1478 diem
1511 1441 1753 1480 munere

110 1533 213 1572 suo
245 1515 692 1585 ministerioque
743 1511 1092 1568 celebraent.
1146 1511 1293 1575 Quid
1341 1516 1430 1568 est
1475 1512 1630 1566 enim
1660 1531 1753 1568 se-

109 1606 300 1660 cunda
331 1602 590 1669 Sabbati,
634 1600 747 1656 nisi
781 1599 1084 1655 Dominica
1121 1600 1245 1655 dies
1277 1617 1404 1671 quae
1436 1600 1749 1656 sabbatum

106 1691 500 1765 sequebatur?
521 1690 652 1746 Dies
677 1693 870 1745 autem
893 1689 1130 1745 Sabbati
1155 1694 1278 1744 erat
1299 1689 1525 1745 dierum
1549 1689 1750 1747 ordine

1873 546 1988 612 tus,
2019 551 2076 603 et
2105 547 2560 604 moderationem
2592 547 2782 604 tenuit
2813 549 2924 622 (99)
2969 550 3174 607 debitae
3203 553 3517 623 cantionis,

1872 636 1928 687 et
1957 635 2298 706 mysterium
2343 653 2456 691 non
2515 638 2818 708 repressit,
2880 642 2944 694 ut
2984 640 3242 696 secunda
3279 641 3520 700 Sabbati

1872 720 2023 776 diem
2071 723 2433 779 Dominicam
2487 726 2847 794 declararet;
2901 745 3014 798 quo
3081 731 3235 800 apud
3283 731 3518 788 Judaeos

1870 810 2130 866 ordinem
2179 814 2406 867 numeri
2454 818 2682 884 putaret
2728 831 2856 871 esse
2917 821 3233 883 servatum,
3289 823 3348 873 et
3389 820 3514 892 spi-

1870 897 2036 954 ritale
2063 905 2511 957 sacramentum
2537 908 2878 973 agnosceret
2925 904 3262 960 revelatum.
3294 909 3515 964 Audia-

1871 1002 2004 1042 mus
2035 987 2213 1059 igitur
2242 989 2341 1059 qui
2369 989 2559 1060 dicat,‘
2587 991 2685 1060 qui
2733 991 2793 1045 in
2842 994 3099 1049 secunda
3127 994 3363 1049 Sabbati
3396 1001 3510 1053 Deo

1867 1075 2088 1146 psallit.

1935 1164 1988 1217 3.
2024 1164 2209 1234 (Vers.
2255 1167 2310 1236 2)
2364 1165 2687 1236 «Magnus,
2724 1190 2751 1216 »
2803 1168 3016 1240 inquit,
3067 1191 3095 1218 «
3127 1171 3411 1228 Dominus
3454 1179 3513 1230 et

1862 1251 2175 1308 laudabilis
2231 1254 2430 1320 nimis,
2467 1254 2526 1308 in
2586 1255 2818 1313 civitate
2856 1258 2956 1313 Dei
3019 1259 3220 1324 nostri,
3279 1260 3338 1314 in
3385 1261 3509 1318 loco

1863 1345 2064 1396 sancto
2101 1342 2249 1412 ejus.
2287 1364 2316 1390 ››
2352 1343 2477 1397 Non
2527 1361 2661 1415 ergo
2709 1345 2927 1416 ubique
2977 1351 3127 1402 Deus
3173 1365 3424 1421 magnus
3453 1355 3511 1406 et

1860 1427 2174 1485 laudabilis
2195 1434 2324 1486 est?
2345 1431 2444 1485 Ille
2468 1431 2702 1502 quidem
2723 1433 2938 1505 ubique
2957 1452 3206 1506 magnus
3228 1444 3285 1491 et
3303 1444 3522 1508 potens

1859 1523 1984 1586 est;
2019 1520 2118 1574 sed
2152 1524 2405 1591 augusta
2450 1536 2616 1576 mens
2668 1538 2783 1577 non
2836 1523 2990 1595 capit
3034 1525 3504 1595 magnitudinem

1860 1607 2065 1664 divinae
2110 1610 2236 1679 eius
2287 1611 2592 1681 potestatis
2641 1615 2697 1665 et
2752 1613 2972 1682 gratiae.
3029 1615 3256 1678 Quanto
3309 1619 3504 1670 autem

1859 1697 2046 1769 magis
2094 1698 2529 1769 apprOpinquat
2581 1700 2695 1754 Deo
2758 1705 2960 1756 nostra
3009 1703 3281 1773 cognitio,
3332 1708 3495 1759 tanto

106 1782 408 1854 posterior,
460 1778 920 1835 sanctiﬁcatione
963 1776 1107 1849 legis
1156 1777 1430 1833 anterior.
1483 1779 1594 1833 Sed
1648 1779 1747 1833 ubi
1779 1819 1827 1883 B
1858 1784 2275 1856 praecellentior
2323 1787 2450 1855 ejus
2504 1787 2673 1842 nobis
2729 1788 2963 1842 videtur
3023 1807 3150 1844 esse
3201 1792 3500 1862 majestas.

106 1871 238 1926 ﬁnis
269 1869 416 1941 legis
448 1867 702 1934 advenit,
743 1866 843 1936 qui
893 1869 982 1921 est
1029 1865 1298 1921 Christus
1345 1866 1521 1922 Jesus
1551 1889 1579 1917 «
1613 1867 1749 1923 ﬁnis

105 1959 260 2015 enim
317 1959 497 2026 (Rom.
563 1973 618 2023 x,
680 1956 733 2026 4)
791 1953 939 2026 legis
1001 1953 1270 2010 Christus
1328 1956 1400 2010 ad
1453 1955 1748 2024 justitiam

103 2049 261 2104 omni
321 2046 599 2113 credenti,
649 2067 676 2093 »
735 2047 792 2100 et
849 2044 1271 2100 resurrectione
1324 2061 1433 2100 sua
1485 2049 1746 2101 octavam

102 2134 522 2194 sanctiﬁcavit:
555 2132 730 2205 cmpit
759 2133 962 2188 eadem
993 2133 1184 2203 prima
1213 2148 1362 2199 esse,
1387 2150 1516 2204 quae
1545 2137 1748 2190 octava

101 2233 210 2290 est,
243 2230 302 2280 et
334 2229 534 2280 octava
552 2240 678 2294 quae
699 2220 890 2293 prima
913 2237 925 2275 :
951 2221 1174 2277 habens
1199 2238 1267 2276 ex
1288 2221 1517 2276 numeri
1542 2223 1746 2278 ordine

101 2313 562 2388 praerogativam,
597 2315 656 2366 et
683 2327 752 2366 ex
782 2310 1206 2366 resurrectione
1254 2309 1484 2364 Domini
1524 2311 1744 2366 sancti-

98 2409 300 2460 tatem.
353 2401 513 2458 Unde
561 2404 618 2456 et
666 2399 727 2455 in
784 2397 1090 2471 Evangelio
1138 2398 1386 2470 legimus
1413 2399 1741 2463 δευτερόπρω-

98 2509 182 2542 τον
215 2491 538 2547 Sabbatum
572 2490 719 2560 (Luc.
750 2505 827 2555 v1,
860 2487 938 2558 4),
971 2489 1127 2558 quod
1175 2489 1376 2543 Latine
1405 2488 1620 2544 dicitur
1650 2506 1738 2544 se-

101 2581 295 2639 cundo
346 2578 622 2651 primum.
673 2576 781 2631 Ubi
831 2575 987 2631 enim
1047 2576 1348 2632 Dominica
1397 2577 1520 2632 dies
1570 2577 1744 2648 coepit

102 2668 449 2744 praecellere,
483 2683 600 2738 qua
645 2665 929 2720 Dominus
973 2665 1387 2734 resurrexerit;
1421 2666 1740 2722 Sabbatum

96 2759 252 2832 quod
278 2757 535 2830 primum
557 2757 702 2821 erat,
723 2753 1048 2808 secundum
1070 2753 1270 2808 haberi
1287 2754 1460 2826 coepit
1479 2773 1512 2810 a
1528 2755 1736 2826 primo.

94 2849 291 2904 Prima
340 2845 498 2901 enim
548 2842 782 2914 requies
844 2842 1110 2909 cessavit,
1163 2844 1420 2898 secunda
1468 2846 1738 2901 sucessit.

95 2936 259 2994 Unde
309 2939 367 2989 et
441 2933 513 2989 ad
574 2932 844 2986 Hebraeos
915 2929 1177 2986 scribens
1251 2931 1562 3002 Apostolus
1620 2933 1736 2989 ait:

98 3050 125 3076 α
180 3025 416 3080 Postera
465 3036 602 3093 ergo
660 3019 752 3074 die
806 3022 986 3074 restat
1042 3019 1274 3090 requies
1341 3020 1556 3092 populo
1613 3021 1735 3076 Dei.

92 3113 461 3170 Festinemus
491 3109 670 3182 igitur
699 3107 916 3163 intrare
947 3107 1006 3162 in
1054 3105 1217 3162 illam
1261 3109 1522 3179 requiem
1554 3110 1735 3180 (Hebr.

94 3221 172 3271 1V,
201 3201 296 3257 9-1
312 3201 386 3268 ’1).
419 3220 448 3249 )›

160 3294 216 3346 2.
252 3287 503 3360 Requies
545 3302 682 3357 ergo
711 3301 845 3340 vera
865 3285 992 3354 jam
1042 3301 1156 3340 non
1205 3285 1264 3338 in
1315 3285 1506 3356 operis
1537 3301 1729 3340 cessa-

91 3379 272 3449 tione,
304 3377 404 3432 sed
436 3376 494 3429 in
525 3372 966 3430 resurrectionis
1019 3377 1109 3429 est
1155 3377 1432 3444 tempore.
1486 3373 1733 3443 Ideoque

92 3468 193 3540 qui
227 3465 463 3524 Sabbati
495 3463 821 3520 secundum
853 3461 1039 3534 legem
1079 3461 1507 3518 solemnitatem
1541 3467 1732 3517 custo-

89 3558 353 3622 diebant,
387 3570 566 3610 unam
598 3551 821 3608 Sabatti
853 3552 1296 3624 nuncupabant,
1347 3551 1516 3622 quasi
1549 3569 1732 3606 unum

90 3650 250 3703 esset
277 3644 601 3700 Sabbatum
633 3645 690 3696 et
720 3656 834 3696 non
885 3640 1066 3696 aliud.
1102 3642 1217 3698 Nos
1269 3640 1369 3712 qui
1421 3641 1732 3696 observan-

90 3736 238 3791 tiam
267 3735 414 3790 937
453 3730 756 3787 induimus
785 3728 1130 3800 spiritalem,
1164 3734 1220 3787 et
1269 3731 1340 3784 ad
1395 3729 1734 3785 similitudi-

93 3841 229 3881 nem
279 3826 336 3879 et
384 3822 647 3893 requiem
705 3817 807 3873 Dei
857 3819 1128 3890 cupimus
1176 3823 1437 3874 nostram
1486 3819 1737 3874 formare

91 3912 390 3978 militiam,
438 3914 615 3982 atque
659 3909 720 3964 in
783 3905 884 3963 illa
931 3907 1162 3963 civitate
1204 3907 1418 3962 caelesti
1468 3912 1734 3963 nostrum

89 4001 366 4058 exhibere
397 3999 827 4055 ministerium:
864 3997 964 4052 ubi
997 4013 1113 4052 non
1153 4002 1242 4052 est
1270 3995 1585 4068 exemplar,
1621 4014 1731 4051 non

91 4091 328 4155 umbra,
361 4089 462 4143 sed
494 4087 728 4160 veritas,
772 4087 1024 4160 primam
1075 4086 1326 4140 dicimus
1372 4086 1631 4152 Sabbati,
1666 4087 1740 4140 si-

91 4185 194 4235 cut
225 4177 509 4249 scriptum
542 4181 631 4232 est
663 4195 675 4232 :
707 4200 735 4226 ‹‹
776 4176 1029 4247 Vespere
1071 4179 1267 4230 autem
1321 4175 1577 4242 Sabbati,
1612 4192 1738 4246 quae

91 4265 417 4324 lucessitin
444 4267 632 4337 prima
661 4264 900 4321 Sabbati
931 4264 1139 4335 (Matth.
1173 4280 1389 4328 xxvnn,
1425 4263 1495 4332 1).
1533 4285 1560 4311 υ
1583 4263 1738 4317 Nihil

92 4363 297 4414 autem
329 4353 653 4427 pulchrius,
687 4352 833 4408 nihil
890 4352 1248 4424 expressius.
1276 4352 1418 4406 Ante
1449 4368 1737 4407 resurrec-

92 4447 318 4501 tionem
346 4444 666 4499 Sabbatum
709 4441 873 4509 dixit,
930 4445 1063 4513 post
1109 4439 1591 4497 resurrectionem
1623 4441 1740 4513 pri-

94 4551 257 4591 mam
290 4533 532 4588 Sabbati
566 4531 943 4603 nuncupavit.
990 4530 1263 4620 Joannes,
1298 4547 1530 4601 quoque
1557 4532 1740 4587 Evan-
1775 4559 1820 4620 Π

92 4624 310 4697 gelista
337 4622 513 4676 dicit:
550 4645 577 4671 «
615 4621 808 4676 Prima
854 4618 1092 4675 Sabbati
1139 4619 1298 4674 venit
1341 4635 1510 4674 mane
1562 4621 1742 4675 Maria

93 4710 470 4785 Magdalena,
503 4726 636 4766 cum
667 4709 859 4764 adhuc
905 4708 1158 4763 tenebrae
1201 4713 1396 4762 essent
1437 4709 1614 4779 (Joan.
1648 4727 1741 4776 xx,

97 4804 170 4874 1).
201 4825 230 4850 ››
261 4799 536 4856 Tenebrae
565 4815 671 4871 pro
703 4802 985 4869 tempore,
1037 4811 1207 4852 mane
1258 4813 1360 4868 pro
1391 4796 1596 4868 gratia.
1632 4798 1741 4852 Sed

92 4891 195 4948 isti
245 4889 579 4962 expressius
628 4887 954 4943 secundum
1002 4884 1399 4957 Evangelium,
1449 4886 1614 4956 quasi
1655 4903 1742 4940 re-

170 5067 289 5137 (97)
322 5065 407 5137 lta
438 5064 698 5137 plerique
729 5081 874 5120 mss.
907 5067 1383 5137 quorum__tamen
1407 5061 1588 5137 aliqui
1618 5079 1747 5137 con-

87 5133 353 5210 junctim
380 5133 1076 5210 legunt,'spe_c-ulamentis.
1124 5133 1226 5187 llis
1246 5206 1253 5210 _
1275 5133 1558 5210 accedunt
1587 5134 1743 5210 Coll).

94 5205 152 5266 et
184 5206 358 5276 Vict.,
389 5205 504 5262 nisi
529 5205 684 5279 quod
735 5208 830 5262 hic
875 5207 1068 5279 habet,
1096 5206 1404 5279 perqigilis,
1430 5205 1548 5279 ille,
1573 5209 1749 5277 pervi-

94 5280 327 5347 gilibus.
361 5279 500 5350 Reg.
535 5276 591 5334 et
620 5296 754 5334 cum
786 5295 863 5350 eo!
884 5276 1154 5350 quaedam
1209 5276 1389 5350 Paris.
1423 5276 1593 5343 editI,
1623 5295 1744 5348 per-

94 5351 299 5420 vigiles
327 5347 540 5422 specqu
568 5352 784 5422 mentis.
817 5347 942 5404 Vet.
972 5347 1110 5422 edit.
1153 5363 1219 5401 ac
1262 5348 1459 5422 _I}om.,
1491 5347 1754 5418 pervigili

93 5417 486 5494 speculafetc.
512 5419 769 5494 Specula
794 5424 998 5494 autem
1021 5417 1185 5494 locus
1210 5417 1425 5494 edi_t_us_
1445 5417 1534 5475 est
1578 5427 1752 5490 atque

95 5489 170 5549 ad
207 5489 579 5563 speculanda
614 5491 956 5563 longinqua
986 5490 1252 5563 idoneus.
1305 5489 1465 5563 Unde
1498 5489 1671 5562 praaff
1697 5493 1752 5546 in

96 5508 170 5549 aa
207 5508 568 5563 speculanda
614 5508 710 5547 ton
756 5508 938 5562 lnqua
986 5508 1252 5544 idoneus.
1308 5508 1465 5544 unae
1498 5508 1657 5562 prin].
1697 5511 1752 5546 in

96 5563 252 5638 psal.
292 5580 525 5638 1,7num.
555 5566 612 5628 2,
647 5508 827 5619 haﬁes
852 5579 864 5617 :
891 5562 1146 5638 illioram
1185 5561 1604 5638 (scopulorum)
1635 5580 1752 5634 spe-

91 5630 234 5693 ἑιιια
266 5630 513 5692 aliorum
542 5651 696 5703 usus,
736 5637 844 5690 etc.
891 5633 999 5689 Per
1028 5630 1426 5703 metaphoram
1459 5630 1593 5689 vero
1649 5630 1752 5706 pro

1858 1873 2117 1945 Denique
2149 1874 2407 1929 Thomas
2439 1875 2539 1946 qui
2583 1881 2720 1930 ante
2767 1877 3032 1932 dicebat:
3069 1901 3096 1928 «
3149 1879 3270 1935 Nisi
3303 1880 3498 1936 videro

1856 1961 1917 2016 in
1958 1962 2230 2018 manibus
2261 1965 2389 2034 ejus
2422 1966 2639 2020 ﬁxuras
2669 1965 2984 2034 clavorum,
3019 1972 3076 2022 et
3107 1968 3335 2024 mittam
3371 1987 3503 2026 ma-

1857 2067 1999 2106 num
2032 2068 2222 2106 meam
2259 2053 2316 2106 in
2347 2053 2504 2108 latus
2533 2055 2686 2124 ejus,
2733 2071 2849 2110 non
2898 2057 3129 2112 credam
3178 2059 3368 2129 (Joan.
3403 2077 3496 2126 xx,

1854 2141 1984 2211 25);
2021 2163 2047 2189 »
2080 2141 2178 2196 ubi
2210 2141 2374 2196 misit
2404 2142 2654 2213 digitum
2686 2134 2883 2212 Vsuum,
2916 2148 2973 2200 et
3001 2145 3289 2201 evidentia
3309 2161 3500 2202 resur-

1855 2227 2132 2285 rectionis
2163 2229 2431 2300 cognovit
2472 2229 2711 2298 indicia,
2756 2233 3056 2287 admirans
3103 2233 3259 2290 intra
3307 2251 3370 2290 se
3399 2235 3499 2291 Dei

1853 2317 2139 2387 gratiam:
2174 2340 2201 2366 «
2236 2316 2538 2385 Dominus,
2590 2341 2618 2367 ››
2671 2319 2882 2391 inquit,
2939 2343 2968 2370 «
3022 2337 3189 2377 meus
3238 2327 3295 2377 et
3344 2323 3498 2378 Deus

1853 2420 2021 2460 meus
2049 2405 2210 2472 (Ibid.
2242 2407 2353 2475 28).
2387 2429 2414 2454 ››
2446 2408 2609 2462 Tunc
2653 2423 2788 2479 ergo
2837 2407 3180 2479 plenissime
3228 2409 3496 2466 divinita-

1851 2496 1969 2548 tem
2002 2494 2130 2563 ejus
2159 2494 2736 2565 dominationemque
2769 2498 3073 2554 confessus
3104 2503 3210 2569 est,
3239 2500 3338 2555 ubi
3360 2517 3495 2556 eum

1851 2581 2241 2636 resurrexisse
2300 2583 2412 2636 nod
2449 2583 2738 2638 dubitavit
2767 2588 2840 2638 ab
2884 2585 3108 2640 inferis.
3142 2586 3403 2657 Denique
3434 2589 3492 2643 in

1850 2669 1986 2725 Sion
2013 2670 2267 2742 hymnus
2297 2670 2479 2724 Deum
2513 2671 2695 2736 decet,
2728 2677 2784 2728 et
2809 2676 3009 2727 votum
3055 2674 3105 2728 ei
3137 2673 3382 2730 solvitur
3431 2677 3491 2731 in

1849 2757 2197 2814 Jesusalem.
2232 2759 2378 2824 Quid
2404 2758 2583 2831 igitur
2601 2759 2819 2815 mirum
2841 2761 2891 2815 si
2912 2761 2971 2815 in
2994 2749 3490 2835 civitate'cmlesti,

1849 2847 1993 2902 etin
2043 2847 2143 2903 illo
2195 2864 2448 2920 superno
2507 2857 2564 2903 et
2621 2849 2867 2905 azthereo
2917 2850 3040 2906 loco
3085 2851 3344 2923 potentia
3365 2854 3493 2925 ejus

1847 2936 2252 2992 vehementius
2280 2937 2626 3008 praedicatur
2644 2939 2672 2992 ‘I

1919 3025 1970 3079 4.
2004 3025 2166 3082 Vers.
2217 3025 2296 3096 3.)
2345 3026 2619 3082 Addidit:
2655 3049 2684 3076 «
2741 3027 3003 3084 Dilatans
3046 3029 3493 3087 exsultationem

1848 3112 2129 3168 universae
2161 3117 2344 3168 terrae.
2380 3135 2408 3162 ››
2442 3115 2511 3169 Et
2538 3130 2670 3170 vere
2702 3115 2780 3186 (l)
2822 3133 3073 3188 magnus
3125 3117 3357 3184 dicitur,
3390 3119 3490 3189 qui

1766 3185 1822 3250 C»
1845 3200 2016 3256 istius
2047 3205 2209 3256 terra:
2241 3202 2299 3255 in
2332 3218 2447 3272 qua
2469 3206 2600 3258 ante
2628 3202 3080 3258 intolerabilium
3117 3210 3487 3276 peccatorum

1841 3290 2105 3362 germina
2135 3289 2526 3361 pullulabant,
2568 3291 2665 3345 ubi
2714 3296 2839 3345 erat
2889 3308 3103 3346 maeror
3150 3293 3396 3348 tristitiae
3427 3298 3487 3349 et

1842 3379 2115 3450 gemitus,
2149 3378 2596 3434 exsultationem
2634 3383 2751 3434 toto
2803 3381 2940 3434 orbe
2993 3379 3249 3447 diffudit,
3283 3382 3481 3453 itaque

1842 3467 2150 3524 hominum
2173 3469 2529 3522 conscientia
2551 3485 2678 3540 qua)
2701 3471 2835 3523 ante
2858 3469 3214 3540 flagitiorum
3239 3487 3482 3526 suorum

1843 3557 2173 3631 gurgitibus
2190 3557 2455 3612 demersa
2477 3558 2732 3628 lugebat,
2749 3574 2906 3612 nunc
2938 3575 3041 3630 per
3060 3558 3486 3633 indulgentiam

1842 3647 2078 3708 Christi,
2113 3651 2170 3700 et
2201 3645 2605 3701 remissionem
2638 3647 2903 3702 omnium
2930 3652 3302 3719 peccatorum
3329 3653 3496 3722 metu,

1844 3735 2112 3791 absoluta
2141 3735 2387 3790 laetatur.
2425 3736 2705 3791 Convenit
2734 3736 2914 3808 igitur
2941 3736 3048 3792 etsi
3093 3737 3175 3792 ita
3204 3736 3492 3810 intelliga-

1846 3842 2003 3894 mus,
2036 3829 2100 3880 ut
2129 3825 2389 3880 diximus
2418 3842 2431 3889 ;
2469 3827 2568 3880 sed
2603 3825 2742 3897 quia
2771 3825 2829 3879 in
2860 3826 3107 3882 vetustis
3149 3825 3492 3897 exemplari-

1845 3915 1957 3969 bus
2043 3913 2337 3985 aliquibus
2430 3915 2816 3985 reperimus:
2907 3914 3077 3976 εὗρίζφ
3158 3912 3496 3975 ἀγαλλιάματι

1845 4005 2001 4061 πάσης
2029 4006 2116 4060 τῆς
2144 4005 2265 4064 γῆςς
2299 4004 2452 4072 quod
2505 4003 2705 4057 Latine
2755 4001 3048 4072 signiﬁcat
3104 4001 3256 4055 bona
3304 4001 3496 4056 radice

1845 4091 2199 4146 exultatione
2232 4091 2515 4146 universm
2548 4095 2713 4143 terrre
2744 4106 2755 4144 :
2792 4105 3031 4144 sensum
3063 4088 3301 4159 quidem
3331 4105 3494 4143 eum-

1849 4180 1979 4234 dem
2013 4179 2410 4234 advertimus:
2446 4178 2583 4248 quia
2625 4176 2820 4231 divina
2849 4176 2907 4230 in
2960 4175 3127 4232 nobis
3177 4176 3277 4231 Dei
3311 4176 3496 4232 Patris

1848 4270 2001 4323 dona
2049 4266 2382 4333 laudantur,
2445 4265 2542 4336 qui
2605 4264 2763 4320 debit
2821 4263 2990 4319 nobis
3045 4263 3496 4320 exsultationem

1851 4357 2003 4412 bona
2036 4355 2226 4410 radice
2259 4355 2585 4421 fundatam,
2620 4354 2803 4408 Deum
2836 4353 3102 4409 videlicet
3143 4354 3369 4420 Jesum,
3402 4370 3495 4408 ve-

1849 4462 1975 4500 ram
2007 4449 2065 4500 et
2095 4443 2576 4499 fecundissimam
2611 4444 2764 4498 938
2803 4443 3002 4508 vitem,
3042 4443 3112 4498 de
3155 4459 3273 4514 qua
3303 4459 3497 4497 sacra-

1852 4539 2050 4590 menta
2097 4533 2314 4587 ﬂuxere
2363 4531 2658 4586 cmlestia:
2713 4530 2773 4585 in
2827 4531 3044 4602 quibus
3084 4535 3174 4586 est
3221 4535 3498 4603 perpetua

1852 4628 1906 4678 et
1937 4623 2213 4677 diuturna
2242 4621 2462 4686 lmtitia,
2495 4620 2647 4691 quod
2694 4619 2786 4675 his
2835 4618 3108 4675 abluatur
3155 4637 3329 4676 omne
3358 4637 3489 4692 pee-

1852 4716 2071 4779 catum,
2131 4715 2188 4765 et
2246 4709 2604 4765 conscientia
2681 4709 2912 4765 interna
2969 4711 3316 4765 mundetur:
3375 4709 3492 4764 elo-

1853 4799 2270 4868 cutioncmque
2321 4798 2626 4854 convenire
2676 4799 3128 4870 cognoscimus;
3176 4797 3316 4868 quia
3356 4797 3501 4851 bene

1855 4888 2112 4944 radicata
2170 4885 2560 4942 exsultatione
2619 4885 2907 4955 laetamur,
2977 4887 3075 4957 qui
3137 4884 3502 4940 exsultamus

1856 5065 2093 5123 sublimi
2114 5067 2198 5120 vel
2223 5067 2442 5121 intenta
2456 5065 2670 5120 mentis
2682 5068 2910 5120 contem
2925 5063 3180 5136 platione
3196 5063 3500 5136 accipitur.

1927 5138 2036 5208 (98)
2073 5139 2236 5192 item.
2270 5138 2432 5203 edit,,
2468 5138 2626 5206 quasi
2655 5137 2823 5192 reciso
2857 5137 3146 5191 velamine.

1929 5205 2042 5279 (99)
2075 5210 2240 5263 item.
2275 5208 2440 5274 edit.,
2469 5205 2518 5262 et
2550 5208 2982 5262 modulationem
3022 5209 3216 5279 tenuit.
3268 5205 3404 5260 Aliae
3436 5223 3504 5262 ac

1861 5278 2028 5348 mes,
2059 5289 2107 5334 et
2137 5281 2585 5343 moderationem,
2629 5284 2736 5332 etc.
2789 5279 2900 5333 Sed
2946 5278 3187 5348 quidam
3239 5295 3340 5348 pro
3372 5295 3506 5332 mn-

1863 5353 2050 5430 tionis,
2082 5350 2546 5430 antiquariorum
2580 5350 2743 5420 lapsu
2778 5350 3109 5430 praeferunt,
3141 5351 3430 5430 mulionis.

1933 5424 2006 5490 (1)
2037 5423 2199 5476 llmn.
2229 5420 2382 5475 edit.
2435 5421 2554 5474 sola
2603 5420 2922 5492 prtemlssis
2974 5421 3203 5476 duobus
3262 5421 3506 5492 integris

1865 5492 2070 5563 psalmi
2103 5494 2386 5558 vei-silius,
2425 5493 2529 5544 hoc
2554 5491 2961 5563 hemistiehion
2992 5493 3264 5560 adnectit,
3291 5511 3356 5547 ac
3378 5491 3506 5547 tum

1865 5562 2133 5633 subjicit:
2169 5566 2322 5620 [lecte
2351 5580 2520 5635 supra
2561 5563 2737 5618 dixit:
2791 5562 3010 5635 Magnus
3054 5566 3333 5620 Dominus.
3369 5566 3506 5619 Nam

1866 5650 2005 5704 vere,
2039 5640 2148 5692 etc.
