3856 6206
1240 322 1693 389 ENARRA'I‘IO
1734 322 1815 387 IN
1856 318 2233 388 PSALMUM
2277 319 2513 388 XLVII.

3417 274 3591 409 ἶεοᾷ

153 452 396 537 ncepta
426 474 573 535 pace
602 473 730 535 quae
759 456 899 518 fecit
925 460 1173 534 utraque
1186 463 1455 530 unum,et
1484 456 1822 515 inimicitias
1852 453 1908 523 Α
1936 457 2216 531 parturio,
2246 457 2427 515 donec
2458 456 2743 516 formetur
2770 453 3040 516 Christus
3077 452 3138 514 in
3181 454 3344 514 vobis
3375 453 3574 530 (Galat.

157 551 218 609 in
249 565 433 608 carne
467 566 580 606 sua
608 549 788 607 medii
819 547 1058 623 parietis
1075 547 1475 606 destructione
1503 545 1770 603 dissolvit
1796 561 1811 601 ε

157 639 440 699 admirati
475 642 634 707 sunt,
660 638 749 695 vel
781 656 914 696 eum
947 638 1048 711 qui
1077 638 1137 694 in
1170 638 1450 713 gradibus
1473 635 1596 692 suis
1618 636 1820 709 digno-

156 731 361 798 scitur,
396 728 491 785 vel
521 728 788 785 homines
818 728 901 784 ita
932 744 1061 784 esse
1093 744 1439 794 conversos;
1472 730 1536 781 ut
1556 725 1654 797 qui
1684 728 1817 780 ante

158 817 397 876 diabolo
429 817 780 885 serviebant,
815 833 971 873 nunc
995 815 1242 873 Domino
1261 815 1395 872 Jesu
1424 814 1573 886 justi
1604 815 1818 885 pietate

157 906 379 964 servitii
412 905 735 978 mancipati
762 904 900 962 sint.
933 905 1003 961 Et
1033 904 1171 978 quia
1219 921 1385 978 reges
1434 903 1525 960 sui
1557 902 1816 975 corporis

155 996 215 1051 in
246 994 599 1067 semetipsis
642 994 759 1049 vim
806 1011 921 1050 non
968 993 1279 1050 mediocris
1329 992 1548 1049 laboris
1598 990 1817 1064 experti

159 1086 375 1158 (neque
423 1083 588 1139 enim
633 1081 799 1138 facile
841 1086 1017 1155 atque
1068 1081 1359 1138 mediocre
1410 1086 1501 1137 est
1551 1081 1815 1137 animum

156 1173 415 1240 vincere,
449 1187 716 1228 resecare
771 1170 1142 1245 cupiditates,
1192 1171 1463 1227 edomare
1503 1168 1697 1225 carnis
1732 1167 1816 1224 la-

161 1261 426 1329 sciviam,
463 1277 847 1317 averruneare
877 1260 1170 1316 luxuriam
1220 1260 1320 1332 (4),
1369 1277 1495 1331 quae
1528 1276 1815 1332 repugna-

159 1353 258 1408 bat
314 1355 375 1408 et
435 1350 640 1422 Paulo,
716 1354 784 1405 ut
857 1350 1151 1423 captivum
1225 1350 1335 1405 sub
1413 1349 1630 1422 peccati
1692 1347 1817 1421 lege

162 1440 640 1513 constringeret),
688 1439 841 1494 sicut
887 1439 1134 1512 gratiam
1194 1438 1253 1492 in
1316 1437 1389 1493 iis
1453 1436 1553 1509 qui
1600 1436 1816 1491 virtute

161 1532 599 1603 processerant,
677 1527 1084 1583 mirabantur:
1165 1525 1247 1581 ita
1303 1526 1477 1581 etiam
1555 1541 1627 1579 ne
1683 1523 1817 1596 quis

161 1617 531 1674 relaberetur
577 1616 637 1671 in
694 1615 853 1683 vitia,
912 1616 984 1671 de
1042 1614 1342 1688 superiore
1398 1614 1681 1668 virtutum
1715 1613 1815 1668 de-

155 1707 348 1777 jectus
382 1705 644 1778 fastigio,
678 1705 1214 1760 commovebantur.
1249 1701 1524 1758 Proclivis
1573 1700 1729 1757 enim
1762 1705 1818 1756 et

163 1794 476 1850 mutabilis
508 1794 934 1890 in_utrumque
985 1795 1076 1848 est
1124 1792 1384 1848 humana
1431 1790 1724 1847 conditio:
1754 1794 1819 1845 ut
1850 1826 1898 1890 Β

164 1900 523 1956 quocunque
581 1882 916 1949 intenderit,
979 1897 1047 1938 eo
1124 1882 1281 1939 940
1350 1880 1710 1953 propendeat
1765 1882 1823 1934 et

161 1975 364 2045 vergat
393 1971 488 2028 vel
520 1971 592 2026 ad
625 1969 823 2027 studia
862 1970 1166 2038 virtutum,
1218 1968 1307 2025 vel
1357 1969 1428 2024 ad
1487 1966 1820 2023 illecebram

160 2059 450 2142 delictoru
462 2076 543 2114 m.

166 2172 177 2176 -
232 2148 285 2202 9.
318 2147 392 2202 Et
422 2146 556 2202 ideo
587 2162 702 2201 non
726 2144 1003 2201 mediocri
1029 2143 1445 2217 quatiebantur
1470 2143 1677 2200 affectu
1704 2160 1717 2211 ;
1740 2143 1824 2198 ita

167 2239 232 2291 ut
258 2251 327 2291 ex
357 2234 679 2291 formidine
706 2237 927 2290 tremor
975 2233 1437 2306 apprehenderet
1472 2248 1592 2299 eos,
1624 2231 1821 2287 consi-

160 2323 441 2380 derantes
473 2322 619 2379 illud
652 2322 809 2395 quod
836 2322 1121 2396 scriptum
1154 2325 1279 2378 est:
1332 2321 1479 2389 Quia
1504 2343 1532 2371 ‹‹
1586 2321 1645 2376 in
1676 2319 1821 2376 locis

168 2411 489 2485 impiorum
542 2411 927 2485 ingemiscent
964 2411 1114 2483 justi
1164 2411 1344 2485 (Prov.
1394 2428 1590 2477 xxvm,
1642 2409 1755 2482 28).
1790 2431 1816 2459 η

165 2499 430 2574 Denique
481 2499 613 2555 vide
658 2499 803 2556 mihi
853 2500 1086 2557 Petrum
1133 2500 1505 2556 amarissime
1557 2498 1818 2564 ﬂentem,

166 2589 320 2663 quod
352 2589 407 2647 ei
437 2605 603 2646 error
632 2588 990 2662 obrepserit;
1024 2593 1082 2645 et
1121 2589 1396 2645 virtutem
1442 2605 1560 2643 sua:
1607 2586 1821 2643 mentis

168 2678 544 2752 prolapsione
586 2693 872 2750 corporea;
910 2677 1241 2751 fragilitatis
1273 2675 1593 2732 inflexerit:
1645 2673 1819 2730 meri-

167 2770 339 2841 toque
369 2784 405 2823 a
433 2765 667 2822 Christo
706 2783 887 2839 supra
915 2782 1044 2822 esse
1075 2765 1495 2839 reprehensum
1529 2764 1629 2836 (5),
1661 2763 1817 2835 quod

168 2871 345 2912 ausus
362 2855 442 2913 sit
464 2872 754 2928 usurpare
781 2855 1194 2926 constantiam,
1220 2872 1324 2912 nec
1346 2853 1655 2911 obnoxiam
1680 2869 1819 2908 con-

167 2942 420 3000 siderare
433 2946 732 3000 naturam.
757 2944 826 2998 Et
845 2942 940 3011 hic
955 2942 1195 3015 quidem
1222 2960 1324 3016 per
1351 2943 1602 3017 gratiam
1625 2957 1818 2997 emen-

169 3031 323 3088 davit
348 3048 612 3089 errorem
637 3050 650 3100 ;
685 3032 786 3088 sed
816 3024 1002 3089 Judas
1033 3032 1252 3089 mansit
1294 3033 1356 3088 in
1386 3031 1651 3099 crimine,
1684 3046 1816 3103 per-

171 3119 448 3177 severavit
480 3121 543 3175 in
574 3121 817 3195 gemitu.
849 3121 1057 3178 Justus
1086 3124 1211 3178 erat
1237 3138 1371 3177 cum
1416 3120 1814 3195 apostolorum

175 3224 416 3265 numero
439 3193 794 3266 necteretur:
814 3210 915 3266 sed
939 3193 1504 3284 quiasupplantatus
1541 3207 1816 3266 adiabolo
1849 3193 1892 3261 C

174 3300 279 3365 est,
310 3298 370 3356 in
398 3298 551 3355 locis
581 3316 738 3354 nunc
768 3297 1034 3372 deplorat
1071 3303 1130 3356 et
1174 3299 1425 3372 ingemit
1460 3297 1772 3371 impiorum
1802 3314 1815 3365 ;

176 3387 326 3458 quod
357 3389 431 3445 de
460 3387 654 3461 gratia
684 3388 763 3444 sit
802 3388 1069 3461 relapsus
1114 3389 1188 3445 ad
1236 3405 1489 3461 pcenam.
1543 3388 1690 3459 Ergo
1723 3402 1817 3440 ca-

174 3473 444 3533 dentibus
474 3476 821 3549 hujusmodi
851 3476 1011 3547 viris,
1053 3475 1246 3549 qualis
1288 3476 1399 3532 fuit
1429 3475 1690 3549 proditor
1714 3474 1818 3531 Ju-

168 3561 290 3630 das,
319 3564 408 3620 vel
440 3562 587 3621 Saul
617 3583 651 3619 a
679 3564 926 3622 Domino
948 3570 1058 3622 Deo
1079 3582 1185 3622 suo
1204 3565 1425 3622 accitus
1447 3566 1519 3622 ad
1547 3581 1817 3638 regnum,

167 3649 337 3706 etiam
364 3651 550 3709 fortes
576 3652 682 3708 viri
706 3652 1096 3726 trepidabant.
1590 3668 1593 3673 ‘
1731 3661 1746 3674 '

231 3739 318 3795 10.
348 3740 543 3811 (Vers.
574 3741 656 3814 7.)
686 3740 1059 3803 Conferentes
1091 3742 1348 3815 denique
1380 3745 1600 3815 quanto
1633 3745 1817 3798 certa-

163 3825 315 3885 mine
344 3827 766 3902 perveniretur
796 3831 867 3887 ad
918 3829 1114 3900 tinem,
1161 3839 1392 3904 quantae
1441 3830 1819 3888 contritiones

157 3914 483 3987 justorum,
523 3922 757 3993 quantas
806 3918 1253 3991 sollicitudines,
1306 3919 1501 3993 qualis
1551 3920 1817 3977 adversa-

169 4002 309 4072 rius,
357 4010 590 4079 quanta
636 4006 917 4064 diuturno
964 4007 1162 4065 labore
1217 4009 1534 4077 contentio,
1586 4012 1821 4082 quantis

170 4094 591 4152 amaritudines
629 4096 926 4170 praepositi
984 4098 1225 4155 terroris
1275 4098 1376 4170 (6),
1422 4114 1553 4171 quae
1585 4096 1820 4154 vincula

173 4182 559 4249 continentiae,
611 4201 737 4257 quae
792 4184 1158 4243 conscientiae
1218 4186 1481 4254 verbera,
1532 4203 1649 4241 non
1698 4202 1819 4242 me-

173 4266 444 4328 diocriter
472 4272 1018 4343 conturbabantur;
1050 4291 1123 4330 ne
1154 4273 1290 4346 quis
1334 4274 1515 4330 tantis
1538 4273 1627 4330 vel
1659 4273 1819 4331 labo-

176 4354 333 4416 ribus
360 4360 490 4417 vitm
520 4361 863 4418 austerioris
891 4363 1139 4429 cederet,
1183 4361 1269 4418 vel
1315 4361 1637 4419 doloribus.
1671 4363 1823 4419 Sunt

179 4446 328 4502 enim
355 4448 437 4505 ibi
455 4449 686 4507 dolores
704 4450 896 4507 acerbi
922 4455 979 4508 et
996 4467 1200 4525 graves
1223 4468 1236 4520 ;
1253 4450 1309 4507 id
1334 4456 1443 4523 est,
1463 4451 1521 4507 in
1542 4451 1816 4522 Ecclesia,

1929 565 2002 615 1v,
2035 548 2145 618 l9).
2188 570 2215 599 ››
2250 546 2639 606 ’Τθειὶῐὶοαῐυν
2691 552 2749 605 et
2803 548 3090 604 Dominus
3147 547 3207 603 in
3266 546 3575 620 Evangelio

1925 654 2129 712 graves
2158 655 2288 695 esse
2315 638 2698 712 parturientis
2728 637 2981 706 dolores,
3016 654 3148 693 cum
3182 636 3364 693 dicit:
3399 660 3428 687 ‹‹
3458 636 3580 692 Μυ-

1926 725 2035 783 lier
2062 744 2196 784 cum
2216 728 2484 801 parturit,
2510 726 2814 784 tristitiam
2844 726 3025 783 habet
3052 744 3066 794 ;
3101 726 3241 798 quia
3269 725 3427 782 venit
3454 726 3580 783 dies

1927 816 2094 885 ejus:
2123 833 2257 872 cum
2289 820 2486 872 autem
2534 815 2821 889 pepererit
2847 832 3119 888 puerum,
3145 816 3273 887 jam
3306 832 3421 872 non
3455 831 3576 870 me-

1927 904 2100 959 minit
2150 904 2404 960 tristitiae
2454 909 2691 977 propter
2734 904 3040 977 gaudium,
3083 902 3221 976 quia
3269 907 3446 959 natus
3489 908 3581 958 est

1930 991 2102 1048 homo
2133 993 2191 1048 in
2220 993 2331 1049 hoc
2363 994 2582 1049 mundo
2611 994 2788 1065 (Joan.
2820 1010 2936 1061 xvx,
2966 993 3079 1062 2|).
3110 1015 3138 1042 ››
3157 992 3408 1065 Magnus
3438 1008 3575 1064 ergo

1925 1081 2111 1148 labor,
2146 1087 2210 1138 ut
2240 1082 2455 1154 aliquis
2500 1082 2613 1139 sibi
2660 1082 2960 1138 Christum
3010 1081 3313 1154 acquirat;
3347 1098 3419 1137 ne
3448 1081 3576 1137 sine

1927 1172 2315 1245 gubernatore
2345 1172 2515 1244 quasi
2549 1171 2713 1227 navis
2743 1170 2804 1225 in
2836 1169 3034 1226 saeculi
3063 1169 3236 1225 istius
3277 1169 3398 1225 salo
3428 1171 3576 1224 iluc—

1926 1264 2068 1316 tuet.
2103 1261 2363 1333 Denique
2393 1259 2639 1332 apostoli
2680 1259 2880 1315 tristes
2911 1262 3099 1327 erant,
3156 1275 3288 1314 cum
3322 1273 3384 1313 se
3412 1257 3575 1313 Chri-

1927 1353 2054 1404 stus
2087 1350 2159 1404 ad
2190 1349 2419 1404 Patrem
2460 1350 2784 1404 rediturum
2831 1365 2959 1403 esse
3010 1349 3384 1415 memoraret,
3420 1347 3572 1419 quod

1928 1438 2167 1494 absente
2180 1442 2399 1494 rectore
2420 1436 2658 1493 destitui
2680 1454 2742 1492 se
2771 1440 3067 1509 putarent.
3096 1436 3392 1492 Gaudium
3410 1436 3574 1492 Chri-

1926 1530 2023 1581 tus
2048 1530 2154 1581 est.
2187 1528 2313 1600 Ipse
2335 1531 2425 1582 est
2452 1530 2509 1581 et
2532 1542 2677 1597 puer
2696 1543 2869 1597 quem
2899 1524 3171 1597 parturit,
3199 1524 3300 1595 qui
3325 1524 3383 1578 in
3410 1528 3576 1580 utero

1927 1630 2046 1668 sua:
2080 1614 2292 1668 mentis
2323 1613 2546 1685 accepit
2574 1611 2846 1685 spiritum
2869 1612 3098 1667 salutis.
3126 1611 3232 1676 Qui
3266 1612 3576 1683 pepererit,

1925 1704 1983 1756 et
2005 1701 2328 1768 enutrierit,
2363 1701 2650 1757 exsultat:
2684 1701 2785 1772 qui
2827 1699 3064 1773 paturit,
3099 1701 3369 1771 quatitur
3400 1703 3576 1773 atque

1927 1791 2361 1863 compungitur.

2002 1879 2089 1936 ll.
2125 1879 2350 1936 Bonum
2381 1883 2471 1936 est
2511 1883 2576 1934 ut
2624 1882 2682 1935 et
2723 1878 2944 1953 parias,
3004 1882 3060 1933 et
3106 1876 3367 1933 enutrias
3417 1894 3573 1932 eum.

1933 1969 2075 2026 «Ne
2115 1986 2334 2042 coquas
2373 1985 2593 2041 agnum
2645 1968 2704 2023 in
2762 1967 2909 2024 lacte
2958 1966 3165 2022 matris
3214 1983 3334 2022 suae
3369 1966 3571 2037 (Exod.

1928 2076 2092 2125 xxm,
2124 2059 2236 2131 19),
2270 2081 2299 2109 ››
2330 2076 2403 2115 ne
2431 2058 2663 2114 dicatur
2691 2056 2838 2113 tibi:
2873 2078 2902 2106 «
2930 2059 3030 2112 Va:
3060 2054 3120 2110 in
3161 2058 3324 2111 utero
3355 2055 3578 2111 haben-

1930 2147 2091 2203 tibus
2120 2151 2176 2203 et
2203 2147 2600 2203 nutrientibus
2631 2146 2835 2217 (Matth.
2880 2162 3033 2213 xxxv,
3094 2144 3200 2216 l9).
3236 2166 3264 2193 »
3296 2143 3389 2199 Sic
3418 2143 3573 2199 enim

1930 2236 2197 2293 Christus
2240 2240 2412 2293 natus
2460 2240 2549 2292 est
2596 2252 2665 2291 ex
2720 2235 2925 2302 Maria,
2976 2236 3041 2289 ut
3087 2249 3369 2306 agnoscas
3410 2249 3571 2302 eum,

1930 2324 2083 2382 sicut
2108 2325 2212 2381 bos
2243 2325 2478 2400 agnovit
2507 2339 2907 2397 possessorem
2937 2339 3151 2379 suum:
3186 2326 3241 2377 et
3261 2322 3414 2377 scias
3438 2322 3578 2394 quia

1930 2413 2055 2487 ipse
2082 2419 2139 2471 te
2168 2414 2403 2485 creavit,
2434 2418 2491 2470 et
2523 2414 2778 2485 majores
2808 2416 2942 2469 tuos
2978 2412 3104 2485 ipse
3135 2410 3415 2484 possedit.
3448 2410 3575 2465 Non

1929 2519 2064 2560 eum
2086 2502 2253 2576 quasi
2276 2502 2583 2575 parvulum
2601 2501 2849 2568 nutrias,
2872 2502 2973 2557 sed
2993 2500 3158 2573 quasi
3175 2516 3375 2555 verum
3401 2502 3576 2571 atque

1929 2592 2252 2666 perfectum
2283 2592 2467 2647 Deum
2512 2608 2581 2647 ex
2627 2606 2760 2646 vero
2809 2603 2869 2646 et
2910 2590 3163 2662 perfecto
3194 2589 3312 2644 Deo
3344 2587 3573 2644 noveris

1929 2681 2311 2738 adorandum.
2327 2680 2420 2736 Sic
2433 2696 2566 2735 cum
2584 2680 2789 2752 Magus
2820 2678 3099 2748 adoravit,
3122 2681 3189 2733 ut
3214 2693 3329 2731 non
3345 2674 3574 2733 inlacte

1929 2770 2134 2827 matris
2148 2786 2367 2843 agnum
2381 2772 2675 2841 coqueret,
2690 2769 2791 2823 sed
2806 2767 2975 2840 quasi
2993 2767 3179 2822 Deum
3195 2768 3573 2821 veneraretur

1928 2864 2230 2917 aeternum.
2265 2858 2526 2931 Denique
2554 2865 2614 2913 ul.
2661 2872 2796 2913 eum
2847 2855 3152 2925 inveniret,
3182 2856 3330 2913 941
3360 2852 3573 2909 omium

1927 2947 2265 3023 aspiciebat.
2298 2948 2421 3003 Non
2454 2964 2591 3020 ergo
2641 2946 2935 3019 quaerebat
2964 2945 3023 3000 in
3073 2943 3267 3014 terris,
3300 2959 3477 3016 quem
3503 2943 3575 2999 de

1926 3034 2068 3093 ccelo
2086 3034 2316 3108 fulgens
2338 3033 2508 3091 stella
2529 3034 2915 3090 monstrabat.
2940 3033 3073 3088 Ideo
3094 3048 3230 3089 eum
3252 3030 3436 3087 Maria
3457 3047 3572 3086 non

1927 3123 2256 3198 parturivit,
2288 3123 2388 3179 sed
2420 3122 2663 3196 peperit,
2696 3123 2835 3195 quia
2886 3125 2945 3178 et
2987 3121 3304 3178 Dominum
3331 3124 3386 3176 et
3416 3118 3573 3176 salu-

1931 3218 2055 3270 tare
2084 3212 2305 3268 sciebat
2333 3229 2402 3268 ex
2431 3228 2492 3268 se
2522 3226 2649 3267 esse
2679 3210 3102 3283 generandum,
3148 3209 3302 3265 sicut
3330 3209 3458 3280 ipsa
3485 3213 3573 3264 te-

1930 3305 2119 3359 statur
2147 3301 2347 3357 dicens
2372 3319 2385 3357 :
2415 3323 2442 3350 ‹‹
2477 3299 2813 3373 Magnificat
2836 3298 3033 3355 anima
3063 3314 3194 3354 mea
3215 3296 3532 3353 Dominum
3556 3314 3569 3352 :

1927 3395 1986 3448 et
2013 3391 2239 3446 laztatus
2269 3392 2358 3445 est
2387 3388 2630 3461 spiritus
2669 3404 2836 3445 meus
2883 3387 2942 3443 in
2992 3386 3108 3443 Deo
3162 3386 3405 3443 salutari
3440 3402 3569 3442 meo

1928 3481 2077 3552 (Luc.
2114 3496 2154 3545 1,
2206 3479 2293 3546 46,
2345 3478 2453 3549 47).
2517 3500 2543 3525 υ
2602 3477 2686 3532 lbi
2744 3493 2880 3549 ergo
2939 3475 3168 3532 dolores
3223 3474 3377 3531 sicut
3432 3491 3567 3547 par-

1926 3568 2218 3625 turientis.
2274 3565 2444 3622 Dolor
2493 3569 2581 3620 cst
2639 3569 2704 3620 ut
2760 3564 3074 3638 parturias,
3135 3563 3302 3622 dolor
3358 3566 3448 3619 est
3505 3565 3571 3618 ut

1928 3657 2210 3729 enutrias,
2243 3671 2417 3728 quem
2450 3654 2505 3709 in
2540 3653 2827 3728 principio
2877 3655 3054 3711 debes
3106 3653 3321 3711 habere
3350 3652 3571 3726 perfec-

1927 3750 2077 3804 tum.

2001 3837 2088 3891 12.
2119 3833 2307 3907 (Vers.
2343 3832 2418 3905 8.)
2470 3831 2724 3903 Ideoque
2771 3830 3034 3904 plerique
3089 3831 3341 3905 graviter
3379 3834 3575 3886 eonte-

1928 3928 2160 3990 runtur,
2193 3921 2344 3978 sicut
2365 3919 2688 3976 versiculus
2724 3920 3037 3993 significat,
3063 3919 3162 3991 qui
3187 3922 3426 3977 secutus
3450 3922 3574 3973 est:

1929 4036 1958 4064 «
1991 4013 2054 4069 In
2088 4010 2298 4085 spiritu
2330 4008 2659 4065 vehementi
2703 4012 2968 4063 conteres
3021 4024 3199 4062 naves
3245 4004 3509 4063 Tharsis.
3548 4029 3576 4055 ››

1928 4103 2075 4159 Nam
2106 4100 2246 4155 dum
2277 4099 2350 4155 ad
2371 4096 2504 4153 iidei
2528 4096 2935 4169 perfectionem
2966 4096 3063 4151 Dei
3084 4094 3291 4151 famuli
3314 4094 3578 4168 perveni-

1928 4208 1990 4248 re
2006 4189 2358 4255 desiderant,
2382 4187 2817 4242 commacerant
2836 4201 3049 4256 corpus
3073 4200 3271 4252 suum,
3290 4182 3579 4257 castigan-

1929 4281 2002 4337 do
2015 4278 2293 4346 severius,
2314 4282 2371 4332 et
2388 4274 2701 4348 redigendo
2734 4273 2789 4328 in
2826 4272 3219 4329 ministerium
3239 4272 3535 4329 servitutis
3562 4289 3577 4340 ;

1929 4387 2003 4427 ne
2034 4367 2418 4440 reprobentur
2439 4364 2536 4436 qui
2565 4364 2931 4435 fuerantjam
2959 4362 3208 4437 probati.
3246 4362 3363 4418 Hoc
3383 4365 3579 4418 autem

1929 4457 2153 4515 faciunt
2184 4455 2242 4511 in
2275 4452 2496 4527 Spiritu
2528 4456 2730 4508 sancto
2776 4451 2964 4507 valido
3009 4455 3183 4523 atque
3226 4449 3583 4506 vehementi.

180 4530 237 4625 in
266 4535 364 4593 illa
394 4539 626 4595 civitate
655 4540 829 4612 Regis
860 4540 1056 4613 magni
1090 4544 1229 4597 sunt
1258 4540 1507 4609 dolores,
1537 4542 1675 4597 sicut
1697 4559 1820 4614 par-
1851 4561 1900 4625 Β
1929 4548 2031 4604 Est
2059 4545 2216 4602 enim
2242 4542 2491 4616 spiritus
2525 4539 2751 4597 consilii
2784 4544 2960 4612 atque
3012 4540 3270 4607 virtutis,
3303 4542 3368 4594 ut
3398 4537 3587 4594 nimia

179 4623 450 4696 tarienlis,
482 4628 667 4684 donec
697 4627 981 4685 formetur
1009 4628 1281 4686 Christus
1311 4630 1370 4685 in
1402 4629 1594 4686 nobis.
1624 4630 1824 4705 Neque

182 4711 332 4769 enim
364 4715 493 4773 sine
523 4715 723 4773 dolore
754 4716 969 4774 Paulus
998 4722 1142 4787 erat,
1184 4734 1319 4773 cum
1369 4716 1591 4775 videret
1618 4719 1676 4774 in
1710 4720 1826 4776 Ga-

182 4796 313 4858 latis
344 4803 760 4878 insipientibus
789 4805 1067 4863 doctrinm
1098 4824 1217 4863 sua:
1256 4804 1571 4863 tardiorem
1602 4807 1826 4880 profec-

185 4889 334 4946 tum.
368 4892 621 4966 Ideoque
650 4894 913 4956 diccbat:
946 4918 976 4945 «
1011 4894 1200 4953 Filioli
1251 4894 1385 4965 mei,
1419 4912 1567 4968 quos
1618 4897 1827 4954 iterum

253 5066 330 5136 (4)
359 5069 575 5128 Omnes
605 5072 747 5128 edit.
782 5073 841 5129 in
872 5078 1163 5139 contextu,
1217 5090 1480 5130 evacuare
1523 5075 1828 5131 lunarium.

188 5134 398 5217 Dmnes
430 5159 572 5199 mss.
606 5160 675 5199 ac
706 5149 814 5200 vet.
844 5145 981 5201 edit.
1019 5146 1076 5201 in
1110 5134 1395 5217 margine.
1428 5162 1833 5214 averrumrare;

189 5204 296 5264 hoc
326 5217 437 5280 est,
469 5231 652 5271 runca
693 5232 793 5290 seu
829 5217 1057 5290 sarculo
1087 5204 1465 5273 exscindere:
1495 5204 1837 5290 improprie

184 5288 341 5362 vero,
372 5290 628 5362 avertere
652 5302 721 5343 ac
750 5287 1061 5362 depellere,
1097 5295 1163 5362 u_t
1206 5288 1508 5362 averrunci
1544 5287 1833 5362 apud'an-

192 5350 762 5433 tiq‘uasﬁdicebantur
789 5350 1076 5433 malorum
1104 5359 1468 5433 depulsores.

263 5422 339 5495 (5)
370 5424 608 5508 Cunctas
629 5430 768 5495 edit,
793 5447 859 5487 ac
880 5432 1029 5487 duos
1057 5422 1223 5498 Πιθεῖ,
1245 5448 1343 5503 sup
1385 5447 1526 5488 resse
1546 5433 1833 5504 reprehen-

263 5508 333 5547 m.
368 5494 475 5553 Ubi
508 5503 701 5557 potest
730 5501 939 5557 allusio
966 5502 1090 5557 fieri
1122 5504 1193 5557 ad
1226 5449 1379 5557 illud)
1403 5503 1543 5557 Luc.
1564 5506 1780 5557 xxuﬁi
1819 5523 1831 5557 :

196 5504 333 5572 εφη.
368 5494 475 5553 Ubi
508 5503 701 5571 potest
730 5494 939 5560 allusio
966 5502 1090 5558 fieri
1122 5504 1193 5559 ad
1212 5494 1368 5557 illud
1403 5503 1543 5571 Luc,
1564 5494 1780 5572 xitum
1819 5523 1831 5560 :

198 5560 260 5615 Et
301 5560 584 5646 conversas
617 5573 912 5646 _Dominu.s_
938 5576 1172 5646 respexit
1212 5575 1435 5629 Petrum
1463 5591 1487 5637 ;
1525 5560 1642 5646 hoc
1679 5560 1836 5634 enim

201 5635 491 5704 quoddam
518 5642 707 5700 tacita:
729 5635 1201 5717 reprehensionis
1222 5661 1409 5719 genus
1432 5635 1538 5699 est.
1563 5645 1837 5707 Attamen

1940 4631 2293 4693 abstinentia
2340 4629 2665 4687 dissolvant
2710 4645 2923 4702 corpus
2970 4646 3167 4698 suum,
3219 4646 3335 4703 quo
3384 4644 3588 4685 omnes

1940 4726 2070 4797 ejus
2099 4724 2377 4801 evacucnt
2392 4719 2720 4793 voluptates
2746 4738 2760 4789 ;
2796 4723 2858 4775 ut
2884 4719 3113 4777 dicatur
3132 4718 3249 4776 illis
3276 4738 3289 4775 :
3330 4741 3351 4769 ι
3376 4718 3590 4774 Conva-

1939 4813 2161 4880 lescitc,
2213 4827 2425 4867 manus
2472 4808 2750 4874 remissaa,
2798 4813 2855 4866 et
2904 4826 3096 4883 genua
3138 4807 3428 4864 dissoluta
3458 4806 3587 4878 (Isa.

1941 4920 2107 4969 xxxv,
2137 4902 2213 4973 3).
2250 4921 2277 4949 ι)
2326 4900 2471 4955 Cum
2520 4896 2677 4954 enim
2721 4896 2951 4954 solutus
2999 4897 3133 4970 quis
3178 4896 3355 4953 fuerit
3373 4894 3447 4951 ab
3480 4894 3593 4950 ista

1954 5080 2129 5136 verba
2159 5077 2420 5149 proxime
2450 5074 2753 5149 sequentia
2781 5074 3052 5149 videntu_r
3093 5071 3399 5149 ostendere
3428 5087 3593 5149 aper-

1956 5159 2073 5208 tam
2108 5144 2266 5204 ill'am
2304 5144 2810 5219 reprehensionem
2845 5163 2973 5217 quas
3005 5144 3152 5219 Petri
3175 5144 3408 5215 lapsum
3439 5146 3596 5219 ante-

1950 5226 2230 5289 cesserat,
2264 5212 2604 5290 signiticari.
2646 5212 3009 5289 Quapropter
3052 5212 3300 5272 aliorum
3334 5231 3479 5269 mss.
3513 5212 3592 5269 le-

1952 5288 2640 5352 ctionemanfetulimus.

2025 5367 2102 5435 (6)
2135 5364 2306 5430 Edit.,
2336 5361 2600 5435 propositi
2640 5361 2895 5435 terroris.
2944 5358 3089 5435 Mss.
3134 5373 3266 5435 vero
3305 5356 3432 5435 alii,
3454 5373 3595 5435 pra}:

1950 5428 2123 5510 positi
2150 5428 2377 5510 terroris
2403 5428 2568 5498 ;'alii,
2598 5432 3133 5510 Prcepositierrorii.
3166 5428 3471 5510 Nonhmale
3502 5448 3525 5509 ;⁸
3549 5428 3597 5483 si

1956 5500 2173 5564 referas
2205 5506 2274 5561 ad
2308 5518 2559 5558 errorem
2592 5500 2778 5567 Judie,
2818 5502 2903 5557 vel
2946 5500 3252 5573 similium.
3298 5501 3410 5557 Sed
3441 5500 3599 5573 prior

1949 5597 2056 5636 vox
2104 5575 2482 5651 praeferenda,
2531 5574 2604 5629 ob
2651 5589 2719 5629 ea
2765 5591 2892 5647 qua:
2942 5573 3015 5629 de
3060 5572 3360 5631 doloribus
3412 5572 3594 5641 subji-

1949 5651 2209 5710 ciuntur.
