3856 6206
126 321 261 386 1209

1150 316 1605 378 ENARRATIO
1649 316 1727 377 lN
1775 315 1914 380 PSA
1932 315 2154 380 LMUM
2201 316 2448 385 XLVII.

3346 317 3503 382 tam

125 455 200 528 13)
230 471 243 523 ;
273 469 393 526 quae
423 449 638 509 diffusa
657 452 780 507 toto
810 449 948 508 orbe
975 452 1288 517 terrarum,
1321 451 1479 506 943
1507 449 1643 507 fecit
1677 455 1742 506 ut
1770 456 1826 522 Α
1854 449 2002 508 ciem
2033 455 2304 524 spectare
2325 451 2602 527 cceperint
2633 451 2960 520 veritatem,
3017 454 3158 508 tunc
3212 451 3313 508 illa
3376 467 3503 525 qua:

123 549 228 601 tota
254 547 399 598 terra
427 541 602 615 plena
630 540 825 597 laudis
856 541 984 612 ejus
1017 543 1170 597 esset
1198 543 1256 595 et
1275 537 1550 594 nominis.
1584 538 1748 596 Sicut

125 634 260 689 enim
289 630 570 702 scriptum
604 635 726 688 est:
763 653 791 680 «
825 627 1042 685 Laudis
1065 629 1193 700 ejus
1236 627 1412 700 plena
1456 631 1544 682 est
1590 631 1746 683 terra

125 722 333 794 (Habeo.
382 737 470 785 III,
519 720 598 790 3),
659 719 742 774 ita
797 719 1082 791 scriptum
1138 720 1264 773 est:
1337 717 1608 772 «Datum
1659 721 1748 772 est

125 811 167 867 ei
191 826 390 868 nomen
407 825 585 880 super
613 824 786 863 omne
818 824 1068 872 nomen;
1106 809 1168 861 ut
1197 806 1257 860 in
1317 805 1554 862 nomine
1605 806 1745 862 Jesu

124 915 276 956 omne
301 914 451 970 genu
502 900 700 952 curvet
747 894 1092 962 caelestium,
1149 898 1205 950 et
1247 893 1632 963 terrestrium,
1692 899 1750 951 et

124 988 457 1050 infernorum
491 1003 504 1053 ;
537 989 595 1040 et
615 984 808 1041 omnis
837 984 1039 1056 lingua
1070 984 1414 1040 conﬁteatur
1435 985 1589 1054 quod
1635 984 1744 1039 Do-

125 1075 299 1132 minus
317 1077 494 1134 Jesus
524 1075 582 1129 in
633 1073 822 1146 gloria
875 1077 965 1131 est
1020 1072 1122 1129 Dei
1170 1073 1358 1128 Patris
1397 1073 1642 1145 Philipp.
1684 1091 1744 1141 ιι,

124 1163 276 1234 911).
310 1184 337 1212 η

184 1251 457 1322 θθ.γ(νθιιει.
524 1249 636 1320 11.)
694 1249 859 1304 Unde
929 1247 1158 1320 proprie
1206 1247 1352 1302 dixit
1420 1247 1743 1319 Propheta:

125 1362 148 1389 α
175 1340 499 1396 Secundum
533 1354 746 1394 nomen
767 1341 962 1407 tuum,
996 1338 1173 1404 Deus,
1205 1336 1288 1392 ita
1307 1335 1514 1392 etlaus
1541 1340 1644 1392 tua
1686 1336 1745 1391 in

121 1429 248 1484 ﬁnes
265 1432 426 1486 terrae
455 1444 467 1482 :
486 1426 726 1500 justitia
756 1425 928 1499 plena
956 1429 1046 1484 est
1083 1427 1322 1482 dextera
1372 1429 1493 1481 tua.
1530 1447 1558 1474 »
1621 1425 1745 1480 Non

124 1515 316 1572 mirum
345 1521 436 1573 est
462 1515 511 1572 si
542 1514 1126 1611 plenusatjustitim
1149 1513 1272 1582 Dei,
1306 1514 1406 1586 qui
1456 1518 1546 1570 est
1619 1515 1749 1569 dex-

122 1609 230 1662 tera
252 1606 372 1663 Dei.
411 1607 570 1662 Idem
604 1603 835 1660 autem'
865 1607 955 1660 est
1005 1603 1191 1660 virtus
1243 1603 1367 1670 Dei,
1427 1607 1483 1658 et
1511 1604 1748 1676 justitia

123 1693 209 1750 Dei
239 1697 382 1769 utet
413 1693 738 1749 secundum
762 1692 819 1748 id
851 1691 1270 1764 quodjustitiaa
1293 1691 1392 1747 Dei
1418 1690 1624 1764 plenus
1637 1695 1745 1761 est,

1856 557 2012 597 nunc
2074 541 2349 598 videntur
2395 542 2826 611 inscrutabilia,
2887 541 3405 615 comprehendent,
3450 545 3509 599 et

1857 645 2059 684 eorum
2084 630 2414 702 cognitione
2433 632 2790 705 gaudebunt.

1925 720 2017 772 2!.
2051 719 2239 790 (Vers.
2275 719 2386 790 13.)
2440 742 2460 768 «ι
2495 720 2887 786 Circu'mdate,
2949 719 3161 790 inquit,
3225 719 3385 788 Sion,
3449 724 3509 776 et

1857 806 2318 878 complectimini
2348 825 2476 864 eam
2511 827 2524 865 :
2576 813 2809 865 narrate
2851 808 2911 864 in
2960 809 3224 864 turribus
3285 811 3436 881 ejus.
3469 829 3497 861 ι»

1857 895 1963 961 Qui
1997 895 2334 967 intelligunt
2363 896 2522 965 Sion,
2560 896 2927 953 circumdant
2964 913 3116 968 eam,
3148 901 3206 953 et
3250 896 3507 970 comple-

1857 987 2096 1038 ctuntur
2123 984 2246 1038 suis
2271 985 2564 1052 sensibus,
2599 990 2664 1040 ut
2694 988 2927 1040 teneant
2953 988 3010 1038 et
3039 1001 3152 1040 non
3203 984 3508 1040 dimittant

1857 1088 2009 1137 eam,
2043 1089 2113 1126 ne
2143 1072 2256 1128 sibi
2283 1073 2674 1145 speculatoria
2703 1073 3016 1144 disciplina
3044 1073 3276 1129 virtutis
3317 1075 3503 1146 possit

1857 1160 2094 1216 auferri.
2128 1161 2378 1233 Ideoque
2419 1161 2520 1217 illa
2571 1163 2631 1216 in
2688 1160 2942 1218 Canticis
2998 1161 3187 1218 dicit:
3253 1183 3276 1211 ι
3319 1163 3510 1218 Tenui

1856 1265 2013 1317 eum,
2048 1253 2104 1304 et
2135 1266 2246 1305 non
2281 1250 2574 1306 dimittam
2602 1268 2739 1306 eum
2793 1254 2976 1320 (Cant.
3031 1268 3115 1318 ιιι,
3171 1251 3248 1322 ἅ),
3281 1272 3308 1301 »
3384 1269 3511 1323 quae

1855 1337 1956 1393 Dei
1987 1337 2338 1410 sapientiam
2399 1340 2752 1410 requirebat,
2787 1342 2845 1395 et
2875 1338 3371 1411 complectebatur
3406 1341 3509 1410 ju-

1855 1425 2082 1482 stitiam
2113 1426 2212 1482 Dei
2246 1427 2504 1483 brachiis
2539 1427 2860 1493 charitatis,
2894 1431 2951 1482 et
2979 1427 3340 1498 quibusdam
3367 1428 3503 1484 fidei

1856 1519 1913 1570 et
1957 1515 2280 1571 devotionis
2333 1515 2607 1584 lacertis;
2668 1516 2792 1589 ipse
2847 1520 2936 1572 est
2979 1515 3135 1571 enim
3192 1515 3298 1588 piae
3357 1519 3513 1573 94-1

1857 1604 2071 1659 mentis
2102 1603 2424 1675 amplexus.
2459 1605 3036 1677 Comprehendamus
3083 1619 3219 1676 ergo
3279 1607 3337 1660 et
3406 1622 3513 1661 nos

1859 1697 2145 1764 quantum
2179 1710 2500 1766 possumus
2533 1694 2762 1748 interna
2793 1693 3070 1764 mysteria
3124 1692 3406 1760 veritatis,
3451 1698 3509 1750 et

123 1798 235 1849 eam
251 1782 502 1855 .justitiaa
536 1781 962 1854 plenitudinem
993 1780 1056 1836 in
1081 1797 1146 1837 eo
1167 1797 1296 1837 esse
1354 1797 1532 1852 quam
1576 1783 1748 1838 Pater
1774 1828 1819 1855 η
1859 1782 2190 1840 scribamus
2213 1799 2280 1838 ea
2309 1787 2482 1854 atque
2509 1783 2824 1855 afﬁgamus
2853 1797 2922 1838 ea
2951 1781 3225 1838 sensibus
3275 1784 3512 1852 nostris,

123 1870 296 1940 habet,
326 1871 576 1928 noveris.
609 1872 678 1926 Et
703 1870 1104 1928 secundumid
1137 1870 1287 1942 quod
1322 1870 1508 1926 virtus
1555 1875 1612 1928 et
1650 1872 1746 1942 ju-

123 1957 268 2020 stitia
289 1960 390 2016 Dei
419 1958 605 2015 Patris
627 1962 684 2012 et
700 1957 998 2029 sapientia
1013 1957 1249 2030 legitur,
1278 1957 1425 2012 nihil
1457 1958 1516 2014 in
1539 1974 1604 2014 eo
1652 1959 1745 2014 di-

122 2047 252 2104 vina:
278 2047 607 2120 majestatis
638 2045 933 2122 intelligas
964 2062 1093 2102 esse
1124 2045 1438 2114 diversum,
1471 2048 1574 2102 sed
1623 2064 1747 2104 om-

123 2134 206 2190 nia
232 2137 524 2209 accepisse
561 2153 595 2191 a
616 2136 782 2191 Patre
816 2133 1054 2205 Filium,
1083 2138 1142 2192 et
1169 2135 1362 2192 omnis
1397 2135 1590 2208 gloria:
1647 2152 1747 2208 pa-

122 2227 278 2280 terna
307 2225 522 2280 Filium
543 2223 915 2297 splendorem
948 2240 1076 2280 esse
1123 2240 1464 2296 cognoscas,
1509 2228 1567 2279 et
1623 2224 1751 2293 ejus

122 2313 498 2372 characterem
531 2313 917 2370 substantia:
949 2313 1049 2384 qui
1080 2313 1162 2369 ita
1189 2313 1478 2385 expressit
1497 2314 1750 2381 Patrem,

128 2403 255 2457 utin
287 2421 353 2460 eo
385 2405 544 2459 totus
565 2402 641 2458 sit
670 2403 860 2469 Pater,
919 2401 1074 2458 sicut
1122 2401 1182 2456 in
1238 2403 1406 2457 Patre
1459 2405 1618 2458 totus
1664 2407 1754 2458 est

123 2489 309 2547 Filius.

182 2581 261 2635 10.
285 2580 472 2650 (Vers.
500 2579 610 2650 12.)
640 2579 710 2633 Et
739 2577 878 2650 quia
904 2576 1051 2633 vidit
1094 2575 1155 2632 in
1204 2578 1417 2650 spiritu
1467 2578 1754 2650 Propheta

119 2666 304 2726 laudes
332 2667 548 2726 Christi
578 2667 748 2723 terris
778 2667 838 2722 in
869 2659 1144 2722 omnibus
1200 2667 1616 2739 praedicandas,
1665 2684 1756 2724 ve-

119 2754 198 2811 lut
231 2757 459 2830 epilogo
491 2757 746 2829 quodam
767 2755 985 2812 faciens
1015 2757 1272 2828 suscepti
1318 2756 1608 2813 sermonis
1658 2774 1754 2813 ex-

120 2859 359 2917 cessum,
396 2846 468 2903 ad
499 2845 760 2902 laetitiam
781 2862 888 2905 nos
919 2848 976 2900 et
1021 2844 1244 2902 cultum
1297 2845 1555 2903 nominis
1623 2847 1751 2917 ejus

124 2933 379 2992 hortatur
407 2935 646 2992 dicens:
681 2957 710 2984 «
770 2935 1021 2990 Laetetur
1050 2950 1220 2990 mons
1269 2935 1437 3004 Sion;
1474 2957 1502 2984 »
1542 2935 1600 2990 id
1649 2941 1758 3004 est,

124 3022 214 3093 qui
247 3023 550 3080 conﬁdunt
577 3023 638 3078 in
669 3022 940 3090 Domino,
972 3022 1127 3079 sicut
1153 3023 1280 3095 ipse
1326 3027 1528 3095 postea
1580 3023 1760 3081 inter-

1773 1828 1821 1894 B

1850 1870 2243 1943 virtutemque
2273 1871 2524 1927 cmlestis
2556 1870 2773 1927 oraculi
2809 1889 2820 1925 :
2857 1887 3036 1943 quam
3068 1875 3134 1926 ut
3177 1887 3516 1942 assequere-

1856 1963 1954 2014 tur
1983 1959 2209 2032 Moyses
2240 1959 2336 2016 ille
2367 1960 2590 2032 peritus
2620 1958 2677 2014 in
2709 1959 2868 2016 omni
2900 1958 3189 2032 sapientia
3218 1959 3514 2032 .IEgyptio-

1858 2064 2012 2115 rum,
2045 2047 2106 2103 in
2142 2052 2397 2105 montem
2431 2049 2716 2119 ascendit,
2751 2047 3006 2121 atquein
3064 2048 3283 2104 nubem
3332 2047 3515 2105 intra-

1859 2137 1962 2204 vit,
1994 2142 2058 2192 ut
2085 2143 2286 2209 operta
2345 2141 2404 2194 et
2443 2137 2672 2193 occulta
2732 2141 3126 2209 cognosceret,
3181 2137 3514 2194 adhaerente

1862 2225 1973 2282 sibi
2003 2225 2159 2281 socio
2186 2228 2344 2292 Jesu,
2370 2226 2510 2298 quia
2559 2244 2728 2282 nemo
2760 2225 2886 2282 sine
2938 2243 3070 2282 vero
3127 2227 3267 2283 Jesu
3325 2230 3519 2298 potest

1860 2314 2085 2370 incerta
2113 2315 2415 2386 sapientiae
2472 2319 2529 2370 et
2584 2315 2812 2371 occulta
2877 2315 3387 2386 comprehendere.
3445 2316 3517 2370 Et

1861 2403 1990 2458 ideo
2020 2402 2079 2456 in
2111 2404 2304 2476 specie
2332 2405 2472 2460 Jesu
2512 2404 2687 2473 Nave,
2720 2403 2836 2459 veri
2875 2403 3193 2460 Salvatoris
3223 2403 3518 2476 signiﬁca-

1860 2491 2103 2547 baturei
2139 2492 2468 2564 aspiratura
2511 2492 2842 2565 praesentia,
2903 2509 3008 2565 per
3076 2509 3251 2564 quem
3309 2493 3516 2548 ﬁerent

1863 2593 2064 2634 omnes
2100 2579 2381 2636 docibiles
2401 2579 2525 2649 Dei,
2554 2579 2650 2652 qui
2710 2579 2896 2652 legem
2954 2579 3222 2652 aperiret,
3255 2581 3517 2652 Evange-

1863 2665 2011 2724 lium
2044 2665 2344 2724 revelaret.

1933 2759 2025 2810 22.
2079 2757 2225 2829 Ergo
2294 2757 2393 2829 qui
2455 2757 2595 2813 Sion
2653 2756 3142 2813 circumdederint
3209 2757 3522 2830 prudentia

1867 2861 1994 2912 sua,
2046 2847 2104 2902 et
2159 2845 2445 2918 complexi
2503 2845 2720 2901 fuerint
2776 2845 3075 2902 intellectu
3136 2846 3520 2902 ascendentes

1868 2949 2048 3005 super
2078 2937 2271 2989 turres
2300 2934 2449 3005 ejus,
2482 2938 2729 2990 narrant
2757 2935 3009 3006 desuper
3028 2933 3080 2991 ei
3120 2934 3221 3006 qui
3251 2952 3367 2992 non
3414 2952 3522 3007 po—

1869 3022 2048 3078 tuerit
2077 3023 2392 3079 ascendere
2422 3023 2479 3078 in
2513 3027 2706 3080 turres
2736 3023 2885 3094 ejus,
2919 3022 3061 3096 quid
3091 3025 3406 3097 agendum,
3431 3023 3522 3080 vel

127 3115 378 3182 pretatus
411 3115 500 3168 est
540 3112 827 3168 dicens:«
879 3111 987 3176 Qui
1043 3111 1348 3167 conﬁdunt
1395 3112 1455 3167 in
1514 3113 1760 3169 Domino
1873 3108 2013 3181 quid
2046 3111 2368 3166 cavendum
2402 3112 2496 3167 sit.
2530 3113 2758 3167 Murata
2797 3115 2886 3167 est
2925 3111 3082 3167 enim
3139 3111 3344 3168 civitas
3398 3112 3521 3181 Dei,

122 3199 260 3257 sicut
288 3219 460 3259 mons
481 3201 637 3258 Sion.
664 3204 771 3257 etc.
808 3201 974 3272 (Psal.
1017 3217 1207 3266 cxxrv,
1260 3201 1332 3272 1).
1367 3222 1397 3251 ››

122 3289 304 3347 minus
318 3290 621 3362 Jesus,qui
643 3293 732 3345 est
754 3305 923 3345 mons
943 3291 1000 3344 et
1027 3289 1272 3346 altitudo
1302 3289 1566 3346 Ecclesiae
1615 3308 1755 3359 sua,

123 3393 236 3448 quae
265 3379 562 3436 Christum
595 3394 768 3434 suum
800 3381 920 3434 toto
951 3377 1284 3450 speculatur
1309 3378 1540 3444 affectu,
1604 3377 1758 3435 laete-

121 3468 207 3524 tur
234 3467 346 3524 ﬁde
378 3468 507 3539 ejus
555 3471 614 3522 et
661 3465 967 3521 devotione
1027 3483 1153 3538 quae
1209 3465 1562 3540 complacuit
1599 3469 1752 3524 Deo:

122 3557 389 3625 quoniam
439 3555 743 3628 repudiata
784 3558 873 3610 est
928 3554 1202 3615 inﬁdelis.
1254 3555 1450 3612 Potest
1492 3555 1672 3629 igitur
1701 3562 1758 3613 et

117 3642 216 3700 hoc
245 3645 338 3718 pie
364 3643 632 3717 intelligi,
665 3643 941 3716 quoniam
971 3643 1145 3699 etiam
1186 3644 1452 3716 superior
1481 3646 1756 3702 omnibus

117 3730 232 3802 ipse
259 3737 549 3791 estmons
581 3731 681 3804 (9),
714 3733 774 3788 in
818 3748 994 3804 quem
1049 3732 1102 3788 is
1157 3733 1470 3788 ascendere
1511 3735 1757 3805 jubetur

116 3809 206 3892 qui
237 3823 413 3886 ﬁdem
446 3822 741 3894 praedicat,
775 3821 1000 3877 dicente
1027 3820 1368 3893 Scriptura:
1395 3845 1423 3872 «
1474 3825 1536 3879 In
1585 3840 1752 3880 mon-

113 3913 219 3965 tem
243 3910 537 3967 excelsum
571 3911 817 3966 ascende
848 3909 949 3982 qui
1000 3909 1364 3983 evangelizas
1423 3911 1561 3967 Sion
1621 3913 1747 3984 (15a.

111 4015 192 4070 XL,
223 4001 303 4072 9).
345 4022 373 4048 »

172 4091 259 4146 20.
294 4089 616 4158 Exsultént,’
647 4087 860 4160 inquit,
893 4088 1099 4144 animm
1126 4089 1467 4146 conﬁtentes
1487 4091 1592 4148 tibi
1614 4091 1745 4165 (10).

111 4177 245 4250 Ipsae
276 4182 415 4236 sunt
439 4177 569 4235 ﬁliae
599 4178 814 4235 Judaeaa
847 4177 1009 4234 illius
1040 4177 1099 4234 in
1132 4196 1248 4252 qua
1269 4182 1443 4235 notus
1461 4185 1550 4236 est
1569 4181 1745 4237 Deus.

107 4265 246 4324 Nam
276 4268 394 4325 ista
421 4268 623 4327 Judaza
654 4285 783 4341 qua:
812 4267 873 4323 in
896 4283 1068 4323 carne
1098 4272 1197 4323 est‘
1235 4267 1323 4323 vel
1356 4269 1572 4340 littera,
1632 4287 1746 4325 non

108 4358 338 4429 agnovit
369 4359 702 4414 Dominum.
736 4357 882 4413 Nam
914 4357 965 4413 si
995 4356 1348 4429 agnovisset,
1380 4357 1554 4414 etiam
1586 4375 1748 4415 rece-

106 4444 302 4515 pisset.
319 4447 431 4502 Sed
463 4463 579 4504 non
598 4446 854 4519 agnovit,
883 4462 1058 4519 quem
1089 4463 1204 4502 non
1254 4446 1488 4520 recepit,
1549 4451 1606 4503 et
1647 4451 1745 4521 ju-

1458 3201 1588 3272 Ipse
1642 3203 1752 3258 Do-
1785 3184 1828 3251 C
1867 3197 2113 3270 ideoque
2144 3198 2284 3254 alibi
2315 3199 2456 3254 dicit
2480 3200 2802 3256 Dominus:
2844 3219 2866 3248 ι
2901 3201 3043 3256 Ecce
3099 3216 3228 3272 ego,
3275 3201 3512 3255 Jerusa-

1863 3285 2006 3366 lem,
2039 3286 2198 3359 pinxi
2230 3304 2431 3344 muros
2462 3293 2594 3344 tuos
2636 3290 2762 3360 (15a.
2815 3306 2962 3343 xnix.
3021 3288 3133 3357 16).
3164 3309 3192 3337 ››
3238 3287 3522 3344 Distincta

1859 3379 1955 3430 'est
1983 3376 2268 3444 turribus,
2303 3377 2374 3432 de
2405 3376 2622 3448 quibus
2653 3376 2961 3432 insidiator
2991 3375 3196 3448 possit,
3226 3376 3274 3432 si
3309 3394 3519 3449 appro-

1867 3464 2150 3536 pinquare
2181 3465 2439 3537 coeperit,
2465 3465 2839 3537 deprehendi.
2874 3465 3059 3521 Habet
3089 3464 3184 3521 ille
3231 3466 3518 3521 exercitus

1868 3569 2027 3620 suos,
2061 3552 2277 3624 quibus
2309 3552 2538 3608 animas
2570 3552 2667 3608 Dei
2699 3552 2968 3608 obsidere
3027 3553 3353 3621 consuevit,
3412 3555 3516 3610 ad-

1866 3657 2096 3698 movere
2125 3641 2429 3697 machinas
2462 3646 2527 3696 ut
2557 3641 2743 3715 possit
2767 3646 2958 3699 turres
3005 3659 3336 3717 expugnare
3394 3661 3519 3699 mu-

1864 3729 2036 3786 nitas.
2071 3732 2181 3788 Sed
2210 3748 2333 3800 vos,
2357 3731 2570 3804 inquit,
2603 3732 2913 3805 praedicata
2958 3734 3029 3788 de
3085 3733 3351 3789 turribus
3386 3751 3398 3801 ;
3427 3738 3517 3789 est

1863 3819 2021 3876 enim
2055 3819 2114 3875 in
2139 3821 2398 3878 turribus
2443 3822 2808 3879 Hierusalem
2861 3822 3243 3878 abundantia.
3305 3822 3514 3876 Przedi-

1863 3911 2323 3980 catejustitiam,
2357 3916 2584 3968 monete
2625 3913 2951 3968 custodiam
2979 3930 2991 3980 ;
3022 3911 3310 3983 sapientia
3356 3912 3514 3966 enim

1860 3998 1920 4054 in
1939 3999 2093 4054 exitu
2115 4001 2361 4068 canitur,
2395 4008 2450 4056 et
2480 4001 2537 4055 in
2586 4018 2887 4056 murorum
2938 4000 3246 4056 altissimis
3304 3999 3512 4072 praedi~

1861 4092 2043 4143 catur.
2074 4088 2143 4142 Et
2174 4087 2311 4143 alibi
2345 4089 2558 4145 iterum
2590 4089 2730 4146 dicit
2759 4108 2771 4144 :
2805 4112 2831 4139 ‹‹
2870 4090 2932 4144 In
2967 4088 3154 4144 muris
3186 4089 3305 4143 tuis
3381 4105 3514 4144 con-

1859 4175 2022 4233 stitui
2054 4177 2345 4245 custodes,
2379 4178 2587 4235 diebus
2613 4195 2678 4234 ac
2716 4178 2991 4233 noctibus
3047 4177 3106 4232 in
3159 4177 3335 4233 ﬁnem
3394 4193 3510 4233 non

1855 4267 2134 4322 tacebunt
2164 4267 2291 4338 (lsa.
2326 4284 2461 4330 an,
2495 4269 2572 4337 ﬁ).
2600 4291 2626 4317 ››
2661 4267 2901 4322 Narrate
2958 4283 3094 4340 ergo
3149 4265 3275 4322 sine
3332 4266 3510 4321 inter-

1859 4354 2160 4422 missione,
2212 4355 2339 4411 sine
2373 4357 2504 4411 ﬁne.
2560 4356 2946 4412 Adversarius
3003 4354 3229 4428 vigilat,
3275 4355 3506 4423 circuit,

1857 4447 1914 4498 et
1943 4443 2102 4500 rabie
2137 4445 2322 4500 ferina
2363 4445 2595 4517 quaerit,
2638 4463 2786 4518 quos
2846 4444 3147 4512 invenerit,
3210 4445 3504 4500 devorare.

105 4532 250 4590 dicia
279 4536 411 4608 ejus
440 4535 687 4608 refugit:
723 4535 938 4608 quibus
969 4551 1068 4592 eos
1088 4552 1204 4591 non
1234 4551 1302 4591 ex
1351 4540 1514 4609 patre
1561 4538 1744 4594 Abra-
1775 4555 1825 4621 Β
1859 4533 1991 4588 Ideo
2021 4550 2253 4606 semper
2277 4535 2578 4591 canendus
2609 4532 3014 4603 estDominus,
3045 4533 3145 4606 qui
3169 4533 3374 4590 dentes
3395 4531 3510 4588 leo-

103 4621 257 4691 ham,
291 4625 395 4680 sed
422 4641 490 4680 ex
519 4623 734 4681 diaboli
779 4625 1003 4680 semine
1054 4633 1292 4680 manare
1345 4628 1744 4698 memorabat;

102 4712 378 4782 quoniam
410 4729 584 4769 omne
610 4716 915 4786 peccatum
946 4729 1146 4769 semen
1180 4713 1406 4769 inimici
1437 4718 1544 4770 est.
1595 4719 1746 4772 Con-

99 4798 372 4859 fessionis
405 4806 598 4858 autem
629 4801 758 4857 ﬁlia:
789 4804 1092 4874 peccatum
1125 4819 1240 4857 non
1274 4802 1622 4870 faciunt,sed
1650 4805 1749 4860 ob-

99 4890 398 4946 umbrant.
431 4892 497 4947 Et
526 4891 656 4948 ideo
704 4891 860 4948 beati
913 4907 1166 4963 quorum
1234 4895 1387 4947 tecta
1431 4896 1569 4948 sunt
1608 4909 1744 4965 pec-

96 4982 244 5042 cata,
278 4979 604 5053 Meritoque
634 4980 1012 5038 exsultabunt
1035 4979 1168 5035 ﬁliae
1198 4980 1578 5040 confessionis
1609 4998 1742 5054 pro-

96 5067 222 5135 pter
243 5068 474 5139 judicia
505 5068 752 5136 Domini,
789 5085 920 5124 cum
948 5067 1320 5140 cognoverint
1341 5068 1590 5139 judicia
1613 5071 1741 5142 ejus

92 5157 145 5208 et
175 5154 304 5212 vias
335 5156 488 5227 ejus,
519 5173 644 5230 quae
679 5157 738 5212 in
783 5157 892 5213 hoc
953 5155 1163 5212 saeculo
1221 5156 1625 5214 inscrutabilia
1682 5163 1740 5215 et

91 5241 525 5317 investigabilia
551 5250 692 5304 sunt
719 5245 1092 5312 hominibus;
1128 5250 1186 5301 et
1215 5262 1347 5300 cum
1379 5247 1524 5303 facio
1555 5249 1626 5303 ad
1659 5248 1739 5303 fa-

155 5419 234 5491 (9)
271 5421 415 5490 Mss.
444 5421 689 5495 aliquot.
733 5390 1036 5494 superibris
1091 5423 1246 5477 illius
1302 5423 1432 5476 Sion
1493 5425 1608 5495 ipse
1661 5433 1738 5480 est

310 5561 412 5619 Hic
430 5567 507 5636 ut
535 5563 676 5621 alibi
708 5581 822 5621 non
854 5580 970 5620 uno
1024 5561 1149 5636 loco
1206 5581 1310 5636 pro
1360 5568 1520 5621 textu
1580 5567 1729 5622 Scri-

1859 4626 2302 4691 numconterat,
2334 4627 2389 4679 et
2417 4640 2519 4680 ora
2544 4623 2896 4696 confringat,
2939 4627 3006 4679 ut
3072 4621 3241 4680 nobis
3301 4638 3508 4679 nocere

1858 4727 1971 4765 non
2013 4712 2258 4782 possint.

1925 4799 2014 4854 23.
2050 4800 2234 4873 (Vers.
2269 4801 2358 4868 14,
2418 4803 2529 4874 15.)
2562 4825 2589 4852 ‹‹
2620 4803 2842 4868 Ponite,
2911 4802 3124 4875 inquit,
3186 4800 3361 4857 corda
3403 4816 3503 4856 ve-

1855 4890 1978 4943 stra
2033 4888 2091 4942 in
2142 4889 2352 4946 virtute
2409 4893 2575 4962 ejus;
2611 4914 2639 4940 »
2670 4893 2727 4947 id
2755 4897 2862 4959 est,
2883 4891 3234 4947 utvirtutem
3263 4887 3500 4960 ejusin-

1852 4974 2160 5048 telligatis:
2197 5001 2224 5028 «
2258 4983 2314 5034 et
2345 4979 2678 5036 distribuite
2709 4981 2929 5053 gradus
2956 4981 3104 5051 ejus,
3139 4983 3206 5034 ut
3273 4992 3504 5033 enarre-

1851 5064 1928 5119 tis
1961 5065 2016 5120 in
2050 5067 2326 5139 progenie
2358 5067 2557 5124 altera.
2593 5068 2878 5136 Quoniam
2912 5069 3003 5124 hic
3026 5073 3115 5124 est
3145 5068 3300 5123 Deus
3323 5067 3500 5133 ,Deus

1852 5157 2050 5209 noster
2078 5154 2136 5210 in
2168 5160 2472 5223 aeternum,
2502 5161 2558 5212 et
2598 5158 2654 5211 in
2688 5157 2968 5213 saeculum
3001 5155 3238 5212 saeculi:
3274 5155 3402 5228 ipse
3437 5173 3496 5211 re

1849 5245 1948 5313 get
1977 5259 2083 5300 nos
2112 5242 2171 5298 in
2203 5243 2433 5301 saecula.
2470 5269 2492 5299 ι
2529 5255 2694 5318 Βάρεις
2726 5246 2872 5301 dixit
2909 5246 3164 5312 Graecus,
3215 5245 3325 5301 hoc
3404 5262 3467 5300 es

1847 5434 1916 5505 ac
1944 5418 2127 5505 Initum
2159 5420 2624 5505 confessionem,
2665 5427 2729 5505 ut
2775 5424 2902 5505 jam
2948 5423 3322 5505 observatum
3377 5429 3494 5490 est,

1844 5489 2217 5568 signiﬁcent;
2251 5491 2468 5568 idcirco
2499 5489 2645 5565 quas
2673 5489 2973 5566 Scriptura
3001 5495 3124 5565 ﬁlia
3172 5495 3344 5563 Judzc,
3390 5489 3494 5552 seu

1842 5561 2072 5640 Iudaeis,
2092 5561 2200 5640 has
2233 5563 2320 5618 vir
2350 5561 2588 5640 sanctus
2619 5561 2836 5622 aninuis
2884 5561 3196 5640 conﬁtentes
3228 5572 3286 5623 et
3332 5561 3490 5638 ﬁlias

80 5635 270 5705 ptum
305 5635 542 5706 ponitur
570 5637 695 5708 ejus
728 5634 1164 5709 interpretatio;
1206 5634 1342 5695 cum
1373 5636 1528 5694 enim
1575 5639 1732 5696 Iudae
1839 5635 2194 5712 confessionis
2221 5638 2406 5696 vocat.
