  <div class='ocr_page' id='page_1' title='image "/cluster/home/n/w/nwhite01/storage/ocr_20150623/14/uva.x000826552/620.png"; bbox 0 0 3856 6206; ppageno 0'>
   <div class='ocr_carea' id='block_1_1' title="bbox 398 312 551 378">
    <p class='ocr_par' dir='ltr' id='par_1_1' title="bbox 398 312 551 378">
     <span class='ocr_line' id='line_1_1' title="bbox 398 312 551 378; baseline -0.026 1"><span class='ocrx_word' id='word_1_1' title='bbox 398 312 551 378; x_wconf 66' lang='grc' dir='ltr'><strong>ΒΗ</strong></span> 
     </span>
    </p>
   </div>
   <div class='ocr_carea' id='block_1_2' title="bbox 1848 312 2341 377">
    <p class='ocr_par' dir='ltr' id='par_1_2' title="bbox 1848 312 2341 377">
     <span class='ocr_line' id='line_1_2' title="bbox 1848 312 2341 377; baseline -0.002 0"><span class='ocrx_word' id='word_1_2' title='bbox 1848 314 1919 377; x_wconf 81' lang='grc'><strong>8.</strong></span> <span class='ocrx_word' id='word_1_3' title='bbox 1964 312 2341 377; x_wconf 70' lang='lat' dir='ltr'><strong>AIBROSII</strong></span> 
     </span>
    </p>
   </div>
   <div class='ocr_carea' id='block_1_3' title="bbox 3636 308 3750 375">
    <p class='ocr_par' dir='ltr' id='par_1_3' title="bbox 3636 308 3750 375">
     <span class='ocr_line' id='line_1_3' title="bbox 3636 308 3750 375; baseline 0.018 -2"><span class='ocrx_word' id='word_1_4' title='bbox 3636 308 3750 375; x_wconf 62' lang='lat' dir='ltr'><strong>liti</strong></span> 
     </span>
    </p>
   </div>
   <div class='ocr_carea' id='block_1_4' title="bbox 394 444 3743 533">
    <p class='ocr_par' dir='ltr' id='par_1_4' title="bbox 394 444 3743 533">
     <span class='ocr_line' id='line_1_4' title="bbox 394 444 3743 533; baseline -0.002 -22"><span class='ocrx_word' id='word_1_5' title='bbox 394 462 653 512; x_wconf 60' lang='lat' dir='ltr'><strong>accisas</strong></span> <span class='ocrx_word' id='word_1_6' title='bbox 686 456 741 508; x_wconf 70' lang='lat' dir='ltr'><strong>et</strong></span> <span class='ocrx_word' id='word_1_7' title='bbox 772 451 1011 507; x_wconf 63' lang='lat' dir='ltr'><strong>turritas</strong></span> <span class='ocrx_word' id='word_1_8' title='bbox 1042 448 1247 505; x_wconf 77' lang='lat' dir='ltr'><strong>domos</strong></span> <span class='ocrx_word' id='word_1_9' title='bbox 1276 468 1289 511; x_wconf 92' lang='lat'>:</span> <span class='ocrx_word' id='word_1_10' title='bbox 1348 447 1505 505; x_wconf 86' lang='lat' dir='ltr'><strong>unde</strong></span> <span class='ocrx_word' id='word_1_11' title='bbox 1566 445 1857 522; x_wconf 81' lang='lat' dir='ltr'><strong>Propheta</strong></span> <span class='ocrx_word' id='word_1_12' title='bbox 1902 463 2037 503; x_wconf 87' lang='lat' dir='ltr'><strong>cum</strong></span> <span class='ocrx_word' id='word_1_13' title='bbox 2064 465 2121 533; x_wconf 59' lang='grc' dir='ltr'><strong>Α</strong></span> <span class='ocrx_word' id='word_1_14' title='bbox 2148 447 2411 522; x_wconf 75' lang='lat' dir='ltr'><strong>capiebat</strong></span> <span class='ocrx_word' id='word_1_15' title='bbox 2442 447 2553 519; x_wconf 61' lang='lat' dir='ltr'><strong>fit?</strong></span> <span class='ocrx_word' id='word_1_16' title='bbox 2586 446 2895 506; x_wconf 77' lang='lat' dir='ltr'><strong>universus</strong></span> <span class='ocrx_word' id='word_1_17' title='bbox 2927 444 3180 523; x_wconf 86' lang='lat' dir='ltr'><strong>populus</strong></span> <span class='ocrx_word' id='word_1_18' title='bbox 3208 444 3509 523; x_wconf 70' lang='lat' dir='ltr'><strong>percipere</strong></span> <span class='ocrx_word' id='word_1_19' title='bbox 3552 447 3743 521; x_wconf 83' lang='lat' dir='ltr'><strong>sapien-</strong></span> 
     </span>
    </p>
   </div>
   <div class='ocr_carea' id='block_1_5' title="bbox 396 539 2039 611">
    <p class='ocr_par' dir='ltr' id='par_1_5' title="bbox 396 539 2039 611">
     <span class='ocr_line' id='line_1_5' title="bbox 396 539 2039 611; baseline -0.004 -11"><span class='ocrx_word' id='word_1_20' title='bbox 396 545 469 600; x_wconf 86' lang='lat' dir='ltr'><strong>de</strong></span> <span class='ocrx_word' id='word_1_21' title='bbox 498 545 727 599; x_wconf 80' lang='lat' dir='ltr'><strong>civitate</strong></span> <span class='ocrx_word' id='word_1_22' title='bbox 760 542 855 597; x_wconf 77' lang='lat' dir='ltr'><strong>Dei</strong></span> <span class='ocrx_word' id='word_1_23' title='bbox 884 546 938 595; x_wconf 83' lang='lat' dir='ltr'><strong>et</strong></span> <span class='ocrx_word' id='word_1_24' title='bbox 970 540 1433 595; x_wconf 79' lang='lat' dir='ltr'><strong>inhabitantibus</strong></span> <span class='ocrx_word' id='word_1_25' title='bbox 1478 556 1609 595; x_wconf 84' lang='lat' dir='ltr'><strong>eam</strong></span> <span class='ocrx_word' id='word_1_26' title='bbox 1662 539 2039 611; x_wconf 73' lang='lat' dir='ltr'><strong>loqueretur:</strong></span> 
     </span>
    </p>
   </div>
   <div class='ocr_carea' id='block_1_6' title="bbox 399 629 2038 702">
    <p class='ocr_par' dir='ltr' id='par_1_6' title="bbox 399 629 2038 702">
     <span class='ocr_line' id='line_1_6' title="bbox 399 629 2038 702; baseline -0.006 -12"><span class='ocrx_word' id='word_1_27' title='bbox 399 656 429 681; x_wconf 79' lang='grc' dir='ltr'><strong>ιι</strong></span> <span class='ocrx_word' id='word_1_28' title='bbox 462 632 823 695; x_wconf 64' lang='lat' dir='ltr'><strong>Dietribuite,</strong></span> <span class='ocrx_word' id='word_1_29' title='bbox 850 630 1061 702; x_wconf 69' lang='lat' dir='ltr'><strong>inquit,</strong></span> <span class='ocrx_word' id='word_1_30' title='bbox 1086 630 1304 702; x_wconf 80' lang='lat' dir='ltr'><strong>gradus</strong></span> <span class='ocrx_word' id='word_1_31' title='bbox 1335 631 1487 701; x_wconf 84' lang='lat' dir='ltr'><strong>ejus,</strong></span> <span class='ocrx_word' id='word_1_32' title='bbox 1542 629 1651 684; x_wconf 84' lang='lat' dir='ltr'><strong>hoc</strong></span> <span class='ocrx_word' id='word_1_33' title='bbox 1708 634 1817 687; x_wconf 73' lang='lat' dir='ltr'><strong>est.</strong></span> <span class='ocrx_word' id='word_1_34' title='bbox 1873 644 2038 681; x_wconf 76' lang='lat' dir='ltr'><strong>man-</strong></span> 
     </span>
    </p>
   </div>
   <div class='ocr_carea' id='block_1_7' title="bbox 396 718 2037 791">
    <p class='ocr_par' dir='ltr' id='par_1_7' title="bbox 396 718 2037 791">
     <span class='ocr_line' id='line_1_7' title="bbox 396 718 2037 791; baseline -0.006 -13"><span class='ocrx_word' id='word_1_35' title='bbox 396 725 593 778; x_wconf 81' lang='lat' dir='ltr'><strong>siones</strong></span> <span class='ocrx_word' id='word_1_36' title='bbox 622 724 749 791; x_wconf 78' lang='lat' dir='ltr'><strong>ejus</strong></span> <span class='ocrx_word' id='word_1_37' title='bbox 782 721 925 775; x_wconf 83' lang='lat' dir='ltr'><strong>altas</strong></span> <span class='ocrx_word' id='word_1_38' title='bbox 952 726 1127 791; x_wconf 84' lang='lat' dir='ltr'><strong>atque</strong></span> <span class='ocrx_word' id='word_1_39' title='bbox 1148 718 1433 774; x_wconf 76' lang='lat' dir='ltr'><strong>sublimes</strong></span> <span class='ocrx_word' id='word_1_40' title='bbox 1458 718 1513 772; x_wconf 90' lang='lat' dir='ltr'><strong>in</strong></span> <span class='ocrx_word' id='word_1_41' title='bbox 1533 718 1889 773; x_wconf 68' lang='lat' dir='ltr'><strong>coelestibus.</strong></span> <span class='ocrx_word' id='word_1_42' title='bbox 1914 718 2037 781; x_wconf 82' lang='lat' dir='ltr'><strong>Quo</strong></span> 
     </span>
    </p>
   </div>
   <div class='ocr_carea' id='block_1_8' title="bbox 2148 539 3369 612">
    <p class='ocr_par' dir='ltr' id='par_1_8' title="bbox 2148 539 3369 612">
     <span class='ocr_line' id='line_1_8' title="bbox 2148 539 3369 612; baseline -0.001 -17"><span class='ocrx_word' id='word_1_43' title='bbox 2148 540 2293 595; x_wconf 85' lang='lat' dir='ltr'><strong>tiam</strong></span> <span class='ocrx_word' id='word_1_44' title='bbox 2322 541 2379 594; x_wconf 87' lang='lat' dir='ltr'><strong>iu</strong></span> <span class='ocrx_word' id='word_1_45' title='bbox 2414 540 2692 612; x_wconf 72' lang='lat' dir='ltr'><strong>mysterio</strong></span> <span class='ocrx_word' id='word_1_46' title='bbox 2724 555 2855 612; x_wconf 67' lang='lat' dir='ltr'><strong>qua</strong></span> <span class='ocrx_word' id='word_1_47' title='bbox 2883 539 3227 595; x_wconf 68' lang='lat' dir='ltr'><strong>abscondita</strong></span> <span class='ocrx_word' id='word_1_48' title='bbox 3254 543 3369 595; x_wconf 78' lang='lat' dir='ltr'><strong>est.</strong></span> 
     </span>
    </p>
   </div>
   <div class='ocr_carea' id='block_1_9' title="bbox 2218 628 3749 697">
    <p class='ocr_par' dir='ltr' id='par_1_9' title="bbox 2218 628 3749 697">
     <span class='ocr_line' id='line_1_9' title="bbox 2218 628 3749 697; baseline 0 -13"><span class='ocrx_word' id='word_1_49' title='bbox 2218 629 2373 685; x_wconf 65' lang='grc'><strong>915</strong></span> <span class='ocrx_word' id='word_1_50' title='bbox 2402 632 2492 683; x_wconf 75' lang='lat'><strong>25.</strong></span> <span class='ocrx_word' id='word_1_51' title='bbox 2526 629 2661 685; x_wconf 84' lang='lat' dir='ltr'><strong>Ideo</strong></span> <span class='ocrx_word' id='word_1_52' title='bbox 2692 645 2822 684; x_wconf 82' lang='lat' dir='ltr'><strong>eam</strong></span> <span class='ocrx_word' id='word_1_53' title='bbox 2851 628 3123 684; x_wconf 74' lang='lat' dir='ltr'><strong>Christus</strong></span> <span class='ocrx_word' id='word_1_54' title='bbox 3152 628 3486 697; x_wconf 81' lang='lat' dir='ltr'><strong>abscondit,</strong></span> <span class='ocrx_word' id='word_1_55' title='bbox 3540 631 3603 683; x_wconf 88' lang='lat' dir='ltr'><strong>ut</strong></span> <span class='ocrx_word' id='word_1_56' title='bbox 3648 645 3749 684; x_wconf 82' lang='lat' dir='ltr'><strong>eam</strong></span> 
     </span>
    </p>
   </div>
   <div class='ocr_carea' id='block_1_10' title="bbox 2148 717 3754 790">
    <p class='ocr_par' dir='ltr' id='par_1_10' title="bbox 2148 717 3754 790">
     <span class='ocr_line' id='line_1_10' title="bbox 2148 717 3754 790; baseline 0.001 -19"><span class='ocrx_word' id='word_1_57' title='bbox 2148 717 2311 772; x_wconf 88' lang='lat' dir='ltr'><strong>stulti</strong></span> <span class='ocrx_word' id='word_1_58' title='bbox 2340 735 2455 772; x_wconf 89' lang='lat' dir='ltr'><strong>non</strong></span> <span class='ocrx_word' id='word_1_59' title='bbox 2488 717 2837 790; x_wconf 73' lang='lat' dir='ltr'><strong>intelligant,</strong></span> <span class='ocrx_word' id='word_1_60' title='bbox 2882 718 3205 790; x_wconf 76' lang='lat' dir='ltr'><strong>prudentes</strong></span> <span class='ocrx_word' id='word_1_61' title='bbox 3260 717 3584 773; x_wconf 78' lang='lat' dir='ltr'><strong>studiosius</strong></span> <span class='ocrx_word' id='word_1_62' title='bbox 3620 734 3754 790; x_wconf 72' lang='lat' dir='ltr'><strong>qua-</strong></span> 
     </span>
    </p>
   </div>
   <div class='ocr_carea' id='block_1_11' title="bbox 397 804 3749 879">
    <p class='ocr_par' dir='ltr' id='par_1_11' title="bbox 397 804 3749 879">
     <span class='ocr_line' id='line_1_11' title="bbox 397 804 3749 879; baseline -0.001 -13"><span class='ocrx_word' id='word_1_63' title='bbox 397 814 565 866; x_wconf 79' lang='lat' dir='ltr'><strong>dooet</strong></span> <span class='ocrx_word' id='word_1_64' title='bbox 593 810 853 866; x_wconf 76' lang='lat' dir='ltr'><strong>ordinem</strong></span> <span class='ocrx_word' id='word_1_65' title='bbox 886 808 1230 862; x_wconf 71' lang='lat' dir='ltr'><strong>servandum</strong></span> <span class='ocrx_word' id='word_1_66' title='bbox 1262 808 1767 861; x_wconf 60' lang='lat' dir='ltr'><strong>essemeritorum.</strong></span> <span class='ocrx_word' id='word_1_67' title='bbox 1804 828 1831 853; x_wconf 69' lang='grc' dir='ltr'><strong><em>α</em></strong></span> <span class='ocrx_word' id='word_1_68' title='bbox 1854 804 2041 859; x_wconf 69' lang='grc' dir='ltr'><strong>[ὐιιεο</strong></span> <span class='ocrx_word' id='word_1_69' title='bbox 2146 810 2317 860; x_wconf 84' lang='lat' dir='ltr'><strong>rant:</strong></span> <span class='ocrx_word' id='word_1_70' title='bbox 2347 811 2401 861; x_wconf 89' lang='lat' dir='ltr'><strong>et</strong></span> <span class='ocrx_word' id='word_1_71' title='bbox 2427 812 2699 861; x_wconf 85' lang='lat' dir='ltr'><strong>euarrent</strong></span> <span class='ocrx_word' id='word_1_72' title='bbox 2726 808 2787 860; x_wconf 89' lang='lat' dir='ltr'><strong>in</strong></span> <span class='ocrx_word' id='word_1_73' title='bbox 2818 807 3097 879; x_wconf 78' lang='lat' dir='ltr'><strong>progenie</strong></span> <span class='ocrx_word' id='word_1_74' title='bbox 3126 805 3335 873; x_wconf 79' lang='lat' dir='ltr'><strong>altera,</strong></span> <span class='ocrx_word' id='word_1_75' title='bbox 3367 823 3497 878; x_wconf 64' lang='lat' dir='ltr'><strong>qua</strong></span> <span class='ocrx_word' id='word_1_76' title='bbox 3546 806 3749 878; x_wconf 81' lang='lat' dir='ltr'><strong>spiritus</strong></span> 
     </span>
    </p>
   </div>
   <div class='ocr_carea' id='block_1_12' title="bbox 391 894 2036 973">
    <p class='ocr_par' dir='ltr' id='par_1_12' title="bbox 391 894 2036 973">
     <span class='ocr_line' id='line_1_12' title="bbox 391 894 2036 973; baseline -0.004 -18"><span class='ocrx_word' id='word_1_77' title='bbox 391 902 644 973; x_wconf 70' lang='lat' dir='ltr'><strong>quisque</strong></span> <span class='ocrx_word' id='word_1_78' title='bbox 672 899 828 954; x_wconf 88' lang='lat' dir='ltr'><strong>enim</strong></span> <span class='ocrx_word' id='word_1_79' title='bbox 864 899 919 952; x_wconf 87' lang='lat' dir='ltr'><strong>in</strong></span> <span class='ocrx_word' id='word_1_80' title='bbox 954 914 1060 951; x_wconf 83' lang='lat' dir='ltr'><strong>suo</strong></span> <span class='ocrx_word' id='word_1_81' title='bbox 1090 897 1293 951; x_wconf 80' lang='lat' dir='ltr'><strong>ordine</strong></span> <span class='ocrx_word' id='word_1_82' title='bbox 1348 896 1505 948; x_wconf 79' lang='lat' dir='ltr'><strong>loan.</strong></span> <span class='ocrx_word' id='word_1_83' title='bbox 1538 913 1655 959; x_wconf 76' lang='lat' dir='ltr'><strong>xiv,</strong></span> <span class='ocrx_word' id='word_1_84' title='bbox 1704 898 1737 947; x_wconf 87' lang='lat'><strong>2</strong></span> <span class='ocrx_word' id='word_1_85' title='bbox 1767 938 1779 947; x_wconf 92' lang='lat'>.</span> <span class='ocrx_word' id='word_1_86' title='bbox 1812 918 1833 941; x_wconf 76' lang='grc' dir='ltr'><strong><em>ο</em></strong></span> <span class='ocrx_word' id='word_1_87' title='bbox 1874 894 2036 948; x_wconf 78' lang='lat' dir='ltr'><strong>L&#39;nde</strong></span> 
     </span>
    </p>
   </div>
   <div class='ocr_carea' id='block_1_13' title="bbox 394 982 2037 1057">
    <p class='ocr_par' dir='ltr' id='par_1_13' title="bbox 394 982 2037 1057">
     <span class='ocr_line' id='line_1_13' title="bbox 394 982 2037 1057; baseline -0.005 -12"><span class='ocrx_word' id='word_1_88' title='bbox 394 990 755 1045; x_wconf 81' lang='lat' dir='ltr'><strong>etDominus</strong></span> <span class='ocrx_word' id='word_1_89' title='bbox 798 988 879 1040; x_wconf 89' lang='lat' dir='ltr'><strong>ire</strong></span> <span class='ocrx_word' id='word_1_90' title='bbox 935 992 991 1039; x_wconf 89' lang='lat' dir='ltr'><strong>et</strong></span> <span class='ocrx_word' id='word_1_91' title='bbox 1033 1000 1355 1057; x_wconf 52' lang='lat' dir='ltr'><strong>praeparare</strong></span> <span class='ocrx_word' id='word_1_92' title='bbox 1404 1001 1465 1037; x_wconf 52' lang='grc' dir='ltr'>μ</span> <span class='ocrx_word' id='word_1_93' title='bbox 1532 983 1676 1037; x_wconf 82' lang='lat' dir='ltr'><strong>dicit</strong></span> <span class='ocrx_word' id='word_1_94' title='bbox 1730 982 2037 1054; x_wconf 75' lang='lat' dir='ltr'><strong>discipulis</strong></span> 
     </span>
    </p>
   </div>
   <div class='ocr_carea' id='block_1_14' title="bbox 394 1071 2034 1144">
    <p class='ocr_par' dir='ltr' id='par_1_14' title="bbox 394 1071 2034 1144">
     <span class='ocr_line' id='line_1_14' title="bbox 394 1071 2034 1144; baseline -0.006 -11"><span class='ocrx_word' id='word_1_95' title='bbox 394 1077 732 1135; x_wconf 76' lang='lat' dir='ltr'><strong>mansiones</strong></span> <span class='ocrx_word' id='word_1_96' title='bbox 768 1075 941 1143; x_wconf 46' lang='lat' dir='ltr'><strong>’Ihi&#39;l.,</strong></span> <span class='ocrx_word' id='word_1_97' title='bbox 974 1100 987 1139; x_wconf 82' lang='lat'><strong>;</strong></span> <span class='ocrx_word' id='word_1_98' title='bbox 1022 1079 1083 1127; x_wconf 83' lang='lat' dir='ltr'><strong>ut</strong></span> <span class='ocrx_word' id='word_1_99' title='bbox 1117 1091 1219 1144; x_wconf 87' lang='lat' dir='ltr'><strong>pro</strong></span> <span class='ocrx_word' id='word_1_100' title='bbox 1250 1088 1488 1126; x_wconf 67' lang='lat' dir='ltr'><strong>suorum</strong></span> <span class='ocrx_word' id='word_1_101' title='bbox 1522 1072 1741 1125; x_wconf 75' lang='lat' dir='ltr'><strong>ratione</strong></span> <span class='ocrx_word' id='word_1_102' title='bbox 1800 1071 2034 1125; x_wconf 82' lang='lat' dir='ltr'><strong>merito-</strong></span> 
     </span>
    </p>
   </div>
   <div class='ocr_carea' id='block_1_15' title="bbox 392 1158 2033 1237">
    <p class='ocr_par' dir='ltr' id='par_1_15' title="bbox 392 1158 2033 1237">
     <span class='ocr_line' id='line_1_15' title="bbox 392 1158 2033 1237; baseline -0.006 -14"><span class='ocrx_word' id='word_1_103' title='bbox 392 1184 521 1223; x_wconf 88' lang='lat' dir='ltr'><strong>rum</strong></span> <span class='ocrx_word' id='word_1_104' title='bbox 554 1163 1161 1237; x_wconf 74' lang='lat' dir='ltr'><strong>dignaunusquisquc</strong></span> <span class='ocrx_word' id='word_1_105' title='bbox 1186 1160 1941 1231; x_wconf 64' lang='lat' dir='ltr'><strong>haliitaculaconsequatur,</strong></span> <span class='ocrx_word' id='word_1_106' title='bbox 1973 1158 2033 1214; x_wconf 87' lang='lat' dir='ltr'><strong>in</strong></span> 
     </span>
    </p>
   </div>
   <div class='ocr_carea' id='block_1_16' title="bbox 394 1252 1639 1328">
    <p class='ocr_par' dir='ltr' id='par_1_16' title="bbox 394 1252 1639 1328">
     <span class='ocr_line' id='line_1_16' title="bbox 394 1252 1639 1328; baseline -0.008 -17"><span class='ocrx_word' id='word_1_107' title='bbox 394 1258 611 1328; x_wconf 76' lang='lat' dir='ltr'><strong>quibus</strong></span> <span class='ocrx_word' id='word_1_108' title='bbox 644 1252 899 1323; x_wconf 58' lang='lat' dir='ltr'><strong>requiem</strong></span> <span class='ocrx_word' id='word_1_109' title='bbox 930 1252 1083 1305; x_wconf 77' lang='lat' dir='ltr'><strong>illam</strong></span> <span class='ocrx_word' id='word_1_110' title='bbox 1118 1256 1315 1320; x_wconf 74' lang='lat' dir='ltr'><strong>carpat</strong></span> <span class='ocrx_word' id='word_1_111' title='bbox 1344 1256 1639 1302; x_wconf 66' lang='lat' dir='ltr'><strong>.rternam.</strong></span> 
     </span>
    </p>
   </div>
   <div class='ocr_carea' id='block_1_17' title="bbox 460 1337 2027 1409">
    <p class='ocr_par' dir='ltr' id='par_1_17' title="bbox 460 1337 2027 1409">
     <span class='ocr_line' id='line_1_17' title="bbox 460 1337 2027 1409; baseline -0.006 -10"><span class='ocrx_word' id='word_1_112' title='bbox 460 1344 719 1400; x_wconf 81' lang='lat' dir='ltr'><strong>2-i.Sunt</strong></span> <span class='ocrx_word' id='word_1_113' title='bbox 754 1342 927 1396; x_wconf 81' lang='lat' dir='ltr'><strong>etiam</strong></span> <span class='ocrx_word' id='word_1_114' title='bbox 962 1340 1233 1395; x_wconf 77' lang='lat' dir='ltr'><strong>sublzmia</strong></span> <span class='ocrx_word' id='word_1_115' title='bbox 1268 1344 1319 1391; x_wconf 83' lang='lat' dir='ltr'><strong>et</strong></span> <span class='ocrx_word' id='word_1_116' title='bbox 1350 1337 1465 1392; x_wconf 87' lang='lat' dir='ltr'><strong>alta</strong></span> <span class='ocrx_word' id='word_1_117' title='bbox 1500 1344 1802 1409; x_wconf 68' lang='lat' dir='ltr'><strong>praecepta,</strong></span> <span class='ocrx_word' id='word_1_118' title='bbox 1828 1338 1884 1391; x_wconf 90' lang='lat' dir='ltr'><strong>in</strong></span> <span class='ocrx_word' id='word_1_119' title='bbox 1930 1339 2027 1409; x_wconf 86' lang='lat' dir='ltr'><strong>qui</strong></span> 
     </span>
    </p>
   </div>
   <div class='ocr_carea' id='block_1_18' title="bbox 392 1427 2035 1502">
    <p class='ocr_par' dir='ltr' id='par_1_18' title="bbox 392 1427 2035 1502">
     <span class='ocr_line' id='line_1_18' title="bbox 392 1427 2035 1502; baseline -0.006 -11"><span class='ocrx_word' id='word_1_120' title='bbox 392 1434 506 1490; x_wconf 85' lang='lat' dir='ltr'><strong>bus</strong></span> <span class='ocrx_word' id='word_1_121' title='bbox 536 1439 671 1488; x_wconf 75' lang='lat' dir='ltr'><strong>sunt</strong></span> <span class='ocrx_word' id='word_1_122' title='bbox 697 1429 921 1486; x_wconf 83' lang='lat' dir='ltr'><strong>occulta</strong></span> <span class='ocrx_word' id='word_1_123' title='bbox 954 1430 1185 1502; x_wconf 77' lang='lat' dir='ltr'><strong>pietatis</strong></span> <span class='ocrx_word' id='word_1_124' title='bbox 1231 1428 1527 1498; x_wconf 63' lang='lat' dir='ltr'><strong>mysteria,</strong></span> <span class='ocrx_word' id='word_1_125' title='bbox 1576 1434 1631 1481; x_wconf 90' lang='lat' dir='ltr'><strong>et</strong></span> <span class='ocrx_word' id='word_1_126' title='bbox 1673 1427 2035 1481; x_wconf 83' lang='lat' dir='ltr'><strong>theoremata</strong></span> 
     </span>
    </p>
   </div>
   <div class='ocr_carea' id='block_1_19' title="bbox 390 1515 2031 1585">
    <p class='ocr_par' dir='ltr' id='par_1_19' title="bbox 390 1515 2031 1585">
     <span class='ocr_line' id='line_1_19' title="bbox 390 1515 2031 1585; baseline -0.007 -6"><span class='ocrx_word' id='word_1_127' title='bbox 390 1538 728 1579; x_wconf 83' lang='lat' dir='ltr'><strong>sermonum</strong></span> <span class='ocrx_word' id='word_1_128' title='bbox 760 1518 1105 1574; x_wconf 76' lang='lat' dir='ltr'><strong>cu:lestium.</strong></span> <span class='ocrx_word' id='word_1_129' title='bbox 1140 1516 1290 1575; x_wconf 70' lang='lat' dir='ltr'><strong>Hs-c,</strong></span> <span class='ocrx_word' id='word_1_130' title='bbox 1324 1517 1533 1585; x_wconf 77' lang='lat' dir='ltr'><strong>inquit,</strong></span> <span class='ocrx_word' id='word_1_131' title='bbox 1568 1515 1920 1575; x_wconf 73' lang='lat' dir='ltr'><strong>distribuite,</strong></span> <span class='ocrx_word' id='word_1_132' title='bbox 1975 1520 2031 1568; x_wconf 88' lang='lat' dir='ltr'><strong>et</strong></span> 
     </span>
    </p>
   </div>
   <div class='ocr_carea' id='block_1_20' title="bbox 390 1604 2031 1685">
    <p class='ocr_par' dir='ltr' id='par_1_20' title="bbox 390 1604 2031 1685">
     <span class='ocr_line' id='line_1_20' title="bbox 390 1604 2031 1685; baseline -0.007 -17"><span class='ocrx_word' id='word_1_133' title='bbox 390 1629 494 1685; x_wconf 87' lang='lat' dir='ltr'><strong>pro</strong></span> <span class='ocrx_word' id='word_1_134' title='bbox 524 1616 695 1681; x_wconf 79' lang='lat' dir='ltr'><strong>captu</strong></span> <span class='ocrx_word' id='word_1_135' title='bbox 732 1608 1197 1675; x_wconf 67' lang='lat' dir='ltr'><strong>uniuscujusque</strong></span> <span class='ocrx_word' id='word_1_136' title='bbox 1229 1605 1488 1669; x_wconf 73' lang='lat' dir='ltr'><strong>dividite,</strong></span> <span class='ocrx_word' id='word_1_137' title='bbox 1514 1611 1800 1673; x_wconf 70' lang='lat' dir='ltr'><strong>quantum</strong></span> <span class='ocrx_word' id='word_1_138' title='bbox 1850 1604 2031 1674; x_wconf 65' lang='lat' dir='ltr'><strong>possit</strong></span> 
     </span>
    </p>
   </div>
   <div class='ocr_carea' id='block_1_21' title="bbox 388 1692 2032 1771">
    <p class='ocr_par' dir='ltr' id='par_1_21' title="bbox 388 1692 2032 1771">
     <span class='ocr_line' id='line_1_21' title="bbox 388 1692 2032 1771; baseline -0.008 -16"><span class='ocrx_word' id='word_1_139' title='bbox 388 1700 796 1771; x_wconf 71' lang='lat' dir='ltr'><strong>unusquisque</strong></span> <span class='ocrx_word' id='word_1_140' title='bbox 824 1696 1055 1765; x_wconf 69' lang='lat' dir='ltr'><strong>ingenio</strong></span> <span class='ocrx_word' id='word_1_141' title='bbox 1080 1694 1317 1765; x_wconf 78' lang='lat' dir='ltr'><strong>proprio</strong></span> <span class='ocrx_word' id='word_1_142' title='bbox 1365 1692 1878 1763; x_wconf 67' lang='lat' dir='ltr'><strong>comprehendere.</strong></span> <span class='ocrx_word' id='word_1_143' title='bbox 1930 1692 2032 1745; x_wconf 75' lang='lat' dir='ltr'><strong>Nc-</strong></span> 
     </span>
    </p>
   </div>
   <div class='ocr_carea' id='block_1_22' title="bbox 386 1780 2025 1861">
    <p class='ocr_par' dir='ltr' id='par_1_22' title="bbox 386 1780 2025 1861">
     <span class='ocr_line' id='line_1_22' title="bbox 386 1780 2025 1861; baseline -0.008 -16"><span class='ocrx_word' id='word_1_144' title='bbox 386 1806 499 1861; x_wconf 87' lang='lat' dir='ltr'><strong>que</strong></span> <span class='ocrx_word' id='word_1_145' title='bbox 520 1790 675 1843; x_wconf 90' lang='lat' dir='ltr'><strong>enim</strong></span> <span class='ocrx_word' id='word_1_146' title='bbox 704 1786 978 1839; x_wconf 80' lang='lat' dir='ltr'><strong>omnibus</strong></span> <span class='ocrx_word' id='word_1_147' title='bbox 1011 1782 1225 1837; x_wconf 81' lang='lat' dir='ltr'><strong>Paulus</strong></span> <span class='ocrx_word' id='word_1_148' title='bbox 1254 1782 1456 1834; x_wconf 86' lang='lat' dir='ltr'><strong>eadem</strong></span> <span class='ocrx_word' id='word_1_149' title='bbox 1489 1781 1845 1852; x_wconf 79' lang='lat' dir='ltr'><strong>disputabat.</strong></span> <span class='ocrx_word' id='word_1_150' title='bbox 1880 1780 2025 1833; x_wconf 78' lang='lat' dir='ltr'><strong>Aliis</strong></span> 
     </span>
    </p>
   </div>
   <div class='ocr_carea' id='block_1_23' title="bbox 392 1868 2030 1949">
    <p class='ocr_par' dir='ltr' id='par_1_23' title="bbox 392 1868 2030 1949">
     <span class='ocr_line' id='line_1_23' title="bbox 392 1868 2030 1949; baseline -0.006 -15"><span class='ocrx_word' id='word_1_151' title='bbox 392 1876 537 1934; x_wconf 85' lang='lat' dir='ltr'><strong>nihil</strong></span> <span class='ocrx_word' id='word_1_152' title='bbox 588 1874 939 1949; x_wconf 72' lang='lat' dir='ltr'><strong>prazdicabat</strong></span> <span class='ocrx_word' id='word_1_153' title='bbox 988 1872 1095 1925; x_wconf 76' lang='lat' dir='ltr'><strong>nisi</strong></span> <span class='ocrx_word' id='word_1_154' title='bbox 1138 1870 1435 1924; x_wconf 79' lang='lat' dir='ltr'><strong>Christum</strong></span> <span class='ocrx_word' id='word_1_155' title='bbox 1489 1869 1719 1933; x_wconf 82' lang='lat' dir='ltr'><strong>.lcsum,</strong></span> <span class='ocrx_word' id='word_1_156' title='bbox 1771 1873 1827 1923; x_wconf 88' lang='lat' dir='ltr'><strong>et</strong></span> <span class='ocrx_word' id='word_1_157' title='bbox 1871 1868 2030 1924; x_wconf 88' lang='lat' dir='ltr'><strong>hunc</strong></span> 
     </span>
    </p>
   </div>
   <div class='ocr_carea' id='block_1_24' title="bbox 386 1957 2028 2031">
    <p class='ocr_par' dir='ltr' id='par_1_24' title="bbox 386 1957 2028 2031">
     <span class='ocr_line' id='line_1_24' title="bbox 386 1957 2028 2031; baseline -0.009 -8"><span class='ocrx_word' id='word_1_158' title='bbox 386 1967 755 2031; x_wconf 81' lang='lat' dir='ltr'><strong>cruciﬁxum,</strong></span> <span class='ocrx_word' id='word_1_159' title='bbox 803 1979 917 2016; x_wconf 89' lang='lat' dir='ltr'><strong>non</strong></span> <span class='ocrx_word' id='word_1_160' title='bbox 966 1961 1021 2015; x_wconf 89' lang='lat' dir='ltr'><strong>in</strong></span> <span class='ocrx_word' id='word_1_161' title='bbox 1076 1959 1455 2030; x_wconf 79' lang='lat' dir='ltr'><strong>persuasione</strong></span> <span class='ocrx_word' id='word_1_162' title='bbox 1501 1957 1804 2029; x_wconf 72' lang='lat' dir='ltr'><strong>sapientia:</strong></span> <span class='ocrx_word' id='word_1_163' title='bbox 1846 1958 2028 2025; x_wconf 83' lang='lat' dir='ltr'><strong>verbi,</strong></span> 
     </span>
    </p>
   </div>
   <div class='ocr_carea' id='block_1_25' title="bbox 387 2046 2036 2120">
    <p class='ocr_par' dir='ltr' id='par_1_25' title="bbox 387 2046 2036 2120">
     <span class='ocr_line' id='line_1_25' title="bbox 387 2046 2036 2120; baseline -0.009 -6"><span class='ocrx_word' id='word_1_164' title='bbox 387 2055 487 2114; x_wconf 84' lang='lat' dir='ltr'><strong>sed</strong></span> <span class='ocrx_word' id='word_1_165' title='bbox 521 2056 581 2111; x_wconf 89' lang='lat' dir='ltr'><strong>in</strong></span> <span class='ocrx_word' id='word_1_166' title='bbox 629 2052 965 2109; x_wconf 83' lang='lat' dir='ltr'><strong>ostensione</strong></span> <span class='ocrx_word' id='word_1_167' title='bbox 1020 2047 1265 2120; x_wconf 85' lang='lat' dir='ltr'><strong>spiritus</strong></span> <span class='ocrx_word' id='word_1_168' title='bbox 1323 2051 1498 2117; x_wconf 85' lang='lat' dir='ltr'><strong>atque</strong></span> <span class='ocrx_word' id='word_1_169' title='bbox 1554 2046 1822 2110; x_wconf 88' lang='lat' dir='ltr'><strong>virtutis;</strong></span> <span class='ocrx_word' id='word_1_170' title='bbox 1882 2046 2036 2101; x_wconf 89' lang='lat' dir='ltr'><strong>inter</strong></span> 
     </span>
    </p>
   </div>
   <div class='ocr_carea' id='block_1_26' title="bbox 386 2134 2028 2219">
    <p class='ocr_par' dir='ltr' id='par_1_26' title="bbox 386 2134 2028 2219">
     <span class='ocr_line' id='line_1_26' title="bbox 386 2134 2028 2219; baseline -0.008 -17"><span class='ocrx_word' id='word_1_171' title='bbox 386 2144 671 2219; x_wconf 78' lang='lat' dir='ltr'><strong>perfectus</strong></span> <span class='ocrx_word' id='word_1_172' title='bbox 692 2146 885 2198; x_wconf 86' lang='lat' dir='ltr'><strong>autem</strong></span> <span class='ocrx_word' id='word_1_173' title='bbox 920 2136 1269 2209; x_wconf 73' lang='lat' dir='ltr'><strong>sapientiam</strong></span> <span class='ocrx_word' id='word_1_174' title='bbox 1300 2134 1675 2207; x_wconf 80' lang='lat' dir='ltr'><strong>loquebatur,</strong></span> <span class='ocrx_word' id='word_1_175' title='bbox 1720 2134 1863 2206; x_wconf 86' lang='lat' dir='ltr'><strong>quia</strong></span> <span class='ocrx_word' id='word_1_176' title='bbox 1912 2152 2028 2189; x_wconf 91' lang='lat' dir='ltr'><strong>non</strong></span> 
     </span>
    </p>
   </div>
   <div class='ocr_carea' id='block_1_27' title="bbox 460 2293 2033 2371">
    <p class='ocr_par' dir='ltr' id='par_1_27' title="bbox 460 2293 2033 2371">
     <span class='ocr_line' id='line_1_27' title="bbox 460 2293 2033 2371; baseline -0.006 -13"><span class='ocrx_word' id='word_1_177' title='bbox 460 2302 572 2371; x_wconf 79' lang='lat' dir='ltr'><strong>(ll)</strong></span> <span class='ocrx_word' id='word_1_178' title='bbox 640 2301 803 2356; x_wconf 73' lang='lat' dir='ltr'><strong>Eum.</strong></span> <span class='ocrx_word' id='word_1_179' title='bbox 868 2297 1034 2361; x_wconf 90' lang='lat' dir='ltr'><strong>edit.,</strong></span> <span class='ocrx_word' id='word_1_180' title='bbox 1086 2296 1221 2371; x_wconf 78' lang='lat' dir='ltr'><strong>Num</strong></span> <span class='ocrx_word' id='word_1_181' title='bbox 1269 2295 1485 2371; x_wconf 67' lang='lat' dir='ltr'><strong>quibat,</strong></span> <span class='ocrx_word' id='word_1_182' title='bbox 1533 2293 1672 2349; x_wconf 67' lang='lat' dir='ltr'><strong>Aliae</strong></span> <span class='ocrx_word' id='word_1_183' title='bbox 1729 2299 1925 2349; x_wconf 87' lang='lat' dir='ltr'><strong>autem</strong></span> <span class='ocrx_word' id='word_1_184' title='bbox 1973 2299 2033 2350; x_wconf 89' lang='lat' dir='ltr'><strong>et</strong></span> 
     </span>
    </p>
   </div>
   <div class='ocr_carea' id='block_1_28' title="bbox 386 2367 2033 2437">
    <p class='ocr_par' dir='ltr' id='par_1_28' title="bbox 386 2367 2033 2437">
     <span class='ocr_line' id='line_1_28' title="bbox 386 2367 2033 2437; baseline -0.006 -6"><span class='ocrx_word' id='word_1_185' title='bbox 386 2390 532 2431; x_wconf 81' lang='lat' dir='ltr'><strong>mss.</strong></span> <span class='ocrx_word' id='word_1_186' title='bbox 557 2367 793 2432; x_wconf 84' lang='lat' dir='ltr'><strong>omnes.</strong></span> <span class='ocrx_word' id='word_1_187' title='bbox 821 2387 931 2425; x_wconf 84' lang='lat' dir='ltr'><strong>non</strong></span> <span class='ocrx_word' id='word_1_188' title='bbox 961 2369 1232 2437; x_wconf 71' lang='lat' dir='ltr'><strong>capiebat,</strong></span> <span class='ocrx_word' id='word_1_189' title='bbox 1264 2367 1322 2420; x_wconf 88' lang='lat' dir='ltr'><strong>id</strong></span> <span class='ocrx_word' id='word_1_190' title='bbox 1353 2378 1464 2430; x_wconf 84' lang='lat' dir='ltr'><strong>est,</strong></span> <span class='ocrx_word' id='word_1_191' title='bbox 1494 2381 1678 2437; x_wconf 81' lang='lat' dir='ltr'><strong>capax</strong></span> <span class='ocrx_word' id='word_1_192' title='bbox 1734 2383 1851 2421; x_wconf 89' lang='lat' dir='ltr'><strong>non</strong></span> <span class='ocrx_word' id='word_1_193' title='bbox 1907 2371 2033 2421; x_wconf 87' lang='lat' dir='ltr'><strong>erat</strong></span> 
     </span>
    </p>
   </div>
   <div class='ocr_carea' id='block_1_29' title="bbox 387 2437 2030 2517">
    <p class='ocr_par' dir='ltr' id='par_1_29' title="bbox 387 2437 2030 2517">
     <span class='ocr_line' id='line_1_29' title="bbox 387 2437 2030 2517; baseline -0.006 -14"><span class='ocrx_word' id='word_1_194' title='bbox 387 2447 587 2517; x_wconf 88' lang='lat' dir='ltr'><strong>Itaque</strong></span> <span class='ocrx_word' id='word_1_195' title='bbox 615 2443 709 2498; x_wconf 89' lang='lat' dir='ltr'><strong>hic</strong></span> <span class='ocrx_word' id='word_1_196' title='bbox 738 2448 796 2497; x_wconf 90' lang='lat' dir='ltr'><strong>et</strong></span> <span class='ocrx_word' id='word_1_197' title='bbox 823 2441 884 2496; x_wconf 91' lang='lat' dir='ltr'><strong>in</strong></span> <span class='ocrx_word' id='word_1_198' title='bbox 916 2437 1122 2496; x_wconf 81' lang='lat' dir='ltr'><strong>multis</strong></span> <span class='ocrx_word' id='word_1_199' title='bbox 1151 2437 1285 2494; x_wconf 85' lang='lat' dir='ltr'><strong>aliis</strong></span> <span class='ocrx_word' id='word_1_200' title='bbox 1307 2438 1447 2493; x_wconf 85' lang='lat' dir='ltr'><strong>locis</strong></span> <span class='ocrx_word' id='word_1_201' title='bbox 1477 2438 2030 2494; x_wconf 77' lang='lat' dir='ltr'><strong>Ambrosiiseusum</strong></span> 
     </span>
    </p>
   </div>
   <div class='ocr_carea' id='block_1_30' title="bbox 2142 893 3743 967">
    <p class='ocr_par' dir='ltr' id='par_1_30' title="bbox 2142 893 3743 967">
     <span class='ocr_line' id='line_1_30' title="bbox 2142 893 3743 967; baseline 0 -18"><span class='ocrx_word' id='word_1_202' title='bbox 2142 894 2289 950; x_wconf 80' lang='lat' dir='ltr'><strong>foret</strong></span> <span class='ocrx_word' id='word_1_203' title='bbox 2312 894 2524 949; x_wconf 84' lang='lat' dir='ltr'><strong>virtute</strong></span> <span class='ocrx_word' id='word_1_204' title='bbox 2553 894 2884 967; x_wconf 72' lang='lat' dir='ltr'><strong>perfectior,</strong></span> <span class='ocrx_word' id='word_1_205' title='bbox 2924 895 3206 967; x_wconf 87' lang='lat' dir='ltr'><strong>quoniam</strong></span> <span class='ocrx_word' id='word_1_206' title='bbox 3258 893 3557 967; x_wconf 75' lang='lat' dir='ltr'><strong>generatio</strong></span> <span class='ocrx_word' id='word_1_207' title='bbox 3600 911 3743 967; x_wconf 83' lang='lat' dir='ltr'><strong>supe-</strong></span> 
     </span>
    </p>
   </div>
   <div class='ocr_carea' id='block_1_31' title="bbox 2144 981 3749 1055">
    <p class='ocr_par' dir='ltr' id='par_1_31' title="bbox 2144 981 3749 1055">
     <span class='ocr_line' id='line_1_31' title="bbox 2144 981 3749 1055; baseline -0.001 -17"><span class='ocrx_word' id='word_1_208' title='bbox 2144 984 2261 1038; x_wconf 86' lang='lat' dir='ltr'><strong>rior</strong></span> <span class='ocrx_word' id='word_1_209' title='bbox 2290 1000 2393 1054; x_wconf 88' lang='lat' dir='ltr'><strong>per</strong></span> <span class='ocrx_word' id='word_1_210' title='bbox 2420 983 2820 1038; x_wconf 84' lang='lat' dir='ltr'><strong>inﬁrmitatem</strong></span> <span class='ocrx_word' id='word_1_211' title='bbox 2856 983 3015 1048; x_wconf 88' lang='lat' dir='ltr'><strong>ﬁdei,</strong></span> <span class='ocrx_word' id='word_1_212' title='bbox 3045 983 3310 1055; x_wconf 66' lang='lat' dir='ltr'><strong>perfecte</strong></span> <span class='ocrx_word' id='word_1_213' title='bbox 3342 981 3634 1054; x_wconf 70' lang='lat' dir='ltr'><strong>sapientia</strong></span> <span class='ocrx_word' id='word_1_214' title='bbox 3671 1000 3749 1037; x_wconf 82' lang='lat' dir='ltr'><strong>cu-</strong></span> 
     </span>
    </p>
   </div>
   <div class='ocr_carea' id='block_1_32' title="bbox 2142 1070 3746 1144">
    <p class='ocr_par' dir='ltr' id='par_1_32' title="bbox 2142 1070 3746 1144">
     <span class='ocr_line' id='line_1_32' title="bbox 2142 1070 3746 1144; baseline 0 -18"><span class='ocrx_word' id='word_1_215' title='bbox 2142 1087 2421 1144; x_wconf 79' lang='lat' dir='ltr'><strong>guoscere</strong></span> <span class='ocrx_word' id='word_1_216' title='bbox 2452 1075 2818 1126; x_wconf 78' lang='lat' dir='ltr'><strong>sacramenta</strong></span> <span class='ocrx_word' id='word_1_217' title='bbox 2848 1088 2964 1125; x_wconf 91' lang='lat' dir='ltr'><strong>non</strong></span> <span class='ocrx_word' id='word_1_218' title='bbox 2995 1071 3207 1143; x_wconf 87' lang='lat' dir='ltr'><strong>potuit.</strong></span> <span class='ocrx_word' id='word_1_219' title='bbox 3267 1072 3335 1125; x_wconf 79' lang='lat' dir='ltr'><strong>Et</strong></span> <span class='ocrx_word' id='word_1_220' title='bbox 3380 1070 3513 1126; x_wconf 85' lang='lat' dir='ltr'><strong>ideo</strong></span> <span class='ocrx_word' id='word_1_221' title='bbox 3554 1071 3746 1144; x_wconf 85' lang='lat' dir='ltr'><strong>signum</strong></span> 
     </span>
    </p>
   </div>
   <div class='ocr_carea' id='block_1_33' title="bbox 2140 1159 3747 1232">
    <p class='ocr_par' dir='ltr' id='par_1_33' title="bbox 2140 1159 3747 1232">
     <span class='ocr_line' id='line_1_33' title="bbox 2140 1159 3747 1232; baseline 0 -17"><span class='ocrx_word' id='word_1_222' title='bbox 2140 1162 2457 1232; x_wconf 54' lang='lat' dir='ltr'><strong>querebat,</strong></span> <span class='ocrx_word' id='word_1_223' title='bbox 2487 1161 2789 1215; x_wconf 81' lang='lat' dir='ltr'><strong>veritatem</strong></span> <span class='ocrx_word' id='word_1_224' title='bbox 2818 1160 3209 1232; x_wconf 73' lang='lat' dir='ltr'><strong>repudiabat;</strong></span> <span class='ocrx_word' id='word_1_225' title='bbox 3240 1176 3377 1215; x_wconf 88' lang='lat' dir='ltr'><strong>cum</strong></span> <span class='ocrx_word' id='word_1_226' title='bbox 3409 1159 3609 1231; x_wconf 82' lang='lat' dir='ltr'><strong>utique</strong></span> <span class='ocrx_word' id='word_1_227' title='bbox 3655 1177 3747 1216; x_wconf 88' lang='lat' dir='ltr'><strong>non</strong></span> 
     </span>
    </p>
   </div>
   <div class='ocr_carea' id='block_1_34' title="bbox 2140 1248 3747 1323">
    <p class='ocr_par' dir='ltr' id='par_1_34' title="bbox 2140 1248 3747 1323">
     <span class='ocr_line' id='line_1_34' title="bbox 2140 1248 3747 1323; baseline 0.002 -22"><span class='ocrx_word' id='word_1_228' title='bbox 2140 1252 2351 1305; x_wconf 80' lang='lat' dir='ltr'><strong>veritas</strong></span> <span class='ocrx_word' id='word_1_229' title='bbox 2382 1249 2559 1322; x_wconf 79' lang='lat' dir='ltr'><strong>signi.</strong></span> <span class='ocrx_word' id='word_1_230' title='bbox 2591 1250 2691 1305; x_wconf 88' lang='lat' dir='ltr'><strong>sed</strong></span> <span class='ocrx_word' id='word_1_231' title='bbox 2724 1250 2961 1323; x_wconf 81' lang='lat' dir='ltr'><strong>signum</strong></span> <span class='ocrx_word' id='word_1_232' title='bbox 3017 1249 3283 1305; x_wconf 78' lang='lat' dir='ltr'><strong>veritatis</strong></span> <span class='ocrx_word' id='word_1_233' title='bbox 3341 1248 3439 1303; x_wconf 85' lang='lat' dir='ltr'><strong>sit.</strong></span> <span class='ocrx_word' id='word_1_234' title='bbox 3491 1248 3640 1305; x_wconf 76' lang='lat' dir='ltr'><strong>Unde</strong></span> <span class='ocrx_word' id='word_1_235' title='bbox 3678 1266 3747 1305; x_wconf 85' lang='lat' dir='ltr'><strong>re-</strong></span> 
     </span>
    </p>
   </div>
   <div class='ocr_carea' id='block_1_35' title="bbox 2142 1337 3749 1410">
    <p class='ocr_par' dir='ltr' id='par_1_35' title="bbox 2142 1337 3749 1410">
     <span class='ocr_line' id='line_1_35' title="bbox 2142 1337 3749 1410; baseline 0 -18"><span class='ocrx_word' id='word_1_236' title='bbox 2142 1339 2377 1410; x_wconf 84' lang='lat' dir='ltr'><strong>spondit</strong></span> <span class='ocrx_word' id='word_1_237' title='bbox 2407 1340 2456 1393; x_wconf 88' lang='lat' dir='ltr'><strong>ei</strong></span> <span class='ocrx_word' id='word_1_238' title='bbox 2490 1338 2814 1404; x_wconf 82' lang='lat' dir='ltr'><strong>Dominus;</strong></span> <span class='ocrx_word' id='word_1_239' title='bbox 2854 1358 2875 1383; x_wconf 73' lang='grc' dir='ltr'><strong><em>ο</em></strong></span> <span class='ocrx_word' id='word_1_240' title='bbox 2911 1337 3221 1393; x_wconf 86' lang='lat' dir='ltr'><strong>Generatio</strong></span> <span class='ocrx_word' id='word_1_241' title='bbox 3251 1354 3512 1409; x_wconf 78' lang='lat' dir='ltr'><strong>nequam</strong></span> <span class='ocrx_word' id='word_1_242' title='bbox 3542 1337 3749 1392; x_wconf 83' lang='lat' dir='ltr'><strong>etadul-</strong></span> 
     </span>
    </p>
   </div>
   <div class='ocr_carea' id='block_1_36' title="bbox 2139 1425 3749 1500">
    <p class='ocr_par' dir='ltr' id='par_1_36' title="bbox 2139 1425 3749 1500">
     <span class='ocr_line' id='line_1_36' title="bbox 2139 1425 3749 1500; baseline 0 -19"><span class='ocrx_word' id='word_1_243' title='bbox 2139 1432 2265 1481; x_wconf 86' lang='lat' dir='ltr'><strong>tera</strong></span> <span class='ocrx_word' id='word_1_244' title='bbox 2318 1428 2557 1499; x_wconf 72' lang='lat' dir='ltr'><strong>signum</strong></span> <span class='ocrx_word' id='word_1_245' title='bbox 2614 1428 2846 1499; x_wconf 71' lang='lat' dir='ltr'><strong>quaerit,</strong></span> <span class='ocrx_word' id='word_1_246' title='bbox 2902 1432 2960 1482; x_wconf 89' lang='lat' dir='ltr'><strong>et</strong></span> <span class='ocrx_word' id='word_1_247' title='bbox 3044 1426 3283 1499; x_wconf 83' lang='lat' dir='ltr'><strong>signum</strong></span> <span class='ocrx_word' id='word_1_248' title='bbox 3370 1442 3489 1481; x_wconf 89' lang='lat' dir='ltr'><strong>non</strong></span> <span class='ocrx_word' id='word_1_249' title='bbox 3554 1425 3749 1500; x_wconf 82' lang='lat' dir='ltr'><strong>dabitur</strong></span> 
     </span>
    </p>
   </div>
   <div class='ocr_carea' id='block_1_37' title="bbox 2139 1515 3742 1588">
    <p class='ocr_par' dir='ltr' id='par_1_37' title="bbox 2139 1515 3742 1588">
     <span class='ocr_line' id='line_1_37' title="bbox 2139 1515 3742 1588; baseline -0.001 -18"><span class='ocrx_word' id='word_1_250' title='bbox 2139 1517 2214 1581; x_wconf 90' lang='lat' dir='ltr'><strong>ei,</strong></span> <span class='ocrx_word' id='word_1_251' title='bbox 2249 1516 2359 1569; x_wconf 81' lang='lat' dir='ltr'><strong>nisi</strong></span> <span class='ocrx_word' id='word_1_252' title='bbox 2387 1515 2552 1569; x_wconf 63' lang='lat' dir='ltr'><strong>Iona!</strong></span> <span class='ocrx_word' id='word_1_253' title='bbox 2608 1515 2902 1588; x_wconf 55' lang='lat' dir='ltr'><strong>prophetae</strong></span> <span class='ocrx_word' id='word_1_254' title='bbox 2950 1515 3160 1587; x_wconf 61' lang='lat'><strong>(1‘.</strong></span> <span class='ocrx_word' id='word_1_255' title='bbox 3194 1532 3297 1575; x_wconf 77' lang='lat' dir='ltr'><strong>xu.</strong></span> <span class='ocrx_word' id='word_1_256' title='bbox 3327 1515 3447 1582; x_wconf 86' lang='lat'><strong>39).</strong></span> <span class='ocrx_word' id='word_1_257' title='bbox 3484 1536 3517 1562; x_wconf 72' lang='grc' dir='ltr'><strong>ι</strong></span> <span class='ocrx_word' id='word_1_258' title='bbox 3563 1515 3640 1570; x_wconf 80' lang='lat' dir='ltr'><strong>Ad</strong></span> <span class='ocrx_word' id='word_1_259' title='bbox 3668 1532 3742 1569; x_wconf 87' lang='lat' dir='ltr'><strong>ar-</strong></span> 
     </span>
    </p>
   </div>
   <div class='ocr_carea' id='block_1_38' title="bbox 2138 1602 3748 1677">
    <p class='ocr_par' dir='ltr' id='par_1_38' title="bbox 2138 1602 3748 1677">
     <span class='ocr_line' id='line_1_38' title="bbox 2138 1602 3748 1677; baseline -0.001 -18"><span class='ocrx_word' id='word_1_260' title='bbox 2138 1605 2432 1675; x_wconf 80' lang='lat' dir='ltr'><strong>guendam</strong></span> <span class='ocrx_word' id='word_1_261' title='bbox 2466 1604 2659 1675; x_wconf 84' lang='lat' dir='ltr'><strong>itaque</strong></span> <span class='ocrx_word' id='word_1_262' title='bbox 2691 1604 2995 1677; x_wconf 84' lang='lat' dir='ltr'><strong>perﬁdiam</strong></span> <span class='ocrx_word' id='word_1_263' title='bbox 3024 1603 3391 1669; x_wconf 70' lang='lat' dir='ltr'><strong>Iudaeorum,</strong></span> <span class='ocrx_word' id='word_1_264' title='bbox 3412 1602 3572 1659; x_wconf 68' lang='lat' dir='ltr'><strong>June</strong></span> <span class='ocrx_word' id='word_1_265' title='bbox 3592 1619 3748 1659; x_wconf 81' lang='lat' dir='ltr'><strong>exem-</strong></span> 
     </span>
    </p>
   </div>
   <div class='ocr_carea' id='block_1_39' title="bbox 2141 1691 3749 1764">
    <p class='ocr_par' dir='ltr' id='par_1_39' title="bbox 2141 1691 3749 1764">
     <span class='ocr_line' id='line_1_39' title="bbox 2141 1691 3749 1764; baseline 0.001 -19"><span class='ocrx_word' id='word_1_266' title='bbox 2141 1692 2304 1764; x_wconf 90' lang='lat' dir='ltr'><strong>plum</strong></span> <span class='ocrx_word' id='word_1_267' title='bbox 2332 1693 2680 1757; x_wconf 79' lang='lat' dir='ltr'><strong>accersitur;</strong></span> <span class='ocrx_word' id='word_1_268' title='bbox 2708 1708 2776 1747; x_wconf 88' lang='lat' dir='ltr'><strong>eo</strong></span> <span class='ocrx_word' id='word_1_269' title='bbox 2806 1692 2960 1763; x_wconf 91' lang='lat' dir='ltr'><strong>quod</strong></span> <span class='ocrx_word' id='word_1_270' title='bbox 2992 1691 3255 1747; x_wconf 71' lang='lat' dir='ltr'><strong>Ninivitae</strong></span> <span class='ocrx_word' id='word_1_271' title='bbox 3287 1691 3459 1764; x_wconf 84' lang='lat' dir='ltr'><strong>signo</strong></span> <span class='ocrx_word' id='word_1_272' title='bbox 3520 1692 3749 1747; x_wconf 82' lang='lat' dir='ltr'><strong>credide-</strong></span> 
     </span>
    </p>
   </div>
   <div class='ocr_carea' id='block_1_40' title="bbox 2142 1779 3749 1853">
    <p class='ocr_par' dir='ltr' id='par_1_40' title="bbox 2142 1779 3749 1853">
     <span class='ocr_line' id='line_1_40' title="bbox 2142 1779 3749 1853; baseline -0.001 -18"><span class='ocrx_word' id='word_1_273' title='bbox 2142 1786 2299 1851; x_wconf 90' lang='lat' dir='ltr'><strong>runt,</strong></span> <span class='ocrx_word' id='word_1_274' title='bbox 2330 1786 2385 1836; x_wconf 90' lang='lat' dir='ltr'><strong>et</strong></span> <span class='ocrx_word' id='word_1_275' title='bbox 2416 1780 2888 1853; x_wconf 71' lang='lat' dir='ltr'><strong>praedicationem</strong></span> <span class='ocrx_word' id='word_1_276' title='bbox 2940 1780 3101 1836; x_wconf 66' lang='lat' dir='ltr'><strong>June</strong></span> <span class='ocrx_word' id='word_1_277' title='bbox 3129 1780 3228 1852; x_wconf 92' lang='lat' dir='ltr'><strong>qui</strong></span> <span class='ocrx_word' id='word_1_278' title='bbox 3290 1781 3483 1836; x_wconf 80' lang='lat' dir='ltr'><strong>fuerat</strong></span> <span class='ocrx_word' id='word_1_279' title='bbox 3532 1779 3584 1834; x_wconf 89' lang='lat' dir='ltr'><strong>in</strong></span> <span class='ocrx_word' id='word_1_280' title='bbox 3612 1784 3749 1835; x_wconf 87' lang='lat' dir='ltr'><strong>utero</strong></span> 
     </span>
    </p>
   </div>
   <div class='ocr_carea' id='block_1_41' title="bbox 2141 1869 3753 1943">
    <p class='ocr_par' dir='ltr' id='par_1_41' title="bbox 2141 1869 3753 1943">
     <span class='ocr_line' id='line_1_41' title="bbox 2141 1869 3753 1943; baseline -0.002 -18"><span class='ocrx_word' id='word_1_281' title='bbox 2141 1871 2272 1937; x_wconf 89' lang='lat' dir='ltr'><strong>ceti,</strong></span> <span class='ocrx_word' id='word_1_282' title='bbox 2306 1870 2667 1942; x_wconf 81' lang='lat' dir='ltr'><strong>sequendam</strong></span> <span class='ocrx_word' id='word_1_283' title='bbox 2698 1874 3017 1943; x_wconf 84' lang='lat' dir='ltr'><strong>putarunt:</strong></span> <span class='ocrx_word' id='word_1_284' title='bbox 3045 1869 3232 1925; x_wconf 65' lang='lat' dir='ltr'><strong>Judaei</strong></span> <span class='ocrx_word' id='word_1_285' title='bbox 3264 1874 3461 1925; x_wconf 86' lang='lat' dir='ltr'><strong>autem</strong></span> <span class='ocrx_word' id='word_1_286' title='bbox 3496 1885 3594 1924; x_wconf 85' lang='lat' dir='ltr'><strong>nec</strong></span> <span class='ocrx_word' id='word_1_287' title='bbox 3640 1872 3753 1941; x_wconf 83' lang='lat' dir='ltr'><strong>post</strong></span> 
     </span>
    </p>
   </div>
   <div class='ocr_carea' id='block_1_42' title="bbox 2144 1956 3750 2029">
    <p class='ocr_par' dir='ltr' id='par_1_42' title="bbox 2144 1956 3750 2029">
     <span class='ocr_line' id='line_1_42' title="bbox 2144 1956 3750 2029; baseline -0.002 -15"><span class='ocrx_word' id='word_1_288' title='bbox 2144 1960 2631 2015; x_wconf 87' lang='lat' dir='ltr'><strong>resurrectionem</strong></span> <span class='ocrx_word' id='word_1_289' title='bbox 2661 1958 2893 2015; x_wconf 90' lang='lat' dir='ltr'><strong>Domini</strong></span> <span class='ocrx_word' id='word_1_290' title='bbox 2922 1958 3063 2014; x_wconf 82' lang='lat' dir='ltr'><strong>Jesu</strong></span> <span class='ocrx_word' id='word_1_291' title='bbox 3112 1958 3515 2024; x_wconf 86' lang='lat' dir='ltr'><strong>crediderunt,</strong></span> <span class='ocrx_word' id='word_1_292' title='bbox 3562 1956 3655 2029; x_wconf 88' lang='lat' dir='ltr'><strong>qui</strong></span> <span class='ocrx_word' id='word_1_293' title='bbox 3692 1956 3750 2012; x_wconf 80' lang='lat' dir='ltr'><strong>de</strong></span> 
     </span>
    </p>
   </div>
   <div class='ocr_carea' id='block_1_43' title="bbox 2140 2045 3745 2120">
    <p class='ocr_par' dir='ltr' id='par_1_43' title="bbox 2140 2045 3745 2120">
     <span class='ocr_line' id='line_1_43' title="bbox 2140 2045 3745 2120; baseline -0.002 -17"><span class='ocrx_word' id='word_1_294' title='bbox 2140 2048 2314 2104; x_wconf 84' lang='lat' dir='ltr'><strong>corde</strong></span> <span class='ocrx_word' id='word_1_295' title='bbox 2343 2053 2510 2103; x_wconf 77' lang='lat' dir='ltr'><strong>terra:</strong></span> <span class='ocrx_word' id='word_1_296' title='bbox 2539 2051 2672 2120; x_wconf 90' lang='lat' dir='ltr'><strong>post</strong></span> <span class='ocrx_word' id='word_1_297' title='bbox 2716 2048 2981 2103; x_wconf 90' lang='lat' dir='ltr'><strong>triduum</strong></span> <span class='ocrx_word' id='word_1_298' title='bbox 3026 2046 3364 2113; x_wconf 80' lang='lat' dir='ltr'><strong>resurrexit,</strong></span> <span class='ocrx_word' id='word_1_299' title='bbox 3420 2049 3481 2102; x_wconf 89' lang='lat' dir='ltr'><strong>et</strong></span> <span class='ocrx_word' id='word_1_300' title='bbox 3526 2045 3654 2101; x_wconf 87' lang='lat' dir='ltr'><strong>vivit</strong></span> <span class='ocrx_word' id='word_1_301' title='bbox 3691 2061 3745 2100; x_wconf 80' lang='lat' dir='ltr'><strong>ac</strong></span> 
     </span>
    </p>
   </div>
   <div class='ocr_carea' id='block_1_44' title="bbox 2140 2133 3195 2209">
    <p class='ocr_par' dir='ltr' id='par_1_44' title="bbox 2140 2133 3195 2209">
     <span class='ocr_line' id='line_1_44' title="bbox 2140 2133 3195 2209; baseline -0.003 -16"><span class='ocrx_word' id='word_1_302' title='bbox 2140 2142 2349 2209; x_wconf 79' lang='lat' dir='ltr'><strong>regnat</strong></span> <span class='ocrx_word' id='word_1_303' title='bbox 2376 2153 2480 2209; x_wconf 90' lang='lat' dir='ltr'><strong>per</strong></span> <span class='ocrx_word' id='word_1_304' title='bbox 2505 2136 2705 2192; x_wconf 89' lang='lat' dir='ltr'><strong>omnia</strong></span> <span class='ocrx_word' id='word_1_305' title='bbox 2724 2133 2960 2192; x_wconf 71' lang='lat' dir='ltr'><strong>saecula.</strong></span> <span class='ocrx_word' id='word_1_306' title='bbox 2989 2137 3195 2191; x_wconf 77' lang='lat' dir='ltr'><strong>Amen.</strong></span> 
     </span>
    </p>
   </div>
   <div class='ocr_carea' id='block_1_45' title="bbox 2140 2294 3749 2370">
    <p class='ocr_par' dir='ltr' id='par_1_45' title="bbox 2140 2294 3749 2370">
     <span class='ocr_line' id='line_1_45' title="bbox 2140 2294 3749 2370; baseline -0.002 -18"><span class='ocrx_word' id='word_1_307' title='bbox 2140 2296 2201 2353; x_wconf 89' lang='lat' dir='ltr'><strong>in</strong></span> <span class='ocrx_word' id='word_1_308' title='bbox 2224 2295 2393 2370; x_wconf 63' lang='lat' dir='ltr'><strong>ltum.</strong></span> <span class='ocrx_word' id='word_1_309' title='bbox 2440 2296 2580 2370; x_wconf 81' lang='lat' dir='ltr'><strong>edit.</strong></span> <span class='ocrx_word' id='word_1_310' title='bbox 2635 2296 3034 2370; x_wconf 74' lang='lat' dir='ltr'><strong>agnuseimrts,</strong></span> <span class='ocrx_word' id='word_1_311' title='bbox 3090 2294 3277 2351; x_wconf 90' lang='lat' dir='ltr'><strong>nihilo</strong></span> <span class='ocrx_word' id='word_1_312' title='bbox 3333 2294 3532 2352; x_wconf 85' lang='lat' dir='ltr'><strong>secius</strong></span> <span class='ocrx_word' id='word_1_313' title='bbox 3582 2299 3749 2351; x_wconf 83' lang='lat' dir='ltr'><strong>tamen</strong></span> 
     </span>
    </p>
   </div>
   <div class='ocr_carea' id='block_1_46' title="bbox 2138 2367 3106 2439">
    <p class='ocr_par' dir='ltr' id='par_1_46' title="bbox 2138 2367 3106 2439">
     <span class='ocr_line' id='line_1_46' title="bbox 2138 2367 3106 2439; baseline -0.001 -16"><span class='ocrx_word' id='word_1_314' title='bbox 2138 2368 2383 2423; x_wconf 81' lang='lat' dir='ltr'><strong>verbum</strong></span> <span class='ocrx_word' id='word_1_315' title='bbox 2410 2367 2722 2439; x_wconf 81' lang='lat' dir='ltr'><strong>antiquum</strong></span> <span class='ocrx_word' id='word_1_316' title='bbox 2760 2367 3106 2424; x_wconf 86' lang='lat' dir='ltr'><strong>retinemus.</strong></span> 
     </span>
    </p>
   </div>
   <div class='ocr_carea' id='block_1_47' title="bbox 381 2630 3750 2660">
    <p class='ocr_par' dir='ltr' id='par_1_47' title="bbox 381 2630 3750 2660">
     <span class='ocr_line' id='line_1_47' title="bbox 381 2630 3750 2660; baseline -0.002 -4"><span class='ocrx_word' id='word_1_317' title='bbox 381 2630 3750 2660; x_wconf 53' lang='grc' dir='ltr'>Μ</span> 
     </span>
    </p>
   </div>
   <div class='ocr_carea' id='block_1_48' title="bbox 1136 2796 3026 2886">
    <p class='ocr_par' dir='ltr' id='par_1_48' title="bbox 1136 2796 3026 2886">
     <span class='ocr_line' id='line_1_48' title="bbox 1136 2796 3026 2886; baseline 0.002 -5"><span class='ocrx_word' id='word_1_318' title='bbox 1136 2798 1243 2881; x_wconf 87' lang='grc' dir='ltr'>ΙΝ</span> <span class='ocrx_word' id='word_1_319' title='bbox 1306 2796 1847 2884; x_wconf 83' lang='lat' dir='ltr'><strong>PSALMUM</strong></span> <span class='ocrx_word' id='word_1_320' title='bbox 1902 2799 2267 2886; x_wconf 87' lang='lat' dir='ltr'><strong>XLVIII</strong></span> <span class='ocrx_word' id='word_1_321' title='bbox 2326 2797 3026 2886; x_wconf 67' lang='lat' dir='ltr'><strong>ENABIUTIO.</strong></span> 
     </span>
    </p>
   </div>
   <div class='ocr_carea' id='block_1_49' title="bbox 928 2999 3228 3082">
    <p class='ocr_par' dir='ltr' id='par_1_49' title="bbox 928 2999 3228 3082">
     <span class='ocr_line' id='line_1_49' title="bbox 928 2999 3228 3082; baseline -0.001 -18"><span class='ocrx_word' id='word_1_322' title='bbox 928 3001 1127 3079; x_wconf 72' lang='lat' dir='ltr'><strong>Hujus</strong></span> <span class='ocrx_word' id='word_1_323' title='bbox 1167 2999 1386 3061; x_wconf 86' lang='lat' dir='ltr'><strong>titulus</strong></span> <span class='ocrx_word' id='word_1_324' title='bbox 1427 3007 1521 3061; x_wconf 87' lang='lat' dir='ltr'><strong>est</strong></span> <span class='ocrx_word' id='word_1_325' title='bbox 1562 3000 1756 3079; x_wconf 75' lang='lat' dir='ltr'><strong>(Verr.</strong></span> <span class='ocrx_word' id='word_1_326' title='bbox 1803 3002 1860 3079; x_wconf 80' lang='grc' dir='ltr'><strong>Ι)</strong></span> <span class='ocrx_word' id='word_1_327' title='bbox 1896 3019 1909 3060; x_wconf 91' lang='lat'>:</span> <span class='ocrx_word' id='word_1_328' title='bbox 1945 3000 2017 3062; x_wconf 83' lang='lat' dir='ltr'><strong>In</strong></span> <span class='ocrx_word' id='word_1_329' title='bbox 2056 3000 2238 3081; x_wconf 76' lang='lat' dir='ltr'><strong>ﬁnem</strong></span> <span class='ocrx_word' id='word_1_330' title='bbox 2277 3002 2424 3082; x_wconf 72' lang='lat' dir='ltr'><strong>ﬁliis</strong></span> <span class='ocrx_word' id='word_1_331' title='bbox 2465 3002 2644 3077; x_wconf 83' lang='lat' dir='ltr'><strong>Core,</strong></span> <span class='ocrx_word' id='word_1_332' title='bbox 2688 3002 2964 3066; x_wconf 69' lang='lat' dir='ltr'><strong>Paulinus</strong></span> <span class='ocrx_word' id='word_1_333' title='bbox 3003 3001 3228 3065; x_wconf 75' lang='lat' dir='ltr'><strong>David.</strong></span> 
     </span>
    </p>
   </div>
   <div class='ocr_carea' id='block_1_50' title="bbox 452 3311 3745 3392">
    <p class='ocr_par' dir='ltr' id='par_1_50' title="bbox 452 3311 3745 3392">
     <span class='ocr_line' id='line_1_50' title="bbox 452 3311 3745 3392; baseline -0.001 -17"><span class='ocrx_word' id='word_1_334' title='bbox 452 3320 501 3375; x_wconf 85' lang='grc'><strong>1.</strong></span> <span class='ocrx_word' id='word_1_335' title='bbox 564 3317 750 3389; x_wconf 86' lang='lat' dir='ltr'><strong>(Vers.</strong></span> <span class='ocrx_word' id='word_1_336' title='bbox 812 3318 890 3387; x_wconf 80' lang='lat'>2.)</span> <span class='ocrx_word' id='word_1_337' title='bbox 963 3343 988 3362; x_wconf 76' lang='grc' dir='ltr'><strong>ιι</strong></span> <span class='ocrx_word' id='word_1_338' title='bbox 1032 3314 1243 3372; x_wconf 84' lang='lat' dir='ltr'><strong>Audite</strong></span> <span class='ocrx_word' id='word_1_339' title='bbox 1296 3313 1441 3382; x_wconf 70' lang='lat' dir='ltr'><strong>haec,</strong></span> <span class='ocrx_word' id='word_1_340' title='bbox 1491 3332 1697 3372; x_wconf 87' lang='lat' dir='ltr'><strong>omnes</strong></span> <span class='ocrx_word' id='word_1_341' title='bbox 1778 3319 2026 3387; x_wconf 74' lang='lat' dir='ltr'><strong>gentes;</strong></span> <span class='ocrx_word' id='word_1_342' title='bbox 2056 3318 2102 3386; x_wconf 84' lang='lat' dir='ltr'><strong>C</strong></span> <span class='ocrx_word' id='word_1_343' title='bbox 2140 3320 2338 3373; x_wconf 87' lang='lat' dir='ltr'><strong>menta</strong></span> <span class='ocrx_word' id='word_1_344' title='bbox 2371 3317 2646 3392; x_wconf 84' lang='lat' dir='ltr'><strong>proponit</strong></span> <span class='ocrx_word' id='word_1_345' title='bbox 2698 3317 2839 3389; x_wconf 81' lang='lat'><strong>(12),</strong></span> <span class='ocrx_word' id='word_1_346' title='bbox 2868 3319 2934 3372; x_wconf 92' lang='lat' dir='ltr'><strong>ut</strong></span> <span class='ocrx_word' id='word_1_347' title='bbox 2986 3315 3222 3373; x_wconf 78' lang='lat' dir='ltr'><strong>videant</strong></span> <span class='ocrx_word' id='word_1_348' title='bbox 3277 3314 3569 3383; x_wconf 83' lang='lat' dir='ltr'><strong>homines,</strong></span> <span class='ocrx_word' id='word_1_349' title='bbox 3598 3317 3649 3369; x_wconf 86' lang='lat' dir='ltr'><strong>et</strong></span> <span class='ocrx_word' id='word_1_350' title='bbox 3684 3311 3745 3371; x_wconf 73' lang='lat' dir='ltr'><strong>ad</strong></span> 
     </span>
    </p>
   </div>
   <div class='ocr_carea' id='block_1_51' title="bbox 376 3403 2017 3480">
    <p class='ocr_par' dir='ltr' id='par_1_51' title="bbox 376 3403 2017 3480">
     <span class='ocr_line' id='line_1_51' title="bbox 376 3403 2017 3480; baseline -0.002 -15"><span class='ocrx_word' id='word_1_351' title='bbox 376 3408 621 3466; x_wconf 83' lang='lat' dir='ltr'><strong>auribus</strong></span> <span class='ocrx_word' id='word_1_352' title='bbox 646 3406 947 3480; x_wconf 82' lang='lat' dir='ltr'><strong>percipite,</strong></span> <span class='ocrx_word' id='word_1_353' title='bbox 975 3422 1182 3462; x_wconf 88' lang='lat' dir='ltr'><strong>omnes</strong></span> <span class='ocrx_word' id='word_1_354' title='bbox 1211 3403 1312 3476; x_wconf 91' lang='lat' dir='ltr'><strong>qui</strong></span> <span class='ocrx_word' id='word_1_355' title='bbox 1338 3403 1619 3461; x_wconf 74' lang='lat' dir='ltr'><strong>habitatis</strong></span> <span class='ocrx_word' id='word_1_356' title='bbox 1657 3405 1859 3461; x_wconf 87' lang='lat' dir='ltr'><strong>urbem</strong></span> <span class='ocrx_word' id='word_1_357' title='bbox 1902 3409 2017 3462; x_wconf 86' lang='lat' dir='ltr'><strong>ter-</strong></span> 
     </span>
    </p>
   </div>
   <div class='ocr_carea' id='block_1_52' title="bbox 375 3493 2019 3569">
    <p class='ocr_par' dir='ltr' id='par_1_52' title="bbox 375 3493 2019 3569">
     <span class='ocr_line' id='line_1_52' title="bbox 375 3493 2019 3569; baseline -0.002 -14"><span class='ocrx_word' id='word_1_358' title='bbox 375 3514 520 3555; x_wconf 64' lang='lat' dir='ltr'><strong>rai.»</strong></span> <span class='ocrx_word' id='word_1_359' title='bbox 572 3497 636 3552; x_wconf 91' lang='lat' dir='ltr'><strong>ln</strong></span> <span class='ocrx_word' id='word_1_360' title='bbox 676 3495 963 3569; x_wconf 90' lang='lat' dir='ltr'><strong>principio</strong></span> <span class='ocrx_word' id='word_1_361' title='bbox 1012 3494 1139 3566; x_wconf 81' lang='lat' dir='ltr'><strong>ipso</strong></span> <span class='ocrx_word' id='word_1_362' title='bbox 1186 3510 1388 3550; x_wconf 86' lang='lat' dir='ltr'><strong>vocem</strong></span> <span class='ocrx_word' id='word_1_363' title='bbox 1437 3493 1670 3549; x_wconf 88' lang='lat' dir='ltr'><strong>Domini</strong></span> <span class='ocrx_word' id='word_1_364' title='bbox 1740 3493 2019 3552; x_wconf 85' lang='lat' dir='ltr'><strong>salutaris</strong></span> 
     </span>
    </p>
   </div>
   <div class='ocr_carea' id='block_1_53' title="bbox 373 3581 2018 3658">
    <p class='ocr_par' dir='ltr' id='par_1_53' title="bbox 373 3581 2018 3658">
     <span class='ocr_line' id='line_1_53' title="bbox 373 3581 2018 3658; baseline 0 -18"><span class='ocrx_word' id='word_1_365' title='bbox 373 3583 751 3658; x_wconf 78' lang='lat' dir='ltr'><strong>agnoscimus</strong></span> <span class='ocrx_word' id='word_1_366' title='bbox 779 3589 979 3655; x_wconf 84' lang='lat' dir='ltr'><strong>gentes</strong></span> <span class='ocrx_word' id='word_1_367' title='bbox 1004 3582 1262 3639; x_wconf 89' lang='lat' dir='ltr'><strong>vocantis</strong></span> <span class='ocrx_word' id='word_1_368' title='bbox 1317 3582 1388 3638; x_wconf 84' lang='lat' dir='ltr'><strong>ad</strong></span> <span class='ocrx_word' id='word_1_369' title='bbox 1429 3581 1764 3649; x_wconf 71' lang='lat' dir='ltr'><strong>Ecclesium,</strong></span> <span class='ocrx_word' id='word_1_370' title='bbox 1814 3588 1882 3639; x_wconf 91' lang='lat' dir='ltr'><strong>ut</strong></span> <span class='ocrx_word' id='word_1_371' title='bbox 1926 3601 2018 3640; x_wconf 90' lang='lat' dir='ltr'><strong>er-</strong></span> 
     </span>
    </p>
   </div>
   <div class='ocr_carea' id='block_1_54' title="bbox 374 3670 2017 3743">
    <p class='ocr_par' dir='ltr' id='par_1_54' title="bbox 374 3670 2017 3743">
     <span class='ocr_line' id='line_1_54' title="bbox 374 3670 2017 3743; baseline 0.002 -15"><span class='ocrx_word' id='word_1_372' title='bbox 374 3671 490 3728; x_wconf 89' lang='lat' dir='ltr'><strong>rori</strong></span> <span class='ocrx_word' id='word_1_373' title='bbox 522 3670 878 3739; x_wconf 86' lang='lat' dir='ltr'><strong>renuntient,</strong></span> <span class='ocrx_word' id='word_1_374' title='bbox 910 3670 1210 3728; x_wconf 83' lang='lat' dir='ltr'><strong>veritatem</strong></span> <span class='ocrx_word' id='word_1_375' title='bbox 1241 3674 1584 3742; x_wconf 86' lang='lat' dir='ltr'><strong>sequantur,</strong></span> <span class='ocrx_word' id='word_1_376' title='bbox 1615 3675 1673 3727; x_wconf 86' lang='lat' dir='ltr'><strong>et</strong></span> <span class='ocrx_word' id='word_1_377' title='bbox 1714 3671 1795 3743; x_wconf 87' lang='lat' dir='ltr'><strong>pii</strong></span> <span class='ocrx_word' id='word_1_378' title='bbox 1820 3670 2017 3731; x_wconf 87' lang='lat' dir='ltr'><strong>cultus</strong></span> 
     </span>
    </p>
   </div>
   <div class='ocr_carea' id='block_1_55' title="bbox 375 3758 2021 3833">
    <p class='ocr_par' dir='ltr' id='par_1_55' title="bbox 375 3758 2021 3833">
     <span class='ocr_line' id='line_1_55' title="bbox 375 3758 2021 3833; baseline 0 -15"><span class='ocrx_word' id='word_1_379' title='bbox 375 3777 595 3818; x_wconf 88' lang='lat' dir='ltr'><strong>munus</strong></span> <span class='ocrx_word' id='word_1_380' title='bbox 624 3764 964 3833; x_wconf 77' lang='lat' dir='ltr'><strong>agnoscant.</strong></span> <span class='ocrx_word' id='word_1_381' title='bbox 990 3758 1103 3816; x_wconf 86' lang='lat' dir='ltr'><strong>Sed</strong></span> <span class='ocrx_word' id='word_1_382' title='bbox 1133 3758 1274 3830; x_wconf 87' lang='lat' dir='ltr'><strong>quia</strong></span> <span class='ocrx_word' id='word_1_383' title='bbox 1300 3760 1591 3831; x_wconf 86' lang='lat' dir='ltr'><strong>serpentis</strong></span> <span class='ocrx_word' id='word_1_384' title='bbox 1639 3761 1878 3818; x_wconf 89' lang='lat' dir='ltr'><strong>venenis</strong></span> <span class='ocrx_word' id='word_1_385' title='bbox 1933 3763 2021 3819; x_wconf 85' lang='lat' dir='ltr'><strong>in-</strong></span> 
     </span>
    </p>
   </div>
   <div class='ocr_carea' id='block_1_56' title="bbox 373 3846 2018 3921">
    <p class='ocr_par' dir='ltr' id='par_1_56' title="bbox 373 3846 2018 3921">
     <span class='ocr_line' id='line_1_56' title="bbox 373 3846 2018 3921; baseline -0.001 -13"><span class='ocrx_word' id='word_1_386' title='bbox 373 3849 523 3908; x_wconf 80' lang='lat' dir='ltr'><strong>fecta</strong></span> <span class='ocrx_word' id='word_1_387' title='bbox 550 3853 717 3906; x_wconf 90' lang='lat' dir='ltr'><strong>erant</strong></span> <span class='ocrx_word' id='word_1_388' title='bbox 744 3848 922 3904; x_wconf 88' lang='lat' dir='ltr'><strong>corda</strong></span> <span class='ocrx_word' id='word_1_389' title='bbox 950 3846 1340 3904; x_wconf 83' lang='lat' dir='ltr'><strong>successionis</strong></span> <span class='ocrx_word' id='word_1_390' title='bbox 1370 3846 1737 3917; x_wconf 52' lang='lat' dir='ltr'><strong>humane,“</strong></span> <span class='ocrx_word' id='word_1_391' title='bbox 1764 3851 2018 3921; x_wconf 86' lang='lat' dir='ltr'><strong>peccatis</strong></span> 
     </span>
    </p>
   </div>
   <div class='ocr_carea' id='block_1_57' title="bbox 371 3936 2019 4009">
    <p class='ocr_par' dir='ltr' id='par_1_57' title="bbox 371 3936 2019 4009">
     <span class='ocr_line' id='line_1_57' title="bbox 371 3936 2019 4009; baseline 0.001 -13"><span class='ocrx_word' id='word_1_392' title='bbox 371 3939 622 3996; x_wconf 79' lang='lat' dir='ltr'><strong>obnoxia</strong></span> <span class='ocrx_word' id='word_1_393' title='bbox 645 3936 1003 3995; x_wconf 84' lang='lat' dir='ltr'><strong>conscientia</strong></span> <span class='ocrx_word' id='word_1_394' title='bbox 1031 3936 1173 3991; x_wconf 87' lang='lat' dir='ltr'><strong>dum</strong></span> <span class='ocrx_word' id='word_1_395' title='bbox 1203 3937 1478 4009; x_wconf 84' lang='lat' dir='ltr'><strong>desperat</strong></span> <span class='ocrx_word' id='word_1_396' title='bbox 1508 3937 1757 4006; x_wconf 83' lang='lat' dir='ltr'><strong>veniam,</strong></span> <span class='ocrx_word' id='word_1_397' title='bbox 1809 3956 1873 3996; x_wconf 82' lang='lat' dir='ltr'><strong>se</strong></span> <span class='ocrx_word' id='word_1_398' title='bbox 1932 3957 2019 3997; x_wconf 87' lang='lat' dir='ltr'><strong>re-</strong></span> 
     </span>
    </p>
   </div>
   <div class='ocr_carea' id='block_1_58' title="bbox 372 4025 2020 4100">
    <p class='ocr_par' dir='ltr' id='par_1_58' title="bbox 372 4025 2020 4100">
     <span class='ocr_line' id='line_1_58' title="bbox 372 4025 2020 4100; baseline 0 -16"><span class='ocrx_word' id='word_1_399' title='bbox 372 4044 576 4087; x_wconf 84' lang='lat' dir='ltr'><strong>vocare</strong></span> <span class='ocrx_word' id='word_1_400' title='bbox 604 4044 721 4085; x_wconf 89' lang='lat' dir='ltr'><strong>non</strong></span> <span class='ocrx_word' id='word_1_401' title='bbox 754 4031 1014 4100; x_wconf 83' lang='lat' dir='ltr'><strong>poterat:</strong></span> <span class='ocrx_word' id='word_1_402' title='bbox 1065 4025 1391 4081; x_wconf 86' lang='lat' dir='ltr'><strong>remedium</strong></span> <span class='ocrx_word' id='word_1_403' title='bbox 1438 4025 1768 4098; x_wconf 81' lang='lat' dir='ltr'><strong>pollicetur,</strong></span> <span class='ocrx_word' id='word_1_404' title='bbox 1827 4027 2020 4086; x_wconf 79' lang='lat' dir='ltr'><strong>indul~</strong></span> 
     </span>
    </p>
   </div>
   <div class='ocr_carea' id='block_1_59' title="bbox 371 4113 2021 4193">
    <p class='ocr_par' dir='ltr' id='par_1_59' title="bbox 371 4113 2021 4193">
     <span class='ocr_line' id='line_1_59' title="bbox 371 4113 2021 4193; baseline 0.001 -19"><span class='ocrx_word' id='word_1_405' title='bbox 371 4118 629 4193; x_wconf 82' lang='lat' dir='ltr'><strong>gentiam</strong></span> <span class='ocrx_word' id='word_1_406' title='bbox 659 4120 868 4189; x_wconf 89' lang='lat' dir='ltr'><strong>sponte</strong></span> <span class='ocrx_word' id='word_1_407' title='bbox 899 4114 1131 4188; x_wconf 85' lang='lat' dir='ltr'><strong>pietatis</strong></span> <span class='ocrx_word' id='word_1_408' title='bbox 1160 4132 1278 4170; x_wconf 70' lang='lat' dir='ltr'><strong>suae</strong></span> <span class='ocrx_word' id='word_1_409' title='bbox 1310 4113 1577 4189; x_wconf 87' lang='lat' dir='ltr'><strong>largitate</strong></span> <span class='ocrx_word' id='word_1_410' title='bbox 1607 4116 1896 4189; x_wconf 89' lang='lat' dir='ltr'><strong>promittit</strong></span> <span class='ocrx_word' id='word_1_411' title='bbox 1919 4136 1933 4187; x_wconf 91' lang='lat'><strong>;</strong></span> <span class='ocrx_word' id='word_1_412' title='bbox 1955 4123 2021 4175; x_wconf 90' lang='lat' dir='ltr'><strong>ut</strong></span> 
     </span>
    </p>
   </div>
   <div class='ocr_carea' id='block_1_60' title="bbox 375 4202 2016 4279">
    <p class='ocr_par' dir='ltr' id='par_1_60' title="bbox 375 4202 2016 4279">
     <span class='ocr_line' id='line_1_60' title="bbox 375 4202 2016 4279; baseline 0.001 -17"><span class='ocrx_word' id='word_1_413' title='bbox 375 4222 512 4263; x_wconf 79' lang='lat' dir='ltr'><strong>reus</strong></span> <span class='ocrx_word' id='word_1_414' title='bbox 542 4222 657 4263; x_wconf 90' lang='lat' dir='ltr'><strong>non</strong></span> <span class='ocrx_word' id='word_1_415' title='bbox 689 4205 912 4272; x_wconf 87' lang='lat' dir='ltr'><strong>timeat,</strong></span> <span class='ocrx_word' id='word_1_416' title='bbox 945 4205 1091 4260; x_wconf 87' lang='lat' dir='ltr'><strong>bene</strong></span> <span class='ocrx_word' id='word_1_417' title='bbox 1120 4202 1393 4259; x_wconf 88' lang='lat' dir='ltr'><strong>conscius</strong></span> <span class='ocrx_word' id='word_1_418' title='bbox 1450 4203 1799 4276; x_wconf 87' lang='lat' dir='ltr'><strong>gratuletur,</strong></span> <span class='ocrx_word' id='word_1_419' title='bbox 1858 4207 2016 4279; x_wconf 88' lang='lat' dir='ltr'><strong>quod</strong></span> 
     </span>
    </p>
   </div>
   <div class='ocr_carea' id='block_1_61' title="bbox 373 4291 2017 4367">
    <p class='ocr_par' dir='ltr' id='par_1_61' title="bbox 373 4291 2017 4367">
     <span class='ocr_line' id='line_1_61' title="bbox 373 4291 2017 4367; baseline 0 -16"><span class='ocrx_word' id='word_1_420' title='bbox 373 4294 527 4351; x_wconf 88' lang='lat' dir='ltr'><strong>bono</strong></span> <span class='ocrx_word' id='word_1_421' title='bbox 564 4293 803 4350; x_wconf 88' lang='lat' dir='ltr'><strong>domino</strong></span> <span class='ocrx_word' id='word_1_422' title='bbox 833 4291 1103 4349; x_wconf 76' lang='lat' dir='ltr'><strong>exhibeat</strong></span> <span class='ocrx_word' id='word_1_423' title='bbox 1135 4291 1529 4348; x_wconf 86' lang='lat' dir='ltr'><strong>ministerium</strong></span> <span class='ocrx_word' id='word_1_424' title='bbox 1553 4292 1870 4362; x_wconf 88' lang='lat' dir='ltr'><strong>servitutis,</strong></span> <span class='ocrx_word' id='word_1_425' title='bbox 1915 4296 2017 4367; x_wconf 90' lang='lat' dir='ltr'><strong>qui</strong></span> 
     </span>
    </p>
   </div>
   <div class='ocr_carea' id='block_1_62' title="bbox 374 4380 2019 4457">
    <p class='ocr_par' dir='ltr' id='par_1_62' title="bbox 374 4380 2019 4457">
     <span class='ocr_line' id='line_1_62' title="bbox 374 4380 2019 4457; baseline 0.001 -18"><span class='ocrx_word' id='word_1_426' title='bbox 374 4382 596 4441; x_wconf 88' lang='lat' dir='ltr'><strong>noverit</strong></span> <span class='ocrx_word' id='word_1_427' title='bbox 626 4386 859 4457; x_wconf 78' lang='lat' dir='ltr'><strong>peccata</strong></span> <span class='ocrx_word' id='word_1_428' title='bbox 888 4382 1127 4450; x_wconf 87' lang='lat' dir='ltr'><strong>donare,</strong></span> <span class='ocrx_word' id='word_1_429' title='bbox 1161 4380 1720 4438; x_wconf 75' lang='lat' dir='ltr'><strong>honorarevirtutes.</strong></span> <span class='ocrx_word' id='word_1_430' title='bbox 1756 4383 2019 4456; x_wconf 86' lang='lat' dir='ltr'><strong>Denique</strong></span> 
     </span>
    </p>
   </div>
   <div class='ocr_carea' id='block_1_63' title="bbox 373 4468 2017 4543">
    <p class='ocr_par' dir='ltr' id='par_1_63' title="bbox 373 4468 2017 4543">
     <span class='ocr_line' id='line_1_63' title="bbox 373 4468 2017 4543; baseline 0.001 -14"><span class='ocrx_word' id='word_1_431' title='bbox 373 4472 578 4529; x_wconf 88' lang='lat' dir='ltr'><strong>eadem</strong></span> <span class='ocrx_word' id='word_1_432' title='bbox 609 4472 760 4528; x_wconf 87' lang='lat' dir='ltr'><strong>serie</strong></span> <span class='ocrx_word' id='word_1_433' title='bbox 789 4470 1107 4526; x_wconf 85' lang='lat' dir='ltr'><strong>vocationis</strong></span> <span class='ocrx_word' id='word_1_434' title='bbox 1136 4469 1313 4527; x_wconf 84' lang='lat' dir='ltr'><strong>etiam</strong></span> <span class='ocrx_word' id='word_1_435' title='bbox 1346 4468 1404 4525; x_wconf 90' lang='lat' dir='ltr'><strong>in</strong></span> <span class='ocrx_word' id='word_1_436' title='bbox 1436 4470 1743 4543; x_wconf 80' lang='lat' dir='ltr'><strong>Evangelia</strong></span> <span class='ocrx_word' id='word_1_437' title='bbox 1775 4490 1882 4529; x_wconf 89' lang='lat' dir='ltr'><strong>nos</strong></span> <span class='ocrx_word' id='word_1_438' title='bbox 1911 4473 2017 4530; x_wconf 84' lang='lat' dir='ltr'><strong>Do-</strong></span> 
     </span>
    </p>
   </div>
   <div class='ocr_carea' id='block_1_64' title="bbox 374 4556 2018 4628">
    <p class='ocr_par' dir='ltr' id='par_1_64' title="bbox 374 4556 2018 4628">
     <span class='ocr_line' id='line_1_64' title="bbox 374 4556 2018 4628; baseline 0.002 -13"><span class='ocrx_word' id='word_1_439' title='bbox 374 4559 571 4616; x_wconf 89' lang='lat' dir='ltr'><strong>minus</strong></span> <span class='ocrx_word' id='word_1_440' title='bbox 598 4558 942 4617; x_wconf 84' lang='lat' dir='ltr'><strong>adhortatur</strong></span> <span class='ocrx_word' id='word_1_441' title='bbox 970 4557 1206 4614; x_wconf 84' lang='lat' dir='ltr'><strong>dicens:</strong></span> <span class='ocrx_word' id='word_1_442' title='bbox 1242 4581 1270 4608; x_wconf 87' lang='grc'><strong>‹‹</strong></span> <span class='ocrx_word' id='word_1_443' title='bbox 1302 4556 1510 4615; x_wconf 85' lang='lat' dir='ltr'><strong>Venite</strong></span> <span class='ocrx_word' id='word_1_444' title='bbox 1534 4560 1608 4615; x_wconf 88' lang='lat' dir='ltr'><strong>ad</strong></span> <span class='ocrx_word' id='word_1_445' title='bbox 1640 4576 1753 4628; x_wconf 89' lang='lat' dir='ltr'><strong>me,</strong></span> <span class='ocrx_word' id='word_1_446' title='bbox 1813 4577 2018 4618; x_wconf 87' lang='lat' dir='ltr'><strong>omnes</strong></span> 
     </span>
    </p>
   </div>
   <div class='ocr_carea' id='block_1_65' title="bbox 373 4645 2012 4722">
    <p class='ocr_par' dir='ltr' id='par_1_65' title="bbox 373 4645 2012 4722">
     <span class='ocr_line' id='line_1_65' title="bbox 373 4645 2012 4722; baseline 0.002 -18"><span class='ocrx_word' id='word_1_447' title='bbox 373 4648 477 4722; x_wconf 90' lang='lat' dir='ltr'><strong>qui</strong></span> <span class='ocrx_word' id='word_1_448' title='bbox 506 4646 783 4705; x_wconf 87' lang='lat' dir='ltr'><strong>laboratis</strong></span> <span class='ocrx_word' id='word_1_449' title='bbox 812 4654 867 4704; x_wconf 87' lang='lat' dir='ltr'><strong>et</strong></span> <span class='ocrx_word' id='word_1_450' title='bbox 898 4647 1119 4705; x_wconf 87' lang='lat' dir='ltr'><strong>onerati</strong></span> <span class='ocrx_word' id='word_1_451' title='bbox 1149 4645 1312 4713; x_wconf 87' lang='lat' dir='ltr'><strong>estis,</strong></span> <span class='ocrx_word' id='word_1_452' title='bbox 1345 4651 1404 4703; x_wconf 90' lang='lat' dir='ltr'><strong>ct</strong></span> <span class='ocrx_word' id='word_1_453' title='bbox 1435 4664 1572 4721; x_wconf 88' lang='lat' dir='ltr'><strong>ergo</strong></span> <span class='ocrx_word' id='word_1_454' title='bbox 1601 4666 1702 4706; x_wconf 89' lang='lat' dir='ltr'><strong>vos</strong></span> <span class='ocrx_word' id='word_1_455' title='bbox 1733 4650 2012 4708; x_wconf 85' lang='lat' dir='ltr'><strong>reﬁciam.</strong></span> 
     </span>
    </p>
   </div>
   <div class='ocr_carea' id='block_1_66' title="bbox 372 4736 2014 4812">
    <p class='ocr_par' dir='ltr' id='par_1_66' title="bbox 372 4736 2014 4812">
     <span class='ocr_line' id='line_1_66' title="bbox 372 4736 2014 4812; baseline 0.002 -17"><span class='ocrx_word' id='word_1_456' title='bbox 372 4736 580 4795; x_wconf 86' lang='lat' dir='ltr'><strong>Tollite</strong></span> <span class='ocrx_word' id='word_1_457' title='bbox 600 4737 816 4809; x_wconf 85' lang='lat' dir='ltr'><strong>jugum</strong></span> <span class='ocrx_word' id='word_1_458' title='bbox 849 4753 1044 4792; x_wconf 85' lang='lat' dir='ltr'><strong>meum</strong></span> <span class='ocrx_word' id='word_1_459' title='bbox 1066 4752 1245 4807; x_wconf 87' lang='lat' dir='ltr'><strong>super</strong></span> <span class='ocrx_word' id='word_1_460' title='bbox 1274 4752 1399 4803; x_wconf 88' lang='lat' dir='ltr'><strong>vos,</strong></span> <span class='ocrx_word' id='word_1_461' title='bbox 1439 4742 1497 4793; x_wconf 88' lang='lat' dir='ltr'><strong>et</strong></span> <span class='ocrx_word' id='word_1_462' title='bbox 1552 4736 1758 4795; x_wconf 86' lang='lat' dir='ltr'><strong>discite</strong></span> <span class='ocrx_word' id='word_1_463' title='bbox 1807 4757 1842 4795; x_wconf 91' lang='lat' dir='ltr'><strong>a</strong></span> <span class='ocrx_word' id='word_1_464' title='bbox 1899 4757 2014 4812; x_wconf 88' lang='lat' dir='ltr'><strong>me,</strong></span> 
     </span>
    </p>
   </div>
   <div class='ocr_carea' id='block_1_67' title="bbox 372 4822 2017 4902">
    <p class='ocr_par' dir='ltr' id='par_1_67' title="bbox 372 4822 2017 4902">
     <span class='ocr_line' id='line_1_67' title="bbox 372 4822 2017 4902; baseline 0.001 -18"><span class='ocrx_word' id='word_1_465' title='bbox 372 4825 513 4902; x_wconf 88' lang='lat' dir='ltr'><strong>quia</strong></span> <span class='ocrx_word' id='word_1_466' title='bbox 542 4823 705 4883; x_wconf 86' lang='lat' dir='ltr'><strong>mitis</strong></span> <span class='ocrx_word' id='word_1_467' title='bbox 737 4841 892 4893; x_wconf 90' lang='lat' dir='ltr'><strong>sum,</strong></span> <span class='ocrx_word' id='word_1_468' title='bbox 925 4827 985 4880; x_wconf 88' lang='lat' dir='ltr'><strong>et</strong></span> <span class='ocrx_word' id='word_1_469' title='bbox 1014 4822 1261 4880; x_wconf 87' lang='lat' dir='ltr'><strong>humilis</strong></span> <span class='ocrx_word' id='word_1_470' title='bbox 1291 4824 1462 4881; x_wconf 87' lang='lat' dir='ltr'><strong>corde</strong></span> <span class='ocrx_word' id='word_1_471' title='bbox 1518 4826 1726 4896; x_wconf 71' lang='lat' dir='ltr'><strong>(Matth.</strong></span> <span class='ocrx_word' id='word_1_472' title='bbox 1786 4845 1866 4894; x_wconf 77' lang='grc' dir='ltr'><strong>χι,</strong></span> <span class='ocrx_word' id='word_1_473' title='bbox 1922 4832 2017 4897; x_wconf 89' lang='lat'><strong>28,</strong></span> 
     </span>
    </p>
   </div>
   <div class='ocr_carea' id='block_1_68' title="bbox 370 4914 2021 4989">
    <p class='ocr_par' dir='ltr' id='par_1_68' title="bbox 370 4914 2021 4989">
     <span class='ocr_line' id='line_1_68' title="bbox 370 4914 2021 4989; baseline 0.001 -15"><span class='ocrx_word' id='word_1_474' title='bbox 370 4916 485 4989; x_wconf 84' lang='lat'>29).</span> <span class='ocrx_word' id='word_1_475' title='bbox 534 4937 561 4966; x_wconf 74' lang='grc' dir='ltr'><strong>υ</strong></span> <span class='ocrx_word' id='word_1_476' title='bbox 596 4914 817 4973; x_wconf 86' lang='lat' dir='ltr'><strong>Deinde</strong></span> <span class='ocrx_word' id='word_1_477' title='bbox 856 4914 1070 4986; x_wconf 80' lang='lat' dir='ltr'><strong>jugum</strong></span> <span class='ocrx_word' id='word_1_478' title='bbox 1125 4929 1302 4969; x_wconf 88' lang='lat' dir='ltr'><strong>suum</strong></span> <span class='ocrx_word' id='word_1_479' title='bbox 1352 4930 1548 4983; x_wconf 87' lang='lat' dir='ltr'><strong>suave,</strong></span> <span class='ocrx_word' id='word_1_480' title='bbox 1595 4920 1653 4971; x_wconf 86' lang='lat' dir='ltr'><strong>et</strong></span> <span class='ocrx_word' id='word_1_481' title='bbox 1698 4933 1854 4973; x_wconf 87' lang='lat' dir='ltr'><strong>unus</strong></span> <span class='ocrx_word' id='word_1_482' title='bbox 1896 4916 2021 4975; x_wconf 86' lang='lat' dir='ltr'><strong>leve</strong></span> 
     </span>
    </p>
   </div>
   <div class='ocr_carea' id='block_1_69' title="bbox 369 5000 2021 5076">
    <p class='ocr_par' dir='ltr' id='par_1_69' title="bbox 369 5000 2021 5076">
     <span class='ocr_line' id='line_1_69' title="bbox 369 5000 2021 5076; baseline 0.001 -14"><span class='ocrx_word' id='word_1_483' title='bbox 369 5022 499 5064; x_wconf 85' lang='lat' dir='ltr'><strong>esse</strong></span> <span class='ocrx_word' id='word_1_484' title='bbox 518 5005 959 5073; x_wconf 84' lang='lat' dir='ltr'><strong>commemorat,</strong></span> <span class='ocrx_word' id='word_1_485' title='bbox 991 5000 1271 5074; x_wconf 89' lang='lat' dir='ltr'><strong>quoniam</strong></span> <span class='ocrx_word' id='word_1_486' title='bbox 1322 5002 1423 5075; x_wconf 89' lang='lat' dir='ltr'><strong>qui</strong></span> <span class='ocrx_word' id='word_1_487' title='bbox 1479 5003 1876 5076; x_wconf 87' lang='lat' dir='ltr'><strong>desperaverit</strong></span> <span class='ocrx_word' id='word_1_488' title='bbox 1905 5023 2021 5064; x_wconf 87' lang='lat' dir='ltr'><strong>mc-</strong></span> 
     </span>
    </p>
   </div>
   <div class='ocr_carea' id='block_1_70' title="bbox 372 5090 2020 5162">
    <p class='ocr_par' dir='ltr' id='par_1_70' title="bbox 372 5090 2020 5162">
     <span class='ocr_line' id='line_1_70' title="bbox 372 5090 2020 5162; baseline 0.001 -11"><span class='ocrx_word' id='word_1_489' title='bbox 372 5094 652 5160; x_wconf 76' lang='lat' dir='ltr'><strong>ilicinam,</strong></span> <span class='ocrx_word' id='word_1_490' title='bbox 684 5109 868 5150; x_wconf 86' lang='lat' dir='ltr'><strong>sanus</strong></span> <span class='ocrx_word' id='word_1_491' title='bbox 895 5108 1023 5147; x_wconf 82' lang='lat' dir='ltr'><strong>esse</strong></span> <span class='ocrx_word' id='word_1_492' title='bbox 1056 5107 1169 5146; x_wconf 90' lang='lat' dir='ltr'><strong>non</strong></span> <span class='ocrx_word' id='word_1_493' title='bbox 1203 5090 1431 5162; x_wconf 84' lang='lat' dir='ltr'><strong>poterit.</strong></span> <span class='ocrx_word' id='word_1_494' title='bbox 1461 5092 1533 5147; x_wconf 84' lang='lat' dir='ltr'><strong>Et</strong></span> <span class='ocrx_word' id='word_1_495' title='bbox 1562 5092 1690 5149; x_wconf 88' lang='lat' dir='ltr'><strong>ideo</strong></span> <span class='ocrx_word' id='word_1_496' title='bbox 1741 5095 2020 5152; x_wconf 88' lang='lat' dir='ltr'><strong>omnibus</strong></span> 
     </span>
    </p>
   </div>
   <div class='ocr_carea' id='block_1_71' title="bbox 371 5179 2018 5258">
    <p class='ocr_par' dir='ltr' id='par_1_71' title="bbox 371 5179 2018 5258">
     <span class='ocr_line' id='line_1_71' title="bbox 371 5179 2018 5258; baseline 0 -17"><span class='ocrx_word' id='word_1_497' title='bbox 371 5188 537 5258; x_wconf 88' lang='lat' dir='ltr'><strong>grata</strong></span> <span class='ocrx_word' id='word_1_498' title='bbox 603 5187 695 5240; x_wconf 86' lang='lat' dir='ltr'><strong>est</strong></span> <span class='ocrx_word' id='word_1_499' title='bbox 750 5181 1166 5248; x_wconf 87' lang='lat' dir='ltr'><strong>mansuetudo,</strong></span> <span class='ocrx_word' id='word_1_500' title='bbox 1216 5197 1343 5253; x_wconf 66' lang='lat' dir='ltr'><strong>quae</strong></span> <span class='ocrx_word' id='word_1_501' title='bbox 1392 5179 1633 5236; x_wconf 86' lang='lat' dir='ltr'><strong>vulnera</strong></span> <span class='ocrx_word' id='word_1_502' title='bbox 1674 5182 2018 5241; x_wconf 88' lang='lat' dir='ltr'><strong>interiorum</strong></span> 
     </span>
    </p>
   </div>
   <div class='ocr_carea' id='block_1_72' title="bbox 373 5272 914 5329">
    <p class='ocr_par' dir='ltr' id='par_1_72' title="bbox 373 5272 914 5329">
     <span class='ocr_line' id='line_1_72' title="bbox 373 5272 914 5329; baseline -0.006 0"><span class='ocrx_word' id='word_1_503' title='bbox 373 5276 540 5329; x_wconf 89' lang='lat' dir='ltr'><strong>curat</strong></span> <span class='ocrx_word' id='word_1_504' title='bbox 556 5272 914 5329; x_wconf 88' lang='lat' dir='ltr'><strong>animorum.</strong></span> 
     </span>
    </p>
   </div>
   <div class='ocr_carea' id='block_1_73' title="bbox 441 5359 2019 5435">
    <p class='ocr_par' dir='ltr' id='par_1_73' title="bbox 441 5359 2019 5435">
     <span class='ocr_line' id='line_1_73' title="bbox 441 5359 2019 5435; baseline 0.003 -19"><span class='ocrx_word' id='word_1_505' title='bbox 441 5365 496 5417; x_wconf 88' lang='lat'><strong>2.</strong></span> <span class='ocrx_word' id='word_1_506' title='bbox 532 5362 821 5418; x_wconf 82' lang='lat' dir='ltr'><strong>Venturos</strong></span> <span class='ocrx_word' id='word_1_507' title='bbox 844 5359 1025 5435; x_wconf 89' lang='lat' dir='ltr'><strong>igitur</strong></span> <span class='ocrx_word' id='word_1_508' title='bbox 1044 5360 1117 5417; x_wconf 88' lang='lat' dir='ltr'><strong>ad</strong></span> <span class='ocrx_word' id='word_1_509' title='bbox 1146 5362 1412 5432; x_wconf 64' lang='lat' dir='ltr'><strong>aegrotus,</strong></span> <span class='ocrx_word' id='word_1_510' title='bbox 1463 5361 1745 5419; x_wconf 88' lang='lat' dir='ltr'><strong>venturus</strong></span> <span class='ocrx_word' id='word_1_511' title='bbox 1794 5365 1859 5419; x_wconf 88' lang='lat' dir='ltr'><strong>ut</strong></span> <span class='ocrx_word' id='word_1_512' title='bbox 1905 5379 2019 5420; x_wconf 87' lang='lat' dir='ltr'><strong>me-</strong></span> 
     </span>
    </p>
   </div>
   <div class='ocr_carea' id='block_1_74' title="bbox 374 5447 2019 5522">
    <p class='ocr_par' dir='ltr' id='par_1_74' title="bbox 374 5447 2019 5522">
     <span class='ocr_line' id='line_1_74' title="bbox 374 5447 2019 5522; baseline 0.004 -18"><span class='ocrx_word' id='word_1_513' title='bbox 374 5447 561 5516; x_wconf 87' lang='lat' dir='ltr'><strong>dicus,</strong></span> <span class='ocrx_word' id='word_1_514' title='bbox 593 5451 689 5521; x_wconf 88' lang='lat' dir='ltr'><strong>qui</strong></span> <span class='ocrx_word' id='word_1_515' title='bbox 735 5450 932 5522; x_wconf 84' lang='lat' dir='ltr'><strong>gravis</strong></span> <span class='ocrx_word' id='word_1_516' title='bbox 984 5448 1177 5505; x_wconf 83' lang='lat' dir='ltr'><strong>ulcera</strong></span> <span class='ocrx_word' id='word_1_517' title='bbox 1224 5452 1424 5504; x_wconf 77' lang='lat' dir='ltr'><strong>nostra</strong></span> <span class='ocrx_word' id='word_1_518' title='bbox 1472 5454 1724 5519; x_wconf 86' lang='lat' dir='ltr'><strong>curaret,</strong></span> <span class='ocrx_word' id='word_1_519' title='bbox 1768 5453 2019 5509; x_wconf 87' lang='lat' dir='ltr'><strong>medica-</strong></span> 
     </span>
    </p>
   </div>
   <div class='ocr_carea' id='block_1_75' title="bbox 448 5624 2021 5699">
    <p class='ocr_par' dir='ltr' id='par_1_75' title="bbox 448 5624 2021 5699">
     <span class='ocr_line' id='line_1_75' title="bbox 448 5624 2021 5699; baseline 0.004 -17"><span class='ocrx_word' id='word_1_520' title='bbox 448 5624 558 5698; x_wconf 82' lang='lat' dir='ltr'><strong>(l2)</strong></span> <span class='ocrx_word' id='word_1_521' title='bbox 590 5625 732 5683; x_wconf 88' lang='lat' dir='ltr'><strong>Mss.</strong></span> <span class='ocrx_word' id='word_1_522' title='bbox 763 5625 1006 5698; x_wconf 87' lang='lat' dir='ltr'><strong>aliquot,</strong></span> <span class='ocrx_word' id='word_1_523' title='bbox 1048 5627 1332 5699; x_wconf 78' lang='lat' dir='ltr'><strong>proponit,</strong></span> <span class='ocrx_word' id='word_1_524' title='bbox 1380 5633 1443 5683; x_wconf 83' lang='lat' dir='ltr'><strong>ut</strong></span> <span class='ocrx_word' id='word_1_525' title='bbox 1482 5628 1720 5686; x_wconf 77' lang='lat' dir='ltr'><strong>audiant</strong></span> <span class='ocrx_word' id='word_1_526' title='bbox 1774 5630 2021 5689; x_wconf 69' lang='lat' dir='ltr'><strong>homines</strong></span> 
     </span>
    </p>
   </div>
   <div class='ocr_carea' id='block_1_76' title="bbox 2126 3399 3740 3463">
    <p class='ocr_par' dir='ltr' id='par_1_76' title="bbox 2126 3399 3740 3463">
     <span class='ocr_line' id='line_1_76' title="bbox 2126 3399 3740 3463; baseline -0.005 0"><span class='ocrx_word' id='word_1_527' title='bbox 2126 3405 2451 3463; x_wconf 85' lang='lat' dir='ltr'><strong>remedium</strong></span> <span class='ocrx_word' id='word_1_528' title='bbox 2478 3404 2689 3463; x_wconf 87' lang='lat' dir='ltr'><strong>salutis</strong></span> <span class='ocrx_word' id='word_1_529' title='bbox 2713 3406 2832 3462; x_wconf 90' lang='lat' dir='ltr'><strong>ﬁda</strong></span> <span class='ocrx_word' id='word_1_530' title='bbox 2886 3403 3197 3462; x_wconf 86' lang='lat' dir='ltr'><strong>sedulitate</strong></span> <span class='ocrx_word' id='word_1_531' title='bbox 3239 3406 3608 3461; x_wconf 86' lang='lat' dir='ltr'><strong>concurrant.</strong></span> <span class='ocrx_word' id='word_1_532' title='bbox 3658 3399 3740 3457; x_wconf 78' lang='lat' dir='ltr'><strong>Sic</strong></span> 
     </span>
    </p>
   </div>
   <div class='ocr_carea' id='block_1_77' title="bbox 2124 3489 3742 3569">
    <p class='ocr_par' dir='ltr' id='par_1_77' title="bbox 2124 3489 3742 3569">
     <span class='ocr_line' id='line_1_77' title="bbox 2124 3489 3742 3569; baseline -0.003 -18"><span class='ocrx_word' id='word_1_533' title='bbox 2124 3494 2229 3552; x_wconf 89' lang='lat' dir='ltr'><strong>illa</strong></span> <span class='ocrx_word' id='word_1_534' title='bbox 2256 3495 2317 3552; x_wconf 89' lang='lat' dir='ltr'><strong>in</strong></span> <span class='ocrx_word' id='word_1_535' title='bbox 2346 3495 2650 3569; x_wconf 82' lang='lat' dir='ltr'><strong>Evangelia</strong></span> <span class='ocrx_word' id='word_1_536' title='bbox 2680 3494 2895 3552; x_wconf 89' lang='lat' dir='ltr'><strong>meruit</strong></span> <span class='ocrx_word' id='word_1_537' title='bbox 2922 3494 3256 3560; x_wconf 84' lang='lat' dir='ltr'><strong>sanitatem,</strong></span> <span class='ocrx_word' id='word_1_538' title='bbox 3298 3511 3431 3567; x_wconf 71' lang='lat' dir='ltr'><strong>qua:</strong></span> <span class='ocrx_word' id='word_1_539' title='bbox 3489 3489 3742 3566; x_wconf 82' lang='lat' dir='ltr'><strong>proﬂuvio</strong></span> 
     </span>
    </p>
   </div>
   <div class='ocr_carea' id='block_1_78' title="bbox 2125 3578 3745 3658">
    <p class='ocr_par' dir='ltr' id='par_1_78' title="bbox 2125 3578 3745 3658">
     <span class='ocr_line' id='line_1_78' title="bbox 2125 3578 3745 3658; baseline -0.006 -17"><span class='ocrx_word' id='word_1_540' title='bbox 2125 3584 2433 3653; x_wconf 80' lang='lat' dir='ltr'><strong>sanguinis</strong></span> <span class='ocrx_word' id='word_1_541' title='bbox 2465 3602 2567 3658; x_wconf 90' lang='lat' dir='ltr'><strong>per</strong></span> <span class='ocrx_word' id='word_1_542' title='bbox 2594 3582 2902 3641; x_wconf 87' lang='lat' dir='ltr'><strong>duodecim</strong></span> <span class='ocrx_word' id='word_1_543' title='bbox 2930 3599 3117 3640; x_wconf 86' lang='lat' dir='ltr'><strong>annos</strong></span> <span class='ocrx_word' id='word_1_544' title='bbox 3154 3581 3486 3640; x_wconf 79' lang='lat' dir='ltr'><strong>laborabat.</strong></span> <span class='ocrx_word' id='word_1_545' title='bbox 3532 3578 3745 3638; x_wconf 84' lang='lat' dir='ltr'><strong>Audivit</strong></span> 
     </span>
    </p>
   </div>
   <div class='ocr_carea' id='block_1_79' title="bbox 2126 3669 3744 3745">
    <p class='ocr_par' dir='ltr' id='par_1_79' title="bbox 2126 3669 3744 3745">
     <span class='ocr_line' id='line_1_79' title="bbox 2126 3669 3744 3745; baseline -0.006 -15"><span class='ocrx_word' id='word_1_546' title='bbox 2126 3672 2423 3730; x_wconf 89' lang='lat' dir='ltr'><strong>medicum</strong></span> <span class='ocrx_word' id='word_1_547' title='bbox 2467 3671 2716 3743; x_wconf 86' lang='lat' dir='ltr'><strong>venisse,</strong></span> <span class='ocrx_word' id='word_1_548' title='bbox 2769 3671 3066 3729; x_wconf 82' lang='lat' dir='ltr'><strong>festinavit</strong></span> <span class='ocrx_word' id='word_1_549' title='bbox 3118 3670 3464 3745; x_wconf 75' lang='lat' dir='ltr'><strong>conﬁngere</strong></span> <span class='ocrx_word' id='word_1_550' title='bbox 3539 3669 3744 3727; x_wconf 84' lang='lat' dir='ltr'><strong>dicens:</strong></span> 
     </span>
    </p>
   </div>
   <div class='ocr_carea' id='block_1_80' title="bbox 2126 3757 3747 3835">
    <p class='ocr_par' dir='ltr' id='par_1_80' title="bbox 2126 3757 3747 3835">
     <span class='ocr_line' id='line_1_80' title="bbox 2126 3757 3747 3835; baseline -0.001 -22"><span class='ocrx_word' id='word_1_551' title='bbox 2126 3784 2158 3813; x_wconf 76' lang='grc' dir='ltr'><strong><em>α</em></strong></span> <span class='ocrx_word' id='word_1_552' title='bbox 2188 3762 2250 3819; x_wconf 88' lang='lat' dir='ltr'><strong>Si</strong></span> <span class='ocrx_word' id='word_1_553' title='bbox 2280 3762 2522 3835; x_wconf 87' lang='lat' dir='ltr'><strong>tetigero</strong></span> <span class='ocrx_word' id='word_1_554' title='bbox 2552 3760 2846 3818; x_wconf 89' lang='lat' dir='ltr'><strong>ﬁmbriam</strong></span> <span class='ocrx_word' id='word_1_555' title='bbox 2875 3760 3025 3832; x_wconf 87' lang='lat' dir='ltr'><strong>ejus,</strong></span> <span class='ocrx_word' id='word_1_556' title='bbox 3075 3758 3237 3816; x_wconf 79' lang='lat' dir='ltr'><strong>salva</strong></span> <span class='ocrx_word' id='word_1_557' title='bbox 3289 3776 3388 3817; x_wconf 88' lang='lat' dir='ltr'><strong>ero</strong></span> <span class='ocrx_word' id='word_1_558' title='bbox 3443 3757 3656 3834; x_wconf 67' lang='lat' dir='ltr'><strong>(Matth.</strong></span> <span class='ocrx_word' id='word_1_559' title='bbox 3685 3773 3747 3820; x_wconf 79' lang='grc' dir='ltr'><strong>ιι,</strong></span> 
     </span>
    </p>
   </div>
   <div class='ocr_carea' id='block_1_81' title="bbox 2124 3847 3753 3923">
    <p class='ocr_par' dir='ltr' id='par_1_81' title="bbox 2124 3847 3753 3923">
     <span class='ocr_line' id='line_1_81' title="bbox 2124 3847 3753 3923; baseline -0.005 -16"><span class='ocrx_word' id='word_1_560' title='bbox 2124 3853 2239 3923; x_wconf 85' lang='grc'><strong>21).</strong></span> <span class='ocrx_word' id='word_1_561' title='bbox 2274 3874 2303 3901; x_wconf 84' lang='grc'><strong>››</strong></span> <span class='ocrx_word' id='word_1_562' title='bbox 2332 3850 2491 3908; x_wconf 85' lang='lat' dir='ltr'><strong>Intra</strong></span> <span class='ocrx_word' id='word_1_563' title='bbox 2517 3865 2583 3907; x_wconf 89' lang='lat' dir='ltr'><strong>se</strong></span> <span class='ocrx_word' id='word_1_564' title='bbox 2610 3848 2721 3906; x_wconf 88' lang='lat' dir='ltr'><strong>hoc</strong></span> <span class='ocrx_word' id='word_1_565' title='bbox 2774 3847 2942 3916; x_wconf 83' lang='lat' dir='ltr'><strong>dixit,</strong></span> <span class='ocrx_word' id='word_1_566' title='bbox 2973 3852 3031 3907; x_wconf 86' lang='lat' dir='ltr'><strong>et</strong></span> <span class='ocrx_word' id='word_1_567' title='bbox 3083 3848 3353 3906; x_wconf 81' lang='lat' dir='ltr'><strong>Christus</strong></span> <span class='ocrx_word' id='word_1_568' title='bbox 3380 3847 3649 3906; x_wconf 86' lang='lat' dir='ltr'><strong>audivit:</strong></span> <span class='ocrx_word' id='word_1_569' title='bbox 3706 3850 3753 3900; x_wconf 86' lang='lat' dir='ltr'><strong>et</strong></span> 
     </span>
    </p>
   </div>
   <div class='ocr_carea' id='block_1_82' title="bbox 2125 3932 3750 4013">
    <p class='ocr_par' dir='ltr' id='par_1_82' title="bbox 2125 3932 3750 4013">
     <span class='ocr_line' id='line_1_82' title="bbox 2125 3932 3750 4013; baseline -0.002 -16"><span class='ocrx_word' id='word_1_570' title='bbox 2125 3939 2317 4013; x_wconf 86' lang='lat' dir='ltr'><strong>tetigit</strong></span> <span class='ocrx_word' id='word_1_571' title='bbox 2344 3939 2662 4005; x_wconf 87' lang='lat' dir='ltr'><strong>ﬁmbriam,</strong></span> <span class='ocrx_word' id='word_1_572' title='bbox 2688 3942 2747 3995; x_wconf 89' lang='lat' dir='ltr'><strong>et</strong></span> <span class='ocrx_word' id='word_1_573' title='bbox 2775 3938 2961 3995; x_wconf 87' lang='lat' dir='ltr'><strong>virtus</strong></span> <span class='ocrx_word' id='word_1_574' title='bbox 2990 3937 3061 3994; x_wconf 89' lang='lat' dir='ltr'><strong>de</strong></span> <span class='ocrx_word' id='word_1_575' title='bbox 3106 3936 3407 3995; x_wconf 79' lang='lat' dir='ltr'><strong>Salvatore</strong></span> <span class='ocrx_word' id='word_1_576' title='bbox 3464 3932 3750 4011; x_wconf 72' lang='lat' dir='ltr'><strong>processit,</strong></span> 
     </span>
    </p>
   </div>
   <div class='ocr_carea' id='block_1_83' title="bbox 2127 4025 3751 4103">
    <p class='ocr_par' dir='ltr' id='par_1_83' title="bbox 2127 4025 3751 4103">
     <span class='ocr_line' id='line_1_83' title="bbox 2127 4025 3751 4103; baseline -0.004 -17"><span class='ocrx_word' id='word_1_577' title='bbox 2127 4029 2770 4103; x_wconf 69' lang='lat' dir='ltr'><strong>quacmvitaagrram,</strong></span> <span class='ocrx_word' id='word_1_578' title='bbox 2793 4025 3047 4084; x_wconf 87' lang='lat' dir='ltr'><strong>ﬁrmavit</strong></span> <span class='ocrx_word' id='word_1_579' title='bbox 3066 4025 3415 4102; x_wconf 59' lang='lat' dir='ltr'><strong>invalidam,</strong></span> <span class='ocrx_word' id='word_1_580' title='bbox 3425 4025 3751 4101; x_wconf 79' lang='lat' dir='ltr'><strong>proﬂuvium</strong></span> 
     </span>
    </p>
   </div>
   <div class='ocr_carea' id='block_1_84' title="bbox 2126 4111 3751 4191">
    <p class='ocr_par' dir='ltr' id='par_1_84' title="bbox 2126 4111 3751 4191">
     <span class='ocr_line' id='line_1_84' title="bbox 2126 4111 3751 4191; baseline -0.006 -16"><span class='ocrx_word' id='word_1_581' title='bbox 2126 4117 2354 4181; x_wconf 86' lang='lat' dir='ltr'><strong>statuit,</strong></span> <span class='ocrx_word' id='word_1_582' title='bbox 2411 4117 2686 4191; x_wconf 86' lang='lat' dir='ltr'><strong>pietatem</strong></span> <span class='ocrx_word' id='word_1_583' title='bbox 2743 4115 3027 4190; x_wconf 83' lang='lat' dir='ltr'><strong>probavit.</strong></span> <span class='ocrx_word' id='word_1_584' title='bbox 3079 4113 3363 4173; x_wconf 86' lang='lat' dir='ltr'><strong>Similiter</strong></span> <span class='ocrx_word' id='word_1_585' title='bbox 3415 4132 3559 4189; x_wconf 88' lang='lat' dir='ltr'><strong>ergo</strong></span> <span class='ocrx_word' id='word_1_586' title='bbox 3587 4116 3641 4172; x_wconf 85' lang='lat' dir='ltr'><strong>et</strong></span> <span class='ocrx_word' id='word_1_587' title='bbox 3676 4111 3751 4168; x_wconf 88' lang='lat' dir='ltr'><strong>hic</strong></span> 
     </span>
    </p>
   </div>
   <div class='ocr_carea' id='block_1_85' title="bbox 2126 4202 3755 4280">
    <p class='ocr_par' dir='ltr' id='par_1_85' title="bbox 2126 4202 3755 4280">
     <span class='ocr_line' id='line_1_85' title="bbox 2126 4202 3755 4280; baseline -0.005 -17"><span class='ocrx_word' id='word_1_588' title='bbox 2126 4223 2332 4264; x_wconf 83' lang='lat' dir='ltr'><strong>omnes</strong></span> <span class='ocrx_word' id='word_1_589' title='bbox 2360 4210 2565 4280; x_wconf 84' lang='lat' dir='ltr'><strong>gentes</strong></span> <span class='ocrx_word' id='word_1_590' title='bbox 2603 4208 2775 4262; x_wconf 88' lang='lat' dir='ltr'><strong>vocat</strong></span> <span class='ocrx_word' id='word_1_591' title='bbox 2831 4204 2905 4262; x_wconf 88' lang='lat' dir='ltr'><strong>ad</strong></span> <span class='ocrx_word' id='word_1_592' title='bbox 2963 4203 3259 4278; x_wconf 68' lang='lat' dir='ltr'><strong>sapientia:</strong></span> <span class='ocrx_word' id='word_1_593' title='bbox 3317 4202 3555 4262; x_wconf 80' lang='lat' dir='ltr'><strong>fontem</strong></span> <span class='ocrx_word' id='word_1_594' title='bbox 3606 4207 3755 4275; x_wconf 80' lang='lat' dir='ltr'><strong>atque</strong></span> 
     </span>
    </p>
   </div>
   <div class='ocr_carea' id='block_1_86' title="bbox 2127 4290 3751 4368">
    <p class='ocr_par' dir='ltr' id='par_1_86' title="bbox 2127 4290 3751 4368">
     <span class='ocr_line' id='line_1_86' title="bbox 2127 4290 3751 4368; baseline -0.006 -17"><span class='ocrx_word' id='word_1_595' title='bbox 2127 4295 2484 4368; x_wconf 67' lang='lat' dir='ltr'><strong>prudentie:</strong></span> <span class='ocrx_word' id='word_1_596' title='bbox 2520 4294 2980 4368; x_wconf 86' lang='lat' dir='ltr'><strong>redemptionem</strong></span> <span class='ocrx_word' id='word_1_597' title='bbox 3021 4294 3298 4350; x_wconf 88' lang='lat' dir='ltr'><strong>omnibus</strong></span> <span class='ocrx_word' id='word_1_598' title='bbox 3327 4292 3659 4366; x_wconf 86' lang='lat' dir='ltr'><strong>pollicetur,</strong></span> <span class='ocrx_word' id='word_1_599' title='bbox 3705 4290 3751 4343; x_wconf 82' lang='lat' dir='ltr'><strong>ut</strong></span> 
     </span>
    </p>
   </div>
   <div class='ocr_carea' id='block_1_87' title="bbox 2127 4377 3749 4457">
    <p class='ocr_par' dir='ltr' id='par_1_87' title="bbox 2127 4377 3749 4457">
     <span class='ocr_line' id='line_1_87' title="bbox 2127 4377 3749 4457; baseline -0.005 -17"><span class='ocrx_word' id='word_1_600' title='bbox 2127 4400 2300 4440; x_wconf 87' lang='lat' dir='ltr'><strong>nemo</strong></span> <span class='ocrx_word' id='word_1_601' title='bbox 2329 4383 2599 4457; x_wconf 84' lang='lat' dir='ltr'><strong>trepidet,</strong></span> <span class='ocrx_word' id='word_1_602' title='bbox 2633 4400 2805 4440; x_wconf 88' lang='lat' dir='ltr'><strong>nemo</strong></span> <span class='ocrx_word' id='word_1_603' title='bbox 2829 4383 3119 4455; x_wconf 86' lang='lat' dir='ltr'><strong>desperet,</strong></span> <span class='ocrx_word' id='word_1_604' title='bbox 3143 4381 3242 4438; x_wconf 89' lang='lat' dir='ltr'><strong>ubi</strong></span> <span class='ocrx_word' id='word_1_605' title='bbox 3296 4381 3510 4439; x_wconf 89' lang='lat' dir='ltr'><strong>nullus</strong></span> <span class='ocrx_word' id='word_1_606' title='bbox 3567 4377 3749 4450; x_wconf 79' lang='lat' dir='ltr'><strong>excipi-</strong></span> 
     </span>
    </p>
   </div>
   <div class='ocr_carea' id='block_1_88' title="bbox 2126 4469 3748 4542">
    <p class='ocr_par' dir='ltr' id='par_1_88' title="bbox 2126 4469 3748 4542">
     <span class='ocr_line' id='line_1_88' title="bbox 2126 4469 3748 4542; baseline -0.006 -16"><span class='ocrx_word' id='word_1_607' title='bbox 2126 4474 2262 4540; x_wconf 90' lang='lat' dir='ltr'><strong>tur;</strong></span> <span class='ocrx_word' id='word_1_608' title='bbox 2289 4471 2392 4527; x_wconf 88' lang='lat' dir='ltr'><strong>sed</strong></span> <span class='ocrx_word' id='word_1_609' title='bbox 2424 4471 2618 4526; x_wconf 88' lang='lat' dir='ltr'><strong>omnis</strong></span> <span class='ocrx_word' id='word_1_610' title='bbox 2674 4470 2873 4527; x_wconf 86' lang='lat' dir='ltr'><strong>anima</strong></span> <span class='ocrx_word' id='word_1_611' title='bbox 2918 4469 3198 4527; x_wconf 87' lang='lat' dir='ltr'><strong>invitatur</strong></span> <span class='ocrx_word' id='word_1_612' title='bbox 3246 4469 3321 4526; x_wconf 89' lang='lat' dir='ltr'><strong>ad</strong></span> <span class='ocrx_word' id='word_1_613' title='bbox 3389 4469 3660 4542; x_wconf 85' lang='lat' dir='ltr'><strong>gratiam,</strong></span> <span class='ocrx_word' id='word_1_614' title='bbox 3701 4470 3748 4518; x_wconf 85' lang='lat' dir='ltr'><strong>ut</strong></span> 
     </span>
    </p>
   </div>
   <div class='ocr_carea' id='block_1_89' title="bbox 2128 4554 3748 4631">
    <p class='ocr_par' dir='ltr' id='par_1_89' title="bbox 2128 4554 3748 4631">
     <span class='ocr_line' id='line_1_89' title="bbox 2128 4554 3748 4631; baseline -0.004 -16"><span class='ocrx_word' id='word_1_615' title='bbox 2128 4558 2254 4616; x_wconf 87' lang='lat' dir='ltr'><strong>sine</strong></span> <span class='ocrx_word' id='word_1_616' title='bbox 2283 4560 2465 4631; x_wconf 88' lang='lat' dir='ltr'><strong>pretio</strong></span> <span class='ocrx_word' id='word_1_617' title='bbox 2495 4558 2822 4615; x_wconf 86' lang='lat' dir='ltr'><strong>redimatur</strong></span> <span class='ocrx_word' id='word_1_618' title='bbox 2850 4575 2887 4614; x_wconf 91' lang='lat' dir='ltr'><strong>a</strong></span> <span class='ocrx_word' id='word_1_619' title='bbox 2909 4558 3178 4629; x_wconf 84' lang='lat' dir='ltr'><strong>crimine,</strong></span> <span class='ocrx_word' id='word_1_620' title='bbox 3209 4562 3266 4613; x_wconf 88' lang='lat' dir='ltr'><strong>et</strong></span> <span class='ocrx_word' id='word_1_621' title='bbox 3327 4559 3597 4615; x_wconf 78' lang='lat' dir='ltr'><strong>fructum</strong></span> <span class='ocrx_word' id='word_1_622' title='bbox 3647 4554 3748 4610; x_wconf 73' lang='lat' dir='ltr'><strong>vita</strong></span> 
     </span>
    </p>
   </div>
   <div class='ocr_carea' id='block_1_90' title="bbox 2127 4648 3025 4721">
    <p class='ocr_par' dir='ltr' id='par_1_90' title="bbox 2127 4648 3025 4721">
     <span class='ocr_line' id='line_1_90' title="bbox 2127 4648 3025 4721; baseline -0.004 -15"><span class='ocrx_word' id='word_1_623' title='bbox 2127 4650 2221 4706; x_wconf 89' lang='lat' dir='ltr'><strong>adi</strong></span> <span class='ocrx_word' id='word_1_624' title='bbox 2227 4648 2485 4721; x_wconf 82' lang='lat' dir='ltr'><strong>piscatur</strong></span> <span class='ocrx_word' id='word_1_625' title='bbox 2516 4651 2762 4705; x_wconf 56' lang='lat' dir='ltr'><strong>uternis.</strong></span> <span class='ocrx_word' id='word_1_626' title='bbox 3016 4710 3025 4718; x_wconf 26' lang='lat' dir='ltr'><strong>O</strong></span> 
     </span>
    </p>
   </div>
   <div class='ocr_carea' id='block_1_91' title="bbox 2195 4731 3748 4809">
    <p class='ocr_par' dir='ltr' id='par_1_91' title="bbox 2195 4731 3748 4809">
     <span class='ocr_line' id='line_1_91' title="bbox 2195 4731 3748 4809; baseline -0.007 -14"><span class='ocrx_word' id='word_1_627' title='bbox 2195 4737 2351 4795; x_wconf 65' lang='lat'><strong>046</strong></span> <span class='ocrx_word' id='word_1_628' title='bbox 2380 4738 2435 4793; x_wconf 93' lang='lat'><strong>3.</strong></span> <span class='ocrx_word' id='word_1_629' title='bbox 2468 4736 2573 4793; x_wconf 87' lang='lat' dir='ltr'><strong>Hic</strong></span> <span class='ocrx_word' id='word_1_630' title='bbox 2601 4753 2815 4794; x_wconf 87' lang='lat' dir='ltr'><strong>sensus</strong></span> <span class='ocrx_word' id='word_1_631' title='bbox 2843 4739 2932 4794; x_wconf 87' lang='lat' dir='ltr'><strong>est</strong></span> <span class='ocrx_word' id='word_1_632' title='bbox 2960 4735 3196 4809; x_wconf 87' lang='lat' dir='ltr'><strong>psalmi,</strong></span> <span class='ocrx_word' id='word_1_633' title='bbox 3228 4752 3417 4809; x_wconf 87' lang='lat' dir='ltr'><strong>quem</strong></span> <span class='ocrx_word' id='word_1_634' title='bbox 3450 4752 3562 4793; x_wconf 88' lang='lat' dir='ltr'><strong>suo</strong></span> <span class='ocrx_word' id='word_1_635' title='bbox 3583 4731 3748 4791; x_wconf 81' lang='lat' dir='ltr'><strong>ordine</strong></span> 
     </span>
    </p>
   </div>
   <div class='ocr_carea' id='block_1_92' title="bbox 2082 4824 3748 4900">
    <p class='ocr_par' dir='ltr' id='par_1_92' title="bbox 2082 4824 3748 4900">
     <span class='ocr_line' id='line_1_92' title="bbox 2082 4824 3748 4900; baseline -0.002 -17"><span class='ocrx_word' id='word_1_636' title='bbox 2082 4885 2091 4893; x_wconf 68' lang='grc'><em>,</em></span> <span class='ocrx_word' id='word_1_637' title='bbox 2128 4827 2486 4900; x_wconf 85' lang='lat' dir='ltr'><strong>digeremus,</strong></span> <span class='ocrx_word' id='word_1_638' title='bbox 2502 4842 2636 4883; x_wconf 90' lang='lat' dir='ltr'><strong>cum</strong></span> <span class='ocrx_word' id='word_1_639' title='bbox 2647 4824 3102 4898; x_wconf 80' lang='lat' dir='ltr'><strong>explicuerimus</strong></span> <span class='ocrx_word' id='word_1_640' title='bbox 3114 4827 3502 4899; x_wconf 86' lang='lat' dir='ltr'><strong>superiorum</strong></span> <span class='ocrx_word' id='word_1_641' title='bbox 3513 4825 3626 4881; x_wconf 88' lang='lat' dir='ltr'><strong>vim</strong></span> <span class='ocrx_word' id='word_1_642' title='bbox 3638 4835 3748 4894; x_wconf 78' lang='lat' dir='ltr'><strong>qua-</strong></span> 
     </span>
    </p>
   </div>
   <div class='ocr_carea' id='block_1_93' title="bbox 2126 4909 3747 4989">
    <p class='ocr_par' dir='ltr' id='par_1_93' title="bbox 2126 4909 3747 4989">
     <span class='ocr_line' id='line_1_93' title="bbox 2126 4909 3747 4989; baseline -0.006 -17"><span class='ocrx_word' id='word_1_643' title='bbox 2126 4915 2471 4989; x_wconf 86' lang='lat' dir='ltr'><strong>litatemque</strong></span> <span class='ocrx_word' id='word_1_644' title='bbox 2499 4914 2833 4972; x_wconf 85' lang='lat' dir='ltr'><strong>verborum.</strong></span> <span class='ocrx_word' id='word_1_645' title='bbox 2865 4914 3294 4989; x_wconf 64' lang='lat' dir='ltr'><strong>Pracipiuntur</strong></span> <span class='ocrx_word' id='word_1_646' title='bbox 3348 4916 3524 4974; x_wconf 86' lang='lat' dir='ltr'><strong>enim</strong></span> <span class='ocrx_word' id='word_1_647' title='bbox 3578 4909 3747 4970; x_wconf 73' lang='lat' dir='ltr'><strong>audire</strong></span> 
     </span>
    </p>
   </div>
   <div class='ocr_carea' id='block_1_94' title="bbox 2125 5000 3742 5078">
    <p class='ocr_par' dir='ltr' id='par_1_94' title="bbox 2125 5000 3742 5078">
     <span class='ocr_line' id='line_1_94' title="bbox 2125 5000 3742 5078; baseline -0.002 -15"><span class='ocrx_word' id='word_1_648' title='bbox 2125 5007 2355 5078; x_wconf 85' lang='lat' dir='ltr'><strong>gentes,</strong></span> <span class='ocrx_word' id='word_1_649' title='bbox 2385 5007 2443 5060; x_wconf 87' lang='lat' dir='ltr'><strong>et</strong></span> <span class='ocrx_word' id='word_1_650' title='bbox 2470 5003 2714 5061; x_wconf 88' lang='lat' dir='ltr'><strong>auribus</strong></span> <span class='ocrx_word' id='word_1_651' title='bbox 2744 5003 3039 5078; x_wconf 86' lang='lat' dir='ltr'><strong>percipere</strong></span> <span class='ocrx_word' id='word_1_652' title='bbox 3066 5003 3169 5077; x_wconf 89' lang='lat' dir='ltr'><strong>qui</strong></span> <span class='ocrx_word' id='word_1_653' title='bbox 3198 5003 3553 5061; x_wconf 87' lang='lat' dir='ltr'><strong>inhabitant</strong></span> <span class='ocrx_word' id='word_1_654' title='bbox 3578 5000 3742 5059; x_wconf 80' lang='lat' dir='ltr'><strong>orbem</strong></span> 
     </span>
    </p>
   </div>
   <div class='ocr_carea' id='block_1_95' title="bbox 2125 5091 3747 5168">
    <p class='ocr_par' dir='ltr' id='par_1_95' title="bbox 2125 5091 3747 5168">
     <span class='ocr_line' id='line_1_95' title="bbox 2125 5091 3747 5168; baseline -0.004 -18"><span class='ocrx_word' id='word_1_655' title='bbox 2125 5097 2312 5150; x_wconf 63' lang='lat' dir='ltr'><strong>terra.</strong></span> <span class='ocrx_word' id='word_1_656' title='bbox 2347 5092 2519 5150; x_wconf 90' lang='lat' dir='ltr'><strong>Illum</strong></span> <span class='ocrx_word' id='word_1_657' title='bbox 2549 5091 2753 5165; x_wconf 88' lang='lat' dir='ltr'><strong>utique</strong></span> <span class='ocrx_word' id='word_1_658' title='bbox 2782 5092 2983 5149; x_wconf 87' lang='lat' dir='ltr'><strong>urbem</strong></span> <span class='ocrx_word' id='word_1_659' title='bbox 3014 5100 3326 5164; x_wconf 86' lang='lat' dir='ltr'><strong>terrarum,</strong></span> <span class='ocrx_word' id='word_1_660' title='bbox 3358 5093 3441 5151; x_wconf 86' lang='lat' dir='ltr'><strong>de</strong></span> <span class='ocrx_word' id='word_1_661' title='bbox 3471 5108 3587 5168; x_wconf 90' lang='lat' dir='ltr'><strong>quo</strong></span> <span class='ocrx_word' id='word_1_662' title='bbox 3606 5099 3747 5159; x_wconf 68' lang='lat' dir='ltr'><strong>supra</strong></span> 
     </span>
    </p>
   </div>
   <div class='ocr_carea' id='block_1_96' title="bbox 2128 5175 3744 5255">
    <p class='ocr_par' dir='ltr' id='par_1_96' title="bbox 2128 5175 3744 5255">
     <span class='ocr_line' id='line_1_96' title="bbox 2128 5175 3744 5255; baseline -0.004 -17"><span class='ocrx_word' id='word_1_663' title='bbox 2128 5181 2307 5238; x_wconf 78' lang='lat' dir='ltr'><strong>dixit:</strong></span> <span class='ocrx_word' id='word_1_664' title='bbox 2339 5205 2368 5231; x_wconf 85' lang='grc'><strong>‹‹</strong></span> <span class='ocrx_word' id='word_1_665' title='bbox 2400 5181 2634 5238; x_wconf 88' lang='lat' dir='ltr'><strong>Domini</strong></span> <span class='ocrx_word' id='word_1_666' title='bbox 2664 5185 2754 5238; x_wconf 86' lang='lat' dir='ltr'><strong>est</strong></span> <span class='ocrx_word' id='word_1_667' title='bbox 2782 5185 2938 5238; x_wconf 87' lang='lat' dir='ltr'><strong>terra</strong></span> <span class='ocrx_word' id='word_1_668' title='bbox 2963 5186 3024 5238; x_wconf 87' lang='lat' dir='ltr'><strong>et</strong></span> <span class='ocrx_word' id='word_1_669' title='bbox 3051 5181 3362 5255; x_wconf 89' lang='lat' dir='ltr'><strong>plenitudo</strong></span> <span class='ocrx_word' id='word_1_670' title='bbox 3426 5183 3593 5255; x_wconf 86' lang='lat' dir='ltr'><strong>ejus:</strong></span> <span class='ocrx_word' id='word_1_671' title='bbox 3624 5175 3744 5235; x_wconf 79' lang='lat' dir='ltr'><strong>urbis</strong></span> 
     </span>
    </p>
   </div>
   <div class='ocr_carea' id='block_1_97' title="bbox 2125 5262 3741 5346">
    <p class='ocr_par' dir='ltr' id='par_1_97' title="bbox 2125 5262 3741 5346">
     <span class='ocr_line' id='line_1_97' title="bbox 2125 5262 3741 5346; baseline -0.002 -19"><span class='ocrx_word' id='word_1_672' title='bbox 2125 5275 2439 5338; x_wconf 87' lang='lat' dir='ltr'><strong>terrarum,</strong></span> <span class='ocrx_word' id='word_1_673' title='bbox 2469 5274 2528 5327; x_wconf 88' lang='lat' dir='ltr'><strong>et</strong></span> <span class='ocrx_word' id='word_1_674' title='bbox 2551 5270 2653 5343; x_wconf 89' lang='lat' dir='ltr'><strong>qui</strong></span> <span class='ocrx_word' id='word_1_675' title='bbox 2682 5270 2952 5328; x_wconf 85' lang='lat' dir='ltr'><strong>habitant</strong></span> <span class='ocrx_word' id='word_1_676' title='bbox 2979 5270 3040 5327; x_wconf 92' lang='lat' dir='ltr'><strong>in</strong></span> <span class='ocrx_word' id='word_1_677' title='bbox 3069 5287 3157 5328; x_wconf 87' lang='lat' dir='ltr'><strong>eo.</strong></span> <span class='ocrx_word' id='word_1_678' title='bbox 3191 5272 3324 5345; x_wconf 85' lang='lat' dir='ltr'><strong>Ipse</strong></span> <span class='ocrx_word' id='word_1_679' title='bbox 3358 5287 3552 5346; x_wconf 87' lang='lat' dir='ltr'><strong>super</strong></span> <span class='ocrx_word' id='word_1_680' title='bbox 3598 5262 3741 5326; x_wconf 68' lang='lat' dir='ltr'><strong>mari!</strong></span> 
     </span>
    </p>
   </div>
   <div class='ocr_carea' id='block_1_98' title="bbox 2126 5351 3741 5434">
    <p class='ocr_par' dir='ltr' id='par_1_98' title="bbox 2126 5351 3741 5434">
     <span class='ocr_line' id='line_1_98' title="bbox 2126 5351 3741 5434; baseline -0.002 -19"><span class='ocrx_word' id='word_1_681' title='bbox 2126 5359 2392 5417; x_wconf 86' lang='lat' dir='ltr'><strong>fundavit</strong></span> <span class='ocrx_word' id='word_1_682' title='bbox 2422 5376 2590 5419; x_wconf 87' lang='lat' dir='ltr'><strong>eum:</strong></span> <span class='ocrx_word' id='word_1_683' title='bbox 2624 5363 2682 5416; x_wconf 88' lang='lat' dir='ltr'><strong>et</strong></span> <span class='ocrx_word' id='word_1_684' title='bbox 2711 5376 2889 5433; x_wconf 86' lang='lat' dir='ltr'><strong>super</strong></span> <span class='ocrx_word' id='word_1_685' title='bbox 2916 5358 3165 5417; x_wconf 84' lang='lat' dir='ltr'><strong>ﬂumina</strong></span> <span class='ocrx_word' id='word_1_686' title='bbox 3218 5360 3579 5434; x_wconf 68' lang='lat' dir='ltr'><strong>preparavit</strong></span> <span class='ocrx_word' id='word_1_687' title='bbox 3626 5351 3741 5414; x_wconf 69' lang='lat'><strong>916</strong></span> 
     </span>
    </p>
   </div>
   <div class='ocr_carea' id='block_1_99' title="bbox 2124 5447 3737 5522">
    <p class='ocr_par' dir='ltr' id='par_1_99' title="bbox 2124 5447 3737 5522">
     <span class='ocr_line' id='line_1_99' title="bbox 2124 5447 3737 5522; baseline -0.001 -16"><span class='ocrx_word' id='word_1_688' title='bbox 2124 5447 2465 5522; x_wconf 82' lang='lat' dir='ltr'><strong>eum(Psat.</strong></span> <span class='ocrx_word' id='word_1_689' title='bbox 2498 5466 2660 5519; x_wconf 67' lang='grc' dir='ltr'><strong>χχιιι,</strong></span> <span class='ocrx_word' id='word_1_690' title='bbox 2712 5451 2738 5505; x_wconf 89' lang='grc'><strong>1</strong></span> <span class='ocrx_word' id='word_1_691' title='bbox 2772 5452 2829 5505; x_wconf 88' lang='lat' dir='ltr'><strong>et</strong></span> <span class='ocrx_word' id='word_1_692' title='bbox 2883 5448 2962 5522; x_wconf 89' lang='lat'><strong>2).</strong></span> <span class='ocrx_word' id='word_1_693' title='bbox 3021 5450 3208 5517; x_wconf 86' lang='lat' dir='ltr'><strong>Quam</strong></span> <span class='ocrx_word' id='word_1_694' title='bbox 3250 5448 3446 5507; x_wconf 56' lang='lat' dir='ltr'><strong>Graeci</strong></span> <span class='ocrx_word' id='word_1_695' title='bbox 3496 5452 3737 5518; x_wconf 53' lang='lat' dir='ltr'><strong>aII-0995&quot;»?</strong></span> 
     </span>
    </p>
   </div>
  </div>
