3856 6206
358 295 522 370 iam

1821 291 1889 359 8ο
1935 289 2313 362 ΛΜΒΒΩΒΠ

3606 295 3700 359 ﬁt

351 431 768 493 claudicamus.
801 430 959 490 Unde
991 427 1272 490 Dominus
1303 427 1606 504 discipulis
1632 425 1810 503 pedes
1858 424 1997 484 lavit
2027 429 2083 497 Α
2110 431 2217 486 est:
2239 421 2551 485 cDominus
2565 425 3714 502 regnavit,dec'oreminduit(Psal.xcn,l).-

350 528 416 581 ut
447 523 663 581 lavaret
691 539 911 579 venena
938 520 1257 593 serpentis:
1289 528 1344 577 et
1372 524 1579 575 Petrus
1631 516 2002 592 reprehendi-

348 616 446 668 tur
473 613 626 685 quod
658 612 990 681 excusabat,
1013 627 1084 666 ne
1105 609 1218 667 sibi
1247 609 1525 666 Dominus
1556 609 1732 680 pedes
1758 606 1994 662 lnvaret.

350 700 482 755 Ideo
503 701 723 755 dictum
755 704 843 754 est
873 697 960 752 ei:
998 719 1026 747 ‹‹
1060 697 1182 754 Nisi
1213 696 1402 754 lavero
1461 695 1566 751 tibi
1631 696 1828 768 pedes,
1882 712 1997 750 non

345 787 588 844 habebis
611 802 837 841 mecum
872 790 1094 856 partem
1127 787 1303 854 (Joan.
1329 802 1455 850 xui,
1480 786 1552 853 8).
1585 806 1610 830 ››
1635 785 1756 847 Οιιο
1773 782 1995 849 audito,

345 893 460 932 non
492 876 680 930 solum
716 875 908 946 pedes,
943 875 1041 928 sed
1075 874 1248 928 etiam
1283 890 1492 928 manus
1513 872 1724 927 obtulit
1751 871 1991 926 abluen-

341 966 468 1020 das.
501 965 654 1020 0-18
684 963 788 1020 Cui
821 962 1104 1019 Dominus
1135 961 1467 1034 respondit:
1504 983 1530 1009 ‹‹
1568 961 1672 1025 Qui
1709 960 1864 1015 lotus
1885 963 1992 1025 est,

341 1070 458 1110 non
490 1053 667 1109 habet
697 1068 929 1108 necesse
963 1057 1026 1106 ut
1058 1051 1271 1106 iterum
1315 1050 1484 1116 lavet,
1522 1049 1632 1104 nisi
1700 1053 1763 1102 ut
1815 1048 1991 1119 pedes

343 1142 526 1198 lavet:
561 1142 662 1199 sed
690 1146 779 1196 est
800 1141 1057 1195 mundus
1092 1144 1248 1195 totus
1270 1139 1428 1207 (Ibid.
1461 1138 1570 1206 10).
1607 1161 1634 1187 ››

408 1233 464 1286 9.
500 1232 646 1303 Ergo
677 1229 852 1286 David
885 1229 1049 1284 dicit:
1079 1250 1105 1277 ‹‹
1144 1228 1485 1298 Iniquitates
1528 1243 1668 1280 mea:
1709 1242 1989 1297 superpo-

338 1325 579 1377 suerunt
608 1322 782 1391 caput
815 1334 1008 1373 meum
1042 1318 1214 1387 (Ρδαί.
1240 1333 1456 1381 xxxvn,
1489 1317 1580 1382 5);
1620 1337 1645 1361 ››
1680 1315 1775 1384 qui
1804 1331 1863 1369 se
1888 1332 1989 1368 no-

335 1413 493 1464 verat
522 1410 580 1463 in
613 1407 919 1479 iniquitate
948 1421 1076 1460 esse
1107 1409 1474 1476 conceptum,
1509 1409 1565 1458 et
1595 1402 1652 1456 in
1696 1402 1924 1457 delictis
1956 1420 1990 1458 a

338 1502 522 1554 matre
555 1513 682 1552 esse
702 1499 1064 1566 generatum.
1083 1493 1365 1548 Dominus
1388 1497 1581 1547 autem
1609 1491 1708 1562 qui
1733 1509 1840 1547 sua
1864 1508 1987 1562 pec-

334 1592 465 1645 cata
493 1603 607 1642 non
632 1584 858 1650 habuit,
895 1599 997 1637 nec
1019 1583 1291 1653 cognovit
1323 1581 1588 1652 proprias
1621 1579 1980 1650 iniquitates,

337 1677 446 1732 ait:
484 1698 512 1726 «
547 1674 831 1745 Iniquitas
851 1671 1108 1726 calcanei
1124 1670 1234 1726 mei
1253 1669 1642 1725 circumdabit
1666 1686 1791 1736 me;
1824 1691 1849 1717 ι»
1875 1669 1983 1723 hoc

337 1770 445 1830 est,
471 1763 752 1836 iniquitas
779 1762 929 1828 Adin,
965 1777 1079 1816 non
1139 1776 1286 1816 mea.
1322 1760 1431 1815 Sed
1492 1776 1559 1814 ea
1619 1774 1734 1813 non
1794 1762 1984 1829 potest

333 1853 476 1908 mihi
510 1868 637 1908 esse
667 1849 867 1906 terrori
897 1867 910 1917 ;
948 1850 1004 1903 in
1038 1849 1130 1904 die
1159 1846 1541 1917 enimjudicii
1571 1850 1771 1901 nostra
1793 1846 1850 1900 in
1875 1863 1978 1900 no-

337 1942 449 2009 bis,
483 1958 597 1996 non
629 1939 827 1996 alienae
856 1937 1182 2008 iniquitatis
1209 1937 1429 2007 flagitia
1446 1935 1791 2006 puniuntur.
1818 1934 1978 1989 Unde

332 2047 463 2086 reor
493 2029 860 2101 iniquitatem
912 2026 1167 2081 calcanei
1199 2025 1388 2096 magis
1446 2023 1738 2078 lubricum
1791 2024 1977 2079 delin-

332 2119 569 2192 quendi,
603 2135 780 2190 quam
814 2123 1037 2172 reatum
1069 2113 1324 2186 aliquem
1358 2113 1542 2169 nostri
1598 2129 1727 2168 esse
1781 2111 1976 2168 delicti

335 2209 467 2278 (17).
502 2206 820 2276 Meritoque
855 2203 1133 2259 Dominus
1172 2203 1273 2274 qui
1331 2219 1434 2274 pro
1488 2201 1656 2257 nobis
1707 2201 1978 2257 universa

329 2295 623 2366 suscepit:
679 2300 977 2357 Lavcmus,
1036 2290 1248 2362 inquit,
1278 2294 1333 2346 et
1363 2291 1561 2362 pedes,
1615 2295 1677 2344 ut
1722 2288 1977 2345 calcanei

331 2383 622 2439 lubricum
654 2381 950 2454 possimus
983 2380 1240 2446 auferre;
1275 2396 1388 2450 quo
1416 2379 1533 2434 tida
1563 2377 1734 2434 statio
1792 2379 1978 2450 possit

329 2489 460 2529 esse
487 2472 791 2538 virtutum,
827 2474 883 2525 et
914 2485 984 2525 ne
1016 2472 1252 2540 paterno
1281 2469 1414 2539 quis
1467 2485 1660 2523 errore
1725 2468 1974 2535 labatur,

329 2562 430 2635 qui
461 2578 568 2617 suo
599 2563 840 2633 paratus
870 2563 959 2614 est
989 2561 1143 2614 stare
1172 2557 1504 2630 proposito:
1539 2560 1730 2613 etnon
1753 2560 1978 2613 metuat

329 2650 621 2706 lubricum
653 2647 1032 2716 haereditatis,
1066 2646 1168 2718 qui
1199 2645 1360 2718 cupit
1416 2646 1724 2717 vestigium
1779 2651 1975 2700 tenere

327 2740 582 2796 virtutis.
618 2737 902 2810 Iniquitas
933 2753 1069 2808 ergo
1091 2735 1344 2792 calcanei
1371 2735 1554 2790 nostri
1583 2733 1974 2806 praevaricatio

332 2831 422 2883 est
450 2827 610 2897 Adm,
642 2842 744 2897 per
773 2841 952 2896 quam
985 2823 1297 2895 prolapsus
1353 2827 1442 2878 est
1468 2823 1527 2878 in
1575 2827 1973 2894 contemptum

327 2921 386 2972 et
415 2913 948 2971 dissimulationem
981 2911 1302 2967 cmlestium
1335 2911 1766 2966 mandatorum.

401 3006 486 3059 10.
522 3005 623 3058 Est
650 3002 826 3057 etiam
849 3001 1131 3072 iniquitas
1161 2999 1435 3067 calcanei,
1458 2999 1623 3056 Juda:
1651 2999 1974 3055 hazsitanda

327 3093 435 3164 (18)
474 3091 744 3165 proditio.
791 3089 1059 3146 Calcanei
1120 3089 1270 3157 ideo,
1320 3090 1461 3160 quia
1509 3089 1795 3161 scriptum
1844 3092 1970 3144 est:

329 3205 356 3232 ‹‹
391 3182 497 3248 Qui
529 3181 845 3237 manducet
888 3195 1085 3235 meum
1139 3195 1370 3251 panem.
1424 3178 1638 3234 levabit
1674 3195 1851 3251 super
1878 3194 1972 3233 me
2001 3166 2045 3234 C

329 3270 671 3327 ealcaneum
699 3286 874 3325 suum
904 3270 1058 3324 Psal.
1091 3285 1182 3336 XL,
1223 3268 1330 3338 tO).
1357 3290 1386 3317 »
1415 3272 1562 3324 Bene
1582 3271 1638 3323 et
1667 3267 1746 3323 ibi
1769 3285 1965 3334 suum,

324 3366 382 3417 et
411 3361 504 3416 hic
535 3377 729 3417 meum
761 3359 940 3414 dixit:
977 3375 1178 3426 suum,
1211 3357 1350 3429 quia
1379 3356 1666 3424 Christus,
1699 3358 1826 3413 sine
1856 3356 1966 3412 ini-

326 3451 568 3522 quitate,
601 3450 724 3506 haec
779 3453 974 3504 autem
1033 3447 1216 3503 solius
1283 3445 1563 3518 iniquitas
1615 3446 1965 3517 proditoris:

326 3555 524 3595 meum
555 3543 749 3595 autem
781 3537 1138 3605 ealcaneum,
1174 3536 1340 3607 quasi
1379 3535 1656 3591 ultimum
1713 3535 1806 3590 sui
1852 3551 1970 3590 cor-

326 3629 484 3700 poris
514 3628 727 3684 Judam
760 3626 1025 3682 Christus
1056 3625 1328 3697 appellat,
1389 3626 1560 3695 cujus
1602 3641 1708 3681 nos
1764 3641 1969 3680 sumus

325 3732 538 3788 corpus
567 3719 625 3770 et
654 3714 934 3769 membra.
967 3714 1225 3784 Apostoli
1251 3713 1652 3784 praestantiora
1684 3719 1740 3770 et
1770 3718 1968 3770 actuo-

325 3822 393 3862 sa
417 3803 681 3860 membra
711 3806 850 3857 sunt
871 3801 1114 3856 Christi:
1167 3803 1350 3857 Judas
1402 3802 1762 3870 ealcaneum,
1820 3821 1963 3875 qua-

325 3895 373 3950 si
405 3897 660 3950 extrema
691 3909 826 3964 pars
857 3891 1116 3962 corporis
1147 3891 1400 3962 serpenti
1448 3891 1717 3959 obnoxia,
1750 3897 1808 3948 et
1867 3910 1971 3964 pa-

324 3988 452 4040 tens
485 3981 732 4038 vulneri.
769 3980 1028 4035 Primum
1061 3996 1198 4052 ergo
1228 3979 1566 4035 ealcaneum
1618 3981 1824 4048 Adam,
1885 3997 1972 4038 se-

322 4075 581 4129 cundum
612 4072 951 4128 ealcaneum
985 4070 1191 4124 Judas.
1230 4067 1330 4124 Ille
1352 4067 1556 4141 lapsus
1585 4069 1768 4126 totius
1788 4071 1969 4126 hmre-

323 4162 543 4232 ditatis,
579 4162 673 4217 hic
706 4160 890 4216 solius
922 4159 1253 4231 proditoris,
1283 4159 1380 4230 qui
1424 4158 1818 4215 hmreditatem
1858 4159 1969 4214 im-

323 4251 537 4323 plicare
568 4267 682 4306 non
711 4250 923 4321 potuit;
957 4248 1236 4320 quiajam
1268 4264 1385 4303 non
1427 4249 1694 4305 carnales
1738 4265 1967 4318 sumus,

322 4340 422 4396 sed
449 4339 850 4410 Redemptoris
873 4338 1201 4404 hrereditas,
1226 4337 1524 4409 Scriptura
1544 4337 1800 4394 dicente:
1821 4362 1846 4388 «
1872 4339 1974 4394 Est

321 4430 632 4486 hmreditas
662 4429 774 4498 (l9)
797 4427 1170 4482 credentibus
1198 4426 1256 4480 in
1279 4427 1528 4482 Domino
1552 4428 1802 4498 (Ismuv,
1828 4429 1912 4482 17.
1942 4449 1969 4476 ››

394 4521 481 4575 11.
517 4521 614 4574 Est
643 4523 700 4574 et
722 4518 824 4572 illa
857 4517 1136 4588 iniquitas
1166 4515 1424 4571 caleanei
1447 4517 1560 4582 sui,
1583 4535 1707 4587 quas
1724 4518 1974 4572 circum-
1999 4543 2046 4608 Β

322 4607 842 4663 dedit-Christum:
884 4632 908 4655 ιι
948 4605 1413 4671 Circumdantes,
1457 4605 1666 4677 inquit,
1727 4607 1973 4662 cireum-

323 4697 615 4752 dederunt
642 4712 758 4763 me,
789 4700 842 4750 et
874 4694 932 4749 in
965 4694 1200 4749 nomine
1232 4693 1481 4748 Domini-
1515 4694 1676 4749 ultus
1727 4712 1862 4750 sum
1909 4695 1969 4751 in

322 4803 421 4842 eos
450 4786 816 4856 (Psal.cxvn,
844 4782 986 4854 41).»
1022 4780 1369 4836 Calcaneum
1395 4783 1523 4853 ejus
1548 4784 1856 4856 Synagoga
1883 4788 1971 4840 est

323 4876 498 4932 decor
527 4879 584 4932 et
611 4874 795 4948 gloria
824 4871 1018 4927 vultus
1050 4872 1177 4942 ejus
1197 4869 1483 4938 Ecclesia;
1517 4871 1670 4928 sicut
1689 4873 1970 4945 scriptum

396 5053 507 5126 [17)
538 5052 746 5134 Agitur
773 5052 866 5134 hic
886 5051 958 5106 de
984 5048 1257 5105 fidelibus
1279 5049 1518 5116 adultis,
1552 5051 1654 5175 qui
1685 5049 1971 5134 judicium

396 5144 440 5175 In
474 5125 544 5175 de
573 5122 840 5175 originali
879 5127 1130 5175 peccato.
1165 5121 1261 5175 sed
1297 5122 1366 5174 de
1390 5127 1557 5175 actua
1590 5124 1717 5175 ibus
1751 5124 1971 5175 subitu-

325 5121 442 5181 no‘n
474 5121 544 5180 de
573 5121 840 5196 originali
878 5127 1130 5196 peccato,
1165 5121 1261 5196 sed
1297 5122 1366 5196 de
1390 5121 1717 5196 actualibus
1751 5123 1974 5178 subitu-

326 5198 372 5253 ri
407 5200 564 5253 sunt.
591 5193 752 5261 Qu'od
776 5193 907 5250 vero
929 5194 1203 5248 subditur
1224 5193 1566 5263 iniquitatem
1588 5195 1832 5249 culcanei
1861 5212 1976 5250 ma-

326 5272 410 5338 gis
443 5270 714 5322 lubricum
741 5266 1122 5338 delinquendi,
1155 5280 1318 5338 quam
1339 5266 1551 5338 reatum
1589 5266 1827 5337 aliquem
1873 5283 1973 5321 no-

326 5335 428 5394 stri
454 5357 566 5393 esse
587 5339 792 5410 delicli,
818 5335 927 5392 hoc
951 5335 1641 5410 nimiruin_signiticatur,
1667 5335 1976 5410 quodpost

329 5427 397 5463 ea
427 5411 484 5462 in
513 5409 772 5463 'l‘rident.
807 5409 1026 5480 synodo
1053 5423 1196 5462 sese.
1229 5408 1282 5472 5,
1325 5406 1464 5480 ean.
1491 5406 1618 5474 ult.,
1677 5406 1971 5464 sancitum

329 5477 990 5552 est,concupiscentiam
1025 5480 1096 5533 ab
1125 5477 1399 5552 Apostolo
1456 5484 1757 5549 peceatum
1814 5480 1972 5552 apel-

333 5547 461 5621 lari,
496 5547 806 5621 nom—quod
835 5567 956 5605 vere
985 5555 1032 5602 et
1063 5547 1284 5619 proprie
1330 5551 1387 5621 in
1445 5547 1651 5604 renatis
1695 5547 1974 5621 peccatum

333 5620 442 5687 sit;
464 5618 555 5672 sed
583 5618 715 5687 quia
742 5637 810 5674 ex
835 5618 1174 5690 peccato’est,
1207 5623 1257 5674 et
1293 5620 1364 5674 ad
1386 5629 1664 5690 peccatum
1695 5618 1967 5681 inclinat.

2182 519 2266 573 12.
2293 517 2480 589 (Vers.
2508 519 2586 589 7).
2621 517 2709 574 Illi
2738 535 2875 591 ergo
2905 523 3046 576 sunt
3074 519 3447 588 calnaueum,
3507 519 3578 574 de
3623 521 3704 591 qui

2108 607 2218 662 bus
2249 608 2422 663 dicit:
2452 630 2481 657 «
2515 606 2623 674 Qui
2653 608 2960 665 confidunt
2989 607 3050 663 in
3073 609 3285 665 virtute
3305 625 3434 676 sua,
3460 609 3662 679 quique
3679 609 3706 664 i.

2110 697 2474 752 abundantia
2501 697 2839 754 divitiarum
2870 714 3113 754 suarum
3174 696 3521 770 gloriantur.
3553 727 3616 737 -
3648 698 3702 753 Di

2103 785 2248 840 vites
2276 789 2562 856 eguerunt
2590 789 2648 841 et
2673 786 3009 842 esurierunt
3029 787 3199 856 (Psal.
3225 803 3422 855 χχχιιι,
3441 787 3703 856 11).››οιιο‹

2104 874 2175 928 de
2201 873 2420 929 Judecis
2449 873 2670 929 dictum
2700 879 2808 930 est.
2841 875 2950 930 Sed
2983 878 3040 930 et
3076 891 3278 931 omnes
3309 875 3412 946 qui
3456 875 3705 932 luxurios

2102 961 2320 1029 vivunt,
2341 967 2398 1018 et
2420 980 2534 1017 non
2558 966 2760 1017 tenent
2781 968 2978 1034 caput,
3001 960 3566 1020 cal'caneumchristi
3587 969 3715 1020 sunt.

2102 1051 2212 1105 Sed
2244 1051 2364 1106 haec
2396 1050 2710 1122 generalia,
2742 1068 2868 1122 quae
2894 1051 3008 1108 late
3031 1057 3248 1124 patent.
3283 1053 3566 1108 Caeterum
3612 1069 3717 1123 spe-

2101 1137 2326 1193 cialiter
2354 1140 2424 1193 de
2451 1138 2605 1194 Juda
2635 1137 2865 1194 locutus
2897 1143 2985 1195 est
3017 1140 3332 1211 proditore,
3366 1139 3467 1212 qui
3499 1139 3605 1195 sibi
3642 1157 3718 1195 va-

2101 1226 2257 1282 lidus
2287 1232 2343 1282 et
2375 1227 2536 1283 dives
2568 1227 2933 1300 apostolatus
2963 1227 3152 1300 gloria
3179 1229 3505 1285 videbatur.

2171 1317 2256 1370 13.
2292 1316 2476 1385 (Vere.
2510 1319 2563 1381 8,
2607 1317 2688 1385 9.)
2745 1315 3002 1389 Denique
3058 1317 3130 1373 de
3187 1317 3459 1388 passione
3516 1317 3720 1372 Domini

2097 1420 2289 1459 sermo
2320 1404 2647 1459 contexitur
2670 1426 2698 1454 «
2724 1407 2924 1460 Frater
2945 1423 3061 1460 non
3093 1406 3347 1471 redimit,
3371 1406 3617 1461 redimet
3635 1406 3718 1461 bo-

2096 1510 2190 1548 mo
2217 1512 2228 1557 ;
2266 1510 2369 1549 nec
2386 1493 2547 1548 dabit
2570 1494 2685 1549 Deo
2709 1493 3183 1566 propitiationem
3209 1511 3400 1565 suam,
3424 1499 3482 1550 et
3493 1494 3722 1566 pretium

2095 1582 2513 1654 redemptionis
2531 1581 2740 1638 animae
2762 1600 2883 1638 sum
2914 1601 2928 1650 ;
2959 1602 2986 1633 ιι
3013 1583 3124 1638 hoc
3139 1587 3246 1650 est,
3271 1587 3336 1638 ut
3363 1583 3508 1654 quid
3529 1584 3721 1639 timebo

2099 1669 2158 1725 in
2189 1670 2282 1726 die
2314 1670 2470 1726 mala
2487 1671 2516 1725 ?
2535 1672 2681 1735 Quid
2709 1672 2864 1726 enim
2887 1676 3078 1744 potest
3101 1671 3244 1727 mihi
3268 1673 3602 1744 nocere,qui
3623 1689 3722 1728 non

2092 1759 2283 1815 solum
2315 1776 2432 1816 non
2463 1760 2695 1832 indigeo
2717 1762 2874 1817 040
2905 1762 3291 1833 redemptore,
3325 1761 3428 1817 sed
3453 1762 3579 1834 ipse
3613 1778 3721 1816 om-

2090 1847 2252 1904 nium
2285 1866 2418 1905 sum
2451 1851 2781 1921 redemptor
2805 1850 2842 1926 ‘I.
2861 1849 3019 1906 Alios
3046 1850 3260 1906 liberos
3280 1849 3516 1916 faciam,
3549 1854 3600 1906 et
3627 1867 3720 1923 pro

2089 1955 2180 1993 me
2211 1938 2338 2010 ipso
2371 1939 2495 2010 ipse
2525 1939 2826 2010 trepidabo
2848 1939 2876 1993 ‘I
2909 1939 3048 1995 Ecce
3072 1940 3281 1995 faciam
3322 1956 3472 2016 nova
3519 1940 3719 2009 omnia,

2087 2043 2214 2098 qua:
2246 2043 2426 2099 supra
2447 2029 2642 2098 ipsum
2663 2028 3066 2100 germanitatis
3099 2028 3371 2084 affectum
3405 2029 3526 2084 sint
3566 2033 3720 2101 atque

2087 2115 2360 2188 pietatem
2372 2117 2572 2180 .Quem
2589 2117 2768 2172 frater
2777 2118 2982 2174 eodem
2995 2118 3201 2174 matris
3214 2122 3382 2174 utero
3401 2118 3618 2174 etl‘usus
3667 2119 3713 2172 ir

2084 2204 2275 2261 lucem
2305 2205 2590 2262 redimere
2608 2223 2724 2262 non
2747 2207 3106 2278 potest,quia
3126 2207 3327 2280 parilis
3339 2207 3564 2263 natare:
3580 2207 3721 2262 iuﬁr~

2086 2294 2287 2349 mitate
2316 2293 2616 2361 retinetur,
2649 2294 2896 2350 redimet
2940 2296 3146 2351 homo:
3181 2296 3283 2352 sed
3307 2294 3404 2352 ille
3433 2295 3606 2351 homo
3656 2297 3721 2350 de

2086 2400 2203 2454 quo
2215 2383 2500 2456 scriptum
2515 2388 2603 2439 est
2620 2401 2634 2450 ;
2653 2384 2792 2456 quia
2804 2387 2986 2440 mittet
3005 2385 3713 2452 iuisDominushonu'nem,

2083 2474 2179 2544 qui
2203 2473 2435 2528 salvabit
2461 2488 2548 2528 eos
2578 2473 2705 2543 (1.9a.
2741 2490 2858 2542 xix,
2890 2474 2982 2545 20)
3012 2491 3025 2541 ;
3061 2473 3168 2544 qui
3199 2474 3272 2528 de
3296 2489 3359 2529 se
3392 2474 3524 2545 ipso
3552 2473 3713 2528 dixit:

2084 2585 2112 2611 ‹‹
2145 2561 2412 2629 Quaeritis
2432 2577 2524 2618 me
2553 2561 2832 2629 occidere,
2850 2561 3149 2618 hominem
3187 2561 3288 2634 qui
3318 2561 3618 2618 veritatem
3645 2562 3714 2617 lo-

2083 2654 2256 2705 cutus
2285 2666 2417 2705 sum
2448 2649 2609 2705 vobis
2629 2651 2810 2721 (Joan.
2844 2667 2968 2715 vm,
2997 2651 3108 2722 40).
3140 2671 3169 2699 »
3192 2650 3305 2706 Sed
3340 2651 3607 2722 quamvis
3625 2650 3704 2705 bo~

2085 2755 2179 2795 mo
2196 2738 2294 2805 sit,
2317 2739 2452 2810 quis
2465 2743 2775 2810 cognoscet
2787 2753 2924 2795 eum
2943 2739 2972 2793 ?
2985 2741 3173 2805 Quare
3185 2755 3359 2795 nemo
3385 2739 3713 2812 cognoscet?

2082 2826 2227 2893 Quia
2255 2825 2413 2882 sicut’
2436 2830 2590 2882 unus
2621 2827 2887 2894 Deus,ita
2913 2833 2973 2882 et
2990 2829 3148 2882 unus
3178 2828 3470 2883 mediator
3516 2827 3612 2884 Dei
3663 2831 3708 2881 et

2082 2915 2391 2971 hominum
2419 2915 2592 2971 homo
2613 2914 2880 2972 Christus
2907 2916 3100 2972 Jesus.
3135 2917 3264 2988 Ipse
3295 2921 3386 2972 est
3413 2916 3579 2973 solus
3619 2916 3704 2987 qui

2081 3004 2327 3060 redimet
2354 3004 2675 3072 hominem,
2704 3003 2942 3061 vincens
2973 3005 3190 3077 pietate
3237 3021 3556 3078 germanos
3585 3005 3704 3078 quia

2081 3109 2188 3166 pro
2219 3091 2426 3149 alienis
2457 3093 2805 3164 sanguinem
2828 3110 3003 3149 suum
3026 3094 3195 3161 fudit,
3221 3111 3398 3165 quem
3433 3109 3600 3150 nemo
3624 3109 3709 3165 po-

2083 3186 2200 3238 test
2227 3182 2433 3238 oll‘erre
2462 3199 2566 3253 pro
2600 3181 2792 3238 fratre.
2826 3183 3028 3254 Itaque
3051 3184 3280 3256 corpori
3313 3183 3551 3256 proprio
3605 3171 3724 3236 non.

2080 3271 2356 3344 pepercit,
2383 3275 2448 3326 ut
2477 3288 2583 3327 nos
2615 3270 2926 3327 redimeret
2954 3288 2988 3327 a
3017 3277 3252 3344 peccato
3277 3291 3290 3328 :
3318 3277 3376 3328 et
3421 3271 3583 3327 dedit
3631 3287 3708 3326 se-

2080 3360 2395 3432 metipsum
2410 3357 2869 3432 redemptionem
2894 3373 2996 3433 pro
3036 3362 3352 3428 ominibus,
3387 3362 3712 3417 sicutverus

2078 3448 2207 3518 ejus
2235 3447 2402 3502 testis
2432 3445 2687 3503 asseruit
2716 3447 3016 3519 apostolus
3034 3448 3272 3514 Paulus,
3305 3449 3406 3520 qui
3426 3449 3513 3504 ait
3534 3463 3547 3502 :
3565 3471 3593 3497 cc
3622 3448 3715 3502 Ve-

2090 3535 2325 3591 ritatem
2355 3535 2630 3603 dico,‘non
2667 3537 2922 3592 mentior
2946 3539 3118 3608 (Rom.
3155 3556 3230 3605 ix,
3266 3539 3340 3606 1).
3379 3560 3408 3586 ››
3440 3537 3554 3593 Sed
3586 3551 3714 3608 qua-

2080 3639 2141 3680 re
2171 3623 2331 3687 solus
2363 3623 2455 3680 hic
2487 3624 2733 3680 redimet
2749 3625 2778 3679 ?
2798 3625 2946 3691 Quia
2970 3643 3140 3682 nemo
3157 3629 3346 3699 potest
3369 3631 3511 3682 eum
3537 3641 3714 3698 ecqua-

2080 3730 2141 3769 re
2169 3713 2381 3786 pietate
2407 3730 2418 3779 ;
2452 3717 2518 3768 ut
2546 3729 2650 3784 pro
2682 3713 2930 3770 servulis
2961 3713 3086 3771 suis
3117 3716 3375 3772 animam
3421 3731 3595 3770 suam
3630 3728 3720 3785 po-

2080 3805 2209 3857 nat:
2235 3818 2404 3857 nemo
2437 3801 2808 3874 integritate;
2841 3817 3046 3859 omnes
3088 3805 3245 3859 enim
3303 3804 3419 3859 sub
3474 3807 3721 3876 peccato,

2079 3905 2285 3946 omnes
2313 3890 2447 3945 Ades
2473 3888 2634 3946 illius
2664 3889 2972 3962 subjaCent
2998 3891 3381 3964 prolapsioni.
3417 3892 3597 3948 Solus
3627 3886 3722 3946 ae-

2079 3981 2350 4050 demptor
2377 3979 2632 4053 eligitur,
2658 3979 2759 4049 qui
2791 3984 3027 4054 peccato
3057 3981 3234 4037 veteri
3263 3981 3567 4039 obnoxius
3609 3994 3723 4036 esse

2084 4085 2197 4124 non
2227 4067 2433 4140 possit.
2478 4072 2624 4140 Ergo
2655 4085 2759 4142 per
2785 4069 3103 4141 hominem,
3150 4070 3473 4128 Dominum
3534 4072 3722 4128 Jesum

2079 4156 2498 4228 intelligamus,
2532 4157 2925 4232 qui'suscepit
2953 4160 3211 4216 hominis
3232 4160 3642 4218 conditionem
3672 4160 3730 4211 ut

2078 4246 2140 4302 in
2161 4262 2334 4302 carne
2365 4263 2474 4302 sua
2503 4249 2806 4318 peccatum
2840 4249 3106 4305 omnium
3128 4249 3588 4321 crueifigeret,et
3615 4241 3726 4302 cbi-

2081 4335 2438 4409 rographum
2466 4334 2888 4392 universorum
2907 4349 3014 4392 suo
3045 4354 3251 4394 cruore
3282 4337 3534 4394 deleret.

2154 4425 2240 4480 14.
2274 4423 2385 4479 Sed
2417 4423 2566 4482 forte
2595 4425 2758 4482 dicas
2777 4421 3096 4489 :Quomodo
3126 4427 3556 4498 redempturus
3569 4427 3728 4480 frater

2081 4518 2514 4586 negatur,‘cum
2546 4513 2672 4586 ipse
2703 4514 2940 4571 dixerit:
2977 4540 3004 4564 «
3028 4516 3286 4571 Narrabo
3317 4532 3545 4571 nomen
3575 4521 3721 4569 tuum

2078 4601 2360 4658 fratribus
2392 4602 2540 4658 meis
2592 4604 2762 4674 (Psal.
2792 4621 2908 4674 xvr,
2968 4605 3112 4676 23)?
3151 4628 3182 4654 »
3236 4604 3350 4660 Sed
3417 4617 3541 4660 non
3598 4617 3723 4674 qua-

2079 4691 2129 4748 si
2161 4690 2342 4746 frater
2369 4689 2561 4757 nobis,
2594 4692 2695 4747 sed
2729 4691 2898 4764 quasi
2931 4686 3107 4748 hemo
3127 4693 3303 4748 Jcsus
3333 4693 3638 4760 Christus,
3675 4690 3722 4742 in

2080 4795 2195 4852 quo
2226 4779 2377 4834 Deus
2417 4783 2561 4845 erat,
2607 4779 2777 4836 nobis
2833 4785 3068 4853 peccata
3117 4781 3363 4837 dimisit.
3431 4783 3535 4837 Sic
3589 4779 3724 4836 enim

2081 4869 2365 4941 scriptum
2391 4872 2520 4924 est:
2555 4892 2582 4919 ‹‹
2604 4869 2754 4926 Deus
2785 4865 2910 4926 erat
2936 4870 3003 4925 in.
3027 4870 3258 4926 Christo
3308 4869 3615 4926 mundum
3651 4882 3725 4922 re-

2079 5049 2348 5105 Cont‘erre
2380 5051 2560 5122 pedes
2580 5047 2747 5122 hunc
2767 5047 2952 5104 nostri
2984 5047 3179 5104 locum
3211 5064 3346 5104 cum
3374 5047 3460 5122 iis
3492 5063 3622 5122 qua
3636 5044 3723 5122 lib.

2082 5139 2142 5185 ιι,
2174 5137 2300 5191 cap.
2335 5119 2427 5186 40,
2466 5121 2532 5176 de
2565 5119 2752 5174 Gratia
2775 5123 2827 5174 et
2855 5124 3081 5176 Peccato
3109 5121 3383 5191 originali
3412 5119 3604 5176 tradit
3629 5119 3722 5172 Au—

2125 5190 2376 5249 ustinus.
2409 5193 2624 5248 Verum
2655 5191 2932 5262 loquendi
2962 5191 3071 5246 hac
3093 5192 3166 5247 de
3195 5190 3256 5247 re
3287 5190 3442 5247 alibi
3477 5191 3723 5246 adhaese

2125 5264 2245 5319 abit
2271 5265 2521 5320 occasio.

2153 5337 2264 5415 (18)
2295 5333 2633 5415 Haesitanda,
2668 5333 3316 5415 quaepr‘oferenda‘non
3351 5339 3474 5415 est,
3514 5332 3624 5415 nisi
3654 5343 3721 5415 re:

2083 5403 2346 5464 luctante
2376 5421 2648 5479 acprope
2677 5403 2860 5460 invita
2889 5403 3110 5477 lingua,
3144 5409 3210 5460 ut
3254 5405 3463 5460 evenit
3515 5405 3589 5459 iis
3644 5403 3718 5471 qui

2083 5479 2420 5535 haesitantia
2449 5478 2735 5533 laborant.
2943 5539 2945 5542 ,
3187 5511 3192 5514 ς

2154 5551 2267 5622 (19)
2301 5551 2468 5608 Rom.
2501 5549 2638 5605 edit.
2674 5546 2818 5616 sola,
2875 5549 2968 5604 Est
3019 5547 3312 5604 hwreditas
3373 5543 3718 5603 servientibus

2088 5624 2372 5693 Domino,
2472 5633 2478 5638 ·
2618 5658 2620 5661 -
3239 5635 3243 5642 ·
3313 5664 3316 5667 .
