  <div class='ocr_page' id='page_1' title='image "/cluster/home/n/w/nwhite01/storage/ocr_20150623/14/uva.x000826552/623.png"; bbox 0 0 3856 6206; ppageno 0'>
   <div class='ocr_carea' id='block_1_1' title="bbox 138 357 249 419">
    <p class='ocr_par' dir='ltr' id='par_1_1' title="bbox 138 357 249 419">
     <span class='ocr_line' id='line_1_1' title="bbox 138 357 249 419; baseline -0.027 0"><span class='ocrx_word' id='word_1_1' title='bbox 138 357 249 419; x_wconf 72' lang='lat'>217</span> 
     </span>
    </p>
   </div>
   <div class='ocr_carea' id='block_1_2' title="bbox 1146 344 2453 416">
    <p class='ocr_par' dir='ltr' id='par_1_2' title="bbox 1146 344 2453 416">
     <span class='ocr_line' id='line_1_2' title="bbox 1146 344 2453 416; baseline -0.006 0"><span class='ocrx_word' id='word_1_2' title='bbox 1146 353 1600 416; x_wconf 80' lang='lat' dir='ltr'>ENARRATIO</span> <span class='ocrx_word' id='word_1_3' title='bbox 1643 351 1721 414; x_wconf 85' lang='lat' dir='ltr'>IN</span> <span class='ocrx_word' id='word_1_4' title='bbox 1764 346 2142 412; x_wconf 58' lang='lat' dir='ltr'>DSKLMUM</span> <span class='ocrx_word' id='word_1_5' title='bbox 2185 344 2453 410; x_wconf 82' lang='lat' dir='ltr'>XLVIII.</span> 
     </span>
    </p>
   </div>
   <div class='ocr_carea' id='block_1_3' title="bbox 3339 299 3495 410">
    <p class='ocr_par' dir='ltr' id='par_1_3' title="bbox 3339 299 3495 410">
     <span class='ocr_line' id='line_1_3' title="bbox 3339 299 3495 410; baseline 0 -1"><span class='ocrx_word' id='word_1_6' title='bbox 3339 299 3495 410; x_wconf 61' lang='grc' dir='ltr'>ΗΠΒ</span> 
     </span>
    </p>
   </div>
   <div class='ocr_carea' id='block_1_4' title="bbox 135 481 3497 559">
    <p class='ocr_par' dir='ltr' id='par_1_4' title="bbox 135 481 3497 559">
     <span class='ocr_line' id='line_1_4' title="bbox 135 481 3497 559; baseline -0.003 -11"><span class='ocrx_word' id='word_1_7' title='bbox 135 489 412 548; x_wconf 90' lang='lat' dir='ltr'>oncilians</span> <span class='ocrx_word' id='word_1_8' title='bbox 441 489 552 544; x_wconf 85' lang='lat' dir='ltr'>sibi</span> <span class='ocrx_word' id='word_1_9' title='bbox 585 489 661 558; x_wconf 90' lang='grc' dir='ltr'>(ΙΙ</span> <span class='ocrx_word' id='word_1_10' title='bbox 687 488 807 544; x_wconf 83' lang='lat' dir='ltr'>Cor.</span> <span class='ocrx_word' id='word_1_11' title='bbox 840 504 896 556; x_wconf 90' lang='lat' dir='ltr'>v,</span> <span class='ocrx_word' id='word_1_12' title='bbox 928 486 1039 559; x_wconf 79' lang='grc'>49).</span> <span class='ocrx_word' id='word_1_13' title='bbox 1078 510 1105 536; x_wconf 89' lang='grc'><strong>››</strong></span> <span class='ocrx_word' id='word_1_14' title='bbox 1139 488 1200 541; x_wconf 89' lang='lat' dir='ltr'>In</span> <span class='ocrx_word' id='word_1_15' title='bbox 1231 486 1331 540; x_wconf 88' lang='lat' dir='ltr'>illo</span> <span class='ocrx_word' id='word_1_16' title='bbox 1359 488 1588 542; x_wconf 82' lang='lat' dir='ltr'>Christo</span> <span class='ocrx_word' id='word_1_17' title='bbox 1640 485 1737 540; x_wconf 84' lang='lat' dir='ltr'>Je-</span> <span class='ocrx_word' id='word_1_18' title='bbox 1772 486 1816 550; x_wconf 77' lang='grc' dir='ltr'><strong>Α</strong></span> <span class='ocrx_word' id='word_1_19' title='bbox 1856 484 2164 538; x_wconf 81' lang='lat' dir='ltr'>Laborahit</span> <span class='ocrx_word' id='word_1_20' title='bbox 2196 488 2411 547; x_wconf 86' lang='lat' dir='ltr'>tamen,</span> <span class='ocrx_word' id='word_1_21' title='bbox 2446 484 2507 536; x_wconf 91' lang='lat' dir='ltr'>ut</span> <span class='ocrx_word' id='word_1_22' title='bbox 2537 483 2727 537; x_wconf 84' lang='lat' dir='ltr'>servet</span> <span class='ocrx_word' id='word_1_23' title='bbox 2769 484 3057 552; x_wconf 62' lang='lat' dir='ltr'>praecepta</span> <span class='ocrx_word' id='word_1_24' title='bbox 3094 481 3343 545; x_wconf 85' lang='lat' dir='ltr'>vivendi,</span> <span class='ocrx_word' id='word_1_25' title='bbox 3375 487 3434 537; x_wconf 90' lang='lat' dir='ltr'>et</span> <span class='ocrx_word' id='word_1_26' title='bbox 3463 498 3497 536; x_wconf 90' lang='lat' dir='ltr'>a</span> 
     </span>
    </p>
   </div>
   <div class='ocr_carea' id='block_1_5' title="bbox 135 576 1738 650">
    <p class='ocr_par' dir='ltr' id='par_1_5' title="bbox 135 576 1738 650">
     <span class='ocr_line' id='line_1_5' title="bbox 135 576 1738 650; baseline -0.004 -13"><span class='ocrx_word' id='word_1_27' title='bbox 135 600 186 649; x_wconf 91' lang='lat' dir='ltr'>u,</span> <span class='ocrx_word' id='word_1_28' title='bbox 211 581 279 636; x_wconf 89' lang='lat' dir='ltr'>de</span> <span class='ocrx_word' id='word_1_29' title='bbox 306 597 422 650; x_wconf 92' lang='lat' dir='ltr'>quo</span> <span class='ocrx_word' id='word_1_30' title='bbox 445 578 567 635; x_wconf 89' lang='lat' dir='ltr'>solo</span> <span class='ocrx_word' id='word_1_31' title='bbox 590 578 810 634; x_wconf 90' lang='lat' dir='ltr'>dictum</span> <span class='ocrx_word' id='word_1_32' title='bbox 833 581 923 633; x_wconf 91' lang='lat' dir='ltr'>est</span> <span class='ocrx_word' id='word_1_33' title='bbox 947 593 960 632; x_wconf 92' lang='lat'>:</span> <span class='ocrx_word' id='word_1_34' title='bbox 996 601 1022 626; x_wconf 84' lang='lat'><strong>«</strong></span> <span class='ocrx_word' id='word_1_35' title='bbox 1059 576 1204 643; x_wconf 83' lang='lat' dir='ltr'>Quia</span> <span class='ocrx_word' id='word_1_36' title='bbox 1223 577 1477 632; x_wconf 81' lang='lat' dir='ltr'>Verbum</span> <span class='ocrx_word' id='word_1_37' title='bbox 1499 589 1633 632; x_wconf 85' lang='lat' dir='ltr'>caro</span> <span class='ocrx_word' id='word_1_38' title='bbox 1660 576 1738 630; x_wconf 81' lang='lat' dir='ltr'>fa-</span> 
     </span>
    </p>
   </div>
   <div class='ocr_carea' id='block_1_6' title="bbox 135 665 1737 736">
    <p class='ocr_par' dir='ltr' id='par_1_6' title="bbox 135 665 1737 736">
     <span class='ocr_line' id='line_1_6' title="bbox 135 665 1737 736; baseline -0.004 -11"><span class='ocrx_word' id='word_1_39' title='bbox 135 666 251 725; x_wconf 83' lang='lat' dir='ltr'>tum</span> <span class='ocrx_word' id='word_1_40' title='bbox 284 673 399 736; x_wconf 85' lang='lat' dir='ltr'>est,</span> <span class='ocrx_word' id='word_1_41' title='bbox 427 669 485 723; x_wconf 91' lang='lat' dir='ltr'>et</span> <span class='ocrx_word' id='word_1_42' title='bbox 514 667 799 722; x_wconf 77' lang='lat' dir='ltr'>habitavit</span> <span class='ocrx_word' id='word_1_43' title='bbox 819 666 878 720; x_wconf 92' lang='lat' dir='ltr'>in</span> <span class='ocrx_word' id='word_1_44' title='bbox 907 665 1077 722; x_wconf 89' lang='lat' dir='ltr'>nobis</span> <span class='ocrx_word' id='word_1_45' title='bbox 1108 666 1284 736; x_wconf 83' lang='lat' dir='ltr'>(Joan.</span> <span class='ocrx_word' id='word_1_46' title='bbox 1322 683 1358 732; x_wconf 84' lang='lat'>1,</span> <span class='ocrx_word' id='word_1_47' title='bbox 1393 665 1492 720; x_wconf 78' lang='grc'>14.</span> <span class='ocrx_word' id='word_1_48' title='bbox 1527 687 1550 714; x_wconf 71' lang='grc' dir='ltr'><strong>α</strong></span> <span class='ocrx_word' id='word_1_49' title='bbox 1613 665 1737 719; x_wconf 88' lang='lat' dir='ltr'>Non</span> 
     </span>
    </p>
   </div>
   <div class='ocr_carea' id='block_1_7' title="bbox 134 752 1738 832">
    <p class='ocr_par' dir='ltr' id='par_1_7' title="bbox 134 752 1738 832">
     <span class='ocr_line' id='line_1_7' title="bbox 134 752 1738 832; baseline -0.005 -18"><span class='ocrx_word' id='word_1_50' title='bbox 134 774 228 832; x_wconf 82' lang='lat' dir='ltr'>rgo</span> <span class='ocrx_word' id='word_1_51' title='bbox 255 757 430 829; x_wconf 72' lang='lat' dir='ltr'>&#39;quasi</span> <span class='ocrx_word' id='word_1_52' title='bbox 461 756 660 821; x_wconf 79' lang='lat' dir='ltr'>frater,</span> <span class='ocrx_word' id='word_1_53' title='bbox 697 756 795 812; x_wconf 92' lang='lat' dir='ltr'>sed</span> <span class='ocrx_word' id='word_1_54' title='bbox 823 754 994 827; x_wconf 85' lang='lat' dir='ltr'>quasi</span> <span class='ocrx_word' id='word_1_55' title='bbox 1025 753 1312 810; x_wconf 84' lang='lat' dir='ltr'>Dominus</span> <span class='ocrx_word' id='word_1_56' title='bbox 1341 753 1624 808; x_wconf 79' lang='lat' dir='ltr'>habitavit</span> <span class='ocrx_word' id='word_1_57' title='bbox 1676 752 1738 807; x_wconf 89' lang='lat' dir='ltr'>in</span> 
     </span>
    </p>
   </div>
   <div class='ocr_carea' id='block_1_8' title="bbox 137 841 1736 915">
    <p class='ocr_par' dir='ltr' id='par_1_8' title="bbox 137 841 1736 915">
     <span class='ocr_line' id='line_1_8' title="bbox 137 841 1736 915; baseline -0.005 -12"><span class='ocrx_word' id='word_1_58' title='bbox 137 847 282 914; x_wconf 88' lang='lat' dir='ltr'>obis,</span> <span class='ocrx_word' id='word_1_59' title='bbox 316 862 451 902; x_wconf 90' lang='lat' dir='ltr'>cum</span> <span class='ocrx_word' id='word_1_60' title='bbox 483 845 774 901; x_wconf 80' lang='lat' dir='ltr'>habitaret</span> <span class='ocrx_word' id='word_1_61' title='bbox 800 844 859 898; x_wconf 91' lang='lat' dir='ltr'>in</span> <span class='ocrx_word' id='word_1_62' title='bbox 891 846 1237 900; x_wconf 90' lang='lat' dir='ltr'>carne.Cum</span> <span class='ocrx_word' id='word_1_63' title='bbox 1268 842 1448 915; x_wconf 79' lang='lat' dir='ltr'>igitur</span> <span class='ocrx_word' id='word_1_64' title='bbox 1481 841 1736 898; x_wconf 88' lang='lat' dir='ltr'>reconci-</span> 
     </span>
    </p>
   </div>
   <div class='ocr_carea' id='block_1_9' title="bbox 115 930 1738 1006">
    <p class='ocr_par' dir='ltr' id='par_1_9' title="bbox 115 930 1738 1006">
     <span class='ocr_line' id='line_1_9' title="bbox 115 930 1738 1006; baseline -0.003 -16"><span class='ocrx_word' id='word_1_65' title='bbox 115 936 320 993; x_wconf 55' lang='lat' dir='ltr'>‘iaverit</span> <span class='ocrx_word' id='word_1_66' title='bbox 349 935 465 992; x_wconf 88' lang='lat' dir='ltr'>Deo</span> <span class='ocrx_word' id='word_1_67' title='bbox 494 935 808 1001; x_wconf 90' lang='lat' dir='ltr'>mundum,</span> <span class='ocrx_word' id='word_1_68' title='bbox 841 933 1044 1006; x_wconf 86' lang='lat' dir='ltr'>utique</span> <span class='ocrx_word' id='word_1_69' title='bbox 1086 932 1214 1005; x_wconf 91' lang='lat' dir='ltr'>ipse</span> <span class='ocrx_word' id='word_1_70' title='bbox 1270 930 1738 987; x_wconf 82' lang='lat' dir='ltr'>reconciliatione</span> 
     </span>
    </p>
   </div>
   <div class='ocr_carea' id='block_1_10' title="bbox 110 1018 1741 1098">
    <p class='ocr_par' dir='ltr' id='par_1_10' title="bbox 110 1018 1741 1098">
     <span class='ocr_line' id='line_1_10' title="bbox 110 1018 1741 1098; baseline -0.005 -17"><span class='ocrx_word' id='word_1_71' title='bbox 110 1042 208 1081; x_wconf 18' lang='lat' dir='ltr'>ron</span> <span class='ocrx_word' id='word_1_72' title='bbox 237 1020 418 1098; x_wconf 85' lang='lat' dir='ltr'>eguit.</span> <span class='ocrx_word' id='word_1_73' title='bbox 457 1025 560 1080; x_wconf 88' lang='lat' dir='ltr'>Pro</span> <span class='ocrx_word' id='word_1_74' title='bbox 591 1039 706 1096; x_wconf 92' lang='lat' dir='ltr'>quo</span> <span class='ocrx_word' id='word_1_75' title='bbox 737 1022 894 1080; x_wconf 91' lang='lat' dir='ltr'>enim</span> <span class='ocrx_word' id='word_1_76' title='bbox 944 1025 1182 1095; x_wconf 90' lang='lat' dir='ltr'>peccato</span> <span class='ocrx_word' id='word_1_77' title='bbox 1241 1037 1348 1076; x_wconf 87' lang='lat' dir='ltr'>suo</span> <span class='ocrx_word' id='word_1_78' title='bbox 1400 1018 1741 1092; x_wconf 87' lang='lat' dir='ltr'>propitiarct</span> 
     </span>
    </p>
   </div>
   <div class='ocr_carea' id='block_1_11' title="bbox 112 1107 1740 1185">
    <p class='ocr_par' dir='ltr' id='par_1_11' title="bbox 112 1107 1740 1185">
     <span class='ocr_line' id='line_1_11' title="bbox 112 1107 1740 1185; baseline -0.006 -15"><span class='ocrx_word' id='word_1_79' title='bbox 112 1119 299 1180; x_wconf 67' lang='lat' dir='ltr'>&#39;leum,</span> <span class='ocrx_word' id='word_1_80' title='bbox 322 1113 422 1185; x_wconf 92' lang='lat' dir='ltr'>qui</span> <span class='ocrx_word' id='word_1_81' title='bbox 437 1112 846 1184; x_wconf 90' lang='lat' dir='ltr'>nullapeccata</span> <span class='ocrx_word' id='word_1_82' title='bbox 859 1110 1176 1184; x_wconf 79' lang='lat' dir='ltr'>cognovit?</span> <span class='ocrx_word' id='word_1_83' title='bbox 1196 1109 1456 1181; x_wconf 86' lang='lat' dir='ltr'>Denique</span> <span class='ocrx_word' id='word_1_84' title='bbox 1475 1107 1740 1164; x_wconf 87' lang='lat' dir='ltr'>didrach-</span> 
     </span>
    </p>
   </div>
   <div class='ocr_carea' id='block_1_12' title="bbox 127 1197 1740 1275">
    <p class='ocr_par' dir='ltr' id='par_1_12' title="bbox 127 1197 1740 1275">
     <span class='ocr_line' id='line_1_12' title="bbox 127 1197 1740 1275; baseline -0.004 -18"><span class='ocrx_word' id='word_1_85' title='bbox 127 1219 186 1259; x_wconf 78' lang='lat' dir='ltr'>ia</span> <span class='ocrx_word' id='word_1_86' title='bbox 215 1202 596 1275; x_wconf 89' lang='lat' dir='ltr'>poscentibus</span> <span class='ocrx_word' id='word_1_87' title='bbox 623 1200 866 1268; x_wconf 81' lang='lat' dir='ltr'>Judaeis,</span> <span class='ocrx_word' id='word_1_88' title='bbox 899 1201 1054 1272; x_wconf 91' lang='lat' dir='ltr'>quod</span> <span class='ocrx_word' id='word_1_89' title='bbox 1097 1215 1201 1272; x_wconf 91' lang='lat' dir='ltr'>pro</span> <span class='ocrx_word' id='word_1_90' title='bbox 1223 1201 1457 1271; x_wconf 87' lang='lat' dir='ltr'>peccato</span> <span class='ocrx_word' id='word_1_91' title='bbox 1487 1197 1740 1253; x_wconf 84' lang='lat' dir='ltr'>dabatur</span> 
     </span>
    </p>
   </div>
   <div class='ocr_carea' id='block_1_13' title="bbox 127 1289 1739 1364">
    <p class='ocr_par' dir='ltr' id='par_1_13' title="bbox 127 1289 1739 1364">
     <span class='ocr_line' id='line_1_13' title="bbox 127 1289 1739 1364; baseline -0.004 -18"><span class='ocrx_word' id='word_1_92' title='bbox 127 1309 158 1346; x_wconf 91' lang='lat' dir='ltr'><strong>x</strong></span> <span class='ocrx_word' id='word_1_93' title='bbox 184 1291 355 1364; x_wconf 88' lang='lat' dir='ltr'>Lege,</span> <span class='ocrx_word' id='word_1_94' title='bbox 388 1291 533 1346; x_wconf 84' lang='lat' dir='ltr'>dixit</span> <span class='ocrx_word' id='word_1_95' title='bbox 551 1291 624 1346; x_wconf 88' lang='lat' dir='ltr'>ad</span> <span class='ocrx_word' id='word_1_96' title='bbox 652 1291 886 1346; x_wconf 89' lang='lat' dir='ltr'>Petrum</span> <span class='ocrx_word' id='word_1_97' title='bbox 913 1306 926 1345; x_wconf 95' lang='lat'>:</span> <span class='ocrx_word' id='word_1_98' title='bbox 966 1311 995 1340; x_wconf 88' lang='lat'><strong>«</strong></span> <span class='ocrx_word' id='word_1_99' title='bbox 1027 1289 1252 1354; x_wconf 88' lang='lat' dir='ltr'>Simon,</span> <span class='ocrx_word' id='word_1_100' title='bbox 1276 1303 1441 1360; x_wconf 90' lang='lat' dir='ltr'>reges</span> <span class='ocrx_word' id='word_1_101' title='bbox 1499 1290 1664 1342; x_wconf 69' lang='lat' dir='ltr'>terraa</span> <span class='ocrx_word' id='word_1_102' title='bbox 1705 1303 1739 1340; x_wconf 91' lang='lat' dir='ltr'>a</span> 
     </span>
    </p>
   </div>
   <div class='ocr_carea' id='block_1_14' title="bbox 119 1374 1738 1452">
    <p class='ocr_par' dir='ltr' id='par_1_14' title="bbox 119 1374 1738 1452">
     <span class='ocr_line' id='line_1_14' title="bbox 119 1374 1738 1452; baseline -0.004 -16"><span class='ocrx_word' id='word_1_103' title='bbox 119 1381 304 1451; x_wconf 84' lang='lat' dir='ltr'>uibus</span> <span class='ocrx_word' id='word_1_104' title='bbox 329 1378 624 1452; x_wconf 90' lang='lat' dir='ltr'>accipiunt</span> <span class='ocrx_word' id='word_1_105' title='bbox 647 1378 935 1434; x_wconf 90' lang='lat' dir='ltr'>tributum</span> <span class='ocrx_word' id='word_1_106' title='bbox 957 1375 1043 1433; x_wconf 87' lang='lat' dir='ltr'>vel</span> <span class='ocrx_word' id='word_1_107' title='bbox 1066 1393 1331 1445; x_wconf 87' lang='lat' dir='ltr'>censum,</span> <span class='ocrx_word' id='word_1_108' title='bbox 1367 1393 1399 1432; x_wconf 92' lang='lat' dir='ltr'>a</span> <span class='ocrx_word' id='word_1_109' title='bbox 1420 1374 1558 1431; x_wconf 86' lang='lat' dir='ltr'>ﬁliis</span> <span class='ocrx_word' id='word_1_110' title='bbox 1590 1375 1738 1443; x_wconf 84' lang='lat' dir='ltr'>suis,</span> 
     </span>
    </p>
   </div>
   <div class='ocr_carea' id='block_1_15' title="bbox 128 1463 1738 1539">
    <p class='ocr_par' dir='ltr' id='par_1_15' title="bbox 128 1463 1738 1539">
     <span class='ocr_line' id='line_1_15' title="bbox 128 1463 1738 1539; baseline -0.005 -14"><span class='ocrx_word' id='word_1_111' title='bbox 128 1473 192 1525; x_wconf 88' lang='lat' dir='ltr'>ut</span> <span class='ocrx_word' id='word_1_112' title='bbox 221 1470 295 1524; x_wconf 91' lang='lat' dir='ltr'>ab</span> <span class='ocrx_word' id='word_1_113' title='bbox 329 1465 577 1524; x_wconf 86' lang='lat' dir='ltr'>alienis?</span> <span class='ocrx_word' id='word_1_114' title='bbox 608 1467 930 1539; x_wconf 83' lang='lat' dir='ltr'>Respondit</span> <span class='ocrx_word' id='word_1_115' title='bbox 958 1467 1162 1522; x_wconf 85' lang='lat' dir='ltr'>Petrus</span> <span class='ocrx_word' id='word_1_116' title='bbox 1189 1482 1201 1521; x_wconf 90' lang='lat'>:</span> <span class='ocrx_word' id='word_1_117' title='bbox 1228 1466 1300 1521; x_wconf 93' lang='lat' dir='ltr'>ab</span> <span class='ocrx_word' id='word_1_118' title='bbox 1350 1463 1575 1522; x_wconf 92' lang='lat' dir='ltr'>alienis.</span> <span class='ocrx_word' id='word_1_119' title='bbox 1634 1463 1738 1520; x_wconf 89' lang='lat' dir='ltr'>Cui</span> 
     </span>
    </p>
   </div>
   <div class='ocr_carea' id='block_1_16' title="bbox 120 1553 1738 1628">
    <p class='ocr_par' dir='ltr' id='par_1_16' title="bbox 120 1553 1738 1628">
     <span class='ocr_line' id='line_1_16' title="bbox 120 1553 1738 1628; baseline -0.002 -16"><span class='ocrx_word' id='word_1_120' title='bbox 120 1559 238 1613; x_wconf 84' lang='lat' dir='ltr'>&#39;ixit</span> <span class='ocrx_word' id='word_1_121' title='bbox 267 1557 590 1616; x_wconf 86' lang='lat' dir='ltr'>Dominus:</span> <span class='ocrx_word' id='word_1_122' title='bbox 623 1558 774 1628; x_wconf 88' lang='lat' dir='ltr'>Ergo</span> <span class='ocrx_word' id='word_1_123' title='bbox 794 1555 964 1611; x_wconf 90' lang='lat' dir='ltr'>liberi</span> <span class='ocrx_word' id='word_1_124' title='bbox 1033 1559 1173 1612; x_wconf 87' lang='lat' dir='ltr'>sunt</span> <span class='ocrx_word' id='word_1_125' title='bbox 1229 1553 1357 1610; x_wconf 82' lang='lat' dir='ltr'>ﬁlii.</span> <span class='ocrx_word' id='word_1_126' title='bbox 1417 1553 1492 1609; x_wconf 92' lang='lat' dir='ltr'>Ut</span> <span class='ocrx_word' id='word_1_127' title='bbox 1543 1556 1738 1608; x_wconf 89' lang='lat' dir='ltr'>autem</span> 
     </span>
    </p>
   </div>
   <div class='ocr_carea' id='block_1_17' title="bbox 120 1637 1743 1710">
    <p class='ocr_par' dir='ltr' id='par_1_17' title="bbox 120 1637 1743 1710">
     <span class='ocr_line' id='line_1_17' title="bbox 120 1637 1743 1710; baseline -0.002 -11"><span class='ocrx_word' id='word_1_128' title='bbox 120 1663 206 1702; x_wconf 70' lang='grc' dir='ltr'>εοιι</span> <span class='ocrx_word' id='word_1_129' title='bbox 239 1647 527 1702; x_wconf 85' lang='lat' dir='ltr'>faciamus</span> <span class='ocrx_word' id='word_1_130' title='bbox 547 1637 664 1700; x_wconf 86' lang='lat' dir='ltr'>illis</span> <span class='ocrx_word' id='word_1_131' title='bbox 698 1643 1183 1700; x_wconf 76' lang='lat' dir='ltr'>olfendiculum...</span> <span class='ocrx_word' id='word_1_132' title='bbox 1218 1643 1384 1698; x_wconf 85' lang='lat' dir='ltr'>mitte</span> <span class='ocrx_word' id='word_1_133' title='bbox 1415 1643 1743 1710; x_wconf 91' lang='lat' dir='ltr'>hamum,et</span> 
     </span>
    </p>
   </div>
   <div class='ocr_carea' id='block_1_18' title="bbox 116 1725 1741 1809">
    <p class='ocr_par' dir='ltr' id='par_1_18' title="bbox 116 1725 1741 1809">
     <span class='ocr_line' id='line_1_18' title="bbox 116 1725 1741 1809; baseline -0.004 -18"><span class='ocrx_word' id='word_1_134' title='bbox 116 1753 227 1792; x_wconf 55' lang='lat' dir='ltr'>tum</span> <span class='ocrx_word' id='word_1_135' title='bbox 247 1725 467 1809; x_wconf 85' lang='lat' dir='ltr'>piscem</span> <span class='ocrx_word' id='word_1_136' title='bbox 481 1735 582 1807; x_wconf 86' lang='lat' dir='ltr'>qui</span> <span class='ocrx_word' id='word_1_137' title='bbox 603 1733 830 1807; x_wconf 86' lang='lat' dir='ltr'>primus</span> <span class='ocrx_word' id='word_1_138' title='bbox 843 1731 1335 1801; x_wconf 88' lang='lat' dir='ltr'>ascenderit,tolle</span> <span class='ocrx_word' id='word_1_139' title='bbox 1353 1736 1410 1788; x_wconf 91' lang='lat' dir='ltr'>et</span> <span class='ocrx_word' id='word_1_140' title='bbox 1425 1735 1622 1804; x_wconf 89' lang='lat' dir='ltr'>aperlo</span> <span class='ocrx_word' id='word_1_141' title='bbox 1645 1746 1741 1785; x_wconf 91' lang='lat' dir='ltr'>ore</span> 
     </span>
    </p>
   </div>
   <div class='ocr_carea' id='block_1_19' title="bbox 121 1814 1740 1897">
    <p class='ocr_par' dir='ltr' id='par_1_19' title="bbox 121 1814 1740 1897">
     <span class='ocr_line' id='line_1_19' title="bbox 121 1814 1740 1897; baseline -0.006 -15"><span class='ocrx_word' id='word_1_142' title='bbox 121 1814 501 1897; x_wconf 79' lang='lat' dir='ltr'>jus-invenies</span> <span class='ocrx_word' id='word_1_143' title='bbox 532 1828 807 1879; x_wconf 88' lang='lat' dir='ltr'>staterem</span> <span class='ocrx_word' id='word_1_144' title='bbox 833 1840 845 1878; x_wconf 90' lang='lat'>:</span> <span class='ocrx_word' id='word_1_145' title='bbox 870 1821 1039 1878; x_wconf 89' lang='lat' dir='ltr'>illum</span> <span class='ocrx_word' id='word_1_146' title='bbox 1071 1821 1282 1877; x_wconf 87' lang='lat' dir='ltr'>tollens</span> <span class='ocrx_word' id='word_1_147' title='bbox 1308 1819 1476 1876; x_wconf 87' lang='lat' dir='ltr'>dabis</span> <span class='ocrx_word' id='word_1_148' title='bbox 1505 1836 1609 1891; x_wconf 88' lang='lat' dir='ltr'>pro</span> <span class='ocrx_word' id='word_1_149' title='bbox 1648 1835 1740 1874; x_wconf 91' lang='lat' dir='ltr'>me</span> 
     </span>
    </p>
   </div>
   <div class='ocr_carea' id='block_1_20' title="bbox 128 1903 1741 1987">
    <p class='ocr_par' dir='ltr' id='par_1_20' title="bbox 128 1903 1741 1987">
     <span class='ocr_line' id='line_1_20' title="bbox 128 1903 1741 1987; baseline -0.004 -17"><span class='ocrx_word' id='word_1_150' title='bbox 128 1919 150 1970; x_wconf 91' lang='lat' dir='ltr'>t</span> <span class='ocrx_word' id='word_1_151' title='bbox 176 1920 286 1987; x_wconf 89' lang='lat' dir='ltr'>pro</span> <span class='ocrx_word' id='word_1_152' title='bbox 314 1903 371 1969; x_wconf 85' lang='lat' dir='ltr'>te</span> <span class='ocrx_word' id='word_1_153' title='bbox 401 1913 606 1984; x_wconf 77' lang='lat' dir='ltr'>(Matth.</span> <span class='ocrx_word' id='word_1_154' title='bbox 634 1929 771 1980; x_wconf 85' lang='lat' dir='ltr'>xvn,</span> <span class='ocrx_word' id='word_1_155' title='bbox 803 1913 895 1977; x_wconf 83' lang='grc'>24,</span> <span class='ocrx_word' id='word_1_156' title='bbox 925 1911 1038 1980; x_wconf 85' lang='lat'>26).</span> <span class='ocrx_word' id='word_1_157' title='bbox 1067 1932 1093 1960; x_wconf 82' lang='lat'>»</span> <span class='ocrx_word' id='word_1_158' title='bbox 1123 1909 1390 1965; x_wconf 86' lang='lat' dir='ltr'>Ostendit</span> <span class='ocrx_word' id='word_1_159' title='bbox 1413 1907 1566 1980; x_wconf 91' lang='lat' dir='ltr'>quod</span> <span class='ocrx_word' id='word_1_160' title='bbox 1626 1925 1741 1964; x_wconf 91' lang='lat' dir='ltr'>non</span> 
     </span>
    </p>
   </div>
   <div class='ocr_carea' id='block_1_21' title="bbox 121 1997 1746 2076">
    <p class='ocr_par' dir='ltr' id='par_1_21' title="bbox 121 1997 1746 2076">
     <span class='ocr_line' id='line_1_21' title="bbox 121 1997 1746 2076; baseline -0.005 -16"><span class='ocrx_word' id='word_1_161' title='bbox 121 2021 193 2060; x_wconf 87' lang='lat' dir='ltr'>-ro</span> <span class='ocrx_word' id='word_1_162' title='bbox 217 2019 283 2060; x_wconf 91' lang='lat' dir='ltr'>se</span> <span class='ocrx_word' id='word_1_163' title='bbox 301 2002 780 2076; x_wconf 88' lang='lat' dir='ltr'>propitiationem</span> <span class='ocrx_word' id='word_1_164' title='bbox 806 1999 1013 2056; x_wconf 86' lang='lat' dir='ltr'>debeat</span> <span class='ocrx_word' id='word_1_165' title='bbox 1034 2001 1403 2072; x_wconf 84' lang='lat' dir='ltr'>peccatorum</span> <span class='ocrx_word' id='word_1_166' title='bbox 1435 2015 1447 2064; x_wconf 90' lang='lat'><strong>;</strong></span> <span class='ocrx_word' id='word_1_167' title='bbox 1473 1997 1611 2070; x_wconf 88' lang='lat' dir='ltr'>quia</span> <span class='ocrx_word' id='word_1_168' title='bbox 1631 2015 1746 2054; x_wconf 89' lang='lat' dir='ltr'>ser-</span> 
     </span>
    </p>
   </div>
   <div class='ocr_carea' id='block_1_22' title="bbox 130 2086 1744 2165">
    <p class='ocr_par' dir='ltr' id='par_1_22' title="bbox 130 2086 1744 2165">
     <span class='ocr_line' id='line_1_22' title="bbox 130 2086 1744 2165; baseline -0.005 -15"><span class='ocrx_word' id='word_1_169' title='bbox 130 2111 199 2149; x_wconf 90' lang='lat' dir='ltr'>us</span> <span class='ocrx_word' id='word_1_170' title='bbox 228 2091 450 2165; x_wconf 87' lang='lat' dir='ltr'>peccati</span> <span class='ocrx_word' id='word_1_171' title='bbox 481 2107 596 2147; x_wconf 90' lang='lat' dir='ltr'>non</span> <span class='ocrx_word' id='word_1_172' title='bbox 627 2093 773 2157; x_wconf 86' lang='lat' dir='ltr'>erat,</span> <span class='ocrx_word' id='word_1_173' title='bbox 804 2089 906 2144; x_wconf 89' lang='lat' dir='ltr'>sed</span> <span class='ocrx_word' id='word_1_174' title='bbox 938 2089 1013 2144; x_wconf 92' lang='lat' dir='ltr'>ab</span> <span class='ocrx_word' id='word_1_175' title='bbox 1044 2088 1228 2143; x_wconf 91' lang='lat' dir='ltr'>ommi</span> <span class='ocrx_word' id='word_1_176' title='bbox 1259 2091 1382 2143; x_wconf 87' lang='lat' dir='ltr'>erat</span> <span class='ocrx_word' id='word_1_177' title='bbox 1411 2086 1558 2144; x_wconf 89' lang='lat' dir='ltr'>liber</span> <span class='ocrx_word' id='word_1_178' title='bbox 1587 2104 1744 2144; x_wconf 86' lang='lat' dir='ltr'>erro-</span> 
     </span>
    </p>
   </div>
   <div class='ocr_carea' id='block_1_23' title="bbox 125 2176 1742 2246">
    <p class='ocr_par' dir='ltr' id='par_1_23' title="bbox 125 2176 1742 2246">
     <span class='ocr_line' id='line_1_23' title="bbox 125 2176 1742 2246; baseline -0.002 -9"><span class='ocrx_word' id='word_1_179' title='bbox 125 2197 153 2237; x_wconf 94' lang='lat' dir='ltr'>e</span> <span class='ocrx_word' id='word_1_180' title='bbox 183 2181 372 2238; x_wconf 87' lang='lat' dir='ltr'>Filius</span> <span class='ocrx_word' id='word_1_181' title='bbox 400 2180 523 2237; x_wconf 90' lang='lat' dir='ltr'>Dei.</span> <span class='ocrx_word' id='word_1_182' title='bbox 556 2178 742 2234; x_wconf 85' lang='lat' dir='ltr'>Filius</span> <span class='ocrx_word' id='word_1_183' title='bbox 769 2177 926 2234; x_wconf 89' lang='lat' dir='ltr'>enim</span> <span class='ocrx_word' id='word_1_184' title='bbox 960 2176 1128 2246; x_wconf 91' lang='lat' dir='ltr'>liber,</span> <span class='ocrx_word' id='word_1_185' title='bbox 1153 2193 1356 2233; x_wconf 90' lang='lat' dir='ltr'>servus</span> <span class='ocrx_word' id='word_1_186' title='bbox 1385 2180 1474 2232; x_wconf 91' lang='lat' dir='ltr'>est</span> <span class='ocrx_word' id='word_1_187' title='bbox 1501 2177 1560 2231; x_wconf 93' lang='lat' dir='ltr'>in</span> <span class='ocrx_word' id='word_1_188' title='bbox 1619 2194 1742 2235; x_wconf 92' lang='lat' dir='ltr'>rea-</span> 
     </span>
    </p>
   </div>
   <div class='ocr_carea' id='block_1_24' title="bbox 121 2265 1744 2342">
    <p class='ocr_par' dir='ltr' id='par_1_24' title="bbox 121 2265 1744 2342">
     <span class='ocr_line' id='line_1_24' title="bbox 121 2265 1744 2342; baseline -0.004 -16"><span class='ocrx_word' id='word_1_189' title='bbox 121 2288 174 2326; x_wconf 91' lang='lat' dir='ltr'>u.</span> <span class='ocrx_word' id='word_1_190' title='bbox 208 2271 362 2342; x_wconf 88' lang='lat' dir='ltr'>Ergo</span> <span class='ocrx_word' id='word_1_191' title='bbox 392 2268 541 2325; x_wconf 90' lang='lat' dir='ltr'>liber</span> <span class='ocrx_word' id='word_1_192' title='bbox 568 2267 678 2324; x_wconf 90' lang='lat' dir='ltr'>iste</span> <span class='ocrx_word' id='word_1_193' title='bbox 709 2267 780 2322; x_wconf 88' lang='lat' dir='ltr'>ab</span> <span class='ocrx_word' id='word_1_194' title='bbox 832 2266 1134 2332; x_wconf 88' lang='lat' dir='ltr'>omnibus,</span> <span class='ocrx_word' id='word_1_195' title='bbox 1179 2282 1284 2321; x_wconf 91' lang='lat' dir='ltr'>nec</span> <span class='ocrx_word' id='word_1_196' title='bbox 1342 2265 1596 2338; x_wconf 88' lang='lat' dir='ltr'>pretium</span> <span class='ocrx_word' id='word_1_197' title='bbox 1655 2281 1744 2321; x_wconf 87' lang='lat' dir='ltr'>re-</span> 
     </span>
    </p>
   </div>
   <div class='ocr_carea' id='block_1_25' title="bbox 119 2353 1743 2431">
    <p class='ocr_par' dir='ltr' id='par_1_25' title="bbox 119 2353 1743 2431">
     <span class='ocr_line' id='line_1_25' title="bbox 119 2353 1743 2431; baseline -0.002 -18"><span class='ocrx_word' id='word_1_198' title='bbox 119 2358 459 2431; x_wconf 80' lang='lat' dir='ltr'>lemptionis</span> <span class='ocrx_word' id='word_1_199' title='bbox 481 2356 688 2413; x_wconf 68' lang='lat' dir='ltr'>animae</span> <span class='ocrx_word' id='word_1_200' title='bbox 707 2372 825 2412; x_wconf 65' lang='lat' dir='ltr'>suae</span> <span class='ocrx_word' id='word_1_201' title='bbox 847 2355 1145 2426; x_wconf 87' lang='lat' dir='ltr'>dat,cujus</span> <span class='ocrx_word' id='word_1_202' title='bbox 1167 2353 1470 2427; x_wconf 75' lang='lat' dir='ltr'>sanguinis</span> <span class='ocrx_word' id='word_1_203' title='bbox 1491 2355 1743 2426; x_wconf 84' lang='lat' dir='ltr'>pretium</span> 
     </span>
    </p>
   </div>
   <div class='ocr_carea' id='block_1_26' title="bbox 122 2442 1741 2504">
    <p class='ocr_par' dir='ltr' id='par_1_26' title="bbox 122 2442 1741 2504">
     <span class='ocr_line' id='line_1_26' title="bbox 122 2442 1741 2504; baseline -0.001 -5"><span class='ocrx_word' id='word_1_204' title='bbox 122 2451 328 2504; x_wconf 53' lang='lat' dir='ltr'>toterat</span> <span class='ocrx_word' id='word_1_205' title='bbox 356 2447 653 2502; x_wconf 78' lang='lat' dir='ltr'>abundare</span> <span class='ocrx_word' id='word_1_206' title='bbox 681 2445 753 2500; x_wconf 88' lang='lat' dir='ltr'>ad</span> <span class='ocrx_word' id='word_1_207' title='bbox 795 2445 1066 2500; x_wconf 88' lang='lat' dir='ltr'>universa</span> <span class='ocrx_word' id='word_1_208' title='bbox 1099 2444 1300 2498; x_wconf 90' lang='lat' dir='ltr'>mundi</span> <span class='ocrx_word' id='word_1_209' title='bbox 1351 2442 1532 2498; x_wconf 86' lang='lat' dir='ltr'>totius</span> <span class='ocrx_word' id='word_1_210' title='bbox 1591 2445 1741 2499; x_wconf 90' lang='lat' dir='ltr'>redi-</span> 
     </span>
    </p>
   </div>
   <div class='ocr_carea' id='block_1_27' title="bbox 121 2531 1740 2608">
    <p class='ocr_par' dir='ltr' id='par_1_27' title="bbox 121 2531 1740 2608">
     <span class='ocr_line' id='line_1_27' title="bbox 121 2531 1740 2608; baseline -0.002 -17"><span class='ocrx_word' id='word_1_211' title='bbox 121 2537 312 2593; x_wconf 88' lang='lat' dir='ltr'>oenda</span> <span class='ocrx_word' id='word_1_212' title='bbox 344 2539 597 2608; x_wconf 90' lang='lat' dir='ltr'>peccata.</span> <span class='ocrx_word' id='word_1_213' title='bbox 633 2535 806 2590; x_wconf 85' lang='lat' dir='ltr'>Recte</span> <span class='ocrx_word' id='word_1_214' title='bbox 837 2548 972 2606; x_wconf 89' lang='lat' dir='ltr'>ergo</span> <span class='ocrx_word' id='word_1_215' title='bbox 1003 2531 1150 2588; x_wconf 89' lang='lat' dir='ltr'>alios</span> <span class='ocrx_word' id='word_1_216' title='bbox 1192 2532 1420 2598; x_wconf 83' lang='lat' dir='ltr'>liberat,</span> <span class='ocrx_word' id='word_1_217' title='bbox 1480 2533 1579 2603; x_wconf 90' lang='lat' dir='ltr'>qui</span> <span class='ocrx_word' id='word_1_218' title='bbox 1639 2550 1740 2604; x_wconf 92' lang='lat' dir='ltr'>pro</span> 
     </span>
    </p>
   </div>
   <div class='ocr_carea' id='block_1_28' title="bbox 126 2625 593 2682">
    <p class='ocr_par' dir='ltr' id='par_1_28' title="bbox 126 2625 593 2682">
     <span class='ocr_line' id='line_1_28' title="bbox 126 2625 593 2682; baseline -0.009 0"><span class='ocrx_word' id='word_1_219' title='bbox 126 2643 154 2682; x_wconf 92' lang='lat' dir='ltr'>e</span> <span class='ocrx_word' id='word_1_220' title='bbox 183 2625 336 2681; x_wconf 87' lang='lat' dir='ltr'>nihil</span> <span class='ocrx_word' id='word_1_221' title='bbox 367 2625 593 2680; x_wconf 90' lang='lat' dir='ltr'>debeat.</span> 
     </span>
    </p>
   </div>
   <div class='ocr_carea' id='block_1_29' title="bbox 164 2709 1743 2785">
    <p class='ocr_par' dir='ltr' id='par_1_29' title="bbox 164 2709 1743 2785">
     <span class='ocr_line' id='line_1_29' title="bbox 164 2709 1743 2785; baseline -0.002 -15"><span class='ocrx_word' id='word_1_222' title='bbox 164 2716 258 2770; x_wconf 87' lang='lat'>15.</span> <span class='ocrx_word' id='word_1_223' title='bbox 291 2713 478 2785; x_wconf 90' lang='lat' dir='ltr'>(Vers.</span> <span class='ocrx_word' id='word_1_224' title='bbox 523 2713 610 2784; x_wconf 88' lang='lat'>10)</span> <span class='ocrx_word' id='word_1_225' title='bbox 644 2711 780 2767; x_wconf 90' lang='lat' dir='ltr'>Plus</span> <span class='ocrx_word' id='word_1_226' title='bbox 815 2711 1046 2780; x_wconf 88' lang='lat' dir='ltr'>adjicio.</span> <span class='ocrx_word' id='word_1_227' title='bbox 1081 2710 1206 2766; x_wconf 89' lang='lat' dir='ltr'>Non</span> <span class='ocrx_word' id='word_1_228' title='bbox 1263 2709 1454 2765; x_wconf 89' lang='lat' dir='ltr'>solum</span> <span class='ocrx_word' id='word_1_229' title='bbox 1521 2727 1624 2782; x_wconf 90' lang='lat' dir='ltr'>pro</span> <span class='ocrx_word' id='word_1_230' title='bbox 1681 2729 1743 2768; x_wconf 93' lang='lat' dir='ltr'>se</span> 
     </span>
    </p>
   </div>
   <div class='ocr_carea' id='block_1_30' title="bbox 122 2797 1746 2873">
    <p class='ocr_par' dir='ltr' id='par_1_30' title="bbox 122 2797 1746 2873">
     <span class='ocr_line' id='line_1_30' title="bbox 122 2797 1746 2873; baseline -0.001 -17"><span class='ocrx_word' id='word_1_231' title='bbox 122 2803 369 2859; x_wconf 71' lang='lat' dir='ltr'>lhristus</span> <span class='ocrx_word' id='word_1_232' title='bbox 389 2800 639 2873; x_wconf 90' lang='lat' dir='ltr'>pretium</span> <span class='ocrx_word' id='word_1_233' title='bbox 673 2817 785 2856; x_wconf 91' lang='lat' dir='ltr'>non</span> <span class='ocrx_word' id='word_1_234' title='bbox 820 2800 992 2855; x_wconf 90' lang='lat' dir='ltr'>debet</span> <span class='ocrx_word' id='word_1_235' title='bbox 1035 2816 1154 2854; x_wconf 61' lang='lat' dir='ltr'>suae</span> <span class='ocrx_word' id='word_1_236' title='bbox 1195 2797 1611 2870; x_wconf 87' lang='lat' dir='ltr'>redemptionis</span> <span class='ocrx_word' id='word_1_237' title='bbox 1644 2804 1746 2855; x_wconf 88' lang='lat' dir='ltr'>aut</span> 
     </span>
    </p>
   </div>
   <div class='ocr_carea' id='block_1_31' title="bbox 133 2879 1744 2966">
    <p class='ocr_par' dir='ltr' id='par_1_31' title="bbox 133 2879 1744 2966">
     <span class='ocr_line' id='line_1_31' title="bbox 133 2879 1744 2966; baseline -0.002 -19"><span class='ocrx_word' id='word_1_238' title='bbox 133 2890 567 2966; x_wconf 89' lang='lat' dir='ltr'>ropitiationem</span> <span class='ocrx_word' id='word_1_239' title='bbox 595 2879 702 2962; x_wconf 83' lang='lat' dir='ltr'>pro</span> <span class='ocrx_word' id='word_1_240' title='bbox 735 2893 988 2961; x_wconf 88' lang='lat' dir='ltr'>peccato,</span> <span class='ocrx_word' id='word_1_241' title='bbox 1021 2888 1122 2944; x_wconf 90' lang='lat' dir='ltr'>sed</span> <span class='ocrx_word' id='word_1_242' title='bbox 1153 2888 1329 2943; x_wconf 89' lang='lat' dir='ltr'>etiam</span> <span class='ocrx_word' id='word_1_243' title='bbox 1356 2888 1405 2942; x_wconf 89' lang='lat' dir='ltr'>si</span> <span class='ocrx_word' id='word_1_244' title='bbox 1457 2889 1528 2944; x_wconf 88' lang='lat' dir='ltr'>de</span> <span class='ocrx_word' id='word_1_245' title='bbox 1587 2889 1744 2944; x_wconf 85' lang='lat' dir='ltr'>ﬁdeli</span> 
     </span>
    </p>
   </div>
   <div class='ocr_carea' id='block_1_32' title="bbox 132 2969 1746 3050">
    <p class='ocr_par' dir='ltr' id='par_1_32' title="bbox 132 2969 1746 3050">
     <span class='ocr_line' id='line_1_32' title="bbox 132 2969 1746 3050; baseline -0.002 -12"><span class='ocrx_word' id='word_1_246' title='bbox 132 2969 447 3050; x_wconf 88' lang='lat' dir='ltr'>uocunque</span> <span class='ocrx_word' id='word_1_247' title='bbox 502 2978 739 3034; x_wconf 90' lang='lat' dir='ltr'>homine</span> <span class='ocrx_word' id='word_1_248' title='bbox 769 2977 1046 3049; x_wconf 90' lang='lat' dir='ltr'>accipias,</span> <span class='ocrx_word' id='word_1_249' title='bbox 1077 2977 1263 3049; x_wconf 88' lang='lat' dir='ltr'>possit</span> <span class='ocrx_word' id='word_1_250' title='bbox 1314 2976 1560 3049; x_wconf 85' lang='lat' dir='ltr'>intelligi</span> <span class='ocrx_word' id='word_1_251' title='bbox 1607 2979 1746 3049; x_wconf 86' lang='lat' dir='ltr'>quia</span> 
     </span>
    </p>
   </div>
   <div class='ocr_carea' id='block_1_33' title="bbox 133 3059 1746 3139">
    <p class='ocr_par' dir='ltr' id='par_1_33' title="bbox 133 3059 1746 3139">
     <span class='ocr_line' id='line_1_33' title="bbox 133 3059 1746 3139; baseline -0.002 -12"><span class='ocrx_word' id='word_1_252' title='bbox 133 3087 213 3127; x_wconf 90' lang='lat' dir='ltr'>on</span> <span class='ocrx_word' id='word_1_253' title='bbox 233 3068 482 3124; x_wconf 89' lang='lat' dir='ltr'>debeant</span> <span class='ocrx_word' id='word_1_254' title='bbox 503 3065 719 3138; x_wconf 87' lang='lat' dir='ltr'>singuli</span> <span class='ocrx_word' id='word_1_255' title='bbox 743 3065 1218 3139; x_wconf 88' lang='lat' dir='ltr'>propitiationem</span> <span class='ocrx_word' id='word_1_256' title='bbox 1232 3082 1399 3120; x_wconf 90' lang='lat' dir='ltr'>suam</span> <span class='ocrx_word' id='word_1_257' title='bbox 1429 3082 1441 3133; x_wconf 93' lang='lat'><strong>;</strong></span> <span class='ocrx_word' id='word_1_258' title='bbox 1463 3066 1598 3138; x_wconf 90' lang='lat' dir='ltr'>quia</span> <span class='ocrx_word' id='word_1_259' title='bbox 1620 3059 1746 3139; x_wconf 83' lang='lat' dir='ltr'>pro-</span> 
     </span>
    </p>
   </div>
   <div class='ocr_carea' id='block_1_34' title="bbox 121 3145 1741 3226">
    <p class='ocr_par' dir='ltr' id='par_1_34' title="bbox 121 3145 1741 3226">
     <span class='ocr_line' id='line_1_34' title="bbox 121 3145 1741 3226; baseline 0.001 -16"><span class='ocrx_word' id='word_1_260' title='bbox 121 3157 328 3214; x_wconf 72' lang='lat' dir='ltr'>.itiatie</span> <span class='ocrx_word' id='word_1_261' title='bbox 341 3155 605 3213; x_wconf 80' lang='lat' dir='ltr'>omnium</span> <span class='ocrx_word' id='word_1_262' title='bbox 621 3146 889 3212; x_wconf 83' lang='lat' dir='ltr'>Christus</span> <span class='ocrx_word' id='word_1_263' title='bbox 901 3159 1009 3222; x_wconf 90' lang='lat' dir='ltr'>est,</span> <span class='ocrx_word' id='word_1_264' title='bbox 1023 3145 1077 3210; x_wconf 86' lang='lat' dir='ltr'>et</span> <span class='ocrx_word' id='word_1_265' title='bbox 1093 3155 1219 3226; x_wconf 88' lang='lat' dir='ltr'>ipse</span> <span class='ocrx_word' id='word_1_266' title='bbox 1235 3159 1325 3209; x_wconf 90' lang='lat' dir='ltr'>est</span> <span class='ocrx_word' id='word_1_267' title='bbox 1338 3155 1741 3212; x_wconf 90' lang='lat' dir='ltr'>universorum</span> 
     </span>
    </p>
   </div>
   <div class='ocr_carea' id='block_1_35' title="bbox 1850 569 3496 637">
    <p class='ocr_par' dir='ltr' id='par_1_35' title="bbox 1850 569 3496 637">
     <span class='ocr_line' id='line_1_35' title="bbox 1850 569 3496 637; baseline -0.001 -10"><span class='ocrx_word' id='word_1_268' title='bbox 1850 573 2146 627; x_wconf 80' lang='lat' dir='ltr'>mandatis</span> <span class='ocrx_word' id='word_1_269' title='bbox 2195 571 2528 627; x_wconf 64' lang='lat' dir='ltr'>cariestibus</span> <span class='ocrx_word' id='word_1_270' title='bbox 2578 588 2692 626; x_wconf 92' lang='lat' dir='ltr'>non</span> <span class='ocrx_word' id='word_1_271' title='bbox 2749 570 2996 625; x_wconf 84' lang='lat' dir='ltr'>recedat.</span> <span class='ocrx_word' id='word_1_272' title='bbox 3051 570 3201 625; x_wconf 92' lang='lat' dir='ltr'>Dum</span> <span class='ocrx_word' id='word_1_273' title='bbox 3248 569 3409 637; x_wconf 81' lang='lat' dir='ltr'>vivit,</span> <span class='ocrx_word' id='word_1_274' title='bbox 3439 571 3496 625; x_wconf 91' lang='lat' dir='ltr'>in</span> 
     </span>
    </p>
   </div>
   <div class='ocr_carea' id='block_1_36' title="bbox 1848 658 3497 732">
    <p class='ocr_par' dir='ltr' id='par_1_36' title="bbox 1848 658 3497 732">
     <span class='ocr_line' id='line_1_36' title="bbox 1848 658 3497 732; baseline 0.001 -18"><span class='ocrx_word' id='word_1_275' title='bbox 1848 661 2050 716; x_wconf 87' lang='lat' dir='ltr'>labore</span> <span class='ocrx_word' id='word_1_276' title='bbox 2085 661 2180 728; x_wconf 85' lang='lat' dir='ltr'>sit,</span> <span class='ocrx_word' id='word_1_277' title='bbox 2215 666 2270 715; x_wconf 91' lang='lat' dir='ltr'>et</span> <span class='ocrx_word' id='word_1_278' title='bbox 2312 664 2636 732; x_wconf 89' lang='lat' dir='ltr'>perseveret</span> <span class='ocrx_word' id='word_1_279' title='bbox 2666 660 2725 715; x_wconf 92' lang='lat' dir='ltr'>in</span> <span class='ocrx_word' id='word_1_280' title='bbox 2775 676 2878 724; x_wconf 91' lang='lat' dir='ltr'>eo;</span> <span class='ocrx_word' id='word_1_281' title='bbox 2932 663 2996 714; x_wconf 93' lang='lat' dir='ltr'>ut</span> <span class='ocrx_word' id='word_1_282' title='bbox 3024 658 3178 714; x_wconf 88' lang='lat' dir='ltr'>vivat</span> <span class='ocrx_word' id='word_1_283' title='bbox 3210 659 3269 713; x_wconf 91' lang='lat' dir='ltr'>in</span> <span class='ocrx_word' id='word_1_284' title='bbox 3297 660 3497 728; x_wconf 83' lang='lat' dir='ltr'>finem,</span> 
     </span>
    </p>
   </div>
   <div class='ocr_carea' id='block_1_37' title="bbox 1848 747 3499 821">
    <p class='ocr_par' dir='ltr' id='par_1_37' title="bbox 1848 747 3499 821">
     <span class='ocr_line' id='line_1_37' title="bbox 1848 747 3499 821; baseline -0.001 -17"><span class='ocrx_word' id='word_1_285' title='bbox 1848 765 1920 804; x_wconf 91' lang='lat' dir='ltr'>ne</span> <span class='ocrx_word' id='word_1_286' title='bbox 1953 754 2010 804; x_wconf 92' lang='lat' dir='ltr'>et</span> <span class='ocrx_word' id='word_1_287' title='bbox 2040 749 2164 821; x_wconf 90' lang='lat' dir='ltr'>ipse</span> <span class='ocrx_word' id='word_1_288' title='bbox 2195 754 2381 805; x_wconf 91' lang='lat' dir='ltr'>morte</span> <span class='ocrx_word' id='word_1_289' title='bbox 2415 748 2718 817; x_wconf 87' lang='lat' dir='ltr'>moriatur,</span> <span class='ocrx_word' id='word_1_290' title='bbox 2751 763 2885 803; x_wconf 90' lang='lat' dir='ltr'>cum</span> <span class='ocrx_word' id='word_1_291' title='bbox 2904 747 2982 803; x_wconf 91' lang='lat' dir='ltr'>sit</span> <span class='ocrx_word' id='word_1_292' title='bbox 3003 748 3130 818; x_wconf 88' lang='lat' dir='ltr'>jam</span> <span class='ocrx_word' id='word_1_293' title='bbox 3156 747 3499 820; x_wconf 82' lang='lat' dir='ltr'>redemptus</span> 
     </span>
    </p>
   </div>
   <div class='ocr_carea' id='block_1_38' title="bbox 1849 842 2130 894">
    <p class='ocr_par' dir='ltr' id='par_1_38' title="bbox 1849 842 2130 894">
     <span class='ocr_line' id='line_1_38' title="bbox 1849 842 2130 894; baseline 0.004 -1"><span class='ocrx_word' id='word_1_294' title='bbox 1849 854 1884 893; x_wconf 88' lang='lat' dir='ltr'>a</span> <span class='ocrx_word' id='word_1_295' title='bbox 1921 842 2130 894; x_wconf 93' lang='lat' dir='ltr'>morte.</span> 
     </span>
    </p>
   </div>
   <div class='ocr_carea' id='block_1_39' title="bbox 1924 933 3504 1007">
    <p class='ocr_par' dir='ltr' id='par_1_39' title="bbox 1924 933 3504 1007">
     <span class='ocr_line' id='line_1_39' title="bbox 1924 933 3504 1007; baseline -0.001 -17"><span class='ocrx_word' id='word_1_296' title='bbox 1924 937 2010 991; x_wconf 87' lang='grc'>16.</span> <span class='ocrx_word' id='word_1_297' title='bbox 2043 936 2227 1006; x_wconf 91' lang='lat' dir='ltr'>(Vers.</span> <span class='ocrx_word' id='word_1_298' title='bbox 2263 935 2372 1007; x_wconf 78' lang='lat' dir='ltr'>il.)</span> <span class='ocrx_word' id='word_1_299' title='bbox 2403 936 2512 1000; x_wconf 89' lang='lat' dir='ltr'>Qui</span> <span class='ocrx_word' id='word_1_300' title='bbox 2544 940 2738 991; x_wconf 91' lang='lat' dir='ltr'>autem</span> <span class='ocrx_word' id='word_1_301' title='bbox 2769 935 3084 992; x_wconf 86' lang='lat' dir='ltr'>servaverit</span> <span class='ocrx_word' id='word_1_302' title='bbox 3114 934 3394 990; x_wconf 88' lang='lat' dir='ltr'>mandata</span> <span class='ocrx_word' id='word_1_303' title='bbox 3423 933 3504 988; x_wconf 87' lang='lat' dir='ltr'>vi-</span> 
     </span>
    </p>
   </div>
   <div class='ocr_carea' id='block_1_40' title="bbox 1851 1031 3495 1102">
    <p class='ocr_par' dir='ltr' id='par_1_40' title="bbox 1851 1031 3495 1102">
     <span class='ocr_line' id='line_1_40' title="bbox 1851 1031 3495 1102; baseline -0.001 -14"><span class='ocrx_word' id='word_1_304' title='bbox 1851 1037 1943 1098; x_wconf 64' lang='lat' dir='ltr'>taz,</span> <span class='ocrx_word' id='word_1_305' title='bbox 1976 1050 2092 1089; x_wconf 92' lang='lat' dir='ltr'>non</span> <span class='ocrx_word' id='word_1_306' title='bbox 2133 1033 2352 1089; x_wconf 90' lang='lat' dir='ltr'>videdit</span> <span class='ocrx_word' id='word_1_307' title='bbox 2399 1033 2723 1100; x_wconf 86' lang='lat' dir='ltr'>interitum,</span> <span class='ocrx_word' id='word_1_308' title='bbox 2770 1050 2904 1089; x_wconf 91' lang='lat' dir='ltr'>cum</span> <span class='ocrx_word' id='word_1_309' title='bbox 2955 1031 3163 1088; x_wconf 88' lang='lat' dir='ltr'>viderit</span> <span class='ocrx_word' id='word_1_310' title='bbox 3193 1032 3341 1088; x_wconf 89' lang='lat' dir='ltr'>mori</span> <span class='ocrx_word' id='word_1_311' title='bbox 3375 1049 3495 1102; x_wconf 88' lang='lat' dir='ltr'>eos,</span> 
     </span>
    </p>
   </div>
   <div class='ocr_carea' id='block_1_41' title="bbox 1849 1120 3501 1194">
    <p class='ocr_par' dir='ltr' id='par_1_41' title="bbox 1849 1120 3501 1194">
     <span class='ocr_line' id='line_1_41' title="bbox 1849 1120 3501 1194; baseline -0.001 -18"><span class='ocrx_word' id='word_1_312' title='bbox 1849 1121 1949 1194; x_wconf 90' lang='lat' dir='ltr'>qui</span> <span class='ocrx_word' id='word_1_313' title='bbox 1976 1121 2088 1177; x_wconf 89' lang='lat' dir='ltr'>sibi</span> <span class='ocrx_word' id='word_1_314' title='bbox 2113 1121 2539 1194; x_wconf 88' lang='lat' dir='ltr'>sapientissimi</span> <span class='ocrx_word' id='word_1_315' title='bbox 2558 1125 2613 1176; x_wconf 92' lang='lat' dir='ltr'>et</span> <span class='ocrx_word' id='word_1_316' title='bbox 2628 1120 3074 1194; x_wconf 87' lang='lat' dir='ltr'>prudentissimi</span> <span class='ocrx_word' id='word_1_317' title='bbox 3093 1121 3152 1176; x_wconf 91' lang='lat' dir='ltr'>in</span> <span class='ocrx_word' id='word_1_318' title='bbox 3169 1120 3277 1176; x_wconf 90' lang='lat' dir='ltr'>hoc</span> <span class='ocrx_word' id='word_1_319' title='bbox 3290 1120 3501 1177; x_wconf 70' lang='lat' dir='ltr'>saeculo</span> 
     </span>
    </p>
   </div>
   <div class='ocr_carea' id='block_1_42' title="bbox 1848 1209 3503 1284">
    <p class='ocr_par' dir='ltr' id='par_1_42' title="bbox 1848 1209 3503 1284">
     <span class='ocr_line' id='line_1_42' title="bbox 1848 1209 3503 1284; baseline -0.001 -18"><span class='ocrx_word' id='word_1_320' title='bbox 1848 1209 2215 1266; x_wconf 89' lang='lat' dir='ltr'>videbantur.</span> <span class='ocrx_word' id='word_1_321' title='bbox 2250 1213 2410 1278; x_wconf 87' lang='lat' dir='ltr'>Quod</span> <span class='ocrx_word' id='word_1_322' title='bbox 2444 1210 2769 1284; x_wconf 82' lang='lat' dir='ltr'>specialiter</span> <span class='ocrx_word' id='word_1_323' title='bbox 2818 1211 2889 1267; x_wconf 92' lang='lat' dir='ltr'>ad</span> <span class='ocrx_word' id='word_1_324' title='bbox 2940 1209 3173 1267; x_wconf 90' lang='lat' dir='ltr'>Scribas</span> <span class='ocrx_word' id='word_1_325' title='bbox 3205 1213 3261 1265; x_wconf 89' lang='lat' dir='ltr'>et</span> <span class='ocrx_word' id='word_1_326' title='bbox 3300 1209 3503 1264; x_wconf 86' lang='lat' dir='ltr'>Phari-</span> 
     </span>
    </p>
   </div>
   <div class='ocr_carea' id='block_1_43' title="bbox 1850 1298 3503 1372">
    <p class='ocr_par' dir='ltr' id='par_1_43' title="bbox 1850 1298 3503 1372">
     <span class='ocr_line' id='line_1_43' title="bbox 1850 1298 3503 1372; baseline -0.001 -18"><span class='ocrx_word' id='word_1_327' title='bbox 1850 1316 1996 1355; x_wconf 70' lang='lat' dir='ltr'>saeos</span> <span class='ocrx_word' id='word_1_328' title='bbox 2028 1304 2270 1371; x_wconf 86' lang='lat' dir='ltr'>spectat,</span> <span class='ocrx_word' id='word_1_329' title='bbox 2306 1299 2406 1371; x_wconf 92' lang='lat' dir='ltr'>qui</span> <span class='ocrx_word' id='word_1_330' title='bbox 2434 1301 2545 1355; x_wconf 89' lang='lat' dir='ltr'>sibi</span> <span class='ocrx_word' id='word_1_331' title='bbox 2571 1301 2878 1355; x_wconf 83' lang='lat' dir='ltr'>cathedras</span> <span class='ocrx_word' id='word_1_332' title='bbox 2899 1300 2956 1354; x_wconf 92' lang='lat' dir='ltr'>in</span> <span class='ocrx_word' id='word_1_333' title='bbox 2980 1299 3293 1372; x_wconf 84' lang='lat' dir='ltr'>synagogis</span> <span class='ocrx_word' id='word_1_334' title='bbox 3315 1298 3503 1354; x_wconf 89' lang='lat' dir='ltr'>vindi-</span> 
     </span>
    </p>
   </div>
   <div class='ocr_carea' id='block_1_44' title="bbox 1851 1386 3506 1460">
    <p class='ocr_par' dir='ltr' id='par_1_44' title="bbox 1851 1386 3506 1460">
     <span class='ocr_line' id='line_1_44' title="bbox 1851 1386 3506 1460; baseline -0.001 -17"><span class='ocrx_word' id='word_1_335' title='bbox 1851 1391 2006 1454; x_wconf 87' lang='lat' dir='ltr'>cant,</span> <span class='ocrx_word' id='word_1_336' title='bbox 2043 1388 2209 1459; x_wconf 91' lang='lat' dir='ltr'>quasi</span> <span class='ocrx_word' id='word_1_337' title='bbox 2240 1386 2537 1460; x_wconf 73' lang='lat' dir='ltr'>sapientia:</span> <span class='ocrx_word' id='word_1_338' title='bbox 2561 1387 2975 1460; x_wconf 88' lang='lat' dir='ltr'>principatum.</span> <span class='ocrx_word' id='word_1_339' title='bbox 3001 1386 3107 1451; x_wconf 92' lang='lat' dir='ltr'>Qui</span> <span class='ocrx_word' id='word_1_340' title='bbox 3125 1403 3256 1442; x_wconf 89' lang='lat' dir='ltr'>vere</span> <span class='ocrx_word' id='word_1_341' title='bbox 3287 1386 3506 1441; x_wconf 86' lang='lat' dir='ltr'>frustra</span> 
     </span>
    </p>
   </div>
   <div class='ocr_carea' id='block_1_45' title="bbox 1851 1475 3505 1548">
    <p class='ocr_par' dir='ltr' id='par_1_45' title="bbox 1851 1475 3505 1548">
     <span class='ocr_line' id='line_1_45' title="bbox 1851 1475 3505 1548; baseline -0.001 -18"><span class='ocrx_word' id='word_1_342' title='bbox 1851 1476 2143 1543; x_wconf 89' lang='lat' dir='ltr'>laborant,</span> <span class='ocrx_word' id='word_1_343' title='bbox 2177 1493 2309 1532; x_wconf 90' lang='lat' dir='ltr'>cum</span> <span class='ocrx_word' id='word_1_344' title='bbox 2344 1481 2550 1548; x_wconf 87' lang='lat' dir='ltr'>putant</span> <span class='ocrx_word' id='word_1_345' title='bbox 2581 1476 2722 1548; x_wconf 86' lang='lat' dir='ltr'>quia</span> <span class='ocrx_word' id='word_1_346' title='bbox 2761 1493 2863 1548; x_wconf 91' lang='lat' dir='ltr'>per</span> <span class='ocrx_word' id='word_1_347' title='bbox 2910 1476 3323 1531; x_wconf 89' lang='lat' dir='ltr'>didrachmum</span> <span class='ocrx_word' id='word_1_348' title='bbox 3353 1475 3505 1530; x_wconf 88' lang='lat' dir='ltr'>libe-</span> 
     </span>
    </p>
   </div>
   <div class='ocr_carea' id='block_1_46' title="bbox 1853 1563 3504 1637">
    <p class='ocr_par' dir='ltr' id='par_1_46' title="bbox 1853 1563 3504 1637">
     <span class='ocr_line' id='line_1_46' title="bbox 1853 1563 3504 1637; baseline -0.001 -17"><span class='ocrx_word' id='word_1_349' title='bbox 1853 1569 2076 1635; x_wconf 89' lang='lat' dir='ltr'>rentur,</span> <span class='ocrx_word' id='word_1_350' title='bbox 2105 1582 2238 1620; x_wconf 90' lang='lat' dir='ltr'>eum</span> <span class='ocrx_word' id='word_1_351' title='bbox 2284 1563 2546 1637; x_wconf 86' lang='lat' dir='ltr'>spiritale</span> <span class='ocrx_word' id='word_1_352' title='bbox 2601 1564 2852 1636; x_wconf 87' lang='lat' dir='ltr'>pretium</span> <span class='ocrx_word' id='word_1_353' title='bbox 2904 1564 3112 1618; x_wconf 71' lang='lat' dir='ltr'>anima:</span> <span class='ocrx_word' id='word_1_354' title='bbox 3156 1580 3296 1630; x_wconf 68' lang='lat' dir='ltr'>suae,</span> <span class='ocrx_word' id='word_1_355' title='bbox 3326 1567 3504 1635; x_wconf 89' lang='lat' dir='ltr'>atque</span> 
     </span>
    </p>
   </div>
   <div class='ocr_carea' id='block_1_47' title="bbox 1851 1652 3500 1725">
    <p class='ocr_par' dir='ltr' id='par_1_47' title="bbox 1851 1652 3500 1725">
     <span class='ocr_line' id='line_1_47' title="bbox 1851 1652 3500 1725; baseline -0.001 -18"><span class='ocrx_word' id='word_1_356' title='bbox 1851 1653 1994 1708; x_wconf 89' lang='lat' dir='ltr'>illud</span> <span class='ocrx_word' id='word_1_357' title='bbox 2019 1653 2316 1725; x_wconf 84' lang='lat' dir='ltr'>singulare</span> <span class='ocrx_word' id='word_1_358' title='bbox 2341 1653 2624 1708; x_wconf 89' lang='lat' dir='ltr'>Dominici</span> <span class='ocrx_word' id='word_1_359' title='bbox 2648 1653 2906 1725; x_wconf 83' lang='lat' dir='ltr'>corporis</span> <span class='ocrx_word' id='word_1_360' title='bbox 2928 1652 3306 1721; x_wconf 84' lang='lat' dir='ltr'>sacrificium,</span> <span class='ocrx_word' id='word_1_361' title='bbox 3337 1652 3500 1706; x_wconf 90' lang='lat' dir='ltr'>inani</span> 
     </span>
    </p>
   </div>
   <div class='ocr_carea' id='block_1_48' title="bbox 1853 1741 3501 1815">
    <p class='ocr_par' dir='ltr' id='par_1_48' title="bbox 1853 1741 3501 1815">
     <span class='ocr_line' id='line_1_48' title="bbox 1853 1741 3501 1815; baseline 0 -19"><span class='ocrx_word' id='word_1_362' title='bbox 1853 1743 2104 1814; x_wconf 84' lang='lat' dir='ltr'>quadam</span> <span class='ocrx_word' id='word_1_363' title='bbox 2139 1742 2309 1815; x_wconf 88' lang='lat' dir='ltr'>Legis</span> <span class='ocrx_word' id='word_1_364' title='bbox 2340 1741 2812 1815; x_wconf 83' lang='lat' dir='ltr'>interpretatione</span> <span class='ocrx_word' id='word_1_365' title='bbox 2844 1741 3326 1814; x_wconf 89' lang='lat' dir='ltr'>contempserint,</span> <span class='ocrx_word' id='word_1_366' title='bbox 3349 1742 3501 1797; x_wconf 82' lang='lat' dir='ltr'>refu-</span> 
     </span>
    </p>
   </div>
   <div class='ocr_carea' id='block_1_49' title="bbox 1775 1831 3497 1922">
    <p class='ocr_par' dir='ltr' id='par_1_49' title="bbox 1775 1831 3497 1922">
     <span class='ocr_line' id='line_1_49' title="bbox 1775 1831 3497 1922; baseline 0.001 -38"><span class='ocrx_word' id='word_1_367' title='bbox 1775 1846 1826 1922; x_wconf 71' lang='lat' dir='ltr'>B’</span> <span class='ocrx_word' id='word_1_368' title='bbox 1853 1831 2080 1902; x_wconf 84' lang='lat' dir='ltr'>gientes</span> <span class='ocrx_word' id='word_1_369' title='bbox 2112 1831 2486 1902; x_wconf 88' lang='lat' dir='ltr'>baptismatis</span> <span class='ocrx_word' id='word_1_370' title='bbox 2517 1835 2980 1888; x_wconf 82' lang='lat' dir='ltr'>sacramentum.</span> <span class='ocrx_word' id='word_1_371' title='bbox 3011 1831 3318 1886; x_wconf 88' lang='lat' dir='ltr'>Neminem</span> <span class='ocrx_word' id='word_1_372' title='bbox 3340 1831 3497 1886; x_wconf 89' lang='lat' dir='ltr'>enim</span> 
     </span>
    </p>
   </div>
   <div class='ocr_carea' id='block_1_50' title="bbox 1853 1915 3503 1993">
    <p class='ocr_par' dir='ltr' id='par_1_50' title="bbox 1853 1915 3503 1993">
     <span class='ocr_line' id='line_1_50' title="bbox 1853 1915 3503 1993; baseline 0 -17"><span class='ocrx_word' id='word_1_373' title='bbox 1853 1921 2096 1993; x_wconf 82' lang='lat' dir='ltr'>sanguis</span> <span class='ocrx_word' id='word_1_374' title='bbox 2147 1921 2395 1977; x_wconf 90' lang='lat' dir='ltr'>redemit</span> <span class='ocrx_word' id='word_1_375' title='bbox 2441 1921 2738 1976; x_wconf 81' lang='lat' dir='ltr'>hircorum</span> <span class='ocrx_word' id='word_1_376' title='bbox 2789 1925 2963 1993; x_wconf 89' lang='lat' dir='ltr'>atque</span> <span class='ocrx_word' id='word_1_377' title='bbox 3012 1925 3358 1978; x_wconf 86' lang='lat' dir='ltr'>taurorum:</span> <span class='ocrx_word' id='word_1_378' title='bbox 3402 1915 3503 1976; x_wconf 85' lang='lat' dir='ltr'>sed</span> 
     </span>
    </p>
   </div>
   <div class='ocr_carea' id='block_1_51' title="bbox 1854 2008 3500 2082">
    <p class='ocr_par' dir='ltr' id='par_1_51' title="bbox 1854 2008 3500 2082">
     <span class='ocr_line' id='line_1_51' title="bbox 1854 2008 3500 2082; baseline -0.001 -17"><span class='ocrx_word' id='word_1_379' title='bbox 1854 2026 2058 2066; x_wconf 91' lang='lat' dir='ltr'>omnes</span> <span class='ocrx_word' id='word_1_380' title='bbox 2091 2027 2246 2065; x_wconf 90' lang='lat' dir='ltr'>unus</span> <span class='ocrx_word' id='word_1_381' title='bbox 2279 2009 2522 2082; x_wconf 87' lang='lat' dir='ltr'>sanguis</span> <span class='ocrx_word' id='word_1_382' title='bbox 2550 2010 2760 2066; x_wconf 88' lang='lat' dir='ltr'>liberat</span> <span class='ocrx_word' id='word_1_383' title='bbox 2789 2008 3027 2076; x_wconf 88' lang='lat' dir='ltr'>Christi,</span> <span class='ocrx_word' id='word_1_384' title='bbox 3061 2011 3232 2081; x_wconf 88' lang='lat' dir='ltr'>cujus</span> <span class='ocrx_word' id='word_1_385' title='bbox 3253 2008 3315 2064; x_wconf 90' lang='lat' dir='ltr'>in</span> <span class='ocrx_word' id='word_1_386' title='bbox 3346 2009 3500 2064; x_wconf 85' lang='lat' dir='ltr'>Levi-</span> 
     </span>
    </p>
   </div>
   <div class='ocr_carea' id='block_1_52' title="bbox 1853 2097 3504 2172">
    <p class='ocr_par' dir='ltr' id='par_1_52' title="bbox 1853 2097 3504 2172">
     <span class='ocr_line' id='line_1_52' title="bbox 1853 2097 3504 2172; baseline -0.001 -18"><span class='ocrx_word' id='word_1_387' title='bbox 1853 2099 1966 2155; x_wconf 87' lang='lat' dir='ltr'>tico</span> <span class='ocrx_word' id='word_1_388' title='bbox 2042 2100 2249 2172; x_wconf 86' lang='lat' dir='ltr'>ﬁgura,</span> <span class='ocrx_word' id='word_1_389' title='bbox 2331 2116 2444 2155; x_wconf 91' lang='lat' dir='ltr'>non</span> <span class='ocrx_word' id='word_1_390' title='bbox 2521 2100 2734 2156; x_wconf 89' lang='lat' dir='ltr'>veritas</span> <span class='ocrx_word' id='word_1_391' title='bbox 2804 2104 2916 2157; x_wconf 89' lang='lat' dir='ltr'>est.</span> <span class='ocrx_word' id='word_1_392' title='bbox 2991 2099 3118 2156; x_wconf 89' lang='lat' dir='ltr'>Non</span> <span class='ocrx_word' id='word_1_393' title='bbox 3185 2097 3344 2154; x_wconf 90' lang='lat' dir='ltr'>enim</span> <span class='ocrx_word' id='word_1_394' title='bbox 3400 2113 3504 2169; x_wconf 91' lang='lat' dir='ltr'>per</span> 
     </span>
    </p>
   </div>
   <div class='ocr_carea' id='block_1_53' title="bbox 1854 2185 3498 2261">
    <p class='ocr_par' dir='ltr' id='par_1_53' title="bbox 1854 2185 3498 2261">
     <span class='ocr_line' id='line_1_53' title="bbox 1854 2185 3498 2261; baseline 0.001 -20"><span class='ocrx_word' id='word_1_395' title='bbox 1854 2188 2222 2256; x_wconf 91' lang='lat' dir='ltr'>didrachma,</span> <span class='ocrx_word' id='word_1_396' title='bbox 2247 2189 2348 2245; x_wconf 91' lang='lat' dir='ltr'>sed</span> <span class='ocrx_word' id='word_1_397' title='bbox 2372 2188 2531 2244; x_wconf 90' lang='lat' dir='ltr'>illius</span> <span class='ocrx_word' id='word_1_398' title='bbox 2549 2189 2734 2245; x_wconf 91' lang='lat' dir='ltr'>solius</span> <span class='ocrx_word' id='word_1_399' title='bbox 2751 2187 3057 2261; x_wconf 89' lang='lat' dir='ltr'>sanguinis</span> <span class='ocrx_word' id='word_1_400' title='bbox 3077 2187 3260 2261; x_wconf 90' lang='lat' dir='ltr'>pretio</span> <span class='ocrx_word' id='word_1_401' title='bbox 3287 2185 3498 2242; x_wconf 86' lang='lat' dir='ltr'>libera-</span> 
     </span>
    </p>
   </div>
   <div class='ocr_carea' id='block_1_54' title="bbox 1855 2293 2009 2333">
    <p class='ocr_par' dir='ltr' id='par_1_54' title="bbox 1855 2293 2009 2333">
     <span class='ocr_line' id='line_1_54' title="bbox 1855 2293 2009 2333; baseline 0.006 -1"><span class='ocrx_word' id='word_1_402' title='bbox 1855 2293 2009 2333; x_wconf 89' lang='lat' dir='ltr'>mur.</span> 
     </span>
    </p>
   </div>
   <div class='ocr_carea' id='block_1_55' title="bbox 1928 2367 3501 2440">
    <p class='ocr_par' dir='ltr' id='par_1_55' title="bbox 1928 2367 3501 2440">
     <span class='ocr_line' id='line_1_55' title="bbox 1928 2367 3501 2440; baseline 0.001 -21"><span class='ocrx_word' id='word_1_403' title='bbox 1928 2368 2013 2420; x_wconf 91' lang='grc'>17.</span> <span class='ocrx_word' id='word_1_404' title='bbox 2048 2367 2246 2422; x_wconf 90' lang='lat' dir='ltr'>Simus</span> <span class='ocrx_word' id='word_1_405' title='bbox 2278 2384 2414 2440; x_wconf 86' lang='lat' dir='ltr'>ergo</span> <span class='ocrx_word' id='word_1_406' title='bbox 2445 2367 2726 2422; x_wconf 89' lang='lat' dir='ltr'>docibiles</span> <span class='ocrx_word' id='word_1_407' title='bbox 2747 2367 2849 2422; x_wconf 92' lang='lat' dir='ltr'>Dei</span> <span class='ocrx_word' id='word_1_408' title='bbox 2876 2384 2890 2435; x_wconf 88' lang='lat'>;</span> <span class='ocrx_word' id='word_1_409' title='bbox 2923 2372 2989 2423; x_wconf 91' lang='lat' dir='ltr'>ut</span> <span class='ocrx_word' id='word_1_410' title='bbox 3033 2381 3203 2422; x_wconf 92' lang='lat' dir='ltr'>nemo</span> <span class='ocrx_word' id='word_1_411' title='bbox 3233 2367 3501 2421; x_wconf 89' lang='lat' dir='ltr'>nostrum</span> 
     </span>
    </p>
   </div>
   <div class='ocr_carea' id='block_1_56' title="bbox 1854 2455 3500 2528">
    <p class='ocr_par' dir='ltr' id='par_1_56' title="bbox 1854 2455 3500 2528">
     <span class='ocr_line' id='line_1_56' title="bbox 1854 2455 3500 2528; baseline -0.001 -18"><span class='ocrx_word' id='word_1_412' title='bbox 1854 2455 2048 2511; x_wconf 90' lang='lat' dir='ltr'>videat</span> <span class='ocrx_word' id='word_1_413' title='bbox 2081 2456 2383 2511; x_wconf 90' lang='lat' dir='ltr'>interitum</span> <span class='ocrx_word' id='word_1_414' title='bbox 2419 2456 2477 2511; x_wconf 90' lang='lat' dir='ltr'>in</span> <span class='ocrx_word' id='word_1_415' title='bbox 2510 2456 2608 2512; x_wconf 92' lang='lat' dir='ltr'>illo</span> <span class='ocrx_word' id='word_1_416' title='bbox 2639 2457 2752 2523; x_wconf 89' lang='lat' dir='ltr'>die,</span> <span class='ocrx_word' id='word_1_417' title='bbox 2801 2457 3034 2528; x_wconf 91' lang='lat' dir='ltr'>quando</span> <span class='ocrx_word' id='word_1_418' title='bbox 3066 2456 3500 2510; x_wconf 87' lang='lat' dir='ltr'>damnabantur</span> 
     </span>
    </p>
   </div>
   <div class='ocr_carea' id='block_1_57' title="bbox 1856 2544 3505 2617">
    <p class='ocr_par' dir='ltr' id='par_1_57' title="bbox 1856 2544 3505 2617">
     <span class='ocr_line' id='line_1_57' title="bbox 1856 2544 3505 2617; baseline 0 -19"><span class='ocrx_word' id='word_1_419' title='bbox 1856 2550 2039 2599; x_wconf 90' lang='lat' dir='ltr'>morte</span> <span class='ocrx_word' id='word_1_420' title='bbox 2056 2550 2332 2616; x_wconf 88' lang='lat' dir='ltr'>perpetua</span> <span class='ocrx_word' id='word_1_421' title='bbox 2354 2547 2648 2617; x_wconf 87' lang='lat' dir='ltr'>sapientes</span> <span class='ocrx_word' id='word_1_422' title='bbox 2669 2545 2836 2599; x_wconf 86' lang='lat' dir='ltr'>istius</span> <span class='ocrx_word' id='word_1_423' title='bbox 2857 2545 3080 2612; x_wconf 87' lang='lat' dir='ltr'>mundi,</span> <span class='ocrx_word' id='word_1_424' title='bbox 3098 2545 3186 2599; x_wconf 89' lang='lat' dir='ltr'>vel</span> <span class='ocrx_word' id='word_1_425' title='bbox 3210 2544 3505 2615; x_wconf 85' lang='lat' dir='ltr'>principes</span> 
     </span>
    </p>
   </div>
   <div class='ocr_carea' id='block_1_58' title="bbox 1851 2632 3500 2707">
    <p class='ocr_par' dir='ltr' id='par_1_58' title="bbox 1851 2632 3500 2707">
     <span class='ocr_line' id='line_1_58' title="bbox 1851 2632 3500 2707; baseline -0.001 -20"><span class='ocrx_word' id='word_1_426' title='bbox 1851 2633 2209 2701; x_wconf 79' lang='lat' dir='ltr'>Judaeorum,</span> <span class='ocrx_word' id='word_1_427' title='bbox 2275 2635 2509 2707; x_wconf 87' lang='lat' dir='ltr'>quando</span> <span class='ocrx_word' id='word_1_428' title='bbox 2554 2655 2583 2686; x_wconf 87' lang='lat'><strong>«</strong></span> <span class='ocrx_word' id='word_1_429' title='bbox 2632 2632 2809 2689; x_wconf 86' lang='lat' dir='ltr'>simul</span> <span class='ocrx_word' id='word_1_430' title='bbox 2859 2633 3146 2704; x_wconf 86' lang='lat' dir='ltr'>insipiens</span> <span class='ocrx_word' id='word_1_431' title='bbox 3195 2637 3252 2688; x_wconf 90' lang='lat' dir='ltr'>et</span> <span class='ocrx_word' id='word_1_432' title='bbox 3283 2633 3500 2687; x_wconf 86' lang='lat' dir='ltr'>stultus</span> 
     </span>
    </p>
   </div>
   <div class='ocr_carea' id='block_1_59' title="bbox 1853 2721 3505 2794">
    <p class='ocr_par' dir='ltr' id='par_1_59' title="bbox 1853 2721 3505 2794">
     <span class='ocr_line' id='line_1_59' title="bbox 1853 2721 3505 2794; baseline 0 -18"><span class='ocrx_word' id='word_1_433' title='bbox 1853 2723 2211 2794; x_wconf 82' lang='lat' dir='ltr'>peribunt.»</span> <span class='ocrx_word' id='word_1_434' title='bbox 2257 2724 2382 2778; x_wconf 89' lang='lat' dir='ltr'>Non</span> <span class='ocrx_word' id='word_1_435' title='bbox 2430 2723 2583 2779; x_wconf 91' lang='lat' dir='ltr'>idem</span> <span class='ocrx_word' id='word_1_436' title='bbox 2631 2728 2718 2779; x_wconf 89' lang='lat' dir='ltr'>est</span> <span class='ocrx_word' id='word_1_437' title='bbox 2767 2727 3103 2794; x_wconf 88' lang='lat' dir='ltr'>utrumque.</span> <span class='ocrx_word' id='word_1_438' title='bbox 3153 2721 3380 2777; x_wconf 90' lang='lat' dir='ltr'>Stultus</span> <span class='ocrx_word' id='word_1_439' title='bbox 3413 2726 3505 2776; x_wconf 90' lang='lat' dir='ltr'>est</span> 
     </span>
    </p>
   </div>
   <div class='ocr_carea' id='block_1_60' title="bbox 1855 2809 3498 2884">
    <p class='ocr_par' dir='ltr' id='par_1_60' title="bbox 1855 2809 3498 2884">
     <span class='ocr_line' id='line_1_60' title="bbox 1855 2809 3498 2884; baseline -0.001 -19"><span class='ocrx_word' id='word_1_440' title='bbox 1855 2812 1956 2883; x_wconf 88' lang='lat' dir='ltr'>qui</span> <span class='ocrx_word' id='word_1_441' title='bbox 1987 2812 2131 2866; x_wconf 88' lang='lat' dir='ltr'>nihil</span> <span class='ocrx_word' id='word_1_442' title='bbox 2167 2812 2340 2884; x_wconf 91' lang='lat' dir='ltr'>sapit,</span> <span class='ocrx_word' id='word_1_443' title='bbox 2371 2817 2427 2867; x_wconf 92' lang='lat' dir='ltr'>et</span> <span class='ocrx_word' id='word_1_444' title='bbox 2475 2812 2655 2868; x_wconf 89' lang='lat' dir='ltr'>stulta</span> <span class='ocrx_word' id='word_1_445' title='bbox 2697 2811 3007 2882; x_wconf 86' lang='lat' dir='ltr'>intelligit;</span> <span class='ocrx_word' id='word_1_446' title='bbox 3056 2809 3363 2882; x_wconf 90' lang='lat' dir='ltr'>insipiens,</span> <span class='ocrx_word' id='word_1_447' title='bbox 3397 2809 3498 2881; x_wconf 92' lang='lat' dir='ltr'>qui</span> 
     </span>
    </p>
   </div>
   <div class='ocr_carea' id='block_1_61' title="bbox 1855 2899 3499 2973">
    <p class='ocr_par' dir='ltr' id='par_1_61' title="bbox 1855 2899 3499 2973">
     <span class='ocr_line' id='line_1_61' title="bbox 1855 2899 3499 2973; baseline -0.001 -19"><span class='ocrx_word' id='word_1_448' title='bbox 1855 2900 2006 2955; x_wconf 89' lang='lat' dir='ltr'>male</span> <span class='ocrx_word' id='word_1_449' title='bbox 2051 2900 2224 2973; x_wconf 90' lang='lat' dir='ltr'>sapit.</span> <span class='ocrx_word' id='word_1_450' title='bbox 2275 2901 2430 2956; x_wconf 81' lang='lat' dir='ltr'>Dixit</span> <span class='ocrx_word' id='word_1_451' title='bbox 2479 2901 2781 2973; x_wconf 89' lang='lat' dir='ltr'>insipiens,</span> <span class='ocrx_word' id='word_1_452' title='bbox 2839 2899 2978 2972; x_wconf 88' lang='lat' dir='ltr'>quia</span> <span class='ocrx_word' id='word_1_453' title='bbox 3024 2916 3140 2954; x_wconf 90' lang='lat' dir='ltr'>non</span> <span class='ocrx_word' id='word_1_454' title='bbox 3189 2903 3278 2954; x_wconf 91' lang='lat' dir='ltr'>est</span> <span class='ocrx_word' id='word_1_455' title='bbox 3325 2902 3499 2953; x_wconf 91' lang='lat' dir='ltr'>Deus.</span> 
     </span>
    </p>
   </div>
   <div class='ocr_carea' id='block_1_62' title="bbox 1854 2987 3496 3062">
    <p class='ocr_par' dir='ltr' id='par_1_62' title="bbox 1854 2987 3496 3062">
     <span class='ocr_line' id='line_1_62' title="bbox 1854 2987 3496 3062; baseline -0.001 -17"><span class='ocrx_word' id='word_1_456' title='bbox 1854 2991 2154 3055; x_wconf 90' lang='lat' dir='ltr'>Quomodo</span> <span class='ocrx_word' id='word_1_457' title='bbox 2205 2990 2468 3062; x_wconf 89' lang='lat' dir='ltr'>iniquus,</span> <span class='ocrx_word' id='word_1_458' title='bbox 2519 3008 2634 3046; x_wconf 90' lang='lat' dir='ltr'>non</span> <span class='ocrx_word' id='word_1_459' title='bbox 2685 2990 2823 3062; x_wconf 90' lang='lat' dir='ltr'>quia</span> <span class='ocrx_word' id='word_1_460' title='bbox 2870 2989 3202 3061; x_wconf 60' lang='lat' dir='ltr'>aequitatem</span> <span class='ocrx_word' id='word_1_461' title='bbox 3253 2987 3496 3056; x_wconf 89' lang='lat' dir='ltr'>nesciat,</span> 
     </span>
    </p>
   </div>
   <div class='ocr_carea' id='block_1_63' title="bbox 1855 3077 3496 3150">
    <p class='ocr_par' dir='ltr' id='par_1_63' title="bbox 1855 3077 3496 3150">
     <span class='ocr_line' id='line_1_63' title="bbox 1855 3077 3496 3150; baseline -0.001 -17"><span class='ocrx_word' id='word_1_462' title='bbox 1855 3079 1955 3133; x_wconf 89' lang='lat' dir='ltr'>sed</span> <span class='ocrx_word' id='word_1_463' title='bbox 1980 3079 2117 3149; x_wconf 88' lang='lat' dir='ltr'>quia</span> <span class='ocrx_word' id='word_1_464' title='bbox 2148 3078 2520 3150; x_wconf 86' lang='lat' dir='ltr'>improbitate</span> <span class='ocrx_word' id='word_1_465' title='bbox 2552 3079 2744 3134; x_wconf 91' lang='lat' dir='ltr'>cordis</span> <span class='ocrx_word' id='word_1_466' title='bbox 2775 3078 2865 3132; x_wconf 91' lang='lat' dir='ltr'>sui</span> <span class='ocrx_word' id='word_1_467' title='bbox 2898 3078 3101 3148; x_wconf 89' lang='lat' dir='ltr'>iniqua</span> <span class='ocrx_word' id='word_1_468' title='bbox 3131 3077 3496 3132; x_wconf 85' lang='lat' dir='ltr'>committat:</span> 
     </span>
    </p>
   </div>
   <div class='ocr_carea' id='block_1_64' title="bbox 1853 3165 3502 3238">
    <p class='ocr_par' dir='ltr' id='par_1_64' title="bbox 1853 3165 3502 3238">
     <span class='ocr_line' id='line_1_64' title="bbox 1853 3165 3502 3238; baseline -0.001 -18"><span class='ocrx_word' id='word_1_469' title='bbox 1853 3167 2157 3238; x_wconf 88' lang='lat' dir='ltr'>improbus</span> <span class='ocrx_word' id='word_1_470' title='bbox 2190 3181 2422 3238; x_wconf 89' lang='lat' dir='ltr'>quoque</span> <span class='ocrx_word' id='word_1_471' title='bbox 2452 3166 2700 3232; x_wconf 88' lang='lat' dir='ltr'>dicitur;</span> <span class='ocrx_word' id='word_1_472' title='bbox 2734 3181 2800 3220; x_wconf 87' lang='lat' dir='ltr'>eo</span> <span class='ocrx_word' id='word_1_473' title='bbox 2832 3167 2987 3237; x_wconf 89' lang='lat' dir='ltr'>quod</span> <span class='ocrx_word' id='word_1_474' title='bbox 3013 3165 3356 3236; x_wconf 88' lang='lat' dir='ltr'>probitatem</span> <span class='ocrx_word' id='word_1_475' title='bbox 3383 3181 3502 3218; x_wconf 89' lang='lat' dir='ltr'>ma-</span> 
     </span>
    </p>
   </div>
   <div class='ocr_carea' id='block_1_65' title="bbox 121 3225 3499 3324">
    <p class='ocr_par' dir='ltr' id='par_1_65' title="bbox 121 3225 3499 3324">
     <span class='ocr_line' id='line_1_65' title="bbox 121 3225 3499 3324; baseline -0.004 -6"><span class='ocrx_word' id='word_1_476' title='bbox 121 3248 260 3305; x_wconf 65' lang='lat'>’50</span> <span class='ocrx_word' id='word_1_477' title='bbox 291 3245 632 3317; x_wconf 62' lang='lat' dir='ltr'>redemptio-</span> <span class='ocrx_word' id='word_1_478' title='bbox 664 3243 844 3314; x_wconf 72' lang='lat' dir='ltr'>cujus</span> <span class='ocrx_word' id='word_1_479' title='bbox 874 3243 1031 3299; x_wconf 67' lang='lat' dir='ltr'>enim</span> <span class='ocrx_word' id='word_1_480' title='bbox 1063 3225 1319 3298; x_wconf 63' lang='grc' dir='ltr'>δδωίηίε</span> <span class='ocrx_word' id='word_1_481' title='bbox 1349 3246 1591 3316; x_wconf 59' lang='lat' dir='ltr'>gangliis</span> <span class='ocrx_word' id='word_1_482' title='bbox 1614 3247 1740 3316; x_wconf 70' lang='lat' dir='ltr'>jam</span> <span class='ocrx_word' id='word_1_483' title='bbox 1773 3225 1816 3292; x_wconf 63' lang='grc' dir='ltr'><strong>ϐ</strong></span> <span class='ocrx_word' id='word_1_484' title='bbox 1855 3225 1982 3309; x_wconf 65' lang='lat' dir='ltr'>litia</span> <span class='ocrx_word' id='word_1_485' title='bbox 2013 3271 2120 3310; x_wconf 89' lang='lat' dir='ltr'>sua</span> <span class='ocrx_word' id='word_1_486' title='bbox 2149 3225 2450 3311; x_wconf 73' lang='lat' dir='ltr'>destruere</span> <span class='ocrx_word' id='word_1_487' title='bbox 2480 3254 2639 3321; x_wconf 89' lang='lat' dir='ltr'>velit,</span> <span class='ocrx_word' id='word_1_488' title='bbox 2663 3225 2775 3308; x_wconf 83' lang='lat' dir='ltr'>non</span> <span class='ocrx_word' id='word_1_489' title='bbox 2801 3225 2938 3324; x_wconf 78' lang='lat' dir='ltr'>quia</span> <span class='ocrx_word' id='word_1_490' title='bbox 2962 3225 3308 3324; x_wconf 73' lang='lat' dir='ltr'>probitatem</span> <span class='ocrx_word' id='word_1_491' title='bbox 3333 3252 3499 3322; x_wconf 87' lang='lat' dir='ltr'>igno-</span> 
     </span>
    </p>
   </div>
   <div class='ocr_carea' id='block_1_66' title="bbox 122 3333 1746 3408">
    <p class='ocr_par' dir='ltr' id='par_1_66' title="bbox 122 3333 1746 3408">
     <span class='ocr_line' id='line_1_66' title="bbox 122 3333 1746 3408; baseline -0.002 -16"><span class='ocrx_word' id='word_1_492' title='bbox 122 3339 350 3393; x_wconf 89' lang='lat' dir='ltr'>doneus</span> <span class='ocrx_word' id='word_1_493' title='bbox 379 3338 468 3390; x_wconf 89' lang='lat' dir='ltr'>est</span> <span class='ocrx_word' id='word_1_494' title='bbox 496 3333 566 3389; x_wconf 92' lang='lat' dir='ltr'>ad</span> <span class='ocrx_word' id='word_1_495' title='bbox 600 3334 1055 3405; x_wconf 84' lang='lat' dir='ltr'>redemptionem</span> <span class='ocrx_word' id='word_1_496' title='bbox 1072 3333 1324 3398; x_wconf 89' lang='lat' dir='ltr'>sui,cum</span> <span class='ocrx_word' id='word_1_497' title='bbox 1355 3349 1460 3404; x_wconf 92' lang='lat' dir='ltr'>pro</span> <span class='ocrx_word' id='word_1_498' title='bbox 1480 3335 1746 3408; x_wconf 91' lang='lat' dir='ltr'>redemp-</span> 
     </span>
    </p>
   </div>
   <div class='ocr_carea' id='block_1_67' title="bbox 131 3420 1750 3493">
    <p class='ocr_par' dir='ltr' id='par_1_67' title="bbox 131 3420 1750 3493">
     <span class='ocr_line' id='line_1_67' title="bbox 131 3420 1750 3493; baseline -0.001 -12"><span class='ocrx_word' id='word_1_499' title='bbox 131 3426 266 3483; x_wconf 88' lang='lat' dir='ltr'>ione</span> <span class='ocrx_word' id='word_1_500' title='bbox 287 3423 551 3479; x_wconf 90' lang='lat' dir='ltr'>omnium</span> <span class='ocrx_word' id='word_1_501' title='bbox 571 3439 745 3477; x_wconf 91' lang='lat' dir='ltr'>suum</span> <span class='ocrx_word' id='word_1_502' title='bbox 773 3422 1119 3493; x_wconf 89' lang='lat' dir='ltr'>sanguinem</span> <span class='ocrx_word' id='word_1_503' title='bbox 1151 3420 1419 3476; x_wconf 89' lang='lat' dir='ltr'>Christus</span> <span class='ocrx_word' id='word_1_504' title='bbox 1440 3423 1750 3479; x_wconf 72' lang='lat' dir='ltr'>effuderit?</span> 
     </span>
    </p>
   </div>
   <div class='ocr_carea' id='block_1_68' title="bbox 125 3510 1746 3585">
    <p class='ocr_par' dir='ltr' id='par_1_68' title="bbox 125 3510 1746 3585">
     <span class='ocr_line' id='line_1_68' title="bbox 125 3510 1746 3585; baseline -0.002 -14"><span class='ocrx_word' id='word_1_505' title='bbox 125 3517 204 3571; x_wconf 76' lang='lat' dir='ltr'>lst</span> <span class='ocrx_word' id='word_1_506' title='bbox 232 3528 371 3585; x_wconf 88' lang='lat' dir='ltr'>ergo</span> <span class='ocrx_word' id='word_1_507' title='bbox 400 3512 749 3584; x_wconf 87' lang='lat' dir='ltr'>cujusquam</span> <span class='ocrx_word' id='word_1_508' title='bbox 783 3511 1024 3582; x_wconf 88' lang='lat' dir='ltr'>sanguis</span> <span class='ocrx_word' id='word_1_509' title='bbox 1055 3510 1376 3582; x_wconf 89' lang='lat' dir='ltr'>quiChristi</span> <span class='ocrx_word' id='word_1_510' title='bbox 1405 3511 1590 3582; x_wconf 80' lang='lat' dir='ltr'>possit</span> <span class='ocrx_word' id='word_1_511' title='bbox 1611 3530 1746 3568; x_wconf 87' lang='lat' dir='ltr'>san-</span> 
     </span>
    </p>
   </div>
   <div class='ocr_carea' id='block_1_69' title="bbox 127 3599 1742 3673">
    <p class='ocr_par' dir='ltr' id='par_1_69' title="bbox 127 3599 1742 3673">
     <span class='ocr_line' id='line_1_69' title="bbox 127 3599 1742 3673; baseline -0.001 -15"><span class='ocrx_word' id='word_1_512' title='bbox 127 3603 265 3659; x_wconf 85' lang='lat' dir='ltr'>uini</span> <span class='ocrx_word' id='word_1_513' title='bbox 296 3600 621 3673; x_wconf 88' lang='lat' dir='ltr'>comparari</span> <span class='ocrx_word' id='word_1_514' title='bbox 646 3599 806 3654; x_wconf 83' lang='lat' dir='ltr'>‘?Aut</span> <span class='ocrx_word' id='word_1_515' title='bbox 835 3600 967 3671; x_wconf 90' lang='lat' dir='ltr'>quis</span> <span class='ocrx_word' id='word_1_516' title='bbox 998 3604 1118 3654; x_wconf 88' lang='lat' dir='ltr'>tam</span> <span class='ocrx_word' id='word_1_517' title='bbox 1151 3603 1356 3670; x_wconf 90' lang='lat' dir='ltr'>potens</span> <span class='ocrx_word' id='word_1_518' title='bbox 1402 3599 1598 3670; x_wconf 89' lang='lat' dir='ltr'>homo,</span> <span class='ocrx_word' id='word_1_519' title='bbox 1645 3602 1742 3673; x_wconf 90' lang='lat' dir='ltr'>qui</span> 
     </span>
    </p>
   </div>
   <div class='ocr_carea' id='block_1_70' title="bbox 137 3689 1743 3762">
    <p class='ocr_par' dir='ltr' id='par_1_70' title="bbox 137 3689 1743 3762">
     <span class='ocr_line' id='line_1_70' title="bbox 137 3689 1743 3762; baseline -0.002 -15"><span class='ocrx_word' id='word_1_520' title='bbox 137 3710 199 3748; x_wconf 89' lang='lat' dir='ltr'>ro</span> <span class='ocrx_word' id='word_1_521' title='bbox 232 3707 296 3746; x_wconf 89' lang='lat' dir='ltr'>se</span> <span class='ocrx_word' id='word_1_522' title='bbox 328 3689 804 3762; x_wconf 88' lang='lat' dir='ltr'>prepitiationem</span> <span class='ocrx_word' id='word_1_523' title='bbox 836 3705 1007 3744; x_wconf 87' lang='lat' dir='ltr'>suam</span> <span class='ocrx_word' id='word_1_524' title='bbox 1033 3689 1172 3743; x_wconf 89' lang='lat' dir='ltr'>dare</span> <span class='ocrx_word' id='word_1_525' title='bbox 1202 3689 1390 3760; x_wconf 88' lang='lat' dir='ltr'>possit</span> <span class='ocrx_word' id='word_1_526' title='bbox 1411 3706 1589 3761; x_wconf 90' lang='lat' dir='ltr'>supra</span> <span class='ocrx_word' id='word_1_527' title='bbox 1615 3706 1743 3744; x_wconf 87' lang='lat' dir='ltr'>eam</span> 
     </span>
    </p>
   </div>
   <div class='ocr_carea' id='block_1_71' title="bbox 137 3776 1742 3852">
    <p class='ocr_par' dir='ltr' id='par_1_71' title="bbox 137 3776 1742 3852">
     <span class='ocr_line' id='line_1_71' title="bbox 137 3776 1742 3852; baseline -0.002 -15"><span class='ocrx_word' id='word_1_528' title='bbox 137 3778 597 3852; x_wconf 89' lang='lat' dir='ltr'>ropitiationem,</span> <span class='ocrx_word' id='word_1_529' title='bbox 629 3795 807 3849; x_wconf 86' lang='lat' dir='ltr'>quam</span> <span class='ocrx_word' id='word_1_530' title='bbox 841 3777 896 3831; x_wconf 89' lang='lat' dir='ltr'>in</span> <span class='ocrx_word' id='word_1_531' title='bbox 931 3795 992 3832; x_wconf 92' lang='lat' dir='ltr'>se</span> <span class='ocrx_word' id='word_1_532' title='bbox 1031 3776 1246 3832; x_wconf 90' lang='lat' dir='ltr'>obtulit</span> <span class='ocrx_word' id='word_1_533' title='bbox 1292 3777 1581 3848; x_wconf 88' lang='lat' dir='ltr'>Christus,</span> <span class='ocrx_word' id='word_1_534' title='bbox 1642 3779 1742 3851; x_wconf 92' lang='lat' dir='ltr'>qui</span> 
     </span>
    </p>
   </div>
   <div class='ocr_carea' id='block_1_72' title="bbox 125 3865 1746 3939">
    <p class='ocr_par' dir='ltr' id='par_1_72' title="bbox 125 3865 1746 3939">
     <span class='ocr_line' id='line_1_72' title="bbox 125 3865 1746 3939; baseline -0.003 -12"><span class='ocrx_word' id='word_1_535' title='bbox 125 3871 261 3928; x_wconf 89' lang='lat' dir='ltr'>olus</span> <span class='ocrx_word' id='word_1_536' title='bbox 297 3873 408 3923; x_wconf 89' lang='lat' dir='ltr'>Deo</span> <span class='ocrx_word' id='word_1_537' title='bbox 439 3869 727 3922; x_wconf 84' lang='lat' dir='ltr'>mundum</span> <span class='ocrx_word' id='word_1_538' title='bbox 758 3865 1153 3922; x_wconf 86' lang='lat' dir='ltr'>reconciliavit</span> <span class='ocrx_word' id='word_1_539' title='bbox 1182 3882 1285 3937; x_wconf 93' lang='lat' dir='ltr'>per</span> <span class='ocrx_word' id='word_1_540' title='bbox 1305 3883 1479 3922; x_wconf 89' lang='lat' dir='ltr'>suum</span> <span class='ocrx_word' id='word_1_541' title='bbox 1512 3869 1746 3939; x_wconf 90' lang='lat' dir='ltr'>sangui-</span> 
     </span>
    </p>
   </div>
   <div class='ocr_carea' id='block_1_73' title="bbox 132 3955 1744 4028">
    <p class='ocr_par' dir='ltr' id='par_1_73' title="bbox 132 3955 1744 4028">
     <span class='ocr_line' id='line_1_73' title="bbox 132 3955 1744 4028; baseline -0.004 -12"><span class='ocrx_word' id='word_1_542' title='bbox 132 3976 233 4016; x_wconf 88' lang='lat' dir='ltr'>em</span> <span class='ocrx_word' id='word_1_543' title='bbox 262 3958 292 4013; x_wconf 76' lang='lat' dir='ltr'><strong><em>‘I</em></strong></span> <span class='ocrx_word' id='word_1_544' title='bbox 321 3959 456 4024; x_wconf 74' lang='lat' dir='ltr'>Quae</span> <span class='ocrx_word' id='word_1_545' title='bbox 479 3957 668 4026; x_wconf 87' lang='lat' dir='ltr'>major</span> <span class='ocrx_word' id='word_1_546' title='bbox 689 3955 880 4012; x_wconf 90' lang='lat' dir='ltr'>hostia</span> <span class='ocrx_word' id='word_1_547' title='bbox 903 3973 917 4022; x_wconf 90' lang='lat'><strong>;</strong></span> <span class='ocrx_word' id='word_1_548' title='bbox 950 3955 1104 4027; x_wconf 93' lang='lat' dir='ltr'>quod</span> <span class='ocrx_word' id='word_1_549' title='bbox 1129 3957 1502 4028; x_wconf 65' lang='lat' dir='ltr'>prazstantius</span> <span class='ocrx_word' id='word_1_550' title='bbox 1529 3958 1744 4013; x_wconf 79' lang='lat' dir='ltr'>sacrifi-</span> 
     </span>
    </p>
   </div>
   <div class='ocr_carea' id='block_1_74' title="bbox 125 4045 1742 4119">
    <p class='ocr_par' dir='ltr' id='par_1_74' title="bbox 125 4045 1742 4119">
     <span class='ocr_line' id='line_1_74' title="bbox 125 4045 1742 4119; baseline -0.004 -17"><span class='ocrx_word' id='word_1_551' title='bbox 125 4050 294 4112; x_wconf 89' lang='lat' dir='ltr'>ium;</span> <span class='ocrx_word' id='word_1_552' title='bbox 323 4046 424 4116; x_wconf 92' lang='lat' dir='ltr'>qui</span> <span class='ocrx_word' id='word_1_553' title='bbox 455 4045 662 4100; x_wconf 90' lang='lat' dir='ltr'>melior</span> <span class='ocrx_word' id='word_1_554' title='bbox 693 4045 1029 4113; x_wconf 88' lang='lat' dir='ltr'>advocatus,</span> <span class='ocrx_word' id='word_1_555' title='bbox 1055 4061 1232 4116; x_wconf 89' lang='lat' dir='ltr'>quam</span> <span class='ocrx_word' id='word_1_556' title='bbox 1262 4046 1361 4117; x_wconf 91' lang='lat' dir='ltr'>qui</span> <span class='ocrx_word' id='word_1_557' title='bbox 1395 4063 1497 4118; x_wconf 94' lang='lat' dir='ltr'>pro</span> <span class='ocrx_word' id='word_1_558' title='bbox 1529 4064 1742 4119; x_wconf 72' lang='lat' dir='ltr'>pecca-</span> 
     </span>
    </p>
   </div>
   <div class='ocr_carea' id='block_1_75' title="bbox 119 4134 1741 4206">
    <p class='ocr_par' dir='ltr' id='par_1_75' title="bbox 119 4134 1741 4206">
     <span class='ocr_line' id='line_1_75' title="bbox 119 4134 1741 4206; baseline 0.004 -18"><span class='ocrx_word' id='word_1_559' title='bbox 119 4140 170 4194; x_wconf 80' lang='lat' dir='ltr'>is</span> <span class='ocrx_word' id='word_1_560' title='bbox 203 4134 470 4190; x_wconf 91' lang='lat' dir='ltr'>omnium</span> <span class='ocrx_word' id='word_1_561' title='bbox 504 4134 689 4189; x_wconf 86' lang='lat' dir='ltr'>factus</span> <span class='ocrx_word' id='word_1_562' title='bbox 719 4138 810 4189; x_wconf 90' lang='lat' dir='ltr'>est</span> <span class='ocrx_word' id='word_1_563' title='bbox 839 4134 1264 4206; x_wconf 86' lang='lat' dir='ltr'>deprecatio,et</span> <span class='ocrx_word' id='word_1_564' title='bbox 1304 4136 1540 4190; x_wconf 89' lang='lat' dir='ltr'>animan</span> <span class='ocrx_word' id='word_1_565' title='bbox 1572 4155 1741 4195; x_wconf 89' lang='lat' dir='ltr'>suam</span> 
     </span>
    </p>
   </div>
   <div class='ocr_carea' id='block_1_76' title="bbox 130 4222 1742 4300">
    <p class='ocr_par' dir='ltr' id='par_1_76' title="bbox 130 4222 1742 4300">
     <span class='ocr_line' id='line_1_76' title="bbox 130 4222 1742 4300; baseline 0.002 -21"><span class='ocrx_word' id='word_1_566' title='bbox 130 4225 256 4280; x_wconf 88' lang='lat' dir='ltr'>edit</span> <span class='ocrx_word' id='word_1_567' title='bbox 286 4239 390 4295; x_wconf 91' lang='lat' dir='ltr'>pro</span> <span class='ocrx_word' id='word_1_568' title='bbox 421 4223 592 4278; x_wconf 82' lang='lat' dir='ltr'>nobis</span> <span class='ocrx_word' id='word_1_569' title='bbox 606 4222 1068 4294; x_wconf 88' lang='lat' dir='ltr'>redemptionem</span> <span class='ocrx_word' id='word_1_570' title='bbox 1090 4222 1118 4276; x_wconf 84' lang='lat'>?</span> <span class='ocrx_word' id='word_1_571' title='bbox 1140 4222 1264 4276; x_wconf 88' lang='lat' dir='ltr'>Non</span> <span class='ocrx_word' id='word_1_572' title='bbox 1297 4224 1580 4294; x_wconf 67' lang='lat' dir='ltr'>quaeritur</span> <span class='ocrx_word' id='word_1_573' title='bbox 1607 4244 1742 4300; x_wconf 87' lang='lat' dir='ltr'>ergo</span> 
     </span>
    </p>
   </div>
   <div class='ocr_carea' id='block_1_77' title="bbox 129 4310 1742 4385">
    <p class='ocr_par' dir='ltr' id='par_1_77' title="bbox 129 4310 1742 4385">
     <span class='ocr_line' id='line_1_77' title="bbox 129 4310 1742 4385; baseline 0.002 -17"><span class='ocrx_word' id='word_1_574' title='bbox 129 4311 453 4385; x_wconf 80' lang='lat' dir='ltr'>rapitiatio,</span> <span class='ocrx_word' id='word_1_575' title='bbox 477 4315 582 4366; x_wconf 88' lang='lat' dir='ltr'>aut</span> <span class='ocrx_word' id='word_1_576' title='bbox 613 4310 938 4382; x_wconf 89' lang='lat' dir='ltr'>redemptio</span> <span class='ocrx_word' id='word_1_577' title='bbox 964 4310 1333 4382; x_wconf 89' lang='lat' dir='ltr'>singulorum</span> <span class='ocrx_word' id='word_1_578' title='bbox 1368 4329 1382 4379; x_wconf 88' lang='lat'><strong>;</strong></span> <span class='ocrx_word' id='word_1_579' title='bbox 1416 4313 1554 4384; x_wconf 90' lang='lat' dir='ltr'>quia</span> <span class='ocrx_word' id='word_1_580' title='bbox 1612 4332 1742 4371; x_wconf 93' lang='lat' dir='ltr'>om-</span> 
     </span>
    </p>
   </div>
   <div class='ocr_carea' id='block_1_78' title="bbox 129 4398 1744 4472">
    <p class='ocr_par' dir='ltr' id='par_1_78' title="bbox 129 4398 1744 4472">
     <span class='ocr_line' id='line_1_78' title="bbox 129 4398 1744 4472; baseline 0.002 -16"><span class='ocrx_word' id='word_1_581' title='bbox 129 4403 261 4456; x_wconf 90' lang='lat' dir='ltr'>ium</span> <span class='ocrx_word' id='word_1_582' title='bbox 295 4399 548 4471; x_wconf 90' lang='lat' dir='ltr'>pretium</span> <span class='ocrx_word' id='word_1_583' title='bbox 572 4400 815 4472; x_wconf 85' lang='lat' dir='ltr'>sanguis</span> <span class='ocrx_word' id='word_1_584' title='bbox 842 4404 930 4455; x_wconf 90' lang='lat' dir='ltr'>est</span> <span class='ocrx_word' id='word_1_585' title='bbox 957 4398 1194 4469; x_wconf 75' lang='lat' dir='ltr'>Christi,</span> <span class='ocrx_word' id='word_1_586' title='bbox 1214 4417 1328 4472; x_wconf 92' lang='lat' dir='ltr'>quo</span> <span class='ocrx_word' id='word_1_587' title='bbox 1360 4418 1468 4457; x_wconf 90' lang='lat' dir='ltr'>nos</span> <span class='ocrx_word' id='word_1_588' title='bbox 1499 4404 1744 4461; x_wconf 89' lang='lat' dir='ltr'>redemit</span> 
     </span>
    </p>
   </div>
   <div class='ocr_carea' id='block_1_79' title="bbox 118 4487 1742 4560">
    <p class='ocr_par' dir='ltr' id='par_1_79' title="bbox 118 4487 1742 4560">
     <span class='ocr_line' id='line_1_79' title="bbox 118 4487 1742 4560; baseline 0.003 -14"><span class='ocrx_word' id='word_1_589' title='bbox 118 4489 378 4546; x_wconf 74' lang='lat' dir='ltr'>Iominus</span> <span class='ocrx_word' id='word_1_590' title='bbox 403 4487 599 4554; x_wconf 87' lang='lat' dir='ltr'>Jesus,</span> <span class='ocrx_word' id='word_1_591' title='bbox 633 4489 732 4559; x_wconf 90' lang='lat' dir='ltr'>qui</span> <span class='ocrx_word' id='word_1_592' title='bbox 765 4487 927 4544; x_wconf 90' lang='lat' dir='ltr'>solus</span> <span class='ocrx_word' id='word_1_593' title='bbox 954 4488 1182 4545; x_wconf 86' lang='lat' dir='ltr'>Patrem</span> <span class='ocrx_word' id='word_1_594' title='bbox 1215 4490 1626 4560; x_wconf 89' lang='lat' dir='ltr'>reconciliavit,</span> <span class='ocrx_word' id='word_1_595' title='bbox 1684 4500 1742 4551; x_wconf 92' lang='lat' dir='ltr'>et</span> 
     </span>
    </p>
   </div>
   <div class='ocr_carea' id='block_1_80' title="bbox 1858 3339 3495 3413">
    <p class='ocr_par' dir='ltr' id='par_1_80' title="bbox 1858 3339 3495 3413">
     <span class='ocr_line' id='line_1_80' title="bbox 1858 3339 3495 3413; baseline -0.002 -17"><span class='ocrx_word' id='word_1_596' title='bbox 1858 3345 1962 3396; x_wconf 91' lang='lat' dir='ltr'>ret.</span> <span class='ocrx_word' id='word_1_597' title='bbox 1995 3342 2124 3413; x_wconf 90' lang='lat' dir='ltr'>Ipse</span> <span class='ocrx_word' id='word_1_598' title='bbox 2150 3357 2286 3413; x_wconf 89' lang='lat' dir='ltr'>ergo</span> <span class='ocrx_word' id='word_1_599' title='bbox 2319 3341 2602 3413; x_wconf 89' lang='lat' dir='ltr'>insipiens</span> <span class='ocrx_word' id='word_1_600' title='bbox 2633 3345 2688 3396; x_wconf 90' lang='lat' dir='ltr'>et</span> <span class='ocrx_word' id='word_1_601' title='bbox 2715 3339 2932 3396; x_wconf 90' lang='lat' dir='ltr'>stultus</span> <span class='ocrx_word' id='word_1_602' title='bbox 2963 3340 3198 3410; x_wconf 88' lang='lat' dir='ltr'>quando</span> <span class='ocrx_word' id='word_1_603' title='bbox 3230 3347 3495 3410; x_wconf 88' lang='lat' dir='ltr'>pereunt,</span> 
     </span>
    </p>
   </div>
   <div class='ocr_carea' id='block_1_81' title="bbox 1856 3427 3502 3502">
    <p class='ocr_par' dir='ltr' id='par_1_81' title="bbox 1856 3427 3502 3502">
     <span class='ocr_line' id='line_1_81' title="bbox 1856 3427 3502 3502; baseline -0.002 -17"><span class='ocrx_word' id='word_1_604' title='bbox 1856 3430 2062 3486; x_wconf 89' lang='lat' dir='ltr'>alienis</span> <span class='ocrx_word' id='word_1_605' title='bbox 2093 3430 2436 3502; x_wconf 88' lang='lat' dir='ltr'>relinquunt</span> <span class='ocrx_word' id='word_1_606' title='bbox 2457 3430 2689 3485; x_wconf 89' lang='lat' dir='ltr'>divitias</span> <span class='ocrx_word' id='word_1_607' title='bbox 2712 3446 2849 3484; x_wconf 89' lang='lat' dir='ltr'>suas</span> <span class='ocrx_word' id='word_1_608' title='bbox 2875 3447 2887 3496; x_wconf 91' lang='lat'><strong>;</strong></span> <span class='ocrx_word' id='word_1_609' title='bbox 2913 3446 3084 3483; x_wconf 89' lang='lat' dir='ltr'>suum</span> <span class='ocrx_word' id='word_1_610' title='bbox 3107 3430 3262 3484; x_wconf 89' lang='lat' dir='ltr'>enim</span> <span class='ocrx_word' id='word_1_611' title='bbox 3286 3432 3343 3483; x_wconf 91' lang='lat' dir='ltr'>et</span> <span class='ocrx_word' id='word_1_612' title='bbox 3362 3427 3502 3500; x_wconf 89' lang='lat' dir='ltr'>legi-</span> 
     </span>
    </p>
   </div>
   <div class='ocr_carea' id='block_1_82' title="bbox 1855 3516 3500 3590">
    <p class='ocr_par' dir='ltr' id='par_1_82' title="bbox 1855 3516 3500 3590">
     <span class='ocr_line' id='line_1_82' title="bbox 1855 3516 3500 3590; baseline -0.002 -16"><span class='ocrx_word' id='word_1_613' title='bbox 1855 3520 2066 3574; x_wconf 91' lang='lat' dir='ltr'>timum</span> <span class='ocrx_word' id='word_1_614' title='bbox 2099 3519 2357 3574; x_wconf 80' lang='lat' dir='ltr'>stultitiae</span> <span class='ocrx_word' id='word_1_615' title='bbox 2388 3523 2443 3573; x_wconf 92' lang='lat' dir='ltr'>et</span> <span class='ocrx_word' id='word_1_616' title='bbox 2474 3518 2867 3590; x_wconf 89' lang='lat' dir='ltr'>improbitatis</span> <span class='ocrx_word' id='word_1_617' title='bbox 2915 3517 3202 3574; x_wconf 75' lang='lat' dir='ltr'>hzsredem</span> <span class='ocrx_word' id='word_1_618' title='bbox 3247 3516 3500 3588; x_wconf 88' lang='lat' dir='ltr'>reperire</span> 
     </span>
    </p>
   </div>
   <div class='ocr_carea' id='block_1_83' title="bbox 1856 3604 3497 3680">
    <p class='ocr_par' dir='ltr' id='par_1_83' title="bbox 1856 3604 3497 3680">
     <span class='ocr_line' id='line_1_83' title="bbox 1856 3604 3497 3680; baseline -0.002 -18"><span class='ocrx_word' id='word_1_619' title='bbox 1856 3625 1969 3663; x_wconf 90' lang='lat' dir='ltr'>non</span> <span class='ocrx_word' id='word_1_620' title='bbox 2023 3612 2290 3680; x_wconf 89' lang='lat' dir='ltr'>possunt.</span> <span class='ocrx_word' id='word_1_621' title='bbox 2340 3606 2608 3679; x_wconf 82' lang='lat' dir='ltr'>Legitimi</span> <span class='ocrx_word' id='word_1_622' title='bbox 2659 3606 2816 3661; x_wconf 89' lang='lat' dir='ltr'>enim</span> <span class='ocrx_word' id='word_1_623' title='bbox 2865 3606 3104 3662; x_wconf 90' lang='lat' dir='ltr'>dicunt:</span> <span class='ocrx_word' id='word_1_624' title='bbox 3139 3628 3165 3654; x_wconf 88' lang='lat'>«</span> <span class='ocrx_word' id='word_1_625' title='bbox 3200 3605 3346 3671; x_wconf 87' lang='lat' dir='ltr'>Quia</span> <span class='ocrx_word' id='word_1_626' title='bbox 3394 3604 3497 3659; x_wconf 79' lang='lat' dir='ltr'>filii</span> 
     </span>
    </p>
   </div>
   <div class='ocr_carea' id='block_1_84' title="bbox 1854 3695 3500 3762">
    <p class='ocr_par' dir='ltr' id='par_1_84' title="bbox 1854 3695 3500 3762">
     <span class='ocr_line' id='line_1_84' title="bbox 1854 3695 3500 3762; baseline -0.001 -10"><span class='ocrx_word' id='word_1_627' title='bbox 1854 3697 1954 3752; x_wconf 90' lang='lat' dir='ltr'>Dei</span> <span class='ocrx_word' id='word_1_628' title='bbox 1986 3713 2214 3752; x_wconf 90' lang='lat' dir='ltr'>sumus.</span> <span class='ocrx_word' id='word_1_629' title='bbox 2250 3697 2307 3752; x_wconf 91' lang='lat' dir='ltr'>Si</span> <span class='ocrx_word' id='word_1_630' title='bbox 2363 3701 2557 3752; x_wconf 90' lang='lat' dir='ltr'>autem</span> <span class='ocrx_word' id='word_1_631' title='bbox 2609 3695 2734 3762; x_wconf 82' lang='lat' dir='ltr'>ﬁlii,</span> <span class='ocrx_word' id='word_1_632' title='bbox 2785 3699 2842 3750; x_wconf 92' lang='lat' dir='ltr'>et</span> <span class='ocrx_word' id='word_1_633' title='bbox 2899 3695 3159 3750; x_wconf 71' lang='lat' dir='ltr'>haeredes</span> <span class='ocrx_word' id='word_1_634' title='bbox 3193 3711 3205 3749; x_wconf 93' lang='lat'>:</span> <span class='ocrx_word' id='word_1_635' title='bbox 3240 3695 3500 3750; x_wconf 64' lang='lat' dir='ltr'>haeredes</span> 
     </span>
    </p>
   </div>
   <div class='ocr_carea' id='block_1_85' title="bbox 1853 3783 3499 3856">
    <p class='ocr_par' dir='ltr' id='par_1_85' title="bbox 1853 3783 3499 3856">
     <span class='ocr_line' id='line_1_85' title="bbox 1853 3783 3499 3856; baseline 0 -18"><span class='ocrx_word' id='word_1_636' title='bbox 1853 3784 2090 3856; x_wconf 88' lang='lat' dir='ltr'>quidem</span> <span class='ocrx_word' id='word_1_637' title='bbox 2141 3786 2260 3850; x_wconf 90' lang='lat' dir='ltr'>Dei,</span> <span class='ocrx_word' id='word_1_638' title='bbox 2305 3785 2634 3840; x_wconf 66' lang='lat' dir='ltr'>cohaaredes</span> <span class='ocrx_word' id='word_1_639' title='bbox 2680 3788 2876 3839; x_wconf 89' lang='lat' dir='ltr'>autem</span> <span class='ocrx_word' id='word_1_640' title='bbox 2928 3783 3178 3839; x_wconf 84' lang='lat' dir='ltr'>Christi:</span> <span class='ocrx_word' id='word_1_641' title='bbox 3223 3785 3270 3838; x_wconf 89' lang='lat' dir='ltr'>si</span> <span class='ocrx_word' id='word_1_642' title='bbox 3305 3789 3499 3839; x_wconf 90' lang='lat' dir='ltr'>tamen</span> 
     </span>
    </p>
   </div>
   <div class='ocr_carea' id='block_1_86' title="bbox 1852 3873 3496 3945">
    <p class='ocr_par' dir='ltr' id='par_1_86' title="bbox 1852 3873 3496 3945">
     <span class='ocr_line' id='line_1_86' title="bbox 1852 3873 3496 3945; baseline -0.002 -16"><span class='ocrx_word' id='word_1_643' title='bbox 1852 3874 2266 3945; x_wconf 87' lang='lat' dir='ltr'>compatimur,</span> <span class='ocrx_word' id='word_1_644' title='bbox 2301 3880 2452 3929; x_wconf 90' lang='lat' dir='ltr'>utet</span> <span class='ocrx_word' id='word_1_645' title='bbox 2501 3873 2677 3929; x_wconf 90' lang='lat' dir='ltr'>simul</span> <span class='ocrx_word' id='word_1_646' title='bbox 2725 3873 3121 3945; x_wconf 80' lang='lat' dir='ltr'>glorificemur</span> <span class='ocrx_word' id='word_1_647' title='bbox 3166 3873 3340 3942; x_wconf 77' lang='lat' dir='ltr'>(Rom.</span> <span class='ocrx_word' id='word_1_648' title='bbox 3373 3889 3496 3937; x_wconf 81' lang='lat' dir='ltr'>VIII,</span> 
     </span>
    </p>
   </div>
   <div class='ocr_carea' id='block_1_87' title="bbox 1852 3960 3497 4034">
    <p class='ocr_par' dir='ltr' id='par_1_87' title="bbox 1852 3960 3497 4034">
     <span class='ocr_line' id='line_1_87' title="bbox 1852 3960 3497 4034; baseline -0.002 -18"><span class='ocrx_word' id='word_1_649' title='bbox 1852 3963 1921 4016; x_wconf 86' lang='lat'>16</span> <span class='ocrx_word' id='word_1_650' title='bbox 1949 3967 1998 4017; x_wconf 85' lang='lat' dir='ltr'>et</span> <span class='ocrx_word' id='word_1_651' title='bbox 2033 3964 2140 4032; x_wconf 88' lang='grc'>17).</span> <span class='ocrx_word' id='word_1_652' title='bbox 2177 3986 2204 4010; x_wconf 85' lang='grc'><strong>››</strong></span> <span class='ocrx_word' id='word_1_653' title='bbox 2256 3963 2601 4034; x_wconf 89' lang='lat' dir='ltr'>Insipienles</span> <span class='ocrx_word' id='word_1_654' title='bbox 2649 3979 2786 4032; x_wconf 81' lang='lat' dir='ltr'>ergo</span> <span class='ocrx_word' id='word_1_655' title='bbox 2817 3961 3050 4015; x_wconf 86' lang='lat' dir='ltr'>divitias</span> <span class='ocrx_word' id='word_1_656' title='bbox 3096 3978 3209 4014; x_wconf 92' lang='lat' dir='ltr'>non</span> <span class='ocrx_word' id='word_1_657' title='bbox 3257 3960 3497 4025; x_wconf 89' lang='lat' dir='ltr'>habent,</span> 
     </span>
    </p>
   </div>
   <div class='ocr_carea' id='block_1_88' title="bbox 1851 4048 3499 4122">
    <p class='ocr_par' dir='ltr' id='par_1_88' title="bbox 1851 4048 3499 4122">
     <span class='ocr_line' id='line_1_88' title="bbox 1851 4048 3499 4122; baseline -0.001 -17"><span class='ocrx_word' id='word_1_658' title='bbox 1851 4051 1989 4122; x_wconf 89' lang='lat' dir='ltr'>quia</span> <span class='ocrx_word' id='word_1_659' title='bbox 2017 4067 2121 4106; x_wconf 83' lang='lat' dir='ltr'>nec</span> <span class='ocrx_word' id='word_1_660' title='bbox 2154 4049 2549 4105; x_wconf 74' lang='lat' dir='ltr'>haereditatem</span> <span class='ocrx_word' id='word_1_661' title='bbox 2583 4050 2818 4104; x_wconf 89' lang='lat' dir='ltr'>habent.</span> <span class='ocrx_word' id='word_1_662' title='bbox 2854 4049 2978 4104; x_wconf 87' lang='lat' dir='ltr'>Non</span> <span class='ocrx_word' id='word_1_663' title='bbox 3013 4048 3230 4102; x_wconf 83' lang='lat' dir='ltr'>habent</span> <span class='ocrx_word' id='word_1_664' title='bbox 3267 4048 3499 4103; x_wconf 83' lang='lat' dir='ltr'>divitias</span> 
     </span>
    </p>
   </div>
   <div class='ocr_carea' id='block_1_89' title="bbox 1852 4136 3496 4208">
    <p class='ocr_par' dir='ltr' id='par_1_89' title="bbox 1852 4136 3496 4208">
     <span class='ocr_line' id='line_1_89' title="bbox 1852 4136 3496 4208; baseline -0.001 -16"><span class='ocrx_word' id='word_1_665' title='bbox 1852 4139 2038 4204; x_wconf 81' lang='lat' dir='ltr'>infidi,</span> <span class='ocrx_word' id='word_1_666' title='bbox 2073 4155 2187 4192; x_wconf 90' lang='lat' dir='ltr'>non</span> <span class='ocrx_word' id='word_1_667' title='bbox 2234 4139 2381 4193; x_wconf 74' lang='lat'>95]</span> <span class='ocrx_word' id='word_1_668' title='bbox 2441 4137 2872 4208; x_wconf 88' lang='lat' dir='ltr'>possessionem</span> <span class='ocrx_word' id='word_1_669' title='bbox 2923 4138 3071 4208; x_wconf 82' lang='lat'>(‘20);</span> <span class='ocrx_word' id='word_1_670' title='bbox 3132 4136 3288 4190; x_wconf 85' lang='lat' dir='ltr'>fideli</span> <span class='ocrx_word' id='word_1_671' title='bbox 3337 4137 3496 4191; x_wconf 91' lang='lat' dir='ltr'>enim</span> 
     </span>
    </p>
   </div>
   <div class='ocr_carea' id='block_1_90' title="bbox 1852 4224 3500 4297">
    <p class='ocr_par' dir='ltr' id='par_1_90' title="bbox 1852 4224 3500 4297">
     <span class='ocr_line' id='line_1_90' title="bbox 1852 4224 3500 4297; baseline -0.001 -15"><span class='ocrx_word' id='word_1_672' title='bbox 1852 4232 2011 4282; x_wconf 88' lang='lat' dir='ltr'>totus</span> <span class='ocrx_word' id='word_1_673' title='bbox 2042 4226 2298 4281; x_wconf 89' lang='lat' dir='ltr'>mundus</span> <span class='ocrx_word' id='word_1_674' title='bbox 2334 4226 2628 4297; x_wconf 78' lang='lat' dir='ltr'>possessio</span> <span class='ocrx_word' id='word_1_675' title='bbox 2659 4228 2766 4280; x_wconf 87' lang='lat' dir='ltr'>est.</span> <span class='ocrx_word' id='word_1_676' title='bbox 2796 4225 2920 4280; x_wconf 89' lang='lat' dir='ltr'>Non</span> <span class='ocrx_word' id='word_1_677' title='bbox 2953 4225 3172 4279; x_wconf 86' lang='lat' dir='ltr'>habent</span> <span class='ocrx_word' id='word_1_678' title='bbox 3196 4224 3500 4280; x_wconf 67' lang='lat' dir='ltr'>hazredita-</span> 
     </span>
    </p>
   </div>
   <div class='ocr_carea' id='block_1_91' title="bbox 1851 4313 3496 4387">
    <p class='ocr_par' dir='ltr' id='par_1_91' title="bbox 1851 4313 3496 4387">
     <span class='ocr_line' id='line_1_91' title="bbox 1851 4313 3496 4387; baseline -0.001 -16"><span class='ocrx_word' id='word_1_679' title='bbox 1851 4321 1989 4383; x_wconf 89' lang='lat' dir='ltr'>tem,</span> <span class='ocrx_word' id='word_1_680' title='bbox 2037 4315 2173 4387; x_wconf 89' lang='lat' dir='ltr'>quia</span> <span class='ocrx_word' id='word_1_681' title='bbox 2223 4313 2348 4369; x_wconf 90' lang='lat' dir='ltr'>sola</span> <span class='ocrx_word' id='word_1_682' title='bbox 2393 4318 2482 4368; x_wconf 87' lang='lat' dir='ltr'>est</span> <span class='ocrx_word' id='word_1_683' title='bbox 2519 4313 2826 4369; x_wconf 79' lang='lat' dir='ltr'>haereditas</span> <span class='ocrx_word' id='word_1_684' title='bbox 2872 4314 2992 4384; x_wconf 83' lang='lat'>(21)</span> <span class='ocrx_word' id='word_1_685' title='bbox 3031 4313 3404 4368; x_wconf 91' lang='lat' dir='ltr'>credentibus</span> <span class='ocrx_word' id='word_1_686' title='bbox 3436 4314 3496 4369; x_wconf 92' lang='lat' dir='ltr'>in</span> 
     </span>
    </p>
   </div>
   <div class='ocr_carea' id='block_1_92' title="bbox 1853 4401 3501 4474">
    <p class='ocr_par' dir='ltr' id='par_1_92' title="bbox 1853 4401 3501 4474">
     <span class='ocr_line' id='line_1_92' title="bbox 1853 4401 3501 4474; baseline -0.002 -15"><span class='ocrx_word' id='word_1_687' title='bbox 1853 4403 2118 4460; x_wconf 90' lang='lat' dir='ltr'>Domino.</span> <span class='ocrx_word' id='word_1_688' title='bbox 2152 4404 2300 4458; x_wconf 90' lang='lat' dir='ltr'>Suas</span> <span class='ocrx_word' id='word_1_689' title='bbox 2333 4407 2526 4458; x_wconf 91' lang='lat' dir='ltr'>autem</span> <span class='ocrx_word' id='word_1_690' title='bbox 2558 4402 2794 4458; x_wconf 89' lang='lat' dir='ltr'>divitias</span> <span class='ocrx_word' id='word_1_691' title='bbox 2827 4401 3064 4457; x_wconf 87' lang='lat' dir='ltr'>habent.</span> <span class='ocrx_word' id='word_1_692' title='bbox 3093 4403 3340 4474; x_wconf 88' lang='lat' dir='ltr'>Ideoque</span> <span class='ocrx_word' id='word_1_693' title='bbox 3371 4420 3501 4457; x_wconf 89' lang='lat' dir='ltr'>ava-</span> 
     </span>
    </p>
   </div>
   <div class='ocr_carea' id='block_1_93' title="bbox 1853 4490 3495 4561">
    <p class='ocr_par' dir='ltr' id='par_1_93' title="bbox 1853 4490 3495 4561">
     <span class='ocr_line' id='line_1_93' title="bbox 1853 4490 3495 4561; baseline -0.002 -13"><span class='ocrx_word' id='word_1_694' title='bbox 1853 4511 1952 4548; x_wconf 92' lang='lat' dir='ltr'>rus</span> <span class='ocrx_word' id='word_1_695' title='bbox 1993 4491 2160 4547; x_wconf 89' lang='lat' dir='ltr'>dicit:</span> <span class='ocrx_word' id='word_1_696' title='bbox 2213 4515 2237 4540; x_wconf 84' lang='lat'><strong>«</strong></span> <span class='ocrx_word' id='word_1_697' title='bbox 2291 4491 2415 4546; x_wconf 91' lang='lat' dir='ltr'>Non</span> <span class='ocrx_word' id='word_1_698' title='bbox 2466 4490 2650 4546; x_wconf 88' lang='lat' dir='ltr'>habeo</span> <span class='ocrx_word' id='word_1_699' title='bbox 2701 4507 2816 4561; x_wconf 93' lang='lat' dir='ltr'>quo</span> <span class='ocrx_word' id='word_1_700' title='bbox 2871 4506 3218 4561; x_wconf 78' lang='lat' dir='ltr'>congregem</span> <span class='ocrx_word' id='word_1_701' title='bbox 3271 4491 3495 4546; x_wconf 89' lang='lat' dir='ltr'>fructus</span> 
     </span>
    </p>
   </div>
   <div class='ocr_carea' id='block_1_94' title="bbox 123 4576 3494 4657">
    <p class='ocr_par' dir='ltr' id='par_1_94' title="bbox 123 4576 3494 4657">
     <span class='ocr_line' id='line_1_94' title="bbox 123 4576 3494 4657; baseline -0 -21"><span class='ocrx_word' id='word_1_702' title='bbox 123 4577 376 4636; x_wconf 71' lang='lat' dir='ltr'>iboravit</span> <span class='ocrx_word' id='word_1_703' title='bbox 400 4576 845 4648; x_wconf 85' lang='lat' dir='ltr'>usqueinfinem</span> <span class='ocrx_word' id='word_1_704' title='bbox 874 4577 1318 4648; x_wconf 88' lang='lat' dir='ltr'>;quianostrum</span> <span class='ocrx_word' id='word_1_705' title='bbox 1343 4577 1748 4655; x_wconf 80' lang='lat' dir='ltr'>laboremipse.</span> <span class='ocrx_word' id='word_1_706' title='bbox 1769 4593 1816 4657; x_wconf 82' lang='lat' dir='ltr'><strong>D</strong></span> <span class='ocrx_word' id='word_1_707' title='bbox 1851 4599 2010 4638; x_wconf 90' lang='lat' dir='ltr'>meos</span> <span class='ocrx_word' id='word_1_708' title='bbox 2041 4582 2189 4654; x_wconf 85' lang='lat' dir='ltr'>(Luc.</span> <span class='ocrx_word' id='word_1_709' title='bbox 2222 4597 2320 4646; x_wconf 72' lang='grc' dir='ltr'>χιι,</span> <span class='ocrx_word' id='word_1_710' title='bbox 2353 4581 2479 4650; x_wconf 91' lang='grc'>17);</span> <span class='ocrx_word' id='word_1_711' title='bbox 2516 4601 2542 4628; x_wconf 93' lang='grc'><strong>››</strong></span> <span class='ocrx_word' id='word_1_712' title='bbox 2577 4596 2690 4634; x_wconf 91' lang='lat' dir='ltr'>non</span> <span class='ocrx_word' id='word_1_713' title='bbox 2723 4579 2878 4634; x_wconf 91' lang='lat' dir='ltr'>enim</span> <span class='ocrx_word' id='word_1_714' title='bbox 2908 4596 3079 4634; x_wconf 90' lang='lat' dir='ltr'>verus</span> <span class='ocrx_word' id='word_1_715' title='bbox 3111 4579 3358 4648; x_wconf 87' lang='lat' dir='ltr'>fructus,</span> <span class='ocrx_word' id='word_1_716' title='bbox 3392 4579 3494 4635; x_wconf 90' lang='lat' dir='ltr'>sed</span> 
     </span>
    </p>
   </div>
   <div class='ocr_carea' id='block_1_95' title="bbox 119 4665 1745 4739">
    <p class='ocr_par' dir='ltr' id='par_1_95' title="bbox 119 4665 1745 4739">
     <span class='ocr_line' id='line_1_95' title="bbox 119 4665 1745 4739; baseline 0.002 -15"><span class='ocrx_word' id='word_1_717' title='bbox 119 4665 375 4738; x_wconf 88' lang='lat' dir='ltr'>uscepit,</span> <span class='ocrx_word' id='word_1_718' title='bbox 406 4665 643 4721; x_wconf 88' lang='lat' dir='ltr'>dicens:</span> <span class='ocrx_word' id='word_1_719' title='bbox 680 4687 708 4714; x_wconf 85' lang='grc'>‹‹</span> <span class='ocrx_word' id='word_1_720' title='bbox 733 4665 937 4720; x_wconf 91' lang='lat' dir='ltr'>Venite</span> <span class='ocrx_word' id='word_1_721' title='bbox 982 4665 1052 4719; x_wconf 86' lang='lat' dir='ltr'>ad</span> <span class='ocrx_word' id='word_1_722' title='bbox 1075 4681 1190 4733; x_wconf 90' lang='lat' dir='ltr'>me,</span> <span class='ocrx_word' id='word_1_723' title='bbox 1215 4683 1419 4722; x_wconf 87' lang='lat' dir='ltr'>omnes</span> <span class='ocrx_word' id='word_1_724' title='bbox 1457 4670 1556 4739; x_wconf 93' lang='lat' dir='ltr'>qui</span> <span class='ocrx_word' id='word_1_725' title='bbox 1591 4670 1745 4727; x_wconf 91' lang='lat' dir='ltr'>labo-</span> 
     </span>
    </p>
   </div>
   <div class='ocr_carea' id='block_1_96' title="bbox 115 4753 1742 4827">
    <p class='ocr_par' dir='ltr' id='par_1_96' title="bbox 115 4753 1742 4827">
     <span class='ocr_line' id='line_1_96' title="bbox 115 4753 1742 4827; baseline 0.002 -14"><span class='ocrx_word' id='word_1_726' title='bbox 115 4756 300 4813; x_wconf 61' lang='lat' dir='ltr'>atis...</span> <span class='ocrx_word' id='word_1_727' title='bbox 333 4758 391 4810; x_wconf 89' lang='lat' dir='ltr'>et</span> <span class='ocrx_word' id='word_1_728' title='bbox 419 4770 525 4827; x_wconf 91' lang='lat' dir='ltr'>ego</span> <span class='ocrx_word' id='word_1_729' title='bbox 555 4753 812 4810; x_wconf 87' lang='lat' dir='ltr'>reficiam</span> <span class='ocrx_word' id='word_1_730' title='bbox 853 4769 956 4809; x_wconf 91' lang='lat' dir='ltr'>vos</span> <span class='ocrx_word' id='word_1_731' title='bbox 988 4754 1192 4826; x_wconf 80' lang='lat' dir='ltr'>(Matth.</span> <span class='ocrx_word' id='word_1_732' title='bbox 1227 4771 1304 4821; x_wconf 82' lang='lat' dir='ltr'>x1,</span> <span class='ocrx_word' id='word_1_733' title='bbox 1358 4757 1473 4826; x_wconf 86' lang='lat'>28).</span> <span class='ocrx_word' id='word_1_734' title='bbox 1511 4780 1538 4806; x_wconf 92' lang='grc'>‹‹</span> <span class='ocrx_word' id='word_1_735' title='bbox 1597 4759 1742 4817; x_wconf 92' lang='lat' dir='ltr'>Vide</span> 
     </span>
    </p>
   </div>
   <div class='ocr_carea' id='block_1_97' title="bbox 122 4841 1744 4912">
    <p class='ocr_par' dir='ltr' id='par_1_97' title="bbox 122 4841 1744 4912">
     <span class='ocr_line' id='line_1_97' title="bbox 122 4841 1744 4912; baseline 0.001 -9"><span class='ocrx_word' id='word_1_736' title='bbox 122 4847 492 4903; x_wconf 71' lang='lat' dir='ltr'>iborantem:</span> <span class='ocrx_word' id='word_1_737' title='bbox 528 4867 556 4893; x_wconf 85' lang='grc'><strong>‹‹</strong></span> <span class='ocrx_word' id='word_1_738' title='bbox 591 4843 868 4899; x_wconf 88' lang='lat' dir='ltr'>Laboravi</span> <span class='ocrx_word' id='word_1_739' title='bbox 887 4841 1170 4912; x_wconf 90' lang='lat' dir='ltr'>clamans,</span> <span class='ocrx_word' id='word_1_740' title='bbox 1202 4860 1387 4900; x_wconf 68' lang='lat' dir='ltr'>rauca:</span> <span class='ocrx_word' id='word_1_741' title='bbox 1411 4845 1570 4901; x_wconf 71' lang='lat' dir='ltr'>facta:</span> <span class='ocrx_word' id='word_1_742' title='bbox 1604 4853 1744 4905; x_wconf 89' lang='lat' dir='ltr'>sunt</span> 
     </span>
    </p>
   </div>
   <div class='ocr_carea' id='block_1_98' title="bbox 119 4932 1741 5004">
    <p class='ocr_par' dir='ltr' id='par_1_98' title="bbox 119 4932 1741 5004">
     <span class='ocr_line' id='line_1_98' title="bbox 119 4932 1741 5004; baseline 0.001 -13"><span class='ocrx_word' id='word_1_743' title='bbox 119 4949 289 4991; x_wconf 72' lang='grc' dir='ltr'>ιιιοθε</span> <span class='ocrx_word' id='word_1_744' title='bbox 319 4948 426 4988; x_wconf 68' lang='lat' dir='ltr'>ma:</span> <span class='ocrx_word' id='word_1_745' title='bbox 459 4933 631 5004; x_wconf 73' lang='lat' dir='ltr'>(Psal.</span> <span class='ocrx_word' id='word_1_746' title='bbox 685 4949 879 5000; x_wconf 81' lang='lat' dir='ltr'>vam,</span> <span class='ocrx_word' id='word_1_747' title='bbox 939 4933 1018 5003; x_wconf 74' lang='grc'>4).</span> <span class='ocrx_word' id='word_1_748' title='bbox 1053 4954 1081 4982; x_wconf 89' lang='grc'><strong>››</strong></span> <span class='ocrx_word' id='word_1_749' title='bbox 1143 4932 1207 4988; x_wconf 89' lang='lat' dir='ltr'>Et</span> <span class='ocrx_word' id='word_1_750' title='bbox 1260 4933 1434 4989; x_wconf 87' lang='lat' dir='ltr'>alibi:</span> <span class='ocrx_word' id='word_1_751' title='bbox 1496 4957 1523 4983; x_wconf 91' lang='grc'>‹‹</span> <span class='ocrx_word' id='word_1_752' title='bbox 1585 4937 1741 4992; x_wconf 87' lang='lat' dir='ltr'>Issa-</span> 
     </span>
    </p>
   </div>
   <div class='ocr_carea' id='block_1_99' title="bbox 117 5020 1741 5094">
    <p class='ocr_par' dir='ltr' id='par_1_99' title="bbox 117 5020 1741 5094">
     <span class='ocr_line' id='line_1_99' title="bbox 117 5020 1741 5094; baseline -0.001 -13"><span class='ocrx_word' id='word_1_753' title='bbox 117 5025 230 5081; x_wconf 87' lang='lat' dir='ltr'>har</span> <span class='ocrx_word' id='word_1_754' title='bbox 261 5022 420 5094; x_wconf 90' lang='lat' dir='ltr'>quod</span> <span class='ocrx_word' id='word_1_755' title='bbox 452 5021 672 5078; x_wconf 89' lang='lat' dir='ltr'>bonum</span> <span class='ocrx_word' id='word_1_756' title='bbox 699 5026 806 5090; x_wconf 89' lang='lat' dir='ltr'>est,</span> <span class='ocrx_word' id='word_1_757' title='bbox 841 5020 1172 5094; x_wconf 87' lang='lat' dir='ltr'>concupivit</span> <span class='ocrx_word' id='word_1_758' title='bbox 1194 5021 1567 5093; x_wconf 88' lang='lat' dir='ltr'>requiescens</span> <span class='ocrx_word' id='word_1_759' title='bbox 1588 5024 1741 5080; x_wconf 88' lang='lat' dir='ltr'>inter</span> 
     </span>
    </p>
   </div>
   <div class='ocr_carea' id='block_1_100' title="bbox 126 5110 1736 5184">
    <p class='ocr_par' dir='ltr' id='par_1_100' title="bbox 126 5110 1736 5184">
     <span class='ocr_line' id='line_1_100' title="bbox 126 5110 1736 5184; baseline 0.003 -19"><span class='ocrx_word' id='word_1_760' title='bbox 126 5116 268 5168; x_wconf 62' lang='lat' dir='ltr'>irtes</span> <span class='ocrx_word' id='word_1_761' title='bbox 297 5114 318 5181; x_wconf 92' lang='lat'>(</span> <span class='ocrx_word' id='word_1_762' title='bbox 349 5111 478 5167; x_wconf 84' lang='lat' dir='ltr'>Gen.</span> <span class='ocrx_word' id='word_1_763' title='bbox 511 5129 656 5178; x_wconf 78' lang='lat' dir='ltr'>xux,</span> <span class='ocrx_word' id='word_1_764' title='bbox 692 5113 796 5183; x_wconf 82' lang='grc'>14).</span> <span class='ocrx_word' id='word_1_765' title='bbox 835 5133 862 5159; x_wconf 87' lang='grc'><strong>››</strong></span> <span class='ocrx_word' id='word_1_766' title='bbox 898 5110 964 5166; x_wconf 88' lang='lat' dir='ltr'>Et</span> <span class='ocrx_word' id='word_1_767' title='bbox 995 5111 1184 5166; x_wconf 79' lang='lat' dir='ltr'>infra:</span> <span class='ocrx_word' id='word_1_768' title='bbox 1221 5134 1249 5162; x_wconf 90' lang='grc'>‹‹</span> <span class='ocrx_word' id='word_1_769' title='bbox 1279 5112 1600 5184; x_wconf 87' lang='lat' dir='ltr'>Supposuit</span> <span class='ocrx_word' id='word_1_770' title='bbox 1629 5115 1736 5170; x_wconf 90' lang='lat' dir='ltr'>bu-</span> 
     </span>
    </p>
   </div>
   <div class='ocr_carea' id='block_1_101' title="bbox 126 5199 1738 5269">
    <p class='ocr_par' dir='ltr' id='par_1_101' title="bbox 126 5199 1738 5269">
     <span class='ocr_line' id='line_1_101' title="bbox 126 5199 1738 5269; baseline 0.001 -13"><span class='ocrx_word' id='word_1_771' title='bbox 126 5215 319 5256; x_wconf 73' lang='lat' dir='ltr'>nerum</span> <span class='ocrx_word' id='word_1_772' title='bbox 352 5216 528 5254; x_wconf 89' lang='lat' dir='ltr'>suum</span> <span class='ocrx_word' id='word_1_773' title='bbox 562 5201 634 5255; x_wconf 92' lang='lat' dir='ltr'>ad</span> <span class='ocrx_word' id='word_1_774' title='bbox 681 5199 1090 5269; x_wconf 90' lang='lat' dir='ltr'>laborandum,</span> <span class='ocrx_word' id='word_1_775' title='bbox 1150 5203 1207 5254; x_wconf 90' lang='lat' dir='ltr'>et</span> <span class='ocrx_word' id='word_1_776' title='bbox 1264 5199 1450 5256; x_wconf 80' lang='lat' dir='ltr'>factus</span> <span class='ocrx_word' id='word_1_777' title='bbox 1506 5206 1597 5258; x_wconf 88' lang='lat' dir='ltr'>est</span> <span class='ocrx_word' id='word_1_778' title='bbox 1651 5202 1738 5258; x_wconf 92' lang='lat' dir='ltr'>vir</span> 
     </span>
    </p>
   </div>
   <div class='ocr_carea' id='block_1_102' title="bbox 125 5287 1732 5362">
    <p class='ocr_par' dir='ltr' id='par_1_102' title="bbox 125 5287 1732 5362">
     <span class='ocr_line' id='line_1_102' title="bbox 125 5287 1732 5362; baseline 0.002 -18"><span class='ocrx_word' id='word_1_779' title='bbox 125 5287 345 5362; x_wconf 63' lang='lat' dir='ltr'>gricola</span> <span class='ocrx_word' id='word_1_780' title='bbox 375 5289 538 5359; x_wconf 84' lang='lat' dir='ltr'>(Ibid.</span> <span class='ocrx_word' id='word_1_781' title='bbox 578 5290 684 5360; x_wconf 83' lang='lat'>15).</span> <span class='ocrx_word' id='word_1_782' title='bbox 719 5311 746 5338; x_wconf 87' lang='grc'><strong>››</strong></span> <span class='ocrx_word' id='word_1_783' title='bbox 799 5289 946 5359; x_wconf 87' lang='lat' dir='ltr'>Ergo</span> <span class='ocrx_word' id='word_1_784' title='bbox 1004 5288 1178 5344; x_wconf 90' lang='lat' dir='ltr'>homo</span> <span class='ocrx_word' id='word_1_785' title='bbox 1233 5306 1347 5344; x_wconf 93' lang='lat' dir='ltr'>non</span> <span class='ocrx_word' id='word_1_786' title='bbox 1406 5289 1569 5346; x_wconf 89' lang='lat' dir='ltr'>dabit</span> <span class='ocrx_word' id='word_1_787' title='bbox 1607 5292 1732 5362; x_wconf 89' lang='lat' dir='ltr'>jam</span> 
     </span>
    </p>
   </div>
   <div class='ocr_carea' id='block_1_103' title="bbox 123 5378 1736 5452">
    <p class='ocr_par' dir='ltr' id='par_1_103' title="bbox 123 5378 1736 5452">
     <span class='ocr_line' id='line_1_103' title="bbox 123 5378 1736 5452; baseline 0.001 -17"><span class='ocrx_word' id='word_1_788' title='bbox 123 5378 568 5452; x_wconf 88' lang='lat' dir='ltr'>ropitiationem</span> <span class='ocrx_word' id='word_1_789' title='bbox 625 5396 814 5445; x_wconf 91' lang='lat' dir='ltr'>suam,</span> <span class='ocrx_word' id='word_1_790' title='bbox 871 5395 976 5433; x_wconf 90' lang='lat' dir='ltr'>nec</span> <span class='ocrx_word' id='word_1_791' title='bbox 1037 5378 1524 5450; x_wconf 87' lang='lat' dir='ltr'>redemptionem,</span> <span class='ocrx_word' id='word_1_792' title='bbox 1597 5383 1736 5452; x_wconf 89' lang='lat' dir='ltr'>quia</span> 
     </span>
    </p>
   </div>
   <div class='ocr_carea' id='block_1_104' title="bbox 125 5467 1729 5540">
    <p class='ocr_par' dir='ltr' id='par_1_104' title="bbox 125 5467 1729 5540">
     <span class='ocr_line' id='line_1_104' title="bbox 125 5467 1729 5540; baseline 0.002 -16"><span class='ocrx_word' id='word_1_793' title='bbox 125 5468 269 5524; x_wconf 76' lang='lat' dir='ltr'>:mel</span> <span class='ocrx_word' id='word_1_794' title='bbox 301 5467 540 5524; x_wconf 88' lang='lat' dir='ltr'>ablutus</span> <span class='ocrx_word' id='word_1_795' title='bbox 560 5472 649 5524; x_wconf 89' lang='lat' dir='ltr'>est</span> <span class='ocrx_word' id='word_1_796' title='bbox 678 5485 712 5523; x_wconf 91' lang='lat' dir='ltr'>a</span> <span class='ocrx_word' id='word_1_797' title='bbox 733 5471 966 5540; x_wconf 90' lang='lat' dir='ltr'>peccato</span> <span class='ocrx_word' id='word_1_798' title='bbox 1001 5483 1103 5539; x_wconf 92' lang='lat' dir='ltr'>per</span> <span class='ocrx_word' id='word_1_799' title='bbox 1123 5468 1471 5539; x_wconf 87' lang='lat' dir='ltr'>sanguinem</span> <span class='ocrx_word' id='word_1_800' title='bbox 1493 5469 1729 5527; x_wconf 90' lang='lat' dir='ltr'>Christi.</span> 
     </span>
    </p>
   </div>
   <div class='ocr_carea' id='block_1_105' title="bbox 146 5609 1728 5689">
    <p class='ocr_par' dir='ltr' id='par_1_105' title="bbox 146 5609 1728 5689">
     <span class='ocr_line' id='line_1_105' title="bbox 146 5609 1728 5689; baseline 0.003 -22"><span class='ocrx_word' id='word_1_801' title='bbox 146 5610 269 5686; x_wconf 85' lang='lat'>(20)</span> <span class='ocrx_word' id='word_1_802' title='bbox 300 5610 442 5689; x_wconf 77' lang='lat' dir='ltr'>Mss.</span> <span class='ocrx_word' id='word_1_803' title='bbox 475 5611 616 5679; x_wconf 89' lang='lat' dir='ltr'>duo,</span> <span class='ocrx_word' id='word_1_804' title='bbox 648 5625 756 5667; x_wconf 79' lang='lat' dir='ltr'>non</span> <span class='ocrx_word' id='word_1_805' title='bbox 787 5610 987 5668; x_wconf 79' lang='lat' dir='ltr'>habent</span> <span class='ocrx_word' id='word_1_806' title='bbox 1017 5609 1242 5669; x_wconf 75' lang='lat' dir='ltr'>divitias</span> <span class='ocrx_word' id='word_1_807' title='bbox 1267 5613 1327 5669; x_wconf 81' lang='lat' dir='ltr'>in</span> <span class='ocrx_word' id='word_1_808' title='bbox 1355 5612 1479 5688; x_wconf 77' lang='lat' dir='ltr'>ﬁde,</span> <span class='ocrx_word' id='word_1_809' title='bbox 1502 5629 1613 5670; x_wconf 79' lang='lat' dir='ltr'>non</span> <span class='ocrx_word' id='word_1_810' title='bbox 1668 5616 1728 5672; x_wconf 86' lang='lat' dir='ltr'>in</span> 
     </span>
    </p>
   </div>
   <div class='ocr_carea' id='block_1_106' title="bbox 111 5697 438 5746">
    <p class='ocr_par' dir='ltr' id='par_1_106' title="bbox 111 5697 438 5746">
     <span class='ocr_line' id='line_1_106' title="bbox 111 5697 438 5746; baseline -0.021 0"><span class='ocrx_word' id='word_1_811' title='bbox 111 5697 438 5746; x_wconf 68' lang='grc' dir='ltr'>οδεεεδιοηι.</span> 
     </span>
    </p>
   </div>
   <div class='ocr_carea' id='block_1_107' title="bbox 1854 4667 3492 4743">
    <p class='ocr_par' dir='ltr' id='par_1_107' title="bbox 1854 4667 3492 4743">
     <span class='ocr_line' id='line_1_107' title="bbox 1854 4667 3492 4743; baseline -0.002 -15"><span class='ocrx_word' id='word_1_812' title='bbox 1854 4671 2009 4728; x_wconf 87' lang='lat' dir='ltr'>avari</span> <span class='ocrx_word' id='word_1_813' title='bbox 2045 4673 2286 4736; x_wconf 84' lang='lat' dir='ltr'>fruetus,</span> <span class='ocrx_word' id='word_1_814' title='bbox 2323 4668 2568 4743; x_wconf 90' lang='lat' dir='ltr'>pecunia</span> <span class='ocrx_word' id='word_1_815' title='bbox 2597 4672 2704 4724; x_wconf 88' lang='lat' dir='ltr'>est.</span> <span class='ocrx_word' id='word_1_816' title='bbox 2730 4667 2797 4722; x_wconf 87' lang='lat' dir='ltr'>Et</span> <span class='ocrx_word' id='word_1_817' title='bbox 2819 4667 3104 4724; x_wconf 89' lang='lat' dir='ltr'>Dominus</span> <span class='ocrx_word' id='word_1_818' title='bbox 3125 4685 3295 4724; x_wconf 89' lang='lat' dir='ltr'>avaro</span> <span class='ocrx_word' id='word_1_819' title='bbox 3318 4667 3492 4724; x_wconf 89' lang='lat' dir='ltr'>dicit:</span> 
     </span>
    </p>
   </div>
   <div class='ocr_carea' id='block_1_108' title="bbox 1853 4758 3494 4828">
    <p class='ocr_par' dir='ltr' id='par_1_108' title="bbox 1853 4758 3494 4828">
     <span class='ocr_line' id='line_1_108' title="bbox 1853 4758 3494 4828; baseline 0 -17"><span class='ocrx_word' id='word_1_820' title='bbox 1853 4786 1878 4812; x_wconf 89' lang='grc'><em>‹‹</em></span> <span class='ocrx_word' id='word_1_821' title='bbox 1913 4762 2090 4827; x_wconf 90' lang='lat' dir='ltr'>Vade,</span> <span class='ocrx_word' id='word_1_822' title='bbox 2144 4760 2324 4816; x_wconf 90' lang='lat' dir='ltr'>vende</span> <span class='ocrx_word' id='word_1_823' title='bbox 2373 4759 2525 4813; x_wconf 89' lang='lat' dir='ltr'>bona</span> <span class='ocrx_word' id='word_1_824' title='bbox 2580 4761 2748 4812; x_wconf 89' lang='lat' dir='ltr'>tua...</span> <span class='ocrx_word' id='word_1_825' title='bbox 2810 4762 2865 4811; x_wconf 89' lang='lat' dir='ltr'>et</span> <span class='ocrx_word' id='word_1_826' title='bbox 2921 4758 3072 4826; x_wconf 90' lang='lat' dir='ltr'>veni,</span> <span class='ocrx_word' id='word_1_827' title='bbox 3129 4773 3370 4828; x_wconf 89' lang='lat' dir='ltr'>sequere</span> <span class='ocrx_word' id='word_1_828' title='bbox 3400 4773 3494 4812; x_wconf 92' lang='lat' dir='ltr'>me</span> 
     </span>
    </p>
   </div>
   <div class='ocr_carea' id='block_1_109' title="bbox 1851 4831 3495 4921">
    <p class='ocr_par' dir='ltr' id='par_1_109' title="bbox 1851 4831 3495 4921">
     <span class='ocr_line' id='line_1_109' title="bbox 1851 4831 3495 4921; baseline -0.002 -16"><span class='ocrx_word' id='word_1_829' title='bbox 1851 4852 2056 4919; x_wconf 79' lang='lat' dir='ltr'>(Matth.</span> <span class='ocrx_word' id='word_1_830' title='bbox 2090 4868 2204 4917; x_wconf 75' lang='lat' dir='ltr'>xxx,</span> <span class='ocrx_word' id='word_1_831' title='bbox 2236 4849 2345 4921; x_wconf 85' lang='lat'>21).</span> <span class='ocrx_word' id='word_1_832' title='bbox 2383 4870 2410 4896; x_wconf 84' lang='lat'>»</span> <span class='ocrx_word' id='word_1_833' title='bbox 2442 4847 2566 4902; x_wconf 91' lang='lat' dir='ltr'>Non</span> <span class='ocrx_word' id='word_1_834' title='bbox 2598 4831 2753 4902; x_wconf 86' lang='lat' dir='ltr'>enim</span> <span class='ocrx_word' id='word_1_835' title='bbox 2801 4845 3121 4916; x_wconf 85' lang='lat' dir='ltr'>perfectum</span> <span class='ocrx_word' id='word_1_836' title='bbox 3153 4845 3374 4900; x_wconf 90' lang='lat' dir='ltr'>bonum</span> <span class='ocrx_word' id='word_1_837' title='bbox 3405 4849 3495 4901; x_wconf 85' lang='lat' dir='ltr'>est</span> 
     </span>
    </p>
   </div>
   <div class='ocr_carea' id='block_1_110' title="bbox 1850 4932 3490 5010">
    <p class='ocr_par' dir='ltr' id='par_1_110' title="bbox 1850 4932 3490 5010">
     <span class='ocr_line' id='line_1_110' title="bbox 1850 4932 3490 5010; baseline -0.004 -16"><span class='ocrx_word' id='word_1_838' title='bbox 1850 4939 2293 5010; x_wconf 87' lang='lat' dir='ltr'>patrimonium,</span> <span class='ocrx_word' id='word_1_839' title='bbox 2327 4937 2427 4992; x_wconf 91' lang='lat' dir='ltr'>sed</span> <span class='ocrx_word' id='word_1_840' title='bbox 2459 4935 2602 5001; x_wconf 69' lang='lat' dir='ltr'>haec,</span> <span class='ocrx_word' id='word_1_841' title='bbox 2652 4938 2792 4988; x_wconf 91' lang='lat' dir='ltr'>sunt</span> <span class='ocrx_word' id='word_1_842' title='bbox 2843 4932 2996 4987; x_wconf 90' lang='lat' dir='ltr'>avari</span> <span class='ocrx_word' id='word_1_843' title='bbox 3046 4933 3221 4999; x_wconf 90' lang='lat' dir='ltr'>bona,</span> <span class='ocrx_word' id='word_1_844' title='bbox 3271 4948 3401 5003; x_wconf 69' lang='lat' dir='ltr'>qua:</span> <span class='ocrx_word' id='word_1_845' title='bbox 3429 4934 3490 4988; x_wconf 90' lang='lat' dir='ltr'>in</span> 
     </span>
    </p>
   </div>
   <div class='ocr_carea' id='block_1_111' title="bbox 1847 5021 3488 5098">
    <p class='ocr_par' dir='ltr' id='par_1_111' title="bbox 1847 5021 3488 5098">
     <span class='ocr_line' id='line_1_111' title="bbox 1847 5021 3488 5098; baseline -0.004 -15"><span class='ocrx_word' id='word_1_846' title='bbox 1847 5028 2244 5083; x_wconf 87' lang='lat' dir='ltr'>emolumento</span> <span class='ocrx_word' id='word_1_847' title='bbox 2277 5026 2472 5098; x_wconf 88' lang='lat' dir='ltr'>aliquo</span> <span class='ocrx_word' id='word_1_848' title='bbox 2502 5023 2816 5080; x_wconf 85' lang='lat' dir='ltr'>constituta</span> <span class='ocrx_word' id='word_1_849' title='bbox 2847 5027 3004 5076; x_wconf 89' lang='lat' dir='ltr'>sunt.</span> <span class='ocrx_word' id='word_1_850' title='bbox 3031 5021 3248 5086; x_wconf 90' lang='lat' dir='ltr'>Vende,</span> <span class='ocrx_word' id='word_1_851' title='bbox 3273 5021 3488 5092; x_wconf 90' lang='lat' dir='ltr'>inquit,</span> 
     </span>
    </p>
   </div>
   <div class='ocr_carea' id='block_1_112' title="bbox 1847 5109 3487 5188">
    <p class='ocr_par' dir='ltr' id='par_1_112' title="bbox 1847 5109 3487 5188">
     <span class='ocr_line' id='line_1_112' title="bbox 1847 5109 3487 5188; baseline -0.004 -17"><span class='ocrx_word' id='word_1_852' title='bbox 1847 5133 1976 5186; x_wconf 73' lang='lat' dir='ltr'>qua:</span> <span class='ocrx_word' id='word_1_853' title='bbox 2025 5121 2198 5188; x_wconf 87' lang='lat' dir='ltr'>putas</span> <span class='ocrx_word' id='word_1_854' title='bbox 2257 5121 2358 5171; x_wconf 89' lang='lat' dir='ltr'>tua</span> <span class='ocrx_word' id='word_1_855' title='bbox 2407 5130 2554 5182; x_wconf 90' lang='lat' dir='ltr'>esse,</span> <span class='ocrx_word' id='word_1_856' title='bbox 2613 5129 2747 5168; x_wconf 90' lang='lat' dir='ltr'>cum</span> <span class='ocrx_word' id='word_1_857' title='bbox 2797 5115 2898 5166; x_wconf 90' lang='lat' dir='ltr'>tua</span> <span class='ocrx_word' id='word_1_858' title='bbox 2944 5127 3057 5165; x_wconf 90' lang='lat' dir='ltr'>non</span> <span class='ocrx_word' id='word_1_859' title='bbox 3091 5109 3229 5180; x_wconf 89' lang='lat' dir='ltr'>sint,</span> <span class='ocrx_word' id='word_1_860' title='bbox 3263 5109 3400 5180; x_wconf 90' lang='lat' dir='ltr'>quia</span> <span class='ocrx_word' id='word_1_861' title='bbox 3428 5109 3487 5165; x_wconf 90' lang='lat' dir='ltr'>id</span> 
     </span>
    </p>
   </div>
   <div class='ocr_carea' id='block_1_113' title="bbox 1847 5202 3486 5269">
    <p class='ocr_par' dir='ltr' id='par_1_113' title="bbox 1847 5202 3486 5269">
     <span class='ocr_line' id='line_1_113' title="bbox 1847 5202 3486 5269; baseline -0.004 -10"><span class='ocrx_word' id='word_1_862' title='bbox 1847 5202 1992 5260; x_wconf 89' lang='lat' dir='ltr'>alios</span> <span class='ocrx_word' id='word_1_863' title='bbox 2042 5203 2304 5259; x_wconf 86' lang='lat' dir='ltr'>ﬂuminis</span> <span class='ocrx_word' id='word_1_864' title='bbox 2360 5204 2534 5258; x_wconf 91' lang='lat' dir='ltr'>modo</span> <span class='ocrx_word' id='word_1_865' title='bbox 2583 5203 2916 5258; x_wconf 87' lang='lat' dir='ltr'>transeunt:</span> <span class='ocrx_word' id='word_1_866' title='bbox 2975 5203 3032 5254; x_wconf 89' lang='lat' dir='ltr'>et</span> <span class='ocrx_word' id='word_1_867' title='bbox 3080 5214 3322 5269; x_wconf 90' lang='lat' dir='ltr'>sequere</span> <span class='ocrx_word' id='word_1_868' title='bbox 3372 5215 3486 5265; x_wconf 88' lang='lat' dir='ltr'>me,</span> 
     </span>
    </p>
   </div>
   <div class='ocr_carea' id='block_1_114' title="bbox 1846 5285 3485 5363">
    <p class='ocr_par' dir='ltr' id='par_1_114' title="bbox 1846 5285 3485 5363">
     <span class='ocr_line' id='line_1_114' title="bbox 1846 5285 3485 5363; baseline -0.004 -15"><span class='ocrx_word' id='word_1_869' title='bbox 1846 5297 1910 5348; x_wconf 88' lang='lat' dir='ltr'>ut</span> <span class='ocrx_word' id='word_1_870' title='bbox 1939 5293 2158 5346; x_wconf 89' lang='lat' dir='ltr'>bonum</span> <span class='ocrx_word' id='word_1_871' title='bbox 2191 5292 2519 5348; x_wconf 87' lang='lat' dir='ltr'>immortale</span> <span class='ocrx_word' id='word_1_872' title='bbox 2561 5305 2897 5363; x_wconf 85' lang='lat' dir='ltr'>cognoscas.</span> <span class='ocrx_word' id='word_1_873' title='bbox 2927 5285 3226 5358; x_wconf 84' lang='lat' dir='ltr'>Sapientes</span> <span class='ocrx_word' id='word_1_874' title='bbox 3257 5302 3392 5358; x_wconf 92' lang='lat' dir='ltr'>ergo</span> <span class='ocrx_word' id='word_1_875' title='bbox 3427 5287 3485 5342; x_wconf 91' lang='lat' dir='ltr'>in</span> 
     </span>
    </p>
   </div>
   <div class='ocr_carea' id='block_1_115' title="bbox 1844 5376 3486 5452">
    <p class='ocr_par' dir='ltr' id='par_1_115' title="bbox 1844 5376 3486 5452">
     <span class='ocr_line' id='line_1_115' title="bbox 1844 5376 3486 5452; baseline -0.001 -18"><span class='ocrx_word' id='word_1_876' title='bbox 1844 5381 2144 5435; x_wconf 87' lang='lat' dir='ltr'>interitum</span> <span class='ocrx_word' id='word_1_877' title='bbox 2226 5382 2616 5452; x_wconf 87' lang='lat' dir='ltr'>deducuntur,</span> <span class='ocrx_word' id='word_1_878' title='bbox 2693 5380 2905 5452; x_wconf 88' lang='lat' dir='ltr'>quibus</span> <span class='ocrx_word' id='word_1_879' title='bbox 2971 5377 3122 5431; x_wconf 89' lang='lat' dir='ltr'>Deus</span> <span class='ocrx_word' id='word_1_880' title='bbox 3179 5376 3486 5432; x_wconf 85' lang='lat' dir='ltr'>abscondit</span> 
     </span>
    </p>
   </div>
   <div class='ocr_carea' id='block_1_116' title="bbox 1841 5462 3484 5542">
    <p class='ocr_par' dir='ltr' id='par_1_116' title="bbox 1841 5462 3484 5542">
     <span class='ocr_line' id='line_1_116' title="bbox 1841 5462 3484 5542; baseline -0.002 -18"><span class='ocrx_word' id='word_1_881' title='bbox 1841 5486 1968 5540; x_wconf 65' lang='lat' dir='ltr'>quae</span> <span class='ocrx_word' id='word_1_882' title='bbox 2000 5466 2254 5542; x_wconf 89' lang='lat' dir='ltr'>parvulis</span> <span class='ocrx_word' id='word_1_883' title='bbox 2288 5467 2585 5523; x_wconf 88' lang='lat' dir='ltr'>revelavit.</span> <span class='ocrx_word' id='word_1_884' title='bbox 2637 5469 2916 5525; x_wconf 88' lang='lat' dir='ltr'>Peribunt</span> <span class='ocrx_word' id='word_1_885' title='bbox 2963 5462 3161 5532; x_wconf 91' lang='lat' dir='ltr'>simul,</span> <span class='ocrx_word' id='word_1_886' title='bbox 3187 5467 3245 5518; x_wconf 93' lang='lat' dir='ltr'>et</span> <span class='ocrx_word' id='word_1_887' title='bbox 3276 5463 3334 5518; x_wconf 91' lang='lat' dir='ltr'>in</span> <span class='ocrx_word' id='word_1_888' title='bbox 3369 5481 3484 5520; x_wconf 92' lang='lat' dir='ltr'>uno</span> 
     </span>
    </p>
   </div>
   <div class='ocr_carea' id='block_1_117' title="bbox 1911 5607 3480 5696">
    <p class='ocr_par' dir='ltr' id='par_1_117' title="bbox 1911 5607 3480 5696">
     <span class='ocr_line' id='line_1_117' title="bbox 1911 5607 3480 5696; baseline 0 -26"><span class='ocrx_word' id='word_1_889' title='bbox 1911 5613 2021 5696; x_wconf 87' lang='lat'>(21)</span> <span class='ocrx_word' id='word_1_890' title='bbox 2079 5612 2243 5671; x_wconf 82' lang='lat' dir='ltr'>Rom.</span> <span class='ocrx_word' id='word_1_891' title='bbox 2275 5608 2440 5682; x_wconf 90' lang='lat' dir='ltr'>edit.,</span> <span class='ocrx_word' id='word_1_892' title='bbox 2473 5609 2763 5671; x_wconf 71' lang='lat' dir='ltr'>hwreditas</span> <span class='ocrx_word' id='word_1_893' title='bbox 2807 5608 3165 5671; x_wconf 69' lang='lat' dir='ltr'>servientibus</span> <span class='ocrx_word' id='word_1_894' title='bbox 3227 5607 3480 5676; x_wconf 79' lang='lat' dir='ltr'>Domino.</span> 
     </span>
    </p>
   </div>
  </div>
