3856 6206
356 363 517 426 1219

1818 360 1886 420 S.
1929 356 2309 422 AMBROSII

3611 345 3749 418 1220

354 496 677 565 eodemque
709 492 834 546 loco
862 495 1033 546 erunt
1062 490 1351 561 insipiens
1381 496 1437 544 et
1466 489 1709 554 stultus,
1745 512 1770 535 α
1793 496 1847 545 et
1871 490 2006 545 alie-
2035 493 2089 556 Α
2121 491 2218 561 qui
2274 489 2560 563 apostolis
2614 488 2838 544 sanctis
2912 489 2972 542 in
3031 488 3399 560 dispersione
3427 486 3752 560 linguarum

355 583 446 638 nis
479 583 811 653 relinquent
841 580 1078 634 divitias
1123 594 1304 646 suas;
1340 601 1368 626 ››

358 671 619 743 nequitia
647 668 971 741 legitimum
1005 683 1397 723 sucessorem.

429 762 514 815 18.
546 758 730 830 (Vers.
770 759 880 824 12.)
911 780 937 805 κ
976 757 1044 811 Et
1083 757 1355 829 sepulcra
1399 771 1601 810 eorum
1633 756 1846 810 domus
1878 755 2008 810 illo-

355 866 486 904 rum
519 849 577 903 in
608 845 911 912 saeculum,
953 845 1338 900 tabernacula
1383 861 1586 900 eorum
1636 844 1695 899 in
1728 844 2006 915 progenie

353 943 411 993 et
455 934 866 1010 generatione;
922 935 1336 990 invocaverunt
1402 933 1642 989 nomina
1688 948 1893 988 eorum
1944 932 2003 987 in

352 1024 525 1080 terris
570 1023 855 1095 ipsorum.
892 1047 918 1072 ››
964 1022 1189 1094 Ubique
1241 1022 1544 1094 Scriptura
1589 1023 1862 1094 sepulcra
1900 1037 2005 1092 pro

350 1112 567 1168 vilibus
597 1112 779 1179 ducit,
812 1112 1030 1183 quibus
1059 1113 1396 1183 degeneres,
1428 1117 1486 1165 et
1531 1112 1659 1165 vitae
1692 1112 1872 1181 hujus
1903 1128 2005 1165 cu-

353 1202 476 1274 pidi
506 1208 943 1273 comparantur.
997 1223 1026 1250 «
1060 1200 1403 1272 Sepulcrum
1434 1204 1640 1272 patens
1683 1204 1772 1255 est
1800 1205 2006 1272 guttur

351 1306 555 1346 eorum
586 1290 739 1360 (Psal
772 1331 786 1343 .
819 1307 875 1355 v,
906 1290 1015 1356 ll).
1052 1312 1080 1338 ››
1112 1290 1215 1344 His
1244 1306 1381 1361 ergo
1412 1288 1512 1361 qui
1555 1289 1629 1343 ad
1658 1288 1811 1343 diem
1845 1292 1902 1343 ct
1933 1289 2004 1343 de

353 1379 448 1434 die
493 1379 713 1445 vivunt,
764 1376 1035 1449 sepulcra
1089 1394 1193 1449 pro
1237 1378 1515 1433 domibus
1568 1381 1729 1433 sunt.
1781 1380 2004 1432 Domus

352 1469 510 1523 enim
534 1468 831 1538 justorum
866 1483 978 1521 non
1012 1466 1070 1521 in
1102 1471 1257 1522 terra
1284 1471 1394 1535 est,
1418 1466 1519 1522 sed
1545 1466 1603 1521 in
1633 1465 1778 1522 coelo
1806 1484 1821 1521 :
1850 1467 2007 1521 sicut

349 1554 665 1629 Apostolus
694 1554 893 1611 docuit
938 1555 1177 1609 dicens:
1212 1578 1239 1603 ‹‹
1275 1554 1488 1610 Nostra
1532 1560 1731 1610 autem
1762 1570 2000 1610 conver-

351 1645 501 1700 satio
530 1644 593 1700 in
620 1643 785 1701 edis
809 1647 899 1699 est
928 1643 1191 1715 (Philipp.
1229 1660 1316 1712 ιιι,
1335 1644 1448 1714 20).
1478 1666 1503 1690 »
1528 1644 1659 1715 Ipsa
1678 1647 1768 1698 est
1788 1643 2001 1698 domus

353 1739 576 1799 nostra.
606 1750 735 1805 qua:
767 1733 983 1788 domus
1000 1739 1095 1789 est
1109 1732 1350 1789 Christi.
1378 1731 1544 1788 Unde
1562 1732 1643 1788 ait
1659 1732 1998 1804 Scriptura:

1429 578 1569 650 quia
1616 594 1732 633 non
1780 578 2007 633 invenit

2113 586 2397 651 tauquam
2428 578 2585 651 ignis
2616 576 2830 632 illuxit.

2183 670 2271 722 20.
2307 668 2494 738 (Vers.
2546 669 2637 732 t3,
2692 667 2804 735 tt.)
2848 668 3161 738 Sequitur:
3206 690 3231 713 ‹‹
3270 666 3454 721 Homo
3514 680 3649 720 cum
3698 665 3751 720 in

2115 758 2332 813 honore
2376 762 2553 823 esset,
2604 773 2720 812 non
2771 756 3090 812 intellexit:
3137 758 3516 826 comparatus
3555 758 3641 809 est
3657 755 3753 826 ju-

2114 846 2329 901 mentis
2355 862 2488 917 quae
2516 845 2644 900 sine
2674 861 2853 901 sensu
2895 848 3056 907 sunt,
3104 848 3163 899 et
3190 843 3405 899 similis
3454 843 3639 899 factus
3666 847 3748 898 est

2114 934 2250 989 illis.
2274 934 2402 989 Haec
2422 934 2515 990 via
2531 950 2737 989 eorum
2761 934 2818 987 in
2840 931 3259 988 oll'endiculum
3278 931 3425 1004 ipsis
3449 949 3463 986 :
3487 936 3545 986 et
3564 933 3750 1002 postea

2114 1023 2171 1077 in
2186 1022 2882 1095 oresuocomplacebunt.
2902 1046 2929 1069 »
2949 1021 3097 1086 Quia
3119 1039 3233 1078 non
3257 1020 3549 1076 intellexit
3562 1019 3750 1086 homo,

2111 1129 2244 1167 cum
2269 1113 2324 1168 in
2349 1113 2564 1167 honore
2583 1115 2739 1168 esset
2751 1113 3071 1182 (estautem
3087 1110 3292 1176 honor,
3313 1109 3456 1181 quia
3469 1109 3542 1164 ad
3563 1108 3751 1181 imagis

2113 1218 2245 1256 nem
2267 1202 2361 1256 Dei
2381 1204 2568 1256 factus
2583 1205 2692 1267 est,
2716 1200 3006 1256 factusest
3016 1199 3258 1255 rationis
3274 1199 3503 1270 capax),
3520 1212 3749 1269 compa-

2113 1295 2275 1346 ratus
2303 1295 2393 1346 est
2416 1290 2728 1360 jumentis,
2758 1305 2885 1360 quae
2927 1304 3170 1345 sensum
3211 1304 3325 1343 non
3373 1286 3625 1355 habent;
3656 1285 3748 1357 qui

2110 1383 2304 1434 autem
2339 1376 2643 1446 intellexit,
2674 1377 2902 1449 angelis
2940 1380 3339 1448 comparatur.
3385 1375 3459 1430 Et
3504 1375 3635 1429 ideo
3662 1374 3745 1429 hic

2110 1467 2395 1522 bonorum
2434 1482 2680 1539 operum
2733 1464 3000 1521 claritate
3045 1464 3460 1536 magnificatus
3506 1467 3629 1518 est:
3660 1461 3749 1518 ille

2109 1556 2261 1610 sicut
2288 1571 2477 1626 equus
2508 1554 2858 1611 adhinniens
2876 1553 3204 1609 aestimatur
3221 1551 3553 1607 colluvione
3566 1551 3748 1606 viven-

2108 1645 2192 1711 di,
2222 1661 2351 1715 quae
2380 1643 2485 1697 viae
2515 1641 2931 1699 otfendiculum
2981 1640 3151 1696 affert
3197 1640 3257 1696 iu
3290 1639 3674 1713 turpitudine
3698 1644 3751 1695 et

2107 1733 2466 1787 obscenitate
2495 1732 2844 1786 viventibus.
2882 1730 3220 1803 [nsipientia
3238 1729 3394 1784 enim
3422 1728 3530 1783 viri
3554 1732 3751 1783 conta-

351 1846 380 1873 ι(
412 1824 483 1877 Et
512 1821 744 1920 Mpyses
770 1820 1009 1919 quidem
1042 1820 1322 1920 fidelisin
1356 1821 1671 1878 totadomo
1693 1821 1844 1892 ejus,
1868 1825 1997 1875 tan-
2031 1854 2080 1920 Β
2110 1822 2297 1877 minat
2348 1819 2470 1875 vias
2528 1819 2673 1888 ejus.
2730 1818 3079 1889 Hujusmodi
3137 1822 3333 1874 autem
3387 1816 3498 1872 viri
3551 1806 3751 1872 vivunt

349 1926 529 1983 quam
563 1908 822 1965 famulus
853 1909 911 1963 in
946 1907 1353 1964 testimonium
1374 1925 1579 1965 eorum
1601 1925 1733 1981 qua
1752 1908 2006 1967 dimnda
2031 1904 2080 1920 “’
2111 1910 2436 1967 secundum
2478 1907 2873 1981 appetentiam
2921 1923 3111 1975 suam,
3157 1923 3286 1979 quae
3333 1904 3748 1961 oﬂ‘endiculum

350 2002 575 2055 essent:
607 1997 880 2054 Christus
906 2014 1042 2053 vero
1071 2002 1355 2069 tanquam
1387 1996 1544 2052 ﬁlius
1593 1998 1652 2053 in
1686 1998 1862 2053 domo
1893 2014 2007 2054 sua

350 2088 534 2157 (Hebr.
562 2103 648 2153 ιιι,
680 2087 717 2140 5
744 2093 794 2142 et
831 2086 908 2156 6).
961 2108 989 2135 »
1032 2085 1150 2141 Piis
1182 2101 1319 2158 ergo
1350 2090 1562 2142 domus
1612 2091 1669 2142 et
1716 2074 1997 2155 Esclesia,

353 2176 464 2249 piis
493 2173 681 2249 patria
701 2174 912 2230 coelum
934 2158 1042 2230 est.
1068 2176 1536 2247 Idcoquejustus
1557 2175 1639 2231 ait
1666 2193 1679 2231 :
1709 2199 1736 2225 α
1761 2176 1999 2231 Advena

350 2280 457 2335 ego
478 2280 609 2320 sum
628 2262 782 2336 apud
806 2268 860 2317 te
883 2263 939 2317 in
965 2268 1119 2317 terra
1138 2270 1192 2318 et
1212 2264 1578 2335 peregrinus,
1620 2264 1776 2319 sicut
1794 2280 2000 2320 omnes

351 2357 546 2425 patres
574 2351 687 2407 mei
720 2351 889 2423 (Psal.
923 2368 1160 2417 xxxvm,
1194 2352 1301 2422 l3).
1338 2374 1365 2399 ››
1414 2351 1753 2407 Luxuriosis
1785 2352 2000 2408 domus

351 2439 687 2513 sepulcrum
719 2444 827 2495 est.
868 2438 1126 2512 Denique
1174 2442 1455 2510 tanquam
1507 2439 1566 2494 in
1618 2439 1884 2513 sepulcro
1914 2441 1997 2496 vi-

351 2533 516 2597 vunt,
548 2528 646 2602 qui
681 2532 926 2602 possunt
955 2528 1182 2584 dicere:
1217 2552 1244 2578 «
1279 2528 1700 2585 Manducemus
1746 2533 1803 2585 et
1835 2530 1999 2586 biba-

353 2635 511 2687 mus,
583 2634 714 2673 cras
788 2617 944 2673 enim
1002 2618 1325 2674 moriemur
1386 2619 1520 2688 (lsa.
1597 2634 1751 2686 xm,
1828 2620 1998 2689 13).»

358 2707 845 2765 resurrectionem
880 2710 1015 2762 ante
1047 2698 1249 2763 oculos
1276 2723 1392 2763 non
1413 2706 1715 2763 habentes.
1750 2708 2001 2781 Ideoque

353 2796 621 2853 tumulus
641 2796 767 2852 suis
791 2795 947 2851 affixi
970 2800 1141 2866 atque
1163 2795 1500 2851 attumulati
1517 2795 1836 2860 adhaerent,
1860 2797 2001 2869 quia

358 2884 698 2943 resuscitari
729 2901 792 2941 se
822 2900 994 2957 posse
1026 2900 1139 2939 non
1170 2883 1564 2940 crediderunt.
1588 2884 1999 2942 Habitaculum

355 2964 493 3047 ergo
523 2973 643 3029 illis
671 2972 730 3028 in
762 2988 869 3029 suo
899 2971 1071 3028 busto
1104 2976 1214 3038 est,
1237 2976 1295 3028 et
1324 2971 1764 3028 tabernaculum
1797 2989 1996 3031 eorum

356 3064 416 3120 in
449 3059 723 3135 progenie
751 3064 807 3115 et
836 3060 1208 3132 generatione
1238 3065 1468 3117 terrena
1487 3066 1597 3127 est,
1635 3061 1735 3133 qui
1776 3079 2000 3119 vermes

356 3146 453 3209 sui
493 3150 753 3223 corporis
800 3150 911 3221 (22)
946 3148 1204 3204 heredes
1245 3148 1606 3221 relinquunt,
1659 3150 1717 3205 ui
1750 3149 1843 3205 hic
1873 3155 2001 3207 tan-

2109 2003 2291 2065 eroat,
2316 2003 2376 2053 et
2419 2002 2553 2070 post
2600 1994 3019 2052 oﬂ‘endiculum
3068 1994 3518 2067 complacebunt
3562 1994 3621 2048 in
3651 1984 3747 2050 ore

2110 2105 2243 2156 suo,
2270 2087 2379 2144 sed
2404 2103 2521 2143 non
2549 2085 2610 2140 in
2641 2084 2832 2141 corde.
2879 2083 3004 2139 Non
3042 2083 3199 2138 enim
3246 2083 3409 2141 boni.
3438 2083 3512 2138 de
3540 2076 3748 2154 quibus

2109 2177 2364 2233 dicitur:
2395 2198 2427 2226 ε
2459 2175 2573 2231 Ore
2598 2190 2707 2231 suo
2737 2172 3178 2239 benedicebant,
3211 2176 3271 2227 et
3298 2172 3472 2228 corde
3493 2188 3599 2228 suo
3627 2187 3747 2226 ma-

2106 2266 2436 2322 ledicebant
2461 2264 2637 2334 (Psal.
2658 2280 2775 2329 ut,
2792 2260 2874 2333 5).
2900 2284 2927 2310 ιο
2951 2264 3073 2329 Quo
3096 2276 3447 2333 responsum
3468 2265 3557 2317 est
3572 2262 3744 2316 etiam

2107 2354 2181 2410 iis
2211 2355 2313 2427 qui
2344 2354 2565 2410 habent
2592 2352 2652 2407 in
2682 2352 2989 2409 codicibus
3011 2349 3139 2407 suis
3166 2350 3246 2405 ita
3266 2349 3550 2422 scriptum
3575 2366 3590 2406 :
3620 2372 3646 2398 ιι
3676 2348 3743 2403 Et

2108 2448 2311 2519 postea
2338 2442 2398 2498 in
2430 2458 2529 2499 ore
2545 2458 2654 2498 suo
2674 2441 3042 2497 benediceut.
3072 2464 3103 2490 ιι
3127 2439 3383 2497 Verbum
3398 2439 3551 2496 enim
3572 2442 3738 2493 tuum

2108 2549 2309 2606 prope,
2340 2536 2398 2587 et
2427 2532 2486 2586 in
2518 2546 2617 2586 ore
2646 2536 2749 2585 tuo
2778 2529 2875 2597 sit,
2907 2533 2966 2584 et
2994 2529 3051 2583 in
3084 2529 3279 2585 corde.

2177 2623 2267 2677 2t.
2318 2620 2535 2676 «Vera.
2590 2619 2698 2689 15.)
2745 2617 2907 2673 Sicut
2960 2632 3096 2672 oves
3151 2616 3212 2672 in
3243 2617 3541 2677 infernum
3567 2615 3740 2673 dedu-

2109 2713 2335 2776 centur,
2359 2725 2516 2764 mors
2536 2708 2809 2780 deposcet
2828 2723 2948 2761 eos.
2964 2707 3036 2761 Et
3055 2705 3519 2761 dominabuntur
3544 2720 3743 2767 eam

2100 2799 2249 2871 justi
2283 2800 2343 2855 in
2374 2798 2730 2853 matutinum
2758 2814 2774 2863 ;
2806 2800 2864 2851 et
2895 2794 3179 2852 auxilium
3203 2810 3409 2851 eorum
3433 2796 3741 2850 veterascet

2107 2890 2168 2945 in
2200 2888 2447 2955 inferno,
2507 2904 2541 2941 a
2595 2885 2779 2957 gloria
2835 2900 3060 2941 eorum.
3094 2907 3123 2934 »
3177 2883 3285 2948 Qui
3341 2881 3648 2939 noluerunt
3679 2885 3740 2936 ut

2108 2981 2369 3051 pasceret
2387 2993 2487 3033 eos
2506 2975 2796 3043 Christus,
2824 2975 3110 3047 deposcet
3126 2989 3226 3030 eos
3247 2989 3428 3029 mors.
3451 2971 3586 3037 Quis
3605 2986 3737 3043 ergo

2110 3067 2368 3122 dimittat
2396 3066 2614 3120 bonum
2649 3067 2963 3135 pastorem,
2996 3062 3095 3135 qui
3123 3079 3227 3135 pro
3247 3061 3456 3117 ovibus
3476 3061 3594 3116 suis
3620 3059 3738 3114 ani-

2110 3174 2264 3212 mam
2289 3170 2458 3210 suam
2494 3154 2679 3225 ponit,
2708 3152 2848 3226 quia
2874 3152 3126 3225 pertinet
3152 3151 3222 3208 ad
3266 3166 3402 3207 eum
3432 3149 3616 3224 gregis
3643 3146 3735 3203 sui

356 3247 483 3298 tum
516 3239 592 3295 sit
630 3238 912 3295 memoria
959 3253 1182 3303 eorum,
1230 3241 1286 3293 et
1328 3238 1388 3293 in
1432 3242 1715 3294 mternum
1746 3239 1998 3296 transire
2028 3225 2071 3291 C
2111 3245 2296 3301 cura?
2323 3246 2438 3299 Aut
2477 3242 2611 3315 quis
2638 3225 2814 3313 eligat
2860 3240 3281 3297 mercenariam
3313 3243 3583 3306 mortem,
3610 3252 3735 3309 quis

358 3346 474 3386 non
505 3326 710 3401 possit.

430 3420 517 3475 19.
542 3416 801 3487 Denique
825 3437 852 3467 α
876 3414 1113 3471 nomina
1135 3431 1336 3471 eorum
1356 3414 1413 3471 in
1449 3416 1621 3472 terris
1644 3416 1940 3489 ipsorum;
1966 3440 1994 3467 η

358 3508 499 3581 quia
522 3522 696 3578 opera
732 3520 932 3561 eorum
979 3503 1379 3577 corruptibilis
1432 3508 1607 3577 atque
1654 3511 1900 3561 terrena.
1933 3506 1997 3561 Et

354 3586 487 3652 ideo
516 3593 598 3649 ibi
647 3592 985 3648 scribuntur
1023 3608 1224 3648 eorum
1258 3593 1518 3655 nomina,
1543 3594 1640 3649 ubi
1666 3594 1854 3649 vivere
1876 3612 1997 3649 ma-

354 3684 610 3740 luerunt.
644 3680 752 3744 Qui
782 3683 978 3735 autem
1004 3678 1374 3736 elevaverunt
1392 3698 1568 3753 opera
1587 3698 1716 3749 sua,
1749 3682 1821 3737 iis
1851 3684 1994 3738 dici-

354 3776 488 3827 tur:
522 3793 548 3819 ‹‹
578 3758 764 3824 Nolite
795 3768 1068 3839 gaudere,
1102 3768 1241 3840 quia
1284 3769 1571 3825 daemonia
1618 3771 1780 3826 vobis
1806 3771 1998 3842 subje-

356 3865 449 3917 cta
480 3861 655 3916 sunt:
689 3856 790 3912 sed
821 3855 1089 3929 gaudete,
1128 3857 1265 3928 quia
1294 3858 1533 3914 nomina
1561 3863 1752 3914 vestra
1783 3859 2001 3932 scripta

356 3953 497 4005 sunt
524 3949 583 4004 in
621 3945 767 4002 caalo
798 3945 947 4016 (Luc.
979 3962 1036 4009 κ,
1068 3946 1182 4016 20).
1215 3968 1242 3995 ››
1276 3946 1421 4001 Hinc
1442 3962 1579 4019 ergo
1600 3947 1998 4021 intelligamus

356 4028 492 4111 quia
515 4054 627 4093 non
652 4035 832 4090 otiose
854 4032 1139 4089 Dominus
1155 4051 1254 4090 eos
1276 4035 1486 4108 arguit,
1512 4037 1609 4108 qui
1633 4037 1998 4092 zedificabant

356 4127 470 4183 sibi
500 4124 791 4199 sepulcra,
833 4120 922 4177 vel
971 4123 1231 4179 tumulos
1283 4122 1721 4197 prophetarum,
1755 4129 1811 4180 et
1834 4141 1996 4179 exor-

356 4217 575 4272 nabant
600 4233 667 4270 ea
695 4214 899 4286 (Matth.
932 4231 1095 4279 χχιιι,
1147 4212 1259 4285 29).
1312 4214 1790 4269 Condemnantur
1840 4215 1997 4270 enim

353 4304 561 4367 Judaei,
632 4305 731 4377 qui
795 4305 1093 4377 prophetis
1156 4319 1304 4375 quos
1369 4303 1723 4369 occiderant,
1772 4307 2001 4359 terrena

357 4393 584 4463 solatia,
637 4411 749 4451 non
810 4399 1023 4449 aeterna
1054 4392 1293 4465 praemia
1341 4391 1697 4447 deferebant.
1752 4394 2001 4464 Ideoque

358 4482 651 4554 prohibet,
677 4488 741 4539 ut
762 4483 1091 4557 discipulus
1113 4498 1257 4536 suus
1283 4480 1526 4551 sepeliet
1550 4485 1769 4550 putrem
1794 4482 1995 4552 (Matth.

356 4587 481 4636 vm,
512 4572 652 4643 22);
703 4571 840 4643 quia
887 4576 1099 4627 mterno
1148 4567 1299 4624 Patri
1350 4569 1477 4623 sine
1520 4570 1842 4624 cessatione
1872 4587 1999 4625 esse

356 4658 528 4713 debet
577 4659 855 4715 intentus.
906 4661 969 4715 Et
1019 4660 1073 4715 in
1128 4657 1285 4713 Isaiae
1333 4656 1482 4712 libro
1533 4658 1818 4729 scriptum
1869 4664 1995 4713 est:

358 4734 590 4812 «Quid,
624 4747 835 4820 inquit,
868 4748 967 4820 qui
990 4747 1285 4802 :edificasti
1308 4751 1367 4800 et
1388 4746 1652 4801 excidisti
1678 4746 1779 4801 tibi
1804 4747 1999 4819 sepul-

355 4852 519 4892 crum
552 4838 678 4909 (Isa.
712 4854 848 4904 χχιι,
888 4838 969 4902 l6)
989 4836 1017 4891 ?
1039 4859 1064 4885 n
1091 4836 1159 4889 Et
1181 4834 1627 4906 reprehenditur
1647 4835 1846 4904 Maria,
1874 4854 2001 4908 quae

357 4924 652 4982 Christum
688 4926 745 4981 in
768 4925 995 5001 tumulo
1023 4923 1374 4995 requirebat.
1403 4923 1685 4995 Relinque
1713 4925 2000 4997 sepulcra,

359 5032 486 5095 qua:
520 5014 900 5088 reliquerunt,
934 5014 1034 5086 qui
1068 5013 1267 5069 audita
1300 5029 1436 5067 voce
1468 5012 1699 5067 Domini
1726 5015 1783 5068 in
1817 5014 2003 5087 ipsius

360 5105 631 5175 passione
678 5118 981 5162 surrexere
1023 5103 1094 5158 de
1141 5101 1408 5159 tumulis.
1457 5100 1586 5156 Noli
1641 5100 1791 5158 inter
1846 5103 2003 5160 952

360 5198 622 5249 mortuos
653 5191 942 5260 habitare,
974 5191 1076 5264 qui
1104 5191 1270 5246 vivis.
1302 5188 1453 5245 Audi
1500 5206 1700 5246 vocem
1755 5191 2004 5247 resusci-

360 5282 540 5337 tantis
577 5281 754 5338 Jesu:
806 5306 835 5333 ‹‹
887 5281 1072 5353 Surge
1131 5278 1229 5352 qui
1290 5278 1532 5346 dormis,
1590 5283 1646 5333 et
1695 5294 1942 5353 exsurge
1972 5298 2008 5336 a

362 5369 630 5435 mortuis,
664 5374 729 5425 ut
758 5369 957 5427 lumen
989 5368 1091 5424 tibi
1142 5367 1358 5424 Christi
1411 5368 1757 5424 infundatur
1786 5369 2003 5442 (Ep/ws.

364 5470 417 5526 v,
452 5457 561 5528 14).
596 5480 624 5507 ››
655 5456 919 5515 Alterum
951 5457 1147 5527 lumen
1181 5456 1309 5528 ejus
1340 5455 1595 5528 Spiritus
1626 5461 1867 5514 sanctus
1896 5462 2005 5530 est,

436 5596 725 5681 (22)'Mss.
772 5600 1016 5672 aliquot,
1066 5600 1275 5658 terreni
1329 5607 1459 5656 sunt
1514 5605 1610 5673 qui
1658 5602 1875 5677 verm'ea
1919 5608 2010 5662 sui

366 5674 628 5740 carparis,
661 5674 774 5724 etc.

2104 3349 2344 3406 operum
2409 3331 2799 3404 pessimorum
2860 3329 3042 3403 digna
3099 3329 3367 3385 mercede
3420 3327 3737 3384 referatur?

2103 3421 2292 3477 Simul
2324 3436 2632 3493 cognosce,
2665 3436 2698 3475 ο
2727 3417 2924 3486 homo,
2970 3418 3111 3490 quia
3155 3417 3427 3474 Christus
3457 3431 3624 3473 verus
3652 3416 3736 3471 est

2107 3516 2323 3584 pastor,
2357 3508 2456 3581 qui
2489 3524 2627 3564 suos
2656 3507 2843 3579 pascit
2874 3507 2947 3563 ad
2980 3506 3177 3563 vitam.
3210 3506 3368 3563 Mors
3397 3503 3737 3562 subintravit

2104 3617 2232 3672 quae
2262 3598 2333 3653 ad
2361 3596 2664 3653 interitum
2694 3595 2933 3651 adducit
2960 3594 3200 3657 alienos,
3250 3598 3307 3651 et
3337 3596 3576 3650 devorat
3616 3608 3731 3659 eos,

2106 3688 2322 3760 quibus
2372 3688 2844 3759 potesbpropter
2893 3699 3094 3740 eorum
3139 3682 3362 3755 ﬂagitia
3398 3681 3739 3756 prevalere:

2104 3777 2328 3841 Quibus
2359 3775 2495 3830 licet
2524 3775 2584 3829 in
2615 3773 2723 3830 hae
2747 3773 2865 3828 vita
2895 3773 3157 3830 studium
3190 3771 3460 3845 potentiae
3492 3770 3667 3827 fuerit
3684 3774 3737 3825 et

2104 3865 2464 3932 divitiarum,
2494 3867 2560 3918 ut
2588 3861 2720 3917 aliis
2761 3861 3229 3918 dominarentur:
3263 3862 3364 3917 sed
3398 3862 3458 3915 in
3490 3875 3740 3916 resurre-

2106 3954 2295 4009 ctione
2322 3951 2432 4008 erit
2462 3950 2732 4017 servitus,
2760 3966 2892 4005 cum
2910 3950 3093 4021 justis
3125 3950 3457 4005 matutinus
3476 3948 3744 4022 splendor

2107 4041 2360 4098 illuxerit
2387 4059 2400 4097 :
2435 4055 2686 4112 quorum
2719 4038 2908 4111 figura
2934 4042 3045 4104 est,
3079 4040 3232 4110 quod
3266 4038 3447 4094 Jacob
3475 4037 3745 4094 dominus

2105 4129 2467 4203 praeponitur
2497 4127 2688 4183 fratri.
2728 4126 3080 4183 Miserabilis
3110 4127 3306 4199 itaque
3336 4126 3587 4182 servitus
3617 4125 3747 4197 (23),

2109 4226 2173 4275 ut
2200 4236 2267 4274 eo
2299 4223 2559 4289 tempore
2589 4232 2705 4287 quo
2734 4215 2833 4271 alii
2865 4220 3146 4271 vocantur
3178 4216 3234 4270 in
3264 4215 3515 4287 gloriam
3550 4213 3749 4287 splen-

2108 4309 2267 4363 doris
2295 4311 2351 4362 et
2380 4305 2644 4372 luminis,
2679 4304 2887 4359 horum
2921 4304 3105 4377 gloria
3125 4308 3447 4361 veterascat
3465 4308 3526 4359 et
3548 4318 3751 4359 consu-

2108 4401 2304 4452 matur
2334 4395 2391 4449 in
2426 4393 2682 4449 tenebris
2712 4394 3054 4448 inferorum.
3089 4393 3417 4465 Meritoque
3456 4394 3529 4449 de
3553 4392 3651 4448 his
3676 4390 3751 4445 di-

2108 4485 2292 4557 citur:
2320 4483 2401 4541 De
2430 4482 2648 4537 honore
2680 4498 2786 4537 suo
2830 4486 2887 4535 et
2931 4480 3117 4553 gloria
3147 4499 3254 4536 sua
3299 4481 3527 4553 expulsi
3578 4483 3745 4543 sunt;

2033 4593 2078 4658 Ι)
2109 4574 2250 4646 quia
2281 4570 2621 4644 temporalis
2651 4570 2770 4626 haec
2801 4568 3005 4642 gloria.

2178 4665 2267 4716 22.
2302 4660 2487 4729 (Vers.
2520 4659 2631 4729 l6.)
2662 4682 2689 4708 ‹‹
2721 4658 3135 4713 Verumtamen
3166 4659 3321 4714 Deus
3349 4658 3648 4723 liberabit,
3677 4657 3748 4710 in-

2110 4750 2258 4822 quit,
2283 4748 2538 4803 animam
2567 4762 2754 4801 meam
2775 4747 2846 4801 de
2866 4762 3042 4801 manu
3062 4746 3295 4811 inferni,
3314 4764 3453 4804 cum
3472 4736 3747 4818 acceperit

2110 4855 2260 4895 eam.
2300 4861 2320 4887 ι
2354 4838 2507 4892 Bene
2538 4835 2644 4890 hoc
2673 4835 2832 4903 dicit,
2866 4835 2965 4906 qui
2990 4835 3209 4891 sciebat
3231 4835 3494 4891 animam
3515 4852 3684 4891 suam
3701 4833 3749 4887 iu

2111 4927 2338 4983 inferno
2370 4942 2481 4979 non
2533 4922 3074 4995 derelinquendam.
3124 4924 3441 4980 Descendit
3481 4924 3666 4989 enim,
3697 4922 3750 4974 ut

2112 5016 2371 5088 captivos
2401 5012 2728 5079 absolveret
2755 5013 2827 5068 de
2856 5013 3123 5069 faucibus
3166 5014 3520 5082 inferorum,
3556 5029 3669 5068 non
3698 5013 3750 5063 ut

2113 5106 2172 5160 in
2206 5104 2299 5159 his
2329 5103 2559 5174 captiva
2589 5106 2939 5157 remaneret.

2182 5194 2273 5249 23.
2306 5191 2493 5264 (Vers.
2526 5191 2550 5246 4
2601 5192 2641 5263 .)
2682 5191 2831 5263 Ergo
2879 5191 3157 5263 quoniam
3206 5191 3351 5261 hec,
3399 5208 3533 5264 quae
3566 5192 3628 5245 in
3655 5188 3747 5243 isto

2114 5281 2327 5338 saeculo
2357 5284 2518 5350 sunt,
2551 5279 3151 5343 nobiscum-transire~
3169 5298 3286 5336 non
3310 5284 3576 5353 possunt
3600 5298 3617 5346 ;
3643 5277 3749 5332 ideo

2113 5371 2220 5427 tibi
2250 5369 2467 5426 dicitur
2496 5385 2510 5425 :
2544 5389 2573 5418 «
2606 5368 2687 5423 Ne
2717 5368 2985 5425 timueris
3014 5385 3150 5426 cum
3180 5369 3347 5425 dives
3374 5369 3573 5427 factus
3601 5363 3749 5423 fuerit

2115 5460 2320 5516 homo:
2343 5461 2403 5513 et
2417 5472 2549 5512 cum
2569 5454 2957 5529 multiplicata
2982 5457 3155 5515 fuerit
3175 5456 3363 5532 gloria
3380 5458 3604 5514 domus
3624 5455 3749 5527 ejus.

2188 5603 2302 5676 (23)
2334 5599 2635 5676 Mss.__\_’at.
2669 5603 2728 5656 et
2754 5605 3007 5676 quatuor
3032 5600 3261 5671 Gallic.,
3288 5604 3629 5675 proponitur
3650 5600 3744 5670 trd-

2116 5672 2205 5735 tri'
2223 5672 2554 5732 miserabili.
2583 5672 2948 5746 ltaque'mala
2975 5677 3227 5740 servitus,
3262 5672 3374 5730 e'to.
