3856 6206
120 343 247 418 122i
275 361 279 366 ·

1134 339 1586 399 ENARRA'I‘IO
1636 338 1712 398 IN
1763 337 2138 412 PSALMUM
2185 337 2448 396 XLVIII.

3337 342 3494 401 1222

118 471 378 535 Quoniam
412 485 528 526 non
560 485 693 528 cum
716 470 1019 538 morietur,
1053 471 1300 542 accipiet
1316 472 1735 542 omniameun
1769 475 1821 536 Α
1851 474 1908 524 et
1939 469 2120 541 digito
2151 486 2258 524 suo
2281 469 2581 540 contingat
2611 467 2873 541 linguam
2904 471 3055 541 ejus,
3086 487 3202 543 quo
3237 473 3494 544 requiem

120 559 276 616 simul
301 560 612 618 descendet
639 575 772 615 cum
803 574 870 615 eo
901 559 1085 632 gloria
1117 560 1329 615 domus
1360 562 1559 630 ejus.»
1591 559 1738 625 Noli,

118 649 309 721 inquit,
339 664 715 720 expavescere
745 648 1063 714 divitias,et
1095 648 1416 720 potentiam
1446 647 1660 714 divitis,
1686 652 1745 702 et

119 738 340 811 gloriam
372 738 709 794 saecularem
736 755 750 806 ;
800 738 1084 808 quoniam
1115 739 1335 794 caduca
1367 736 1465 791 illa
1495 742 1658 805 sunt,
1689 742 1748 793 et

118 826 271 882 citius
299 826 452 882 958
483 827 702 887 abeunt
745 843 924 898 quam
963 831 1266 882 venerunt.
1318 827 1624 882 Somnium
1656 829 1746 881 est

119 915 212 970 iste
247 915 555 972 thesaurus
581 934 594 984 ;
620 914 883 987 evigilas,
913 919 970 969 et
999 915 1280 982 recessit;
1313 915 1593 986 quoniam
1641 915 1742 985 qui

118 1005 346 1075 potuerit
378 1003 678 1074 crapulam
707 1004 913 1059 mundi
935 1003 1106 1059 istius
1130 1005 1505 1069 edormire,et
1525 1003 1744 1058 sobrie-

118 1094 277 1144 tatem
305 1089 540 1146 virtutis
571 1106 892 1158 assumere,
930 1091 1043 1146 ista
1070 1091 1414 1156 contemnit,
1447 1095 1504 1145 et
1532 1107 1635 1163 pro
1660 1092 1745 1146 ni-

116 1178 219 1233 hilo
247 1179 553 1251 pecuniam
585 1180 766 1235 ducit.
799 1179 997 1250 Neque
1043 1179 1312 1234 timueris
1362 1196 1497 1234 cum
1540 1180 1744 1234 multi-

117 1267 368 1338 plicatam
400 1268 648 1340 gloriam
671 1269 884 1324 domus
907 1267 1159 1339 alicujus
1180 1267 1439 1341 potentis
1461 1269 1740 1325 audieris.

117 1355 324 1427 Inspice
353 1355 682 1428 diligenter,
712 1361 769 1412 et
796 1374 980 1412 vacua
1009 1361 1252 1428 est,quae
1276 1355 1423 1412 nihil
1446 1357 1659 1413 habeat
1682 1358 1741 1412 in

117 1459 171 1498 se
197 1445 262 1498 de
292 1445 422 1500 fidei
455 1446 916 1517 plenitudine.Et
945 1446 1085 1518 quid
1109 1447 1179 1500 de
1200 1447 1373 1502 domo
1397 1447 1586 1502 dicam
1608 1447 1746 1501 ?Va-

117 1549 246 1587 cuus
274 1538 396 1588 erat
423 1537 584 1589 totus
613 1533 706 1589 hic
736 1534 994 1589 mundus
1017 1537 1334 1606 antequam
1358 1551 1604 1590 numero
1626 1551 1745 1590 cre-

117 1621 359 1676 dentium
393 1637 529 1677 eum
560 1622 830 1678 Christus
858 1621 1148 1694 impleret.
1185 1623 1433 1695 Ideoque
1455 1623 1741 1694 scriptum

115 1712 224 1763 est:
255 1732 282 1758 ‹‹
315 1709 614 1766 Judicabit
643 1711 797 1766 inter
826 1717 1050 1783 gentes,
1078 1711 1327 1783 replebit
1348 1711 1549 1766 r‘uinas
1569 1712 1740 1783 (Psal.

114 1812 212 1861 c1x,
241 1797 314 1868 6).
349 1819 378 1846 »
400 1797 552 1861 Quid
583 1799 741 1853 enim
773 1797 931 1854 aliud
963 1802 1088 1854 erat
1116 1802 1250 1853 ante
1272 1798 1333 1852 in
1365 1797 1474 1853 hoc
1496 1799 1739 1861 mundo,

116 1885 214 1939 nisi
242 1885 409 1942 ruina
439 1887 696 1959 perfidiae
718 1886 745 1941 ‘2
773 1886 921 1950 Quid
951 1890 1040 1942 est
1086 1886 1302 1942 ruina?
1348 1886 1499 1942 Audi
1546 1887 1740 1942 dicen-

113 1978 251 2029 tem:
301 1997 330 2024 «
363 1975 475 2030 Ubi
499 1975 691 2042 ruina,
721 1974 803 2030 ibi
834 1979 892 2030 et
921 1974 1343 2047 aquilaa(llfattli.
1375 1992 1530 2041 xxw,
1559 1977 1653 2046 28)
1675 1976 1735 2030 τι

113 2061 162 2116 id
190 2068 292 2131 est,
326 2063 426 2120 ubi
457 2063 652 2132 ruina,
685 2063 764 2119 ibi
795 2068 853 2120 et
900 2063 1268 2120 resurrectio.
1314 2063 1524 2132 Ruina,
1555 2081 1738 2120 vacua

115 2149 388 2209 ﬁrmitatis
434 2158 528 2208 est
567 2171 581 2220 ;
615 2152 980 2217 resurrectio,
1031 2151 1332 2224 plenitudo
1369 2152 1594 2209 vivendi
1625 2160 1732 2211 est.

117 2239 342 2312 Ideoque
372 2257 483 2297 nos
512 2242 646 2297 Ade:
677 2241 838 2297 illius
863 2241 1039 2296 ruina
1064 2242 1346 2309 vacuavit,
1382 2243 1481 2298 sed
1521 2242 1734 2299 Christi

113 2326 336 2399 replevit
362 2329 574 2400 gratia.
607 2329 736 2385 Ideo
769 2345 831 2385 se
876 2327 976 2385 ille
1027 2329 1343 2385 exinanivit
1393 2337 1458 2386 ut
1505 2349 1611 2388 nos
1642 2350 1735 2388 re-

114 2416 297 2486 pleret,
330 2421 507 2491 atque
537 2419 596 2473 in
628 2435 804 2474 carne
851 2417 1109 2474 hominis
1155 2418 1456 2490 plenitudo
1503 2421 1735 2479 virtutis

115 2504 402 2562 habitaret.
463 2506 611 2573 Quid
667 2507 748 2563 sit
801 2507 991 2574 ruina,
1045 2522 1348 2580 cognosce.
1411 2513 1558 2565 Dum
1597 2512 1737 2567 vivit

115 2591 290 2664 homo,
322 2595 558 2652 infusus
585 2599 678 2652 est
705 2596 916 2668 spiritu
942 2613 956 2664 ;
989 2595 1090 2651 ubi
1112 2601 1381 2653 mortuus
1413 2598 1606 2666 fuerit,
1637 2617 1736 2656 va-

114 2698 244 2740 enus
273 2685 477 2758 utique
507 2685 688 2758 hujus
717 2685 909 2742 vitalis
936 2689 1028 2742 est
1055 2687 1316 2759 spiritus.
1347 2688 1527 2745 Multo
1548 2693 1738 2764 magis

111 2787 340 2830 vacuum
371 2775 511 2832 facit
540 2774 779 2832 amissio
809 2775 1012 2848 gratiae
1041 2775 1346 2848 spiritalis,
1378 2794 1552 2850 quem
1600 2797 1733 2852 gra-

112 2859 183 2914 tia
240 2861 460 2935 replere
551 2864 853 2920 consuevit
944 2868 1011 2919 ut
1110 2865 1410 2937 possimus
1504 2868 1734 2938 dicere;

114 2971 135 2994 ‹‹
165 2951 439 3014 Quoniam
475 2969 582 3009 nos
612 2969 817 3009 omnes
847 2953 918 3009 de
945 2951 1310 3025 plenitudine
1349 2955 1477 3026 ejus
1509 2958 1740 3030 accepi-

115 3052 254 3105 mus,
283 3045 338 3096 et
364 3041 617 3113 gratiam
649 3057 752 3112 pro
781 3041 971 3113 gratia
998 3044 1174 3109 (Joan.
1209 3059 1248 3110 ι,
1283 3044 1391 3115 16).
1445 3067 1474 3093 ››
1517 3049 1594 3101 De
1623 3046 1739 3102 alio

115 3126 404 3184 diciturzcc
457 3129 520 3185 In
584 3146 832 3187 vacuum
892 3129 1147 3187 laboravi
1207 3131 1335 3203 (Isa.
1393 3150 1542 3202 xux,
1573 3136 1666 3206 4);
1707 3155 1738 3186 »

111 3213 289 3281 justus
318 3223 516 3275 autem
548 3218 702 3275 sicut
731 3219 876 3274 odor
904 3219 1027 3291 agri
1060 3219 1238 3290 pleni.

178 3306 260 3360 24.
290 3307 480 3378 (Vers.
524 3309 633 3374 18).
687 3307 835 3374 Quid
881 3312 1077 3363 autem
1128 3325 1241 3364 non
1283 3324 1557 3379 vacuum,
1589 3315 1744 3384 quod

116 3393 373 3451 szsculare
401 3399 583 3468 atque
611 3396 978 3452 mundanum
1004 3414 1018 3463 ;
1051 3412 1185 3452 cum
1218 3401 1370 3453 recte
1391 3399 1618 3466 dixerit,
1642 3401 1744 3474 qui

123 3484 396 3540 mundum
426 3484 608 3540 istum
658 3484 854 3541 sobria
890 3485 1102 3540 virtute
1150 3487 1538 3558 contempsit:
1571 3511 1599 3539 ‹‹
1628 3489 1744 3545 Nu-

120 3569 222 3626 dus
267 3589 398 3629 sum
448 3578 644 3641 natus,
691 3574 886 3629 nudus
935 3578 992 3629 et
1038 3575 1258 3630 moriar
1303 3576 1418 3647 (Job
1466 3594 1504 3643 ι,
1543 3579 1684 3649 21)?
1715 3601 1745 3632 »

119 3657 398 3734 Numquid
433 3679 633 3718 secum
665 3663 798 3734 quis
829 3667 1020 3736 potest
1049 3664 1276 3719 auferre
1297 3681 1422 3736 quae
1445 3667 1746 3738 possidet?

120 3745 211 3804 Hic
236 3753 435 3808 omnia
470 3751 846 3823 derelinquit,
893 3752 1054 3808 solus
1107 3753 1288 3809 intrat
1332 3753 1393 3809 in
1424 3755 1743 3826 tumulum,

117 3838 167 3888 et
192 3853 437 3896 vacuum
466 3839 626 3896 illius
657 3840 856 3896 divitis
883 3844 973 3896 est
1011 3840 1368 3914 sepulcrum,
1419 3859 1594 3914 quem
1639 3863 1746 3902 nec

117 3922 234 3994 ipsa
260 3933 413 3985 terra
449 3928 717 4001 capiebat
745 3930 877 4002 (24).
916 3929 1074 3986 Unde
1104 3930 1328 3986 dictum
1359 3937 1485 3988 est:
1520 3957 1546 3982 α
1572 3934 1747 3990 Num-

116 4013 246 4082 quid
277 4017 384 4074 soli
417 4017 759 4074 habitabitis
790 4035 967 4092 super
998 4020 1258 4075 terram?
1304 4022 1601 4094 Numquid
1638 4025 1743 4078 de-

115 4105 326 4160 scendit
355 4107 416 4163 in
450 4106 592 4162 illud
627 4106 963 4179 sepulcrum
996 4108 1182 4180 gloria
1227 4110 1437 4165 domus
1483 4112 1612 4183 ejus
1643 4117 1746 4168 aut

112 4191 276 4262 copiae
325 4197 454 4267 (Isa.
507 4213 560 4262 v,
611 4196 716 4266 8)?
751 4221 772 4246 ιι
828 4196 974 4252 Vide
1017 4197 1133 4252 vim
1183 4197 1514 4269 Scripturze.
1547 4200 1744 4256 Gloria

113 4281 293 4337 seculi
342 4301 460 4340 non
506 4285 810 4340 descendit
857 4303 992 4341 cum
1046 4289 1367 4356 peccatore,
1423 4288 1523 4342 sed
1554 4289 1742 4360 gloria

111 4366 332 4428 virtutis
364 4374 626 4430 ascendit
655 4390 788 4428 cum
821 4375 1148 4429 innocente.
1181 4374 1249 4429 Et
1281 4379 1343 4430 ut
1373 4379 1743 4448 compendio-

112 4455 227 4512 sius
291 4461 580 4528 dicamus,
650 4462 835 4533 gloria
901 4462 1158 4518 hominis
1213 4480 1346 4518 cum
1391 4466 1740 4522 ascendente

1859 559 2116 628 aliquam
2153 559 2210 612 in
2262 558 2466 613 ardore
2498 557 2755 613 maximo
2777 560 3136 616 constitutus
3157 562 3346 632 possit
3375 562 3496 616 adi-

1851 647 1995 718 pisci
2027 649 2176 717 (Luc.
2211 664 2325 712 xvr,
2357 647 2569 716 23-24).
2592 645 2736 700 Vide
2768 646 2932 702 illum
2968 665 3282 719 pauperem
3326 650 3498 706 bonis

1850 735 2126 789 omnibus
2191 736 2610 801 abundantem,
2678 752 2852 806 quem
2911 738 3096 791 sancti
3150 739 3494 808 patriarchas

1852 824 2084 895 requies
2143 824 2316 879 beata
2366 822 2784 878 circumdabat.
2830 823 2975 879 Vide
3023 824 3180 879 hunc
3218 842 3492 894 vacuum,

1851 912 1950 983 qui
1984 913 2095 966 sibi
2127 912 2184 966 in
2218 911 2324 966 hoc
2357 911 2565 966 saeculo
2597 911 2896 968 abundare
2947 915 3222 968 omnibus
3260 915 3495 969 videba-

1851 1004 1968 1067 tur,
2017 1002 2188 1071 cujus
2234 1001 2435 1055 anima
2484 1001 2538 1054 in
2589 1000 2705 1056 vita
2754 1001 2940 1072 ipsius
2991 1001 3438 1058 benedicebatur
3480 1020 3492 1056 :

1851 1091 1951 1146 sed
1984 1090 2138 1145 954
2171 1106 2326 1144 nunc
2357 1089 2512 1144 iners
2547 1095 2730 1144 morte
2762 1091 3073 1145 cruciatur.

1922 1180 2012 1234 25.
2049 1179 2235 1250 (Vers.
2282 1179 2392 1249 19.)
2439 1178 2600 1232 Unde
2648 1178 2889 1250 pulchre
2933 1180 3233 1251 sequitur:
3281 1207 3308 1230 (ι
3343 1181 3492 1243 Quo-

1851 1267 2008 1322 niam
2042 1267 2240 1322 anima
2269 1267 2396 1337 ejus
2430 1265 2486 1321 in
2519 1267 2636 1320 vita
2687 1267 2871 1338 ipsius
2910 1268 3282 1324 benedicetur
3311 1287 3323 1323 :
3359 1287 3494 1324 con-

1853 1355 2112 1410 fitebitur
2140 1356 2264 1421 tibi,
2311 1373 2444 1410 cum
2498 1356 2847 1411 benel'eccris
2897 1358 3028 1428 ipsi.
3062 1380 3089 1408 ››
3126 1359 3493 1424 Bcnedicent,

1853 1444 2063 1515 inquit,
2092 1462 2225 1499 eum
2266 1443 2667 1498 benedictione
2717 1449 2964 1501 terrena.
3012 1447 3186 1501 Stulti
3227 1447 3494 1502 homines

1851 1533 1952 1604 qui
2018 1534 2346 1605 praesentia,
2417 1550 2528 1587 non
2601 1535 2800 1587 futura
2857 1536 3250 1592 considerant.
3314 1537 3498 1592 Bene-

1851 1623 2047 1677 dicent
2113 1639 2246 1677 eum
2317 1621 2552 1676 asscclaa
2620 1624 2750 1692 ejus
2810 1627 2985 1694 atque
3047 1623 3287 1695 parasiti
3355 1627 3490 1696 (25).

1852 1710 1981 1782 Ipse
2025 1727 2258 1782 quoque
2309 1711 2541 1766 beatum
2590 1727 2652 1765 se
2683 1715 2868 1782 putat,
2919 1712 2969 1766 si
3000 1729 3206 1785 agrum
3235 1714 3491 1786 aliquem

1851 1816 2026 1871 quem
2059 1799 2448 1864 desiderabat,
2479 1799 2774 1855 invaserit.
2818 1801 3137 1856 Confitctur
3185 1807 3325 1858 tunc
3355 1807 3489 1870 Deo,

1846 1905 1979 1943 cum
2011 1887 2062 1944 ei
2095 1887 2149 1943 in
2185 1888 2292 1943 hoc
2321 1886 2532 1944 szuculo
2565 1889 2822 1944 secunda
2851 1891 3210 1945 succedunt:
3254 1892 3491 1962 quando

1845 1982 2040 2032 autem
2091 1978 2334 2032 adversa
2377 1977 2747 2048 contingunt,
2803 1977 2985 2049 impio
3035 1995 3134 2034 ore
3172 1979 3489 2036 maledicit.

1844 2067 1964 2121 Hoc
1993 2083 2130 2138 ergo
2170 2065 2330 2131 dicit,
2364 2067 2502 2138 quia
2531 2064 2825 2121 szecularis
2857 2082 2972 2121 non
3003 2066 3126 2138 agit
3170 2068 3391 2139 gratias
3429 2068 3490 2124 in

1844 2158 2186 2226 paupertate
2224 2154 2452 2225 positus
2501 2159 2557 2208 et
2611 2154 2906 2221 adversis;
2952 2155 3153 2224 justus
3202 2159 3396 2211 autem
3428 2156 3487 2210 in

1844 2242 2134 2314 angustiis
2163 2242 2353 2314 magis
2385 2243 2697 2298 Dominum
2731 2247 2895 2315 grato
2937 2242 3231 2298 benedicit
3252 2243 3484 2299 affectu.

1843 2332 2106 2404 Denique
2135 2331 2408 2386 diabolus
2438 2332 2510 2387 ad
2544 2337 2724 2386 Deum
2757 2331 2936 2387 dicit:
2972 2332 3120 2395 Quid
3154 2323 3392 2398 mirum,
3435 2333 3485 2388 si

1842 2424 1898 2476 te
1929 2421 2220 2476 henedicit
2245 2420 2354 2475 Job
2375 2422 2402 2474 ζ)
2432 2421 2750 2476 Abundaut
2777 2420 2830 2475 ei
2860 2422 3078 2476 omnia.
3102 2444 3130 2470 «
3154 2422 3263 2477 Sed
3289 2422 3477 2490 mitte,

1843 2509 2055 2580 inquit,
2088 2525 2330 2563 manum
2382 2513 2564 2576 tuam,
2614 2514 2671 2563 ct
2715 2514 2886 2580 tange
2930 2527 2996 2564 ea
3036 2526 3162 2580 quae
3203 2511 3500 2581 possidet’

1849 2597 2158 2652 videamus
2183 2597 2229 2653 si
2265 2597 2323 2651 in
2356 2597 2559 2652 faciem
2594 2603 2649 2652 te
2676 2597 2980 2652 benedicet
3011 2598 3126 2668 (Job
3157 2616 3196 2665 ι,
3230 2601 3333 2671 11).
3370 2623 3398 2649 »
3432 2600 3499 2655 Et

1853 2686 2014 2741 dedit
2041 2685 2153 2758 ipsi
2184 2685 2469 2741 Dominus
2499 2690 2868 2758 potestatem,
2905 2691 2967 2740 ut
2996 2703 3122 2758 qua:
3170 2687 3366 2743 saeculi
3400 2685 3497 2744 es-

1854 2780 1985 2830 sent
2027 2775 2228 2844 hujus,
2278 2775 2550 2840 auferret,
2601 2791 2835 2830 carnem
2884 2775 3074 2846 ipsius
3107 2776 3316 2833 ulceris
3342 2783 3497 2834 atro-

1855 2864 2025 2920 citate
2056 2864 2446 2936 perfunderet.
2476 2863 2589 2918 Job
2621 2868 2814 2919 tamen
2847 2857 3223 2920 benedicebat
3253 2865 3454 2922 dicens
3480 2883 3494 2922 :

1853 2952 2198 3008 «Dominus
2244 2953 2423 3022 dedit,
2470 2952 2755 3007 Dominus
2803 2952 3110 3008 abstulit...
3168 2954 3256 3009 Sit
3285 2969 3498 3010 nomen

1855 3042 2084 3096 Domini
2115 3041 2489 3098 benedictum
2519 3040 2676 3112 (Ibid.
2703 3042 2821 3110 24).
2859 3063 2880 3090 ι

1927 3132 2016 3184 26.
2051 3129 2217 3199 (Vers
2255 3131 2344 3196 20,
2397 3131 2512 3196 21.)
2568 3150 2590 3177 ι
2647 3129 2912 3184 Introibit
2963 3147 3148 3201 usque
3199 3131 3254 3184 in
3287 3147 3500 3203 proge-

1767 3205 1810 3270 C
1855 3218 2009 3273 niem
2035 3223 2268 3290 patrum
2294 3219 2459 3289 ejus:
2493 3234 2680 3289 usque
2709 3217 2767 3271 in
2797 3218 3076 3273 saeculum
3129 3235 3240 3272 non
3276 3219 3496 3274 videbit

1856 3306 2077 3361 lumen.
2111 3307 2292 3361 Homo
2323 3323 2458 3361 cum
2489 3307 2548 3360 in
2580 3306 2797 3360 honore
2829 3311 3004 3371 esset,
3039 3323 3151 3361 non
3177 3305 3491 3374 intellexit;

1855 3399 2228 3466 comparatus
2257 3399 2346 3450 est
2362 3395 2669 3466 jumentis,
2701 3411 2827 3466 qua:
2857 3411 3097 3449 sensum
3123 3411 3233 3448 non
3257 3395 3492 3462 habent,

1854 3489 1910 3538 et
1938 3483 2151 3540 similis
2185 3484 2374 3539 factus
2404 3488 2491 3539 est
2520 3483 2658 3539 illis.
2692 3479 2719 3535 ›’›
2754 3484 2905 3548 Ideo,
2927 3482 3265 3556 inquit,iste
3286 3484 3344 3538 in
3369 3478 3498 3555 pro-

1855 3573 2083 3645 geniem
2128 3575 2360 3645 patrum
2410 3590 2654 3628 suorum
2704 3573 2984 3628 introibit.
3033 3573 3138 3638 Qui
3184 3578 3273 3634 est
3330 3578 3496 3644 pater

1855 3661 2194 3734 impiorum,
2251 3660 2530 3717 Dominus
2575 3661 2887 3718 declaravit
2932 3661 3183 3717 dicens:
3219 3682 3245 3712 ii
3275 3657 3406 3717 Vos'
3428 3678 3496 3716 ex
3597 3717 3612 3728 ,

1854 3755 2016 3822 patre
2041 3749 2272 3806 diabolo
2304 3751 2444 3806 estis
2497 3752 2681 3823 (Joan.
2715 3768 2839 3814 vm,
2895 3751 3003 3821 44).
3040 3772 3067 3799 ››
3117 3751 3266 3805 Sunt
3307 3751 3365 3805 ει
3412 3747 3495 3804 illi

1854 3845 2046 3910 patres
2079 3839 2148 3893 de
2180 3839 2396 3911 quibus
2422 3838 2668 3894 dicitur:
2695 3863 2715 3887 «ι
2742 3839 3026 3910 Relinque
3045 3845 3306 3894 mortuos
3331 3853 3496 3909 sepe-

1853 3927 1959 3982 lire
1990 3931 2252 3983 mortuos
2285 3945 2424 3984 suos
2454 3928 2660 3999 (Matth.
2696 3945 2814 3992 Viti,
2844 3930 2956 3996 22).
2991 3949 3018 3977 »
3057 3927 3188 3982 Ideo
3246 3932 3302 3981 et
3341 3927 3495 3982 Moa-

1853 4017 1986 4071 bitae
2026 4033 2214 4087 usque
2262 4018 2320 4070 in
2377 4018 2608 4072 tertiam
2667 4022 2726 4071 et
2756 4021 3024 4086 quartam
3059 4016 3494 4087 generationem

1853 4103 2130 4176 prohibiti
2161 4111 2301 4158 sunt
2329 4104 2569 4159 introire
2603 4105 2660 4159 in
2693 4103 3008 4159 Ecclesiam
3041 4105 3271 4159 Domini
3317 4105 3494 4175 (Deut.

1852 4210 2012 4258 xxxii,
2047 4194 2140 4264 ‘2):
2179 4197 2243 4246 ut
2293 4193 2392 4246 lilii
2443 4209 2645 4247 eorum
2703 4196 2938 4264 propter
2999 4199 3233 4263 peccata
3262 4190 3493 4263 patrum

1850 4299 2094 4336 suorum
2127 4281 2434 4335 introirent
2467 4281 2522 4334 in
2555 4297 2756 4336 eorum
2779 4280 3494 4352 generationem,quorum

1850 4372 2002 4425 facta
2031 4370 2415 4424 imitabantur
2442 4374 2500 4423 et
2532 4386 2745 4424 mores.
2781 4369 2943 4424 Unde
2973 4369 3326 4440 etscriptum
3358 4373 3482 4423 est:

1849 4483 1877 4509 ‹‹
1915 4459 2040 4514 Filii
2073 4459 2470 4514 adulterorum
2517 4459 2573 4512 in
2621 4459 3128 4513 consummatione
3176 4464 3349 4512 erunt
3378 4457 3495 4527 (26)

111 4550 410 4636 ascendet:
445 4567 580 4605 cum
637 4551 1022 4606 descendente
1054 4569 1167 4606 non
1200 4553 1530 4609 descendet.
1576 4556 1736 4618 Quod
1773 4573 1817 4636 Ι)
1849 4549 1996 4636 (Sup.
2034 4566 2118 4610 Ill,
2156 4550 2264 4618 16).
2301 4570 2328 4596 ››
2363 4549 2506 4619 Ergo
2531 4547 2631 4618 qui
2662 4564 2773 4636 non
2808 4546 2972 4600 illum
3015 4549 3270 4636 patrem”
3293 4544 3393 4636 qui
3427 4545 3486 4598 in

109 4635 296 4701 gratia:
325 4643 416 4696 est
443 4656 509 4694 ac
537 4639 793 4706 virtutis,
827 4639 1119 4694 ascendet.
1154 4640 1217 4694 In
1272 4641 1610 4712 paradisum
1643 4661 1739 4699 as-

107 4725 382 4796 cenditur,
419 4729 476 4783 in
523 4729 816 4784 infernum
865 4727 1257 4783 descenditur.
1293 4751 1320 4778 «
1354 4729 1739 4802 Descendunt,

109 4806 373 4882 inquit,in
404 4816 696 4874 infernum
725 4818 980 4873 viventes
1007 4818 1176 4888 (Psal.
1214 4835 1322 4882 LIV,
1358 4820 1462 4889 16).
1507 4842 1534 4868 ι)
1578 4821 1732 4875 Ideo-

106 4912 210 4965 que
237 4902 489 4961 Lazarus
521 4923 740 4978 pauper
770 4922 873 4978 per
901 4904 1142 4977 angelos
1172 4905 1230 4960 in
1264 4907 1513 4962 Abrahae
1541 4909 1737 4964 sinum

105 4990 187 5040 est
213 4990 491 5050 elevatus.
542 4995 710 5050 Dives
759 4994 1094 5050 luxuriosus
1142 4993 1375 5049 elevans
1422 4996 1480 5049 in
1515 4997 1738 5052 inferno

104 5076 295 5136 oculos
326 5099 464 5139 suos
506 5089 670 5156 rogat
716 5083 1012 5139 Abraham
1063 5087 1127 5138 ut
1174 5082 1369 5140 mittat
1397 5101 1736 5156 pauperem,

168 5295 312 5371 (24)_
343 5299 627 5356 Videntur
687 5300 808 5356 haec
855 5298 1088 5371 proprie
1139 5299 1438 5371 cadereing
1482 5299 1736 5371 Alexan-

103 5357 271 5422 drum
297 5369 691 5437 Macedonem,
723 5357 899 5444 quem
933 5357 1280 5444 Plutarchus
1309 5375 1367 5426 et
1395 5369 1735 5444 Val._Maxi-

105 5446 230 5491 mus
252 5448 491 5498 narrant
520 5458 654 5498 cum
685 5441 757 5498 de
785 5441 1072 5496 infinitate
1105 5442 1458 5497 mundorum
1485 5442 1738 5498 philoso-

105 5502 278 5596 ξξξξιξῐ)
319 5510 630 5596 quemdam
674 5515 1075 5596 disputantem
1103 5512 1462 5596 audivisset,
1484 5502 1734 5596 flevisse,

101 5580 391 5710 ἓὲἓάωνξχ
449 5603 632 5676 unum
690 5580 1032 5658 possideret.
1101 5584 1246 5647 Hinc
1277 5585 1348 5640 de
1402 5580 1502 5640 illo
1526 5580 1731 5642 Juven.

1849 4635 1991 4690 coelo
2023 4643 2132 4703 est,
2183 4637 2487 4708 sequitur;
2533 4637 2634 4690 sed
2688 4635 2852 4689 illiini
2896 4640 3128 4688 terrena
3165 4632 3492 4689 colluvione

1847 4726 2155 4791 viventem,
2191 4725 2247 4778 in
2278 4725 2554 4797 progenie
2586 4726 2792 4779 terreni
2832 4727 3015 4796 patris
3063 4725 3260 4778 intrat.
3291 4721 3493 4785 Qualis

1848 4814 2004 4868 enim
2039 4821 2323 4880 terrenus,
2356 4815 2502 4869 tales
2522 4820 2579 4868 et
2610 4813 2846 4878 terreni,
2882 4820 2943 4867 ut
2973 4814 3051 4868 sit
3080 4813 3208 4881 ejus
3240 4810 3354 4864 vita
3384 4816 3492 4864 ter-

1850 4919 2008 4968 rena,
2066 4903 2295 4974 requies
2346 4903 2505 4957 nulla
2563 4908 2693 4973 post
2752 4908 3016 4956 mortem.
3083 4900 3144 4954 In
3209 4894 3488 4953 internum

1851 5007 1961 5045 non
2000 4992 2214 5046 videbit
2252 4991 2469 5059 lumen,
2521 4991 2795 5063 quoniam
2850 4989 3164 5061 temporale
3195 4984 3482 5057 quaesivit.

1850 5079 1949 5134 Ille
1980 5085 2174 5135 autem
2205 5081 2305 5150 qui
2338 5080 2550 5135 Christi
2582 5085 2818 5134 secutus
2848 5084 2937 5133 est
2967 5073 3234 5148 gloriam,
3268 5074 3368 5143 qui
3399 5073 3493 5128 de~

2021 5295 2167 5343 Unus
2199 5292 2383 5342 Pellaeo
2408 5291 2594 5354 juveni
2625 5305 2733 5340 non
2765 5290 2958 5340 sufﬁcit
2987 5288 3149 5354 orbis.
3207 5351 3215 5354 Α
3341 5345 3345 5350 1

2034 5358 2238 5406 Αῑθιυιιι
2268 5350 2451 5404 infelix
2481 5359 2710 5418 angusto
2740 5354 2904 5402 limite
2935 5350 3138 5408 mundi,
3172 5351 3272 5396 etc.

1915 5439 2029 5508 (25)
2062 5435 2528 5517 Ραναδίιρηὲυηι,
2575 5433 2674 5559 qui
2725 5434 2986 5488 ciborum
3027 5430 3215 5503 gratia
3243 5441 3486 5497 magna—

1872 5512 2003 5559 ihus
2034 5511 2208 5559 atoue
2237 5506 2514 5559 diVitibus
2546 5523 2578 5559 a
2626 5503 2883 5559 ulantur.
2912 5513 3009 5559 ἄπὸ
3036 5511 3121 5559 τοῦ
3151 5509 3299 5559 παρὰ.
3330 5507 3432 5554 καὶ.

1845 5503 2208 5628 ιίιξύεί’θιᾳιιε
2237 5503 2516 5561 divitibus
2546 5503 2883 5570 adulantur,
2912 5513 3009 5560 ἄπὸ
3036 5511 3121 5559 τοῦ
3151 5509 3299 5573 παρὰ,
3330 5507 3432 5554 καὶ.

1845 5600 1931 5628 του
1964 5595 2119 5628 ῦῖτου.

2001 5600 2119 5629 ιτου.

1842 5600 2030 5737 “(2:5)
2064 5650 2204 5709 Mss.
2241 5649 2376 5708 duo.
2409 5648 2837 5708 inconsummati
2863 5649 3043 5706 erunt.
