3856 6206
139 301 270 371 1225
1207 298 1660 361 ENARRATIO
1701 296 1781 359 IN
1826 296 2208 360 PSALMUM
2252 298 2403 358 LXI.
3345 298 3500 360 1226

134 433 442 490 aestimatur.
476 431 677 502 Itaque
709 431 833 503 ipse
863 446 928 486 eo
961 447 1146 502 usque
1177 447 1239 488 se
1258 432 1559 488 hominem
1582 432 1738 488 credi
1768 433 1821 499 Α
1851 433 2138 501 suscepta,
2172 445 2288 485 non
2320 446 2387 484 ex
2422 433 2531 484 Deo
2562 430 2728 484 Patre
2752 430 2896 484 nata
2928 445 2940 484 :
2977 444 3321 501 quanquam
3364 430 3497 502 ipsa

133 522 353 591 volebat,
385 538 518 577 cum
547 521 701 578 Deus
732 524 904 589 esset,
938 524 1005 576 ut
1058 537 1122 577 se
1178 521 1498 594 appellaret
1554 521 1741 577 homi-
1855 519 2139 590 subjectio
2186 535 2299 573 non
2332 518 2388 574 in
2445 519 2635 590 specie
2688 517 2927 590 quidem
2958 508 3349 574 'inﬁrmitalis
3404 518 3503 588 sit,

135 628 248 669 nem
277 611 511 668 dicens:
547 633 576 662 ‹‹
608 611 756 677 Quid
788 627 879 667 me
911 609 1171 682 queritis
1220 611 1501 677 occidere,
1560 611 1746 667 homi-
1855 609 1955 663 sed
1985 607 2045 662 in
2091 606 2423 679 operatione
2478 606 2730 675 virtutis,
2793 607 3257 680 dispensationis
3311 606 3501 680 magis

132 716 245 765 nem
276 700 370 772 qui
403 699 704 757 veritatem
734 699 964 757 locutus
994 716 1127 756 sum
1159 700 1323 755 vobis
1386 700 1563 771 (Joan.
1617 717 1741 768 VIII,
1856 695 2217 767 temporaria
2265 695 2483 750 arbitra
2512 697 2647 767 (32),
2702 712 2880 767 quam
2938 698 3215 768 perpetuo
3270 695 3503 753 servitio

127 790 204 858 40)
233 789 258 843 ?
284 789 393 844 Nec
419 788 611 849 solum
642 788 964 851 hominem,
997 788 1099 845 sed
1132 790 1309 845 etiam
1341 788 1527 845 ﬁlium
1561 789 1745 845 homi-
1855 784 2207 855 mancipata.
2248 783 2408 839 Unde
2435 788 2492 840 et
2521 784 2601 840 ait
2633 802 2645 840 :
2679 806 2706 835 ‹‹
2738 785 2938 841 Nonne
2969 784 3084 842 Deo
3114 785 3354 843 subdita
3396 786 3506 843 erit

128 876 203 933 nis
230 877 453 943 diceret,
486 878 640 934 sicut
670 877 752 933 ait
784 896 798 933 :
832 901 858 929 «
892 878 1042 941 Quid
1074 893 1167 933 me
1195 878 1399 934 dicunt
1455 895 1582 934 esse
1638 878 1742 934 ho-
1855 872 2053 928 anima
2085 888 2214 928 mea
2240 873 2267 927 ’ἶ
2298 894 2325 922 ››

126 965 290 1022 mines
311 965 493 1022 tilium
526 965 781 1023 hominis
814 966 1019 1037 (Matth.
1053 984 1168 1035 xv1,
1205 966 1292 1038 13)
1324 968 1351 1022 ?
1386 989 1412 1016 ››
1462 967 1623 1023 Unde
1646 966 1743 1023 ille
1923 963 1977 1017 7.
2006 962 2117 1016 Cur
2148 960 2309 1028 dixit,
2343 961 2472 1028 erit,
2505 961 2554 1016 si
2603 962 2963 1034 sempiterna
3019 962 3301 1034 subjectio
3356 964 3501 1020 est?

123 1070 393 1113 summam
424 1058 619 1112 tenere
646 1055 781 1111 ﬁdei
814 1056 1225 1127 pronuntiatus
1255 1059 1364 1119 est,
1397 1054 1498 1127 qui
1529 1060 1586 1112 et
1640 1055 1742 1111 Dei
1856 1049 1966 1105 Sed
1999 1048 2137 1121 quia
2167 1048 2346 1105 Filius
2395 1050 2497 1104 Dei
2549 1049 2651 1120 qui
2706 1050 3054 1121 loquebatur
3111 1056 3359 1108 aeternus
3411 1055 3502 1108 est

120 1141 282 1198 ﬁlium
311 1143 594 1216 cognovit,
654 1147 710 1200 et
766 1143 1068 1200 hominem
1127 1161 1241 1199 non
1302 1143 1551 1217 negavit.
1612 1145 1741 1216 Ipse
1855 1137 2112 1194 animam
2142 1143 2339 1194 autem
2372 1137 2629 1211 suscepit
2658 1154 2727 1193 ex
2754 1142 3038 1212 tempore,
3069 1140 3200 1197 ideo
3236 1141 3495 1197 futuram

119 1230 282 1302 igitur
309 1237 623 1307 utrumque
685 1250 860 1298 unus,
918 1232 1329 1305 inseparabilis
1388 1250 1631 1289 numero
1686 1237 1742 1289 et
1853 1226 2274 1297 subjectionem
2308 1226 2516 1283 animae
2576 1244 2695 1283 sua:
2752 1228 2908 1284 dicit.
2966 1234 3069 1284 Fer
3116 1229 3308 1301 ipsam
3364 1245 3500 1302 ergo

118 1323 503 1391 agnoscendus
563 1321 754 1394 operis
810 1320 1206 1390 distinctione,
1268 1338 1383 1378 non
1462 1321 1740 1381 varietate
1851 1315 2199 1382 obedientia,
2235 1332 2338 1387 P8P
2374 1315 2565 1388 ἱρεδιω
2595 1315 2901 1373 humilitas
2935 1334 2948 1385 ;
2981 1335 3108 1390 quas
3138 1322 3335 1375 tamen
3374 1334 3499 1375 .non

113 1424 372 1478 personas.
434 1412 557 1467 Non
589 1411 755 1466 enim
788 1409 935 1467 alter
964 1427 1033 1467 ex
1064 1411 1248 1479 Patre,
1282 1415 1339 1467 et
1368 1410 1513 1467 alter
1531 1429 1599 1468 ex
1618 1411 1737 1468 Ma-
1851 1403 1922 1458 ad
1956 1403 2357 1459 inﬁrmitatem
2390 1403 2661 1475 potentiae
2722 1410 2995 1476 suscepta
3049 1410 3206 1476 sunt,
3266 1407 3368 1463 sed
3424 1408 3497 1463 ad

114 1493 229 1549 ria:
263 1497 359 1552 sed
394 1498 492 1569 qui
527 1501 650 1552 erat
707 1514 776 1552 ex
828 1497 1013 1562 Patre,
1070 1515 1304 1554 carnem
1359 1499 1616 1570 sumpsit
1670 1516 1739 1555 ex
1852 1491 2255 1563 magisterium
2281 1492 2759 1565 disciplinterse
2779 1494 2937 1549 enim
2968 1494 3255 1551 Dominus
3300 1495 3495 1565 Jesus,

114 1584 333 1659 Virgine
367 1604 380 1642 ε
417 1586 687 1642 affectum
717 1586 1040 1658 assumpsit
1094 1602 1162 1642 ex
1221 1591 1425 1653 matre,
1460 1592 1525 1644 ut
1581 1588 1739 1643 inm-
1849 1604 1878 1632 υ
1908 1598 2041 1636 cum
2069 1586 2223 1637 esset
2252 1581 2312 1636 in
2342 1581 2442 1638 Dei
2477 1583 2683 1649 forma,
2717 1599 2831 1639 non
2863 1584 3131 1655 rapinam
3180 1585 3497 1641 arbitratus

110 1679 324 1734 mitates
356 1678 588 1731 nostras
622 1674 747 1746 ipse
776 1675 1121 1746 susciperet.
1158 1675 1320 1732 Unde
1354 1676 1436 1731 ait
1492 1677 1737 1748 prophe-
1847 1673 1935 1725 est
1964 1686 2091 1726 esse
2121 1687 2182 1727 se
2212 1670 2494 1743 aequalem
2526 1672 2640 1728 Deo
2674 1689 2688 1739 ;
2722 1673 2822 1728 sed
2881 1674 3266 1745 semetipsum
3304 1674 3500 1730 exina-

114 1769 197 1822 ta:
230 1788 256 1815 «
287 1768 356 1820 Et
396 1780 500 1836 pro
534 1761 701 1819 nobis
733 1762 889 1819 dolet
917 1766 1032 1833 (13a
1063 1781 1181 1831 LIII,
1240 1764 1312 1835 4).
1350 1787 1377 1813 ››
1436 1767 1733 1831 Quomodo
1770 1800 1813 1836 η
1848 1757 2010 1827 nivit,
2042 1758 2289 1815 formam
2323 1759 2473 1815 servi
2503 1759 2818 1832 accipiens,
2844 1760 2903 1815 in
2932 1761 3377 1819 similitudinem
3400 1762 3497 1819 ho-

104 1854 316 1911 dolebat
348 1869 479 1909 meo
509 1851 728 1923 dolore,
762 1853 811 1908 si
863 1869 1059 1909 meum
1118 1870 1231 1909 non
1256 1854 1517 1925 gerebat
1569 1855 1738 1912 affec—
1768 1847 1814 1864 "
1851 1847 2077 1903 minum
2107 1847 2318 1918 factus,
2348 1848 2409 1904 in
2439 1849 2631 1921 specie
2664 1849 2936 1906 inventus
2966 1853 3031 1905 ut
3060 1849 3272 1907 homo:
3300 1851 3495 1907 humi-

104 1944 213 2002 tum
237 1943 263 1997 7
291 1964 319 1992 ‹‹
353 1941 561 2005 Homo,
592 1938 802 2011 inquit,
832 1940 891 1996 in
924 1940 1119 2013 plaga,
1152 1946 1209 1998 et
1239 1941 1431 1999 sciens
1465 1944 1612 2000 ferre
1643 1945 1735 2000 in-
1846 1935 2006 1991 liavit
2034 1937 2437 2009 semetipsum,
2471 1939 2657 1995 factus
2678 1938 2956 1996 obediens
2982 1955 3169 2010 usque
3201 1940 3274 1995 ad
3336 1956 3492 1996 mor-

100 2031 424 2087 ﬁrmitatem
455 2028 617 2100 (Ibid.
650 2030 726 2099 3),
759 2052 788 2080 »
1849 2030 1965 2081 tem
2000 2025 2268 2097 (Philipp.
2302 2044 2364 2094 ιι,
2393 2029 2428 2081 6
2457 2027 2531 2098 8).
2562 2048 2590 2076 »
2623 2027 2785 2084 Sicut
2812 2028 3127 2101 Apostolus
3157 2028 3318 2098 dicit,
3375 2046 3491 2085 non

156 2122 207 2175 6.
241 2120 444 2191 Itaque
475 2116 643 2190 quasi
672 2117 848 2174 homo
882 2118 1213 2175 inﬁrmatus
1244 2124 1350 2187 est,
1413 2122 1582 2193 quasi
1638 2123 1735 2179 ho-
1836 2116 2042 2187 jugem
2074 2119 2129 2171 et
2153 2120 2511 2188 perpetuam,
2536 2118 2638 2173 sed
2662 2117 3041 2190 temporalem
3063 2118 3491 2190 subjectionem

96 2222 179 2264 mo
207 2207 397 2266 doluit
427 2224 440 2275 ;
477 2210 533 2262 et
563 2222 670 2263 nos
715 2207 884 2278 quasi
944 2207 1244 2263 hominem
1310 2210 1732 2268 mstimavimus
1843 2204 2085 2276 cupiens
2116 2205 2410 2262 declarare
2442 2222 2454 2260 :
2503 2205 2694 2277 qualis
2725 2207 2802 2262 sit
2831 2212 3104 2280 suscepta
3130 2224 3265 2264 cum
3293 2224 3487 2278 carne,

93 2313 214 2355 eum
245 2314 375 2353 esse
407 2296 465 2350 in
498 2294 795 2351 doloribus
829 2313 841 2363 ;
876 2296 976 2351 sed
1009 2297 1176 2367 quasi
1212 2296 1395 2353 victor
1425 2299 1729 2356 inﬁrmita-
1842 2296 1897 2346 et
1926 2293 2190 2363 deposita
2219 2310 2353 2348 cum
2386 2294 2571 2366 ipsius
2602 2295 2860 2367 corporis
2905 2298 3183 2353 servitute
3227 2294 3361 2369 (33).
3395 2297 3490 2354 Sic

94 2389 227 2455 tum,
259 2403 378 2442 non
414 2383 855 2439 infirmitatibus
886 2384 1092 2450 victus,
1126 2403 1228 2457 pro
1262 2387 1429 2442 nobis
1460 2405 1574 2443 non
1628 2406 1729 2461 pro
1841 2381 2015 2435 etiam
2050 2383 2120 2436 ad
2158 2383 2425 2437 Hebraeos
2457 2383 2742 2454 scriptum
2775 2389 2883 2439 est.
2916 2389 3060 2441 Nam
3092 2402 3226 2441 cum
3281 2402 3489 2458 propo-

91 2488 145 2527 se
172 2473 408 2530 dolebat
441 2491 453 2539 ;
486 2475 542 2528 et
575 2472 908 2527 inﬁrmatus
938 2484 1025 2528 est
1056 2491 1170 2529 non
1204 2480 1438 2546 propter
1468 2494 1594 2547 sua,
1626 2480 1727 2533 sed
1840 2469 2053 2525 suisset
2084 2470 2436 2542 exemplum,
2467 2471 2670 2528 dicens
2703 2489 2715 2526 ε
2752 2496 2778 2523 ι(
2843 2475 2930 2528 Tu
2987 2492 3050 2530 es
3104 2474 3373 2531 sacerdos
3428 2473 3489 2537 in

87 2566 311 2634 propter
339 2565 542 2618 nostra
571 2564 826 2632 peccata,
860 2565 924 2616 ut
948 2579 1054 2618 nos
1085 2579 1191 2618 suo
1242 2564 1416 2620 livore
1473 2571 1723 2622 sanaret,
1839 2562 2140 2625 aeternum,
2175 2560 2500 2615 secundum
2531 2560 2795 2617 ordinem
2828 2562 3254 2619 Melchisedech
3312 2563 3483 2633 (Psal.

86 2650 221 2714 Quid
256 2652 467 2723 utique
496 2654 585 2709 est
616 2671 643 2701 ι(
673 2650 848 2711 homo
879 2650 938 2705 in
992 2650 1182 2723 plaga,
1216 2656 1273 2708 et
1330 2652 1519 2710 sciens
1579 2656 1609 2710 ii

1977 2648 2008 2700 εί
2042 2663 2056 2713 ;
2090 2648 2248 2701 Hebr.
2285 2664 2337 2715 ν,
2374 2648 2446 2718 6),
2483 2670 2510 2696 ››
2543 2648 2793 2720 subjecit
2824 2648 2979 2705 idem
3012 2650 3266 2707 Paulus:
3299 2672 3328 2700 ‹‹
3374 2649 3483 2715 Qui

88 2737 505 2806 inﬁrmitatem,
540 2760 568 2789 ››
601 2737 715 2797 nisi
757 2738 896 2809 quia
925 2738 1109 2811 plagae
1141 2740 1396 2796 habebat
1451 2758 1724 2814 compos-
1836 2734 1894 2789 in
1926 2734 2133 2792 diebus
2163 2737 2356 2792 carnis
2387 2732 2584 2808 preces
2613 2741 2671 2793 et
2699 2738 3158 2811 supplicationes
3213 2735 3485 2796 adhibuit

80 2826 298 2885 sionem
318 2829 347 2884 ‘2
380 2829 496 2883 Aut
526 2827 821 2899 quomodo
850 2827 1071 2883 sciebat
1103 2829 1249 2884 ferre
1298 2829 1720 2899 inﬁrmitatem,
1833 2822 1885 2878 ei
1916 2824 2014 2895 qui
2046 2828 2242 2896 posset
2271 2825 2517 2881 liberare
2546 2842 2681 2881 eum
2712 2827 2783 2882 de
2812 2832 3018 2894 morte,
3064 2844 3202 2883 cum
3269 2844 3484 2900 magna

79 2917 124 2970 si
152 2933 400 2977 sensum
431 2915 791 2975 inﬁrmitatis
822 2915 1189 2973 excluserat?
1217 2919 1379 2983 Quod
1410 2919 1566 2975 enim
1597 2938 1724 2993 por-
1832 2929 1967 2968 voce
1996 2917 2053 2969 et
2081 2913 2354 2986 lacrymis
2385 2931 2397 2968 :
2431 2918 2489 2970 et
2520 2915 2832 2972 exauditus
2857 2918 2929 2972 ab
2956 2916 3055 2972 illo
3087 2921 3266 2973 metu.
3292 2920 3482 2984 Quan-

76 3010 287 3076 tamus,
316 3006 436 3065 hoc
467 3021 570 3077 pro
601 3020 774 3065 onere
822 3005 1207 3062 sustinemus.
1267 3008 1535 3080 Suscepit
1585 3026 1720 3083 ergo
1832 3018 2011 3072 quam
2043 3007 2197 3057 esset
2226 3002 2435 3071 Filius,
2473 3002 2676 3059 didicit
2699 3021 2768 3059 ex
2828 3004 2919 3061 his
2951 3022 3076 3078 quas
3126 3022 3340 3077 passus
3394 3009 3483 3063 est

78 3100 307 3165 peccata
336 3097 561 3160 nostra,
606 3096 669 3149 ut
724 3097 1026 3165 portaret:
1089 3095 1348 3167 suscepit
1403 3096 1601 3163 etiam,
1658 3102 1722 3154 ut
1828 3089 2218 3145 obedientiam
2253 3095 2344 3146 :et
2372 3097 2818 3149 consummatus
2848 3094 3482 3165 obtemperantibussi—

73 3188 371 3257 purgaret.
406 3181 665 3253 Denique
696 3183 981 3254 scriptum
1013 3186 1139 3238 est:
1177 3205 1205 3234 «
1233 3166 1301 3239 Et
1328 3190 1563 3255 peccata,
1618 3201 1719 3242 eo-
1749 3166 1790 3233 C
1830 3178 1887 3234 bi
1909 3195 2087 3234 causa
2111 3179 2296 3235 factus
2317 3183 2404 3235 est
2435 3178 2643 3236 salutis
2673 3185 3181 3239 aeternaezvocatus
3200 3199 3234 3237 a
3254 3183 3370 3237 Deo
3389 3200 3475 3239 sa-

74 3288 197 3328 rum
230 3274 364 3345 ipse
398 3270 666 3343 purgavit
696 3270 828 3342 (30).
877 3270 1009 3327 Ideo
1040 3270 1164 3343 ipse
1220 3271 1556 3329 hereditate
1589 3292 1720 3346 pos-
1831 3268 2034 3323 cerdos
2064 3268 2387 3323 secundum
2417 3267 2681 3323 ordinem
2710 3267 3131 3326 Melchisedech
3187 3271 3368 3342 (Hebr.
3418 3286 3473 3341 ν,

68 3358 281 3416 sidebit
306 3357 551 3423 multos,
584 3360 641 3413 et
663 3346 911 3414 fortium
933 3358 1218 3429 partietur
1247 3358 1433 3431 spolia
1452 3361 1611 3431 (Ibid.
1636 3362 1721 3415 11.
1830 3355 2007 3427 6-10).
2044 3378 2072 3405 ››
2105 3356 2308 3412 Nonne
2336 3355 2517 3429 igitur
2573 3357 2871 3414 evidenter
2923 3357 3199 3414 clamavit
3234 3362 3478 3431 Aposto-

70 3449 171 3518 12).
205 3472 233 3498 ››
269 3448 361 3505 Ibi
394 3446 552 3503 enim
585 3446 773 3516 major
830 3445 1187 3519 triumphus,
1252 3447 1351 3502 ubi
1408 3465 1577 3505 mens
1635 3450 1721 3505 in-
1832 3444 1947 3511 lus,
1970 3444 2171 3500 dicens
2209 3444 2602 3501 obedientiam
2633 3444 2794 3502 illam
2825 3449 2884 3502 et
2935 3446 3327 3505 humilitatem
3360 3465 3477 3505 non

67 3540 229 3593 terna
258 3536 607 3593 mandatur.
641 3534 805 3598 Quod
835 3538 1031 3606 portat
1058 3535 1258 3608 igitur,
1291 3537 1364 3592 ad
1423 3537 1725 3595 remissio—
1834 3533 2161 3589 divinitatis
2193 3534 2394 3600 fuisse,
2431 3535 2532 3590 sed
2567 3534 2760 3591 carnis
2790 3534 2817 3589 ‘2
2848 3535 3012 3599 Quod
3039 3537 3197 3593 enim
3241 3536 3475 3607 dicitur,

64 3642 195 3684 nem
237 3626 501 3699 pertinet
531 3643 545 3692 ;
604 3623 753 3681 951
817 3624 971 3695 quod
1029 3629 1260 3697 purgat,
1322 3626 1395 3682 ad
1427 3627 1727 3683 correctio—
1834 3621 2154 3695 temporale
2184 3625 2291 3677 est.
2329 3622 2504 3687 Quasi
2538 3623 2709 3679 homo
2731 3639 2868 3697 ergo
2899 3641 2966 3682 ex
2996 3624 3091 3682 his
3118 3643 3248 3698 qua:
3270 3642 3480 3699 passus

64 3730 220 3771 nem.
324 3711 597 3784 Suscepit
652 3712 850 3783 itaque
896 3712 1361 3784 compassionem
1442 3718 1723 3785 nostram,
1836 3714 1944 3779 est,
1973 3711 2177 3767 didicit
2205 3711 2627 3781 obedientiam;
2661 3717 2726 3769 ut
2745 3720 3257 3773 consummaretur
3282 3716 3344 3772 in
3364 3732 3483 3773 car-

58 3805 332 3877 suscepit
391 3806 449 3859 et
475 3802 609 3873 subj
621 3800 935 3858 ectionem.
970 3804 1131 3867 Quod
1154 3804 1312 3859 enim
1336 3805 1587 3875 subjecit
1615 3805 1728 3861 sibi
1838 3817 1930 3869 ne,
1959 3805 2015 3856 et
2045 3817 2147 3872 per
2175 3801 2516 3857 obedientiaa
2548 3803 2909 3861 transfusam
2938 3805 2999 3861 in
3031 3822 3137 3861 nos
3168 3806 3486 3861 successio-

59 3893 265 3949 omnia
296 3906 480 3948 suum
509 3894 599 3946 est
628 3906 641 3945 :
675 3890 831 3961 quod
863 3890 1286 3961 subjectusest,
1313 3896 1582 3949 nostrum
1612 3898 1724 3963 est,
1838 3905 1972 3944 nem
2002 3906 2180 3945 causa
2208 3890 2371 3946 ﬁeret
2401 3891 2569 3947 nobis
2598 3890 2805 3949 salutis
2838 3897 3084 3958 aeternae,
3108 3894 3323 3964 quibus
3349 3897 3485 3949 ante

56 3980 323 4053 Ideoque
354 3979 437 4035 ait
464 3996 477 4034 :
511 4001 539 4028 «
571 3978 775 4034 Nonne
794 3978 908 4034 Deo
927 3979 1165 4036 subdita
1186 3980 1295 4037 erit
1314 3983 1513 4037 anima
1536 3981 1723 4039 mea?»
1839 3994 1942 4049 per
1970 3977 2374 4033 inobedientim
2405 3978 2802 4035 hereditatem
2862 3982 3090 4053 primus
3147 3980 3243 4037 ille
3298 3981 3484 4038 Adam

53 4068 306 4136 Anima,
344 4067 560 4138 inquit,
593 4066 853 4133 subdita,
885 4085 1000 4123 non
1031 4067 1307 4126 divinitas
1338 4071 1569 4127 :anima
1592 4072 1731 4129 sub-
1842 4082 2020 4122 causa
2049 4065 2236 4122 factus
2267 4070 2355 4122 est
2377 4067 2601 4122 mortis.

44 4158 229 4227 jecta,
267 4173 393 4213 non
424 4154 526 4211 Dei
560 4154 765 4211 virtus.
800 4155 1002 4212 Virtus
1048 4157 1204 4212 enim
1240 4158 1338 4213 Dei
1398 4176 1513 4214 non
1572 4163 1730 4231 pote-
1912 4158 1962 4211 8.
2000 4154 2297 4225 Subjectio
2330 4171 2464 4227 ergo
2497 4156 2902 4228 magisterium
2932 4156 3163 4215 virtutis
3192 4158 3487 4227 humanae,

49 4246 189 4302 stati
226 4244 483 4301 subdita
511 4246 599 4300 est
635 4260 647 4311 ;
709 4244 812 4299 sed
873 4244 1094 4301 unitate
1147 4245 1279 4313 (3|),
1327 4249 1384 4301 et
1441 4247 1731 4304 consortio
1843 4260 1957 4301 non
1989 4242 2195 4299 divina;
2226 4242 2559 4300 imminutio
2592 4245 2893 4316 potestatis
2921 4251 3029 4303 est.
3061 4248 3207 4304 Nam
3238 4247 3288 4305 si
3319 4245 3488 4307 illum

44 4335 182 4406 ejus
220 4334 421 4391 utitur
451 4332 783 4404 potestatis.
817 4331 921 4388 Illa
946 4334 1209 4405 subjecta
1259 4338 1366 4404 est,
1433 4352 1560 4407 quae
1620 4335 1733 4391 hu-
1845 4332 2129 4389 minorem
2155 4331 2363 4388 Filium
2393 4336 2451 4388 ct
2506 4333 2847 4405 inaequalem
2878 4336 3031 4393 Patri
3065 4337 3291 4403 dicunt,
3352 4335 3490 4408 quia

45 4440 249 4480 manas
284 4419 645 4479 conditionis
677 4419 992 4492 fragilitate
1042 4421 1385 4495 plerumque
1447 4427 1732 4493 mutatur,
1844 4426 1968 4477 erat
1994 4421 2265 4478 subditus
2292 4421 2447 4477 Patri
2478 4422 2590 4477 Deo
2625 4441 2638 4491 ;
2691 4423 2979 4497 numquid
3011 4428 3069 4481 et
3119 4428 3307 4480 matre
3361 4423 3489 4480 ideo

48 4529 170 4569 non
207 4528 352 4584 quae
386 4509 600 4598 mutari
633 4526 748 4566 non
780 4512 988 4581 potest.
1020 4512 1234 4569 Anima
1279 4514 1441 4569 carni
1498 4531 1732 4587 compa-
1767 4534 1812 4598 ι)
1846 4510 2054 4576 minor,
2114 4511 2254 4583 quia
2308 4511 2581 4567 subditus
2633 4516 2756 4567 erat
2831 4514 3060 4568 matri?
3111 4510 3365 4571 Lectum
3405 4515 3494 4569 est

44 4602 227 4667 titur,
267 4603 333 4655 et
363 4596 571 4659 animis
603 4614 758 4666 caro,
794 4614 923 4670 qua:
952 4599 1065 4655 sibi
1116 4601 1370 4672 quodam
1429 4603 1739 4659 contuber-
1768 4596 1797 4598 ί
1849 4599 2006 4655 enim
2037 4600 2108 4656 de
2135 4599 2353 4672 Joseph
2385 4604 2441 4655 et
2472 4600 2655 4656 Maria
2687 4618 2699 4657 :
2754 4624 2781 4652 ‹‹
2816 4602 2882 4657 Et
2917 4607 3042 4659 erat
3071 4603 3345 4660 subditus
3375 4601 3495 4658 illis

46 4691 148 4745 nio
169 4686 563 4760 copulantur.
588 4685 694 4742 llla
716 4685 1051 4757 subjicitur,
1075 4703 1202 4757 quae
1225 4688 1412 4745 tristis
1462 4694 1570 4757 est,
1604 4690 1741 4762 quia
1850 4690 2000 4760 (Luc.
2034 4704 2098 4757 II,
2119 4690 2281 4761 51).»
2304 4689 2459 4746 958
2501 4690 2611 4746 Sed
2633 4690 2819 4763 pietas
2853 4694 3133 4750 omnibus
3172 4688 3341 4750 nobis
3379 4691 3494 4747 nOn

40 4779 369 4852 scriptum
400 4778 490 4831 est
522 4792 534 4829 ε
576 4797 597 4825 αι
633 4774 843 4831 Tristis
872 4779 962 4832 est
990 4775 1187 4832 anima
1236 4794 1366 4833 mea
1423 4795 1609 4850 usque
1667 4781 1736 4835 ad
1849 4778 2181 4850 dispendio,
2205 4778 2306 4834 sed
2330 4778 2686 4835 incremento
2708 4785 2832 4850 est;
2858 4798 2961 4854 per
3010 4799 3186 4854 quam
3221 4780 3496 4837 omnibus

40 4871 330 4924 mortem
366 4864 574 4935 (Matth.
608 4879 783 4918 xxvn
815 4864 929 4935 38).
994 4887 1022 4912 ››
1083 4864 1188 4919 Illa
1244 4866 1554 4937 subjicitur
1610 4884 1739 4939 quae
1851 4865 2018 4923 nobis
2038 4866 2324 4923 Dominus
2346 4868 2954 4924 Jesuslideminl‘udit
2997 4873 3054 4924 et
3102 4867 3353 4941 gratiam
3386 4883 3401 4935 ;
3432 4868 3498 4921 ut

120 4981 261 5063 (30)
303 4977 471 5034 Rom.
505 4977 671 5049 edit.,
703 4979 769 5035 Et
792 4982 1011 5051 peccata
1039 4980 1342 5037 multorum
1375 4983 1488 5053 ipse
1532 4997 1740 5053 purga-
1852 4980 2007 5036 idem
2040 4983 2473 5063 quodam-modo
2505 4986 2596 5063 est
2626 4982 3127 5063 aohmoderatrix,‘
3179 4981 3323 5063 quia
3377 4980 3496 5063 dis:

44 5050 154 5109 vit.
209 5050 246 5126 γ’
307 5121 338 5126 _
472 5124 477 5126 _
800 5050 803 5051 ⁷
881 5122 889 5126 _
967 5122 975 5126 _
1393 5050 1407 5053 ⁷
1532 5050 1548 5053 ’
1654 5050 1657 5051 ⁷
1850 5050 2253 5126 pensationem
2287 5054 2668 5126 illamanima
2696 5054 2911 5126 Christi
2961 5050 3500 5126 Domini'suscepit

115 5125 256 5197 (31)
297 5121 702 5197 Cunctteedit.
736 5139 803 5197 ac
835 5122 1096 5197 plerique
1136 5142 1292 5197 mss.
1326 5141 1435 5182 non
1491 5125 1744 5197 potestati
1851 5121 1969 5197 non
2002 5129 2219 5197 coacta,
2255 5126 2355 5180 sed
2390 5124 2607 5197 volens.
2642 5125 2863 5197 Quippe
2894 5125 3138 5197 oblatus
3195 5128 3303 5192 est,
3363 5121 3501 5195 quia

28 5192 295 5252 subdita
326 5196 425 5270 est,
459 5192 553 5270 sed
582 5194 808 5270 unitati,
835 5192 1018 5251 'etc..f
1039 5196 1246 5253 Melius
1280 5198 1409 5254 cod.
1472 5192 1611 5270 Reg.
1665 5195 1745 5252 al-
1852 5195 2307 5270 ipse_vo_lui_t,__ut
2336 5196 2669 5270 IsaiasLm,
2700 5192 2772 5261 7;
2786 5192 3157 5270 vaticinatur.

36 5272 257 5339 tem...
296 5263 401 5339 sed
429 5263 677 5339 unitate,
713 5270 819 5323 etc.
928 5337 936 5339 ξ
1194 5338 1197 5339 ν
1556 5263 1588 5270 ⁷
1620 5338 1626 5339 ί
1875 5263 1895 5268 ’
1925 5267 2034 5339 (33)
2066 5266 2166 5323 Dei
2199 5266 2379 5339 Filius
2408 5266 2835 5339 subjectionem
2880 5267 3117 5338 quidem
3179 5282 3312 5325 cum
3368 5282 3500 5339 cor-

111 5334 638 5421 (3.2)‘_Arb'it.ra,_.id
671 5341 778 5404 est,
806 5337 973 5421 testis
1011 5356 1023 5405 ;
1058 5356 1160 5421 per
1189 5338 1339 5421 hanc
1357 5340 1511 5395 enim
1536 5338 1743 5421 animai
1855 5334 1996 5421 pore
2019 5334 2296 5421 suscepit,
2325 5337 2424 5421 sed
2455 5334 2570 5392 non
2599 5338 2868 5421 deposuit
2897 5334 3030 5393 cum
3061 5353 3336 5421 corpore;
3362 5335 3503 5421 quia

30 5405 303 5481 Christi
338 5405 761 5481 subjectionem
795 5405 1157 5480 dispensatio
1190 5410 1459 5465 humanae
1517 5411 1744 5481 redem-
1855 5405 2000 5464 illud
2036 5405 2211 5481 quod'
2249 5412 2433 5464 semet
2471 5405 2813 5479 assumpsit,
2873 5405 3199 5481 numquam
3258 5405 3504 5481 dimisit.

28 5477 306 5559 ptionis
336 5478 706 5564 manifestata
735 5483 824 5561 est
852 5497 870 5561 ις
893 5477 1037 5564 pum
1073 5480 1205 5536 inde
1233 5481 1544 5564 consilium
1599 5480 1745 5564 divi-
1855 5477 2135 5564 Deposuit
2164 5496 2290 5535 vero
2321 5495 2455 5534 cum
2489 5477 3053 5564 corporis-servitute
3082 5498 3096 5549 ;
3131 5478 3505 5564 quando-sci-

28 5548 207 5635 num
238 5548 661 5635 inobedientias
688 5549 867 5635 primi
888 5551 1019 5631 Adin
1046 5567 1148 5623 per
1169 5553 1439 5635 secundi.
1470 5552 1745 5635 obedien-
1855 5548 1991 5635 licet
2020 5568 2233 5635 corpus
2261 5567 2513 5635 excusso
2537 5548 2939 5635 mortalitatis“
2955 5552 3122 5626 jugo,
3148 5548 3506 5611 immortali-

28 5624 210 5685 tiam
244 5620 589 5694 reparanda:
619 5620 1098 5683 intellexerimus,
1157 5627 1277 5682 Aut
1332 5622 1480 5681 forte
1528 5621 1747 5683 arbitra
1857 5624 1996 5684 tatis
2025 5620 2260 5687 dotibus
2294 5622 2603 5699 praeditum
2633 5620 2967 5684 resurrexit.

414 5745 673 5813 Ρηιιυι.
723 5748 880 5813 XIV.

3107 5751 3183 5823 39
