3856 6206
183 319 325 383 4229

1268 319 1727 381 ENARRATIO
1770 318 1850 380 IN
1895 320 2279 383 PSALMUM
2324 322 2475 383 LXI.

3350 354 3358 364 ι
3417 323 3577 384 4230

180 454 401 525 accepit,
435 452 704 507 inﬁrmus
735 453 805 506 ad
851 451 996 506 sacri
1060 452 1320 507 muneris
1380 453 1805 521 testimonium,
1840 452 1892 518 Α
1927 453 1981 507 in
2018 455 2358 509 mendacio!
2392 478 2420 504 ‹‹
2453 454 2561 510 Ore
2593 472 2720 519 suo,
2755 453 2968 526 inquit,
3017 453 3459 521 benedicebant,
3519 457 3575 509 et

177 543 268 598 sed
299 539 518 596 validus
560 541 795 596 sceleris
827 541 916 597 sui
960 542 1148 597 testis.
1183 542 1601 614 Unusquisque
1660 542 1815 598 enim

176 630 388 703 gravior
416 635 717 685 accusator
746 635 833 685 est
874 630 985 697 sui,
1038 634 1094 685 et
1136 630 1595 687 inexcusabilem
1638 631 1694 685 in
1756 648 1817 686 se

176 719 274 773 fert
304 718 424 790 ipse
454 718 825 774 sententiam.
861 718 1158 790 Principes
1185 724 1498 792 Synagogae
1531 737 1636 775 suo
1679 736 1815 775 eon-

173 807 434 861 demnant
460 824 520 862 se
542 807 788 878 judicio.
824 808 1175 863 Proﬁtentur
1204 807 1359 862 enim
1394 808 1644 879 pretium
1688 824 1815 863 esse

178 894 471 967 sanguinis
505 896 661 967 quod
692 896 997 962 dederunt,
1035 897 1177 951 dum
1224 900 1479 969 arguunt
1512 897 1815 953 refunden-

176 987 302 1037 tem.
337 984 478 1038 Nam
514 983 560 1039 si
595 983 992 1055 recipiendum
1027 1001 1138 1039 non
1172 985 1299 1046 fuit,
1336 1001 1437 1040 nec
1470 984 1813 1040 solvendum

170 1063 285 1125 fuit.
322 1076 502 1143 Atque
565 1073 788 1128 utinam
848 1077 955 1128 aut
1001 1090 1119 1128 non
1160 1073 1482 1137 dedissent,
1526 1077 1629 1128 aut
1677 1073 1815 1145 quia

168 1158 448 1227 dederant,
482 1178 583 1215 nec
616 1161 990 1233 recepissent.
1029 1162 1433 1233 Repudiarunt
1467 1161 1622 1217 enim
1658 1163 1810 1233 quod

173 1248 315 1303 960
360 1247 415 1304 in
459 1249 713 1305 loculum
764 1250 993 1305 mittere
1045 1250 1380 1318 noluerunt,
1432 1254 1490 1306 et
1548 1254 1815 1305 emerunt

168 1336 288 1391 inde
318 1353 517 1410 agrum
554 1339 610 1393 in
656 1338 1019 1409 sepulturam
1075 1340 1537 1411 peregrinorum.
1601 1339 1804 1395 Merito

167 1439 289 1495 ergo
316 1426 580 1498 gentiles,
616 1428 834 1498 quibus
862 1428 984 1500 agri
1008 1428 1137 1499 ejus
1187 1427 1286 1499 qui
1329 1431 1514 1483 morte
1573 1430 1809 1499 emptus

164 1517 243 1567 est
270 1514 498 1581 Christi,
533 1515 836 1587 sepultura
868 1516 1128 1588 profecit.
1158 1518 1283 1587 jam
1317 1532 1432 1570 non
1463 1521 1599 1571 sunt
1631 1520 1687 1570 et
1716 1517 1810 1570 ad-

164 1618 324 1669 venae,
359 1609 531 1675 atque
566 1606 853 1677 peregrini
894 1622 905 1658 :
943 1607 1043 1660 sed
1068 1606 1221 1660 cives
1273 1610 1608 1661 sanctorum
1669 1605 1805 1660 facti

163 1697 308 1757 sunt,
341 1697 397 1747 et
443 1693 751 1749 domestici
785 1694 926 1761 Dei;
974 1694 1112 1765 quia
1164 1694 1638 1766 consepeliuntur
1707 1693 1806 1749 Dei

162 1778 292 1833 Filio
324 1797 337 1835 :
371 1781 557 1837 Judaei
590 1786 807 1849 autem,
844 1782 943 1854 qui
976 1783 1267 1854 passionis
1293 1784 1420 1853 ejus
1451 1783 1699 1855 pretium
1716 1799 1800 1839 re-

161 1868 484 1938 pudiarunt,
541 1870 989 1942 peregrinantur
1020 1887 1053 1924 a
1100 1870 1327 1925 Christo
1363 1913 1375 1924 .
1418 1869 1800 1925 Tolerabilior

161 1954 265 2012 illis
293 1957 375 2012 vel
408 1959 465 2012 in
499 1958 607 2013 hoe
637 1959 921 2031 proditor,
958 1959 1110 2031 quod
1148 1960 1460 2014 conﬁtetur
1491 1975 1745 2013 errorem
1780 1975 1793 2012 :

158 2043 233 2099 illi
264 2052 454 2102 autem
486 2047 708 2102 crimen
743 2065 918 2103 suum
953 2049 1288 2103 excusando
1308 2050 1600 2103 acerbant.
1630 2049 1799 2104 Vere-

158 2135 388 2191 cundior
412 2141 501 2192 est
532 2136 690 2191 enim
723 2137 1013 2191 confessio
1056 2141 1185 2208 post
1244 2136 1543 2191 delictum.
1606 2138 1798 2209 Impu-

156 2222 351 2278 denter
411 2225 590 2298 igitur
654 2224 994 2281 refellebant
1059 2242 1369 2280 commune
1428 2225 1797 2297 sacrilegium

156 2313 511 2369 conﬁtentem
545 2313 839 2369 dicentes:
875 2338 902 2363 ‹‹
935 2313 1081 2377 Quid
1133 2315 1203 2368 ad
1236 2332 1342 2370 nos
1373 2315 1400 2368 ?
1449 2316 1532 2369 Tu
1584 2315 1799 2370 videris

154 2400 299 2468 (Ibid.
335 2403 411 2472 ἆ).
449 2425 476 2452 ››
511 2402 658 2469 Quid
691 2403 847 2457 enim
902 2403 1131 2457 dicebat
1171 2404 1450 2474 proditor,
1486 2404 1597 2457 nisi
1648 2403 1795 2458 hoc:

149 2489 446 2545 «Peccavi
501 2492 665 2562 quod
733 2491 1077 2545 tradiderim
1152 2492 1498 2563 sanguinem
1564 2493 1796 2562 justum

150 2578 403 2648 (lbid.).?
451 2580 616 2643 Quod
683 2584 802 2634 erat
861 2580 1080 2635 crimen
1132 2581 1437 2645 tradentis,
1506 2582 1797 2652 quomodo

149 2668 516 2739 suscipientis
550 2685 661 2723 non
698 2673 925 2740 poterat
956 2686 1082 2724 esse
1115 2675 1419 2740 peccatum
1455 2687 1466 2722 :
1503 2686 1633 2724 cum
1668 2686 1796 2724 see-

149 2753 233 2810 lus
262 2757 459 2812 sceleri
495 2758 573 2812 sit
604 2758 976 2828 adjunctum,
1013 2762 1077 2812 ut
1097 2774 1272 2830 quem
1324 2758 1599 2813 scelerate
1640 2774 1793 2813 emc-

148 2849 273 2899 runt
304 2845 641 2901 sceleratius
672 2845 1076 2901 trucidarent?

216 2954 297 3007 ll.
332 2953 643 3021 «Cucurri,
688 2953 899 3025 inquit,
952 2954 1009 3008 in
1054 2953 1169 3009 siti.
1200 2978 1225 3002 ››
1270 2954 1483 3009 Verum
1534 2959 1623 3009 est
1670 2955 1793 3024 qui-

147 3040 271 3096 dem
302 3043 457 3113 quod
490 3041 775 3097 Dominus
808 3046 1007 3097 noster
1034 3043 1208 3098 Jesus
1239 3043 1438 3098 sitivit.
1476 3044 1647 3097 Beata
1685 3047 1792 3097 Do-

152 3127 287 3182 mini
317 3129 487 3197 sitis;
534 3129 672 3201 quia
726 3128 906 3184 sitivit
956 3147 1055 3201 pro
1104 3130 1292 3195 nobis,
1334 3134 1388 3184 et
1437 3130 1687 3184 maxime
1734 3130 1791 3183 in

152 3219 433 3286 passione.
475 3218 743 3290 Denique
774 3218 958 3272 dixit:
1013 3244 1037 3267 ‹‹
1073 3218 1214 3273 Sitio
1248 3221 1422 3289 (Joan.
1458 3237 1570 3285 xux,
1620 3220 1730 3288 29).
1767 3242 1793 3268 ››

144 3306 298 3362 Tunc
326 3306 528 3379 itaque
562 3307 822 3373 sitiebat,
865 3308 1106 3378 quando
1133 3308 1203 3361 de
1234 3306 1412 3363 latere
1442 3324 1548 3363 suo
1592 3308 1801 3363 restin-

143 3399 300 3451 ctura
325 3396 485 3452 sitim
527 3397 793 3452 omnium
824 3396 963 3451 vivae
1005 3413 1174 3467 aqua;
1230 3396 1448 3452 fluenta
1501 3396 1799 3451 fundebat.

142 3482 395 3556 Denique
439 3484 728 3556 scriptum
756 3490 875 3539 est:
936 3508 957 3534 ι
995 3485 1266 3540 Flumina
1307 3486 1376 3539 de
1428 3490 1625 3540 ventre
1676 3486 1802 3557 ejus

140 3570 312 3627 fluent
342 3591 508 3645 aqua:
542 3573 679 3627 vivae
728 3574 905 3644 (Juan.
940 3590 1040 3640 vu,
1095 3574 1203 3643 38).
1262 3596 1289 3621 ››
1340 3574 1444 3628 Sed
1499 3573 1556 3627 in
1608 3574 1801 3629 (ἔναξε-ο

141 3662 321 3718 medie
363 3662 622 3733 positum
680 3667 808 3729 est;
838 3660 981 3732 quia
1013 3669 1229 3733 ἔδραμον
1260 3667 1315 3716 et
1354 3661 1637 3734 pluralem
1690 3680 1798 3717 nu-

138 3764 358 3806 merum
390 3749 703 3822 signiﬁcat.
737 3750 886 3821 Ergo
919 3748 1097 3804 etiam
1130 3772 1155 3799 ‹‹
1198 3751 1431 3806 Cucurri
1456 3770 1467 3806 :
1496 3773 1521 3800 »
1556 3756 1613 3806 et
1643 3774 1669 3799 ‹‹
1709 3767 1800 3805 cu-

90 3883 96 3890 .
138 3846 462 3907 currerunt,
489 3863 515 3886 ‹‹
563 3839 734 3909 juxta
777 3837 1043 3893 Grazcum
1085 3856 1405 3910 possumus
1456 3839 1800 3911 intelligere.

142 3925 401 3983 Diximus
424 3931 621 3983 autem
652 3926 792 3998 quid
820 3927 1127 3999 exprimat,
1164 3952 1189 3977 ‹‹
1220 3928 1473 3996 cucurri,
1504 3953 1529 3976 ››
1558 3928 1663 3983 hoc
1691 3933 1801 3999 est,

144 4015 407 4072 festinavi
453 4016 614 4071 sitim
676 4016 941 4070 omnium
998 4018 1314 4088 suscipere,
1378 4023 1441 4071 ut
1500 4018 1801 4073 universos

145 4106 401 4177 perpetui
437 4105 616 4160 fontis
649 4104 915 4159 ubertate
947 4106 1223 4160 satiarem
1249 4106 1364 4174 (cui
1398 4107 1553 4161 enim
1592 4107 1800 4162 dedero

144 4210 376 4265 aquam,
414 4211 531 4249 non
564 4193 743 4264 sitiet,
779 4211 967 4265 neque
998 4193 1114 4257 hic,
1178 4212 1366 4266 neque
1425 4196 1482 4249 in
1536 4198 1798 4250 futurum

144 4284 322 4349 (lacn.
360 4301 433 4351 iv,
476 4282 581 4353 l3),
619 4282 771 4337 sicut
802 4282 1025 4337 dictum
1061 4288 1148 4337 est
1179 4285 1248 4337 ad
1308 4284 1798 4357 Samaritanam);

143 4388 295 4427 nunc
318 4373 586 4429 dicamus
645 4370 785 4441 quid
846 4370 1167 4442 signiﬁcet:
1205 4395 1231 4421 ι(
1284 4373 1681 4428 Cucurrerunt
1740 4374 1799 4429 in

145 4460 258 4516 siti.
295 4484 323 4512 ››
357 4461 475 4518 Hoc
506 4465 613 4526 est,
650 4459 1072 4515 festinaverunt
1100 4465 1161 4515 ut
1194 4460 1445 4532 perﬁdia:
1479 4478 1596 4516 sua:
1654 4467 1799 4518 metu

1927 544 2096 598 corde
2128 560 2232 599 suo
2258 544 2704 599 maledicebant.
2740 568 2766 593 n
2802 542 3012 599 Misera
3034 541 3386 614 perﬁdorum
3421 542 3572 614 sitis,

1926 632 2025 703 qui
2058 632 2217 687 aliud
2253 634 2525 688 tenebant
2556 634 2746 700 corde,
2781 635 2835 687 et
2857 649 2954 687 ore
2972 630 3130 686 aliud
3162 630 3572 704 loquebantur.

1931 720 2031 774 Ubi
2064 726 2258 776 autem
2291 720 2424 781 ﬁdei
2455 722 2712 776 exundat
2732 720 2989 790 ubertas,
3017 720 3188 775 corde
3216 719 3475 776 creditur
3503 720 3574 776 ad

1917 808 2236 879 justitiam,
2270 826 2367 865 ore
2399 810 2688 865 confessio
2720 809 2784 864 ﬁt
2823 810 2889 863 ad
2948 808 3220 863 salutem.
3273 809 3575 873 Quomodo

1925 902 2119 952 autem
2179 898 2583 954 benedixerint
2638 915 2755 965 ore,
2814 902 2871 953 et
2925 898 3095 953 corde
3143 896 3572 966 maledixerint,

1924 987 2105 1041 series
2137 988 2428 1059 passionis
2458 988 2729 1053 ostendit,
2764 1004 2895 1042 cum
2924 987 3218 1042 dicerent:
3257 1008 3283 1035 ι‹
3323 987 3574 1043 Descen-

1925 1075 2025 1129 dat
2055 1076 2123 1130 de
2155 1092 2323 1131 cruce
2353 1079 2409 1131 et
2438 1076 2734 1131 credimus
2789 1075 2840 1130 ei
2895 1074 3100 1145 (Matth.
3158 1090 3336 1142 xxvu,
3395 1074 3505 1146 42).
3542 1096 3570 1123 ››

1923 1163 2134 1218 Stultil
2182 1164 2259 1219 De
2308 1169 2493 1221 morte
2551 1164 2824 1232 surrexit,
2857 1167 2915 1220 et
2982 1180 3098 1218 non
3155 1164 3565 1233 crediderunt;

1923 1253 2213 1323 quomodo
2245 1253 2291 1308 si
2328 1254 2397 1308 de
2456 1269 2623 1307 cruce
2681 1251 3077 1317 descenderet,
3137 1249 3572 1306 credidissent?

1922 1362 1949 1389 ‹‹
1982 1342 2245 1412 Speravit
2274 1341 2332 1395 in
2365 1342 2633 1407 Domino,
2668 1341 2879 1412 eripiat
2933 1357 3103 1395 eum:
3162 1326 3369 1395 liberet
3414 1356 3571 1395 nunc

1918 1446 2076 1494 eum,
2112 1430 2387 1502 quoniam
2420 1430 2542 1485 vult
2574 1446 2707 1485 eum
2730 1428 2886 1498 (Ibid,
2920 1430 3027 1495 43;
3085 1428 3233 1482 Psal.
3265 1445 3379 1496 χχι,
3410 1428 3465 1499 9)
3494 1444 3506 1483 :
3542 1450 3570 1478 ι)

1918 1519 2056 1590 quia
2080 1519 2388 1573 illudentes
2419 1520 2615 1590 potius
2637 1534 2815 1589 quam
2839 1519 3106 1589 optantes
3138 1515 3248 1570 ista
3276 1516 3567 1585 dicebant,

1917 1611 1972 1661 et
2004 1608 2443 1679 interrogabant
2473 1611 2670 1662 utrum
2703 1610 2855 1661 esset
2874 1604 2975 1661 Dei
3006 1603 3206 1671 Filius,
3244 1604 3436 1661 verbis
3464 1621 3568 1677 pa-

1915 1696 2080 1751 ciﬁca
2104 1696 2426 1768 loquentes,
2460 1697 2631 1752 corde
2661 1695 3091 1751 accusationem
3124 1692 3412 1766 sacrilegii
3473 1712 3569 1750 co-

1915 1782 2188 1854 gitantes.

1982 1872 2068 1926 46.
2120 1872 2229 1927 Sed
2284 1872 2403 1927 haec
2463 1871 2729 1943 mystica,
2784 1871 3090 1926 veniamus
3147 1871 3216 1925 ad
3298 1871 3562 1927 moralia.

1868 1956 1875 1963 ’
1910 1962 2135 2016 Etenim
2167 1962 2444 2031 quoniam
2460 1979 2573 2015 non
2595 1960 2771 2015 semel
2792 1961 3089 2033 appetitur
3111 1959 3559 2032 Christus,96‘l

1909 2050 2204 2122 appetitus
2236 2054 2324 2105 est
2357 2049 2536 2105 semel
2566 2049 2625 2104 in
2657 2067 2762 2105 suo
2807 2065 3047 2121 corpore
3106 2048 3261 2119 quod
3307 2049 3566 2121 suscepit

1910 2139 1967 2193 in
2000 2139 2257 2211 Virgine,
2320 2140 2609 2210 appetitus
2642 2142 2729 2194 est
2762 2138 3091 2208 frequenter
3130 2137 3186 2192 in
3230 2153 3295 2193 eo
3325 2153 3564 2209 corpore

1911 2228 2063 2299 quod
2097 2232 2181 2283 est
2212 2227 2469 2282 Ecclesia
2496 2253 2508 2295 ;
2543 2244 2649 2282 nos
2681 2227 2836 2282 enim
2869 2244 3076 2282 sumus
3108 2242 3319 2298 corpus
3349 2225 3563 2283 Christi

1910 2320 1961 2370 et
1998 2316 2280 2370 membra.
2316 2316 2624 2387 Appetitur
2675 2321 2730 2369 et
2776 2314 2835 2369 in
2882 2313 3132 2386 singulis
3191 2314 3408 2370 sanctis
3439 2312 3563 2370 suis

1909 2408 1963 2458 et
1996 2404 2424 2471 innocentibus,
2461 2405 2558 2475 qui
2594 2404 2838 2458 Domino
2869 2419 2929 2459 se
2961 2403 3250 2458 dicarunt.

1982 2513 2065 2565 17.
2152 2510 2546 2566 ltccordamus
2614 2510 2869 2581 aliquem
2954 2511 3227 2581 (Gratian.
3290 2511 3563 2583 imperat.)

1907 2600 2166 2671 proxime
2198 2600 2268 2654 ab
2300 2598 2572 2655 omnibus
2603 2598 2955 2671 appetitum,
2990 2616 3023 2653 a
3055 2600 3181 2653 suis
3212 2599 3561 2654 destitutum

1905 2706 1972 2744 ac
2006 2688 2299 2760 proditum
2327 2705 2339 2743 :
2375 2690 2474 2760 qui
2508 2689 2730 2743 dudum
2761 2687 2817 2742 in
2847 2691 3134 2760 suggestu
3175 2686 3399 2744 locatus
3446 2687 3559 2743 im-

1906 2778 2070 2848 perii,
2105 2777 2298 2833 subito
2328 2794 2505 2848 egens
2540 2777 2805 2832 omnium
2839 2777 2910 2832 ab
2932 2776 3074 2848 ipsis
3106 2793 3355 2849 quorum
3388 2776 3563 2832 haere-

1905 2867 2181 2922 ditarium
2216 2867 2403 2921 fuerat
2433 2866 2674 2922 sortitus
2709 2866 3079 2937 obsequium,
3114 2866 3288 2939 cmpit
3342 2866 3561 2939 urgeri,

1904 2956 2321 3027 ingruuntibus
2354 2956 2411 3009 in
2445 2954 3068 3021 exitem,inferentibus
3101 2958 3368 3022 mortem,
3403 2953 3562 3010 nullo

1904 3044 2264 3113 auxiliatorc,
2299 3044 2458 3099 nullo
2481 3045 2608 3115 jam
2642 3045 2799 3099 socio
2831 3044 2943 3111 sui,
2968 3042 3129 3099 nullo
3153 3044 3385 3100 comite.
3411 3043 3559 3110 Quid

1895 3133 2063 3188 aliud
2091 3133 2301 3187 melius
2334 3133 2561 3199 dixerit,
2597 3150 2772 3202 quam
2808 3132 2963 3203 quod
2994 3149 3061 3187 ex
3094 3133 3220 3203 ipso
3252 3134 3346 3188 cui
3367 3149 3429 3189 se
3461 3132 3557 3188 de-

1909 3221 2081 3287 vovit,
2116 3225 2453 3291 acccpcrat:
2493 3221 2746 3275 «Nonne
2784 3220 2898 3274 Deo
2931 3219 3167 3274 subdita
3202 3220 3311 3274 erit
3364 3220 3562 3275 anima

1911 3328 2042 3365 mea
2063 3311 2089 3363 ?
2108 3334 2133 3357 ››
2148 3310 2264 3364 Hoc
2278 3314 2363 3363 est
2386 3308 2525 3380 quid
2542 3307 2993 3380 perscquimini?
3010 3307 3152 3378 quid
3176 3307 3399 3363 furitis?
3418 3308 3562 3379 quid

1909 3398 2208 3454 insultatis
2226 3400 2252 3452 ?
2270 3400 2515 3453 Carnem
2536 3396 2779 3468 potestis
2802 3396 3145 3463 interﬁcere,
3168 3396 3427 3452 animam
3444 3413 3562 3453 non

1912 3488 2174 3560 potestis.
2196 3486 2387 3541 \‘itam
2406 3484 2562 3541 illam
2589 3485 2848 3556 corporis
2872 3485 3115 3556 potestis
3130 3485 3373 3557 eripere,
3393 3485 3566 3541 meri-

1911 3582 2036 3631 tum
2072 3594 2183 3632 non
2218 3574 2459 3647 potestis
2491 3575 2846 3647 extinguere.
2882 3574 3178 3645 Scriptum
3222 3578 3311 3630 est
3365 3574 3561 3630 enim:

1914 3690 1939 3715 ‹‹
1975 3665 2159 3721 Nolite
2176 3666 2378 3721 timere
2390 3681 2488 3720 eos
2502 3664 2600 3735 qui
2620 3667 2866 3736 possunt
2888 3663 3151 3720 occidere
3168 3662 3563 3731 carnem,ani-

1912 3772 2068 3810 mam
2103 3762 2296 3811 autem
2315 3772 2430 3809 nun
2447 3758 2728 3826 possunt:
2765 3755 2868 3810 sed
2895 3752 3091 3826 potius
3106 3770 3238 3809 eum
3254 3752 3567 3824 timetequi

1913 3850 2102 3915 potest
2133 3844 2393 3900 animam
2452 3848 2509 3899 et
2566 3861 2777 3916 corpus
2826 3844 3065 3915 perdere
3123 3843 3181 3896 in
3239 3842 3567 3914 gehennam

1912 3935 2120 4004 (Matth.
2155 3952 2207 4001 χ,
2240 3935 2351 4005 28).
2392 3957 2417 3981 ››
2450 3934 2663 3987 Anima
2695 3950 2831 4003 ergo
2863 3949 2989 4003 qua:
3022 3931 3137 3985 Deo
3164 3930 3399 3985 subdita
3456 3937 3565 3996 est,

1911 4040 2027 4076 non
2058 4026 2147 4076 est
2179 4022 2449 4076 humanae
2482 4021 2722 4075 subdita
2750 4019 3068 4091 potestati;
3100 4019 3171 4073 ab
3224 4017 3351 4089 ipso
3408 4019 3567 4074 enim

1908 4111 2039 4165 vita:
2069 4111 2322 4164 fructum
2358 4114 2554 4181 sperat
2593 4113 2841 4173 aeternae,
2892 4111 2949 4163 et
3006 4111 3297 4179 perpetuae
3358 4106 3569 4163 salutis

1911 4197 2345 4254 auxilium.llle
2389 4215 2527 4269 ergo
2585 4197 2677 4253 cui
2744 4214 2833 4251 me
2889 4196 3126 4263 tradidi,
3182 4200 3239 4251 et
3295 4200 3567 4252 necatum

1909 4288 2190 4354 tuebitur,
2225 4292 2283 4342 et
2338 4292 2638 4341 mortuum
2695 4285 3092 4354 resuscitabit,
3142 4290 3199 4341 et
3257 4284 3571 4342 uleiscetur

1909 4377 2187 4432 occisum.
2226 4376 2447 4447 Raptus
2488 4379 2575 4430 est
2617 4376 2838 4445 justus,
2906 4392 2976 4429 ne
3034 4373 3259 4431 malitia
3318 4379 3571 4431 mutaret

1909 4484 2008 4522 eor
2063 4466 2210 4536 ejus.
2273 4466 2426 4520 Mors
2484 4481 2619 4535 ergo
2692 4465 2805 4519 ista
2861 4462 3049 4536 magis
3107 4463 3329 4535 peccati
3402 4464 3566 4535 fuga,

143 4548 363 4605 fontem
395 4550 588 4605 vivum
623 4552 930 4621 negantes,
966 4553 1179 4604 aeterna
1209 4550 1406 4605 fauces
1436 4567 1576 4606 suas
1632 4551 1805 4606 aridi-
1832 4557 1880 4622 B
1910 4571 2088 4627 quam
2121 4553 2424 4610 morientis
2454 4559 2544 4608 est
2578 4553 3019 4609 detrimentum.

142 4642 256 4693 tate
285 4638 606 4695 siccarent:
642 4638 793 4693 sicut
828 4638 947 4710 ipse
980 4638 1264 4694 Dominus
1296 4639 1413 4694 ait:
1448 4664 1474 4689 ‹‹
1512 4641 1600 4695 Me
1641 4641 1802 4695 dere-

144 4724 448 4798 liquerunt
480 4728 701 4783 fontem
734 4744 898 4798 aquae
928 4726 1090 4793 vivae,
1124 4731 1181 4782 et
1211 4727 1471 4782 fecerunt
1503 4727 1612 4783 sibi
1662 4745 1804 4783 con-

141 4814 311 4871 tritos
347 4817 508 4871 lacus
539 4817 760 4885 (larem.
793 4833 855 4886 ιι,
890 4816 999 4885 43).
1038 4839 1064 4864 ››
1100 4816 1211 4871 Nec
1258 4816 1471 4871 mirum
1534 4817 1581 4872 si
1645 4817 1803 4873 sitie-

144 4910 303 4971 runt,
340 4904 440 4977 qui
476 4921 693 4977 aquam
727 4905 902 4961 fontis
933 4905 1130 4959 reterni
1162 4911 1351 4960 tenere
1386 4923 1497 4960 non
1542 4911 1806 4977 poterant

145 4991 357 5047 lubrici
392 4994 649 5064 perﬁdiae
690 5011 805 5049 suae
867 4993 1053 5049 rimis.
1116 4994 1397 5049 Siticrunt
1450 5011 1605 5065 ergo,
1668 4996 1805 5066 quia

146 5097 205 5136 se
239 5086 381 5153 potu
408 5082 786 5154 privaverunt
819 5082 1092 5155 spiritali,
1138 5088 1312 5154 quem
1372 5083 1690 5138 hauserant
1735 5085 1806 5139 de

144 5171 535 5243 consequenti
613 5176 789 5242 petra.
828 5172 988 5227 Unde
1018 5176 1075 5228 et
1132 5172 1520 5244 Symmachus
1581 5173 1698 5227 ait:
1732 5180 1807 5243 Τῷ

142 5266 271 5330 δόλῳ
300 5267 465 5314 αὐτῶν
496 5268 748 5330 εὐλόγων,
782 5261 890 5317 hoc
922 5266 1032 5327 est,
1086 5259 1308 5334 placuit
1356 5260 1475 5316 illis
1523 5261 1583 5316 in
1643 5278 1805 5317 men-

144 5347 337 5415 dacio,
371 5363 506 5402 cum
539 5348 857 5419 objicerent
890 5348 1036 5405 falsa
1067 5367 1169 5421 pro
1195 5348 1363 5406 veris.
1414 5350 1596 5406 Omne
1644 5367 1804 5407 men-

145 5436 386 5492 dacium
418 5436 581 5492 sitim
630 5437 825 5505 habet,
887 5439 1117 5494 veritas
1161 5439 1507 5507 ubertatem,
1564 5456 1691 5512 quae
1749 5440 1806 5496 in

143 5531 500 5599 perpetuum
537 5532 888 5598 perseverat.

221 5631 312 5688 45.
349 5630 421 5686 Et
449 5647 628 5705 quam
689 5633 803 5689 cito
861 5634 1141 5707 probavit,
1199 5637 1340 5710 quia
1388 5641 1811 5694 concurrerunt

1990 4664 2073 4716 18.
2107 4661 2334 4716 Etenim
2370 4684 2394 4709 ‹‹
2434 4660 2557 4732 ipse
2589 4666 2675 4715 est
2709 4661 2856 4715 Deus
2887 4675 3075 4728 meus,
3109 4659 3342 4732 adjutor
3381 4675 3568 4728 meus,

1916 4752 2189 4807 defensor
2214 4766 2419 4805 meus:
2456 4767 2569 4804 non
2605 4750 2881 4804 movebor
2902 4748 3175 4821 amplius.
3201 4770 3229 4798 »
3261 4749 3367 4812 Qui
3424 4747 3571 4802 labi-

1914 4845 2029 4907 tur,
2065 4843 2502 4903 commovetur;
2538 4855 2604 4893 eo
2638 4839 2791 4909 quod
2833 4838 2902 4893 de
2943 4837 3297 4910 integritatis
3327 4841 3384 4892 et
3403 4835 3569 4891 inno-

1916 4928 2117 4982 centiae
2149 4944 2267 4981 sua:
2293 4926 2545 4997 quadam
2570 4928 2819 4980 statione
2842 4926 3077 4980 defluat.
3106 4923 3296 4979 Semel
3325 4924 3483 4979 enim
3510 4925 3570 4980 in

1916 5021 2079 5087 petra
2107 5013 2318 5070 Christi
2353 5014 2576 5070 locatus
2607 5014 2903 5069 lubricum
2952 5030 3066 5068 non
3128 5014 3299 5069 debet
3355 5013 3571 5071 habere

1918 5104 2253 5175 vestigium,
2288 5104 2386 5158 sed
2416 5108 2610 5158 tenere
2640 5107 2827 5157 status
2859 5102 3076 5174 proprii
3107 5103 3566 5159 ﬁrmamentum.

1917 5193 2082 5248 Unde
2130 5191 2451 5247 immobilis
2511 5192 2744 5258 dicitur,
2804 5191 2906 5262 qui
2966 5196 3158 5245 servat
3207 5189 3567 5247 immobilem

1916 5280 2361 5347 voluntatem,et
2392 5278 2753 5351 propositum
2780 5278 3011 5349 aliquod
3039 5279 3570 5336 intentioneanima

1918 5368 2106 5425 ﬁdelis
2135 5369 2491 5440 exsequitur.
2524 5367 2667 5421 Nam
2696 5373 2751 5422 et
2785 5367 2876 5423 Dei
2908 5366 3268 5423 immobilem
3299 5367 3568 5426 volunta-

1917 5462 2035 5514 tem
2066 5457 2338 5530 legimus,
2373 5456 2525 5512 sicut
2552 5456 2734 5511 habes
2763 5456 2835 5511 ad
2898 5456 3163 5513 [lebraaos
3197 5474 3209 5513 :
3240 5480 3268 5508 ι(
3329 5462 3393 5513 In
3453 5475 3568 5531 quo

1919 5546 2172 5619 amplius
2207 5554 2354 5602 Deus
2385 5545 2690 5601 ostendere
2727 5544 2926 5602 volens
2982 5545 3311 5604 heredibus
3366 5564 3568 5621 repro-

1920 5634 2219 5696 missionis
2238 5633 2709 5699 immobililatem
2740 5633 3054 5692 voluntatis
3077 5635 3573 5719 suae,interposuit
