3856 6206
316 277 462 336 1231

1773 280 1837 335 S.
1885 275 2265 337 AMBROSII

3528 284 3652 349 1232

305 407 729 481 jusjurandum
757 407 936 480 (Hebr.
969 424 1039 462 vx.
1077 408 1184 478 17).
1221 407 1393 462 Recte
1451 423 1586 479 ergo
1644 405 1966 463 immobilis
1995 408 2050 475 Α
2079 409 2256 480 pedes
2279 424 2438 465 meos
2470 409 2638 479 (Psat.
2675 425 2798 476 va,
2829 410 2956 481 9).»
3003 409 3166 465 Unde
3219 414 3276 466 et
3326 416 3506 470 sancto
3553 417 3664 476 diei-

317 497 587 556 voluntas
618 497 742 566 Dei,
776 515 902 569 quae
935 495 1154 552 nullius
1186 495 1406 568 peccati
1465 500 1730 552 movetur
1777 495 1966 552 illece-

314 587 458 644 bris.
490 586 766 644 Homines
797 602 929 641 vero
991 584 1257 652 mobiles,
1291 583 1498 640 lubrici
1521 584 1592 640 ad
1625 583 1966 656 delinquen-

316 678 482 750 dum,
533 675 731 733 faciles
761 677 833 730 ad
893 675 1228 730 errandum.
1294 674 1558 746 Denique
1623 674 1694 728 de
1749 673 1968 728 Judaeis

317 768 537 824 dictum
577 770 665 822 est
689 806 703 820 .
739 789 765 816 «
800 765 1192 820 Transeuntes
1237 767 1430 820 autem
1483 762 1970 835 blasphemabant

320 873 476 924 eum,
529 859 827 911 moventes
887 855 1080 926 capita
1137 871 1246 910 sua
1305 854 1513 926 (Matth.
1569 869 1739 917 xxvu,
1793 853 1903 922 39).
1942 875 1968 899 »

317 946 389 1001 Et
419 945 542 1017 ipse
572 943 856 1000 Dominus
879 944 936 998 in
961 943 1186 1016 psalmo
1219 943 1301 998 ait
1330 959 1341 996 :
1382 965 1402 992 ι
1438 943 1653 998 Omnes
1685 941 1784 1012 qui
1816 942 1968 996 vidc-

319 1035 467 1090 bant
493 1049 608 1104 me,
641 1034 1111 1105 aspernabantur
1149 1048 1278 1087 me:
1315 1035 1372 1086 et
1401 1031 1577 1087 locuti
1609 1033 1747 1086 sunt
1776 1030 1967 1097 labiis,

317 1126 376 1178 et
406 1125 714 1178 moverunt
745 1125 919 1194 caput
951 1123 1119 1193 (Psal.
1152 1138 1266 1188 xxx,
1299 1123 1375 1191 8).
1419 1142 1445 1168 »
1478 1122 1664 1192 Caput
1706 1120 1970 1174 omnium

316 1211 585 1268 Christus
614 1215 721 1266 est.
753 1210 958 1266 Melius
989 1214 1076 1266 est
1107 1209 1286 1282 igitur
1326 1214 1388 1264 ut
1419 1214 1652 1264 maneat
1708 1209 1972 1264 Christus

321 1301 380 1356 in
415 1299 605 1371 nobis,
637 1316 815 1371 quam
848 1299 1045 1369 aliqua
1074 1298 1257 1352 nostri
1307 1298 1696 1352 commotione
1746 1314 1971 1352 movea-

325 1394 437 1445 tur.
472 1389 635 1444 Unde
674 1388 860 1443 Judaei
919 1392 1219 1442 moventes
1278 1387 1468 1458 capita
1517 1405 1625 1442 sua
1655 1387 1924 1442 (licebant
1957 1403 1969 1441 :

323 1504 348 1526 u
386 1477 544 1533 Tolle
571 1495 603 1533 a
633 1486 781 1533 terra
811 1476 986 1532 talem
1021 1476 1172 1532 hunc
1197 1479 1332 1546 (1ιί,
1368 1478 1634 1547 χχιιηὲιὲ).
1657 1503 1681 1524 υ
1703 1476 1974 1532 Ucraseni

323 1569 608 1639 rogabant
640 1573 704 1621 ut
734 1568 802 1622 de
835 1566 1052 1621 linibus
1075 1583 1276 1621 eorum
1311 1567 1600 1621 recederet
1647 1567 1795 1636 (Luc.
1855 1583 1972 1635 VIII,

325 1656 435 1725 37).
471 1654 726 1709 Ecclesia
765 1658 959 1709 autem
995 1654 1178 1708 tenuit
1210 1671 1366 1717 eum,
1409 1670 1511 1709 nec
1552 1655 1777 1708 dimisit
1816 1670 1972 1710 eum.

325 1744 455 1798 Ideo
488 1743 587 1798 illa
616 1761 742 1814 quae
774 1743 964 1798 tenuit
991 1759 1146 1809 eum,
1181 1743 1439 1814 possidet
1470 1743 1576 1811 (illi
1623 1743 1721 1813 qui
1782 1759 1974 1798 move-

326 1836 482 1900 runt,
515 1837 708 1888 tenere
740 1849 852 1887 non
885 1837 1152 1904 possunt.
1187 1832 1432 1886 Pulchre
1463 1837 1658 1887 autem
1690 1832 1770 1887 ait
1800 1849 1978 1887 evan-

324 1921 536 1994 gelista
595 1921 731 1993 quia
786 1925 1158 1976 transeuntes
1213 1921 1521 1976 movebant
1605 1921 1796 1993 capita
1871 1937 1980 1976 sua

322 2011 528 2084 (Matth.
560 2027 734 2077 xxvu,
765 2011 854 2080 39)
890 2029 902 2078 ;
941 2034 968 2059 ››
1003 2015 1398 2078 transeuntes,
1431 2027 1544 2065 non
1579 2013 1820 2066 stantes.
1851 2011 1977 2066 Sta-

329 2117 463 2156 mus
493 2099 553 2154 in
585 2099 750 2155 atriis
781 2099 1022 2166 sanctis,
1077 2100 1442 2171 praeterimus
1476 2100 1534 2154 in
1593 2099 1818 2169 plateis.
1877 2101 1978 2154 Sa-

326 2189 530 2245 cerdos
561 2189 853 2262 praeteriit,
887 2187 1057 2244 levita
1087 2189 1480 2260 pertransivit,
1513 2188 1670 2243 stetit
1727 2189 1822 2243 ille
1881 2190 1980 2258 qui

331 2277 807 2335 vulnerainﬂicta
837 2277 1079 2332 curavit.
1111 2278 1286 2333 94η.
1320 2277 1386 2331 Et
1410 2277 1536 2332 ideo
1568 2277 1648 2331 illi
1683 2294 1795 2332 non
1819 2278 1982 2332 dixe-

335 2373 474 2423 runt
518 2367 618 2439 qui
671 2367 1001 2423 transibant
1033 2366 1228 2421 viam:
1290 2390 1316 2416 ‹‹
1373 2366 1703 2421 Benedictio
1752 2366 1983 2422 Domini

336 2474 514 2529 super
543 2474 644 2512 vos
669 2475 681 2512 :
718 2456 1115 2512 bcnelirimus
1147 2469 1245 2510 vos
1275 2456 1346 2510 de
1369 2455 1782 2511 domoDomini
1816 2457 1981 2528 (Paul.

339 2563 570 2615 uxxvui,
603 2547 690 2618 8);
730 2569 755 2593 ››
791 2550 1012 2600 stantes
1041 2544 1220 2610 enim,
1256 2562 1370 2600 non
1423 2549 1793 2601 transeuntes
1849 2550 1988 2600 sunt

337 2636 515 2708 pedes
564 2634 1054 2691 benedicentium.
1113 2634 1372 2704 Denique
1433 2636 1488 2688 et
1539 2633 1768 2688 vineam
1818 2633 1988 2704 cujus

331 2724 525 2781 soluta
558 2724 811 2780 munitio
859 2727 968 2786 est,
1000 2727 1370 2779 transeuntes
1431 2721 1810 2788 vindemiant,
1873 2738 1988 2776 non

340 2818 667 2870 manentes.
698 2814 1095 2869 Transeuntes
1123 2811 1382 2880 sibilant,
1437 2811 1588 2865 sicut
1623 2811 1678 2865 in
1739 2809 1989 2865 Tbrenis

337 2903 602 2959 Jeremia:
637 2901 926 2974 legimus;
967 2922 996 2950 ι(
1037 2902 1372 2955 'l‘enuerunt
1430 2916 1608 2970 super
1666 2904 1721 2954 to
1778 2915 1990 2954 manus

335 3009 541 3050 omnes
575 2993 948 3047 transeuntes
1005 3006 1108 3060 per
1136 2989 1288 3042 viam
1326 2987 1993 3044 sibilaveruntetmove-

340 3085 481 3138 runt
510 3084 686 3152 caput
715 3095 889 3134 suum
921 3094 1098 3151 super
1155 3076 1336 3132 tiliam
1391 3076 1718 3132 Jerusalem
1772 3076 1995 3146 (Thr-en,

2077 500 2174 550 tur
2203 513 2237 552 a
2269 495 2510 553 Domino
2541 498 2656 553 Deo
2687 502 2924 554 nostro:
2961 519 2990 549 ‹‹
3020 499 3108 554 Tu
3138 503 3326 556 autem
3353 500 3438 558 hic
3459 508 3542 560 sta
3563 519 3664 565 me-

2079 602 2212 640 cum
2242 586 2417 655 (Deut.
2451 603 2502 655 v,
2535 587 2625 658 31)
2651 605 2713 654 ;»
2743 586 3027 659 quoniam
3041 587 3143 659 qui
3166 593 3278 645 Deo
3297 591 3562 662 proximus
3577 602 3662 665 est,

2080 673 2271 746 lapsui
2307 691 2417 731 non
2445 679 2636 746 potest
2664 691 2793 732 esse
2823 674 3072 732 vicinus.
3107 675 3310 734 Omnis
3348 680 3489 736 enim
3529 683 3666 756 culpa

2080 762 2236 818 velut
2265 763 2592 820 adversario
2621 763 2752 820 nisu
2786 765 2856 820 de
2885 763 3011 820 loco
3033 765 3301 837 dejicere,
3324 767 3456 824 etde
3479 772 3666 844 proprio

2080 857 2236 908 statu
2295 856 2550 908 mentem
2610 869 2842 909 movere
2899 853 3236 910 consuevit:
3295 856 3440 926 quod
3490 857 3562 913 vel
3609 861 3664 915 ab
3716 873 3725 884 ‘

2079 940 2266 1006 hoste,
2300 940 2384 996 vel
2417 942 2488 997 ab
2518 941 2835 998 luctamine
2865 945 3119 998 tractum
3138 943 3377 999 videtur.
3408 944 3666 1003 Perturbat

2082 1030 2185 1096 ira,
2223 1029 2694 1097 incenditlibido,
2727 1029 2994 1087 stimulat
3045 1030 3672 1102 invidia,exeruciatava-

2081 1119 2236 1186 ritia,
2270 1119 2444 1174 timor
2475 1119 2693 1190 dejicit,
2728 1136 2942 1176 mmror
2966 1119 3194 1194 afﬂigit.
3227 1121 3296 1176 Et
3324 1122 3476 1178 Petro
3491 1123 3670 1180 dictum

2081 1211 2170 1262 est
2199 1224 2233 1262 a
2263 1207 2508 1263 Domino
2537 1207 2713 1263 Jesu:
2753 1229 2781 1258 ι(
2811 1208 2956 1265 Veni
2997 1213 3152 1264 retro
3209 1214 3338 1282 post
3389 1227 3472 1266 me
3524 1210 3670 1288 (κατε.

2082 1314 2202 1365 vm,
2235 1298 2345 1366 33).
2385 1320 2412 1346 »
2445 1297 2570 1352 Non
2619 1298 2763 1353 dixit
2795 1316 2807 1354 :
2842 1298 2988 1354 Veni
3047 1302 3198 1355 retro
3248 1300 3357 1372 (36)
3385 1300 3504 1372 (hoc
3549 1301 3674 1358 enim

2084 1385 2312 1441 diabolo
2344 1385 2450 1441 soli
2472 1386 2659 1454 dixit),
2691 1388 2829 1442 sed:
2866 1411 2893 1438 ι(
2927 1387 3072 1444 Veni
3131 1391 3281 1445 retro
3339 1394 3458 1460 post
3510 1406 3588 1445 me
3613 1408 3624 1456 ;
3652 1413 3674 1440 ιι

2086 1493 2200 1530 non
2233 1481 2318 1531 est
2350 1476 2506 1530 enim
2538 1481 2710 1547 retro,
2762 1477 2862 1548 qui
2919 1481 3054 1549 post
3111 1477 3404 1534 Christum
3445 1484 3540 1535 est.
3589 1477 3677 1534 Sed

2086 1565 2224 1636 quia
2253 1565 2483 1620 errabat
2526 1564 2750 1633 Petrus,
2811 1566 2960 1622 sicut
3009 1565 3294 1623 Dominus
3349 1567 3463 1640 ipse
3512 1568 3580 1623 ait
3623 1566 3677 1622 ad

2084 1653 2327 1726 ipsum:
2366 1675 2385 1700 α
2415 1654 2562 1720 Quia
2591 1671 2705 1710 non
2739 1655 2918 1726 sapis,
2967 1655 3180 1728 inquit,
3235 1673 3357 1728 quae
3418 1655 3507 1713 Dei
3552 1658 3678 1721 sunt,

2087 1743 2186 1798 sed
2213 1760 2336 1814 quae
2369 1749 2508 1797 sunt
2567 1743 2873 1799 hominum
2929 1745 3112 1816 (Ibid.)
3148 1787 3162 1814 ,
3198 1768 3227 1793 ››
3285 1746 3409 1802 ideo
3451 1751 3562 1818 post
3607 1761 3680 1802 me

2088 1832 2238 1898 veni,
2271 1837 2334 1886 ut
2366 1832 2610 1904 incipias
2643 1849 2757 1888 non
2791 1833 3072 1903 humana,
3106 1835 3209 1890 sed
3243 1834 3432 1890 divina
3484 1834 3674 1892 sentin.

2090 1923 2221 1976 Ideo
2251 1927 2309 1976 et
2336 1922 2427 1976 hic
2451 1923 2653 1992 justus
2684 1922 3002 1994 rapiendas
3058 1932 3088 1979 e‘
3147 1924 3321 1980 terris
3373 1925 3482 1980 ait:
3513 1947 3536 1974 ιι
3583 1924 3681 1980 Non

2090 2013 2363 2065 movebor
2393 2009 2670 2082 amplius.
2705 2041 2775 2052 -ο
2799 2011 3054 2066 Dissolvi
3085 2011 3472 2080 enim,etcum
3499 2012 3682 2068 Christo

2089 2118 2237 2167 esse,
2290 2099 2474 2155 multo
2508 2100 2718 2156 melius
2750 2101 2978 2172 (Philip.
3003 2117 3043 2172 ι,
3073 2102 3186 2172 23).
3225 2123 3254 2150 n
3286 2102 3406 2157 Non
3435 2102 3571 2157 enim
3594 2101 3684 2156 labi

2093 2188 2302 2262 poterit
2333 2188 2433 2261 qui
2464 2189 2702 2260 creperit
2729 2205 2858 2245 esse
2889 2204 3024 2244 cum
3080 2189 3338 2260 Christo,
3389 2191 3514 2262 quia
3561 2199 3684 2246 mors

2085 2279 2248 2350 justo
2283 2295 2398 2332 non
2433 2283 2652 2332 natura:
2676 2277 2833 2344 finis,
2865 2278 2964 2333 sed
2989 2277 3172 2350 culpae
3203 2284 3318 2334 est.

2162 2371 2254 2421 20.
2289 2365 2439 2421 lnter
2471 2366 2577 2422 has
2611 2383 2778 2422 voces
2809 2367 3004 2422 subito
3049 2366 3206 2423 videt
3259 2367 3484 2440 agmina
3525 2381 3684 2437 persc-

2095 2456 2421 2528 quenlium,
2455 2460 2509 2510 et
2543 2456 2692 2510 inter
2723 2455 2981 2528 pericula
3009 2456 3242 2528 positus
3273 2473 3384 2512 non
3414 2456 3478 2512 de
3504 2453 3688 2511 sesolli-

2095 2545 2267 2611 citus,
2318 2545 2419 2600 sed
2469 2546 2539 2599 de
2633 2545 2723 2601 his
2771 2561 2918 2617 quos
2970 2544 3222 2602 liberare
3287 2545 3552 2617 cupiebat,
3589 2543 3685 2597 ait:

2099 2657 2125 2684 ‹‹
2186 2634 2498 2705 Quousque
2553 2633 2776 2690 irruitis
2829 2633 2889 2689 in
2951 2633 3279 2706 hominem)
3338 2633 3688 2690 interﬁcientes

2097 2723 2404 2778 universos
2435 2724 2672 2794 (Supra,.
2693 2740 2828 2778 vers.
2864 2725 2918 2791 4)
2949 2722 2977 2778 ?
3009 2735 3052 2776 ι·
3075 2723 3136 2779 Si
3168 2741 3268 2780 me
3311 2722 3562 2796 quaeritis,
3609 2735 3687 2776 cur

2100 2811 2244 2868 alios
2273 2811 2446 2866 vultis
2478 2811 2780 2867 occidere?
2811 2811 2999 2868 Oli'ero
3030 2826 3123 2868 me
3179 2812 3312 2885 ipse
3364 2814 3472 2885 pro'
3511 2808 3688 2876 multis,

2101 2900 2240 2974 quia
2265 2919 2366 2973 pro
2397 2900 2671 2956 omnibus
2701 2899 2863 2956 solus
2893 2918 2954 2957 se
2983 2899 3081 2958 ille
3123 2902 3318 2974 potuit
3370 2901 3565 2967 otl'erre,
3613 2895 3685 2969 qui

2102 2994 2305 3046 auctor
2335 2993 2423 3044 est
2451 2990 2738 3044 omnium.
2770 2991 2962 3063 Ipsius
2986 3007 3122 3063 ergo
3165 3007 3347 3063 quem
3401 2987 3687 3062 sequebatur

2105 3077 2363 3133 imitator
2392 3078 2472 3132 ait
2502 3079 2676 3149 (Joan.
2701 3096 2858 3146 xvui,
2890 3079 2945 3146 8,
2976 3079 3054 3146 9,)
3088 3096 3100 3134 :
3131 3103 3152 3128 ι
3201 3079 3266 3134 Si
3324 3095 3413 3134 me
3463 3074 3683 3148 queritis,

335 3186 398 3240 ιι,
431 3171 543 3242 l5).
581 3193 604 3222 ι
641 3170 772 3225 Ideo
803 3168 1074 3224 sacerdos
1107 3183 1219 3222 non
1254 3166 1441 3240 potuit
1471 3166 1756 3234 coronari,
1819 3165 1992 3222 levita
2021 3157 2063 3222 C
2099 3166 2270 3224 sinite
2300 3167 2406 3222 hos
2437 3166 2598 3222 abire
2630 3185 2644 3235 ;
2679 3171 2743 3222 ut
2773 3165 3088 3240 impleatur
3126 3184 3325 3224 sermo
3380 3182 3536 3239 quem
3576 3161 3689 3218 dixit

336 3279 455 3318 non
480 3259 688 3333 potuit,
720 3259 858 3330 quia
897 3256 1275 3324 transierunt,
1332 3260 1390 3311 et
1447 3260 1727 3328 tanquam
1788 3257 1996 3311 umbra

336 3350 761 3424 praeterierunt.
795 3347 1124 3420 Stephanus
1155 3350 1352 3402 autem
1379 3345 1658 3418 martyrio
1688 3351 1997 3401 coronatus

333 3446 422 3497 est
465 3439 605 3512 quia
660 3442 911 3494 stantem
934 3436 1164 3492 videbat
1192 3435 1506 3492 Dominum
1537 3435 1991 3503 Jesum,immo-

335 3529 535 3596 bilem,
568 3545 684 3584 non
716 3531 1180 3599 praetereuntem.
1215 3524 1542 3580 lmmobilis
1569 3541 1704 3596 ergo
1726 3524 1838 3579 lide
1868 3524 1991 3579 Ste-

335 3617 569 3690 phanus
603 3615 963 3671 immobilem
997 3615 1292 3669 Christum
1325 3615 1591 3681 videbat;
1653 3612 1814 3668 nullo
1871 3617 1992 3669 erat

335 3704 546 3761 mortis
577 3703 782 3758 timore
842 3707 1190 3758 commotus.
1217 3703 1340 3757 Non
1366 3701 1544 3758 movit
1561 3719 1621 3757 se
1634 3701 1989 3774 Stephanus,

337 3812 452 3851 non
485 3792 669 3849 movit
698 3807 762 3847 se
791 3791 1073 3848 Christus.
1100 3793 1388 3847 Commoti
1435 3797 1574 3847 sunt
1632 3791 1737 3845 filii
1796 3792 1989 3863 prodi-

337 3884 504 3950 toris,
537 3883 609 3939 de
640 3879 856 3954 quibus
903 3879 1148 3936 dicitur:
1186 3901 1212 3929 ‹‹
1266 3879 1550 3936 Commoti
1609 3885 1992 3936 amoveantur

335 3971 437 4027 lilii
472 3972 620 4043 ejus,
652 3975 709 4026 et
769 3969 1101 4025 mendicent
1157 3969 1325 4038 (Psal.
1382 3985 1537 4037 cvm,
1607 3968 1717 4040 40).
1764 3990 1790 4016 ››
1851 3968 1991 4040 Eget

336 4062 490 4117 enim
544 4061 770 4117 medico
828 4059 929 4132 qui
988 4063 1250 4114 movetur
1305 4059 1438 4127 (35).
1474 4058 1647 4130 Inops
1703 4062 1985 4130 peccator,

334 4151 494 4208 dives
522 4156 611 4206 est
632 4151 834 4222 justus
859 4167 872 4217 ;
906 4148 1046 4222 quia
1078 4148 1235 4204 nullo
1256 4149 1404 4204 bono
1426 4148 1639 4214 deticit,
1659 4147 1757 4218 qui
1790 4147 1987 4202 Domi-

334 4257 478 4296 num
501 4257 734 4312 semper
761 4238 1024 4310 inquirit.

410 4331 494 4386 19.
527 4329 596 4385 Et
627 4329 764 4402 quia
793 4328 927 4384 inde
956 4331 1174 4383 tractus
1225 4332 1314 4382 est
1374 4343 1584 4393 sermo,
1639 4325 1738 4397 qui
1798 4326 1942 4382 dixit
1969 4343 1981 4383 :

336 4443 364 4470 «
400 4420 524 4477 Non
559 4420 834 4475 movebor
873 4416 1128 4490 amplius
1152 4441 1180 4466 ››
1207 4417 1360 4489 quod
1395 4416 1612 4472 moveri
1644 4416 1716 4471 ad
1749 4416 1983 4488 culpam

2104 3255 2277 3312 Jesus
2303 3255 2481 3319 :Quia
2511 3272 2625 3310 non
2657 3255 2883 3328 perdidi
2915 3272 2984 3311 ex
3004 3255 3148 3328 ipsis
3170 3255 3691 3329 quemquamprater

2107 3361 2290 3400 unum
2322 3366 2350 3395 »
2385 3344 2515 3415 (hoc
2545 3343 2703 3400 enim
2730 3343 2790 3398 in
2821 3342 2934 3400 alio
2973 3343 3119 3400 libro
3181 3345 3468 3402 sententia
3515 3337 3692 3396 Domini

2103 3433 2598 3506 comprehendit);
2631 3433 2732 3505 qui
2762 3438 2959 3489 tamen
2995 3449 3102 3489 sua
3131 3433 3332 3507 magis
3361 3431 3516 3505 periit
3539 3427 3695 3485 volun-

2101 3527 2238 3588 tate,
2298 3539 2474 3594 quam
2531 3539 2678 3590 mea,
2741 3521 2952 3594 inquit,
3001 3522 3313 3578 severitate
3379 3519 3592 3594 punitus
3613 3517 3695 3571 est.

2101 3612 2326 3667 Etcum
2357 3627 2462 3683 ego
2496 3627 2587 3666 me
2625 3613 2832 3682 sponte
2861 3610 3121 3679 offeram,
3155 3610 3385 3667 irruitis
3435 3613 3488 3665 et
3519 3608 3698 3662 incum-

2101 3700 2238 3756 bitis
2266 3723 2293 3750 ‹‹
2325 3704 2609 3772 tanquam
2641 3699 2848 3771 parieti
2878 3697 3182 3767 inclinato,
3218 3703 3277 3756 et
3326 3695 3566 3755 maceriae
3612 3695 3696 3747 im-

2099 3788 2280 3861 pulsa:-
2312 3789 2484 3860 (Psal.
2509 3805 2619 3860 LXI,
2652 3789 2728 3856 4).
2763 3810 2790 3837 ››
2821 3788 2940 3844 Hoc
2967 3792 3056 3844 est
3079 3803 3094 3843 :
3116 3793 3284 3860 Apex
3307 3787 3520 3844 dudum
3536 3780 3701 3840 nobilis

2100 3879 2256 3933 sedis
2307 3878 2463 3933 668
2527 3881 2807 3950 augustae,
2878 3881 2935 3932 ct
2996 3877 3326 3934 circunfusi
3415 3880 3528 3932 toto
3595 3869 3699 3926 orbe

2101 3967 2360 4022 Romano
2391 3966 2620 4022 validus
2649 3965 2949 4038 quondam
2979 3983 3192 4024 murus
3221 3963 3610 4040 imperii,sicut
3630 3975 3702 4032 pa-

2099 4057 2212 4112 ries
2241 4055 2580 4124 inclinatus,
2614 4061 2718 4112 aut
2751 4055 3031 4113 maceries
3061 4055 3327 4129 impulsa
3354 4053 3606 4112 collabor.

2166 4146 2254 4199 21.
2287 4145 2398 4200 Sed
2431 4146 2653 4213 esto,ad
2688 4149 2937 4202 mortem
2979 4161 3071 4202 me
3125 4162 3320 4218 usque
3370 4140 3700 4217 appetierunt,

2097 4235 2454 4306 quaesierunt
2481 4235 2554 4289 ad
2582 4251 2785 4290 necem
2816 4235 3108 4291 dicentes:
3142 4234 3452 4291 Tollamus
3491 4233 3698 4304 justum,

2095 4323 2375 4380 tollamus
2396 4323 2853 4380 misericordem:
2875 4323 3014 4396 quia
3041 4323 3240 4396 gravis
3257 4327 3351 4380 est
3378 4319 3539 4378 nobis
3562 4315 3702 4374 etiam

2096 4413 2169 4469 ad
2199 4413 2514 4469 videndum
2539 4431 2551 4481 ;
2578 4413 2679 4468 sed
2697 4412 2872 4469 etiam
2894 4412 3397 4470 existimationem
3413 4425 3587 4468 meam
3599 4405 3669 4476 (37
3671 4403 3699 4471 λ

334 4510 433 4578 sit,
467 4509 722 4564 ostendit
750 4508 873 4580 ipse
903 4507 1083 4562 David
1113 4507 1312 4562 dicens
1341 4523 1353 4560 :
1389 4529 1416 4557 «
1451 4506 1559 4572 Qui
1615 4507 1811 4577 posuit
1859 4505 1983 4561 ani-
2014 4520 2062 4586 υ
2093 4502 2504 4559 castimoniam
2537 4518 2727 4558 meam
2774 4501 3157 4558 sauciandam
3205 4501 3382 4559 falsis
3437 4490 3696 4586 calumniis

337 4613 499 4654 mam
531 4611 721 4652 meam
752 4597 823 4652 ad
873 4597 1076 4664 vitam,
1133 4601 1190 4652 et
1244 4613 1359 4651 non
1416 4595 1576 4651 dedit
1633 4594 1981 4651 commoveri

406 4819 516 4892 (35)
548 4819 700 4892 Edit.
737 4819 926 4883 Rom.,
959 4819 1087 4888 Eget
1116 4819 1343 4892 enimet
1373 4816 1662 4892 mendicat,
1708 4819 1824 4892 _qui
1868 4833 1982 4873 mo-

331 4887 507 4949 vetur.
536 4891 696 4959 Aliae,
729 4907 794 4945 ac
829 4907 972 4945 mss.
1005 4887 1230 4956 Omnes,
1263 4890 1392 4956 Eget
1421 4891 1570 4942 enim
1600 4887 1822 4953 medico,
1870 4894 1980 4956 etc,

332 4965 530 5020 Bonus
559 4980 770 5019 sensus
793 4961 1374 5032 licetaliquantulum
1401 4961 1734 5032 reconditus
1760 4979 1772 5028 ;
1808 4978 1980 5032 quem

333 5041 396 5090 ut
426 5035 606 5108 probe
636 5034 952 5105 intelligas,
987 5031 1215 5108 adverte
1256 5032 1350 5086 hic
1403 5031 1596 5108 prima
1627 5033 1741 5086 duo
1811 5031 1982 5088 istius

333 5104 604 5162 versiculi
664 5104 852 5161 verba
897 5104 1197 5175 explicarit
1247 5105 1497 5158 commoti
1560 5111 1979 5175 amoveantur:

331 5177 752 5232 commotiones
775 5173 1217 5232 autem—morbos
1236 5183 1409 5246 atque
1437 5173 1812 5246 :egritudines
1853 5175 1982 5230 ani-

332 5249 412 5303 mi
442 5266 602 5304 esse:
637 5249 789 5304 unde
810 5267 844 5303 a
873 5248 1088 5304 Graecis
1116 5255 1245 5314 mter,
1275 5245 1685 5302 vecatze'sunt.
1715 5245 1985 5302 lnnuitur

334 5317 528 5390 itaque
560 5321 666 5375 hoc
698 5326 815 5375 toto
849 5319 1132 5374 versiculo
1164 5324 1493 5390 peccatores
1542 5322 1600 5372 et
1636 5317 1702 5390 in
1753 5318 1984 5390 mgritu-

333 5389 468 5462 dine
498 5396 556 5446 et
585 5391 644 5444 in
675 5397 930 5462 egestate
964 5407 1028 5445 ac
1063 5391 1306 5462 penuria
1336 5407 1463 5444 esse
1524 5389 1762 5462 positos.
1809 5389 1981 5462 Hauc

335 5458 869 5532 interpretationem
911 5458 1217 5516 conlirmat
1267 5478 1392 5532 qua:
1426 5458 1575 5514 infra
1605 5461 1675 5515 de
1709 5461 1812 5526 ira,
1853 5461 1982 5516 libi-

335 5530 676 5610 dine‘at’que
708 5530 838 5586 aliis
865 5530 1404 5610 perturbationibus
1435 5533 1731 5610 dicuntur.

323 5657 334 5668 ,
407 5602 516 5684 (36)
548 5602 639 5658 Sic
669 5615 872 5659 omnes
923 5619 1066 5658 mss.
1120 5620 1185 5660 ac
1231 5608 1338 5660 vet.
1391 5603 1530 5676 edit,
1581 5604 1748 5662 Rom.
1824 5619 1976 5676 vero,

2093 4595 2472 4666 putaverunt;
2506 4591 2615 4649 hoc
2646 4596 2735 4648 est
2763 4591 2922 4648 enim
2954 4608 2968 4648 :
3005 4614 3033 4643 ‹‹
3067 4591 3335 4648 Pretium
3368 4603 3554 4647 meum
3579 4581 3698 4654 cogi-

2093 4833 2203 4895 non
2230 4817 2373 4895 digit
2391 4835 2408 4872 :
2427 4817 2592 4895 ‘Vade
2614 4825 2776 4874 retro.
2798 4816 2923 4895 _Sed
2955 4815 3279 4895 discrimen
3307 4817 3380 4895 de
3400 4809 3693 4895 quoagith,

2093 4889 2150 4942 in
2184 4890 2444 4954 vocibus,
2473 4893 2594 4961 post
2624 4905 2728 4955 me,
2762 4889 2942 4944 situm
2972 4893 3081 4958 est,
3116 4905 3236 4961 non
3261 4891 3461 4961 autem
3517 4889 3568 4940 in
3610 4892 3696 4961 ver-

2093 4961 2204 5026 bis,
2240 4961 2370 5014 rade
2395 4966 2446 5016 ct
2473 4955 2600 5016 ἱνεηὶ
2631 5003 2646 5029 ,
2679 4977 2814 5015 cum
2837 4962 3040 5017 eodem
3066 4955 3248 5016 verbo
3279 4959 3574 5031 Scriptura
3589 4955 3698 5031 ut}?

2092 5018 2269 5102 biq'ue
2311 5047 2418 5087 usa
2445 5018 2644 5088 fuerit:
2666 5032 2810 5088 Nam
2835 5032 2906 5088 de
2935 5031 3168 5088 diabolo
3203 5031 3288 5086 ait
3318 5018 3520 5086 Matth.
3545 5018 3694 5102 H.193

2089 5115 2261 5172 Ὕπγε,
2293 5103 2622 5171 Σιιαναῖ;(1θ
2679 5103 2846 5158 Petro
2906 5107 3101 5159 autem
3176 5103 3347 5159 Marc
3422 5116 3537 5156 vnn
3613 5103 3688 5147 332

2088 5177 2272 5234 ’Ὕπαγε
2303 5173 2456 5226 ὀπίσω
2487 5190 2597 5236 μου,
2630 5178 2844 5224 Σατανᾶ.

2163 5245 2274 5315 (37)
2307 5245 2424 5300 Hoc
2455 5245 2704 5300 atrocior
2731 5262 2801 5302 ea
2827 5242 3124 5300 calumnia
3145 5243 3283 5316 fuit,
3315 5241 3476 5316 quod
3511 5239 3567 5316 in
3594 5245 3690 5316 qun:

2092 5311 2363 5372 {esseest
2391 5317 2547 5388 apud
2578 5332 2782 5374 omnes
2811 5316 3118 5372 historicos
3146 5311 3691 5388 (Jgra’tianuminsigal

2091 5387 2357 5443 castitate
2390 5384 2663 5444 ornatum
2709 5388 2911 5444 fuisse.
2969 5387 3121 5454 Quin
3175 5386 3305 5442 imo
3365 5387 3519 5440 fuere
3560 5384 3688 5450 etin!!!

2092 5459 2190 5530 qui
2212 5459 2475 5515 mimiam
2489 5460 2618 5530 ejus
2631 5458 3039 5516 verecundiam
3053 5457 3688 5530 reprehenderent,qu851

2089 5531 2364 5604 gerendis
2397 5531 2627 5606 imperii
2659 5533 2834 5590 rebus
2853 5545 3063 5605 parum
3094 5530 3498 5587 commodam.
