3856 6206
183 370 328 439 1233

1274 365 1738 440 ENARRATIO
1782 365 1862 432 IN
1902 364 2283 432 PSALMUM
2326 367 2475 432 LXI.

3418 328 3579 445 i234

180 507 435 571 taverunt
460 499 769 579 repellere;
798 522 828 555 »
875 497 1015 576 quia
1066 499 1317 575 pretium
1376 500 1489 575 (38)
1548 505 1816 561 nostrum
1842 499 1899 573 Α
1926 518 2060 560 ossa
2089 482 2485 575 crepitarent?
2533 501 2689 560 904
2747 501 2891 561 Cum
2957 499 3160 560 vinum
3215 500 3464 573 biberes,
3500 509 3581 564 et

176 594 444 673 pudicitia
469 598 580 663 est,
613 610 740 667 quas
773 608 881 651 nos
912 596 1189 666 separata
1217 592 1560 665 pecudibus,
1593 592 1816 664 angelis

173 686 378 760 jungit.
424 683 682 741 Pretium
731 686 1003 739 nostrum
1060 681 1465 739 misericordia
1519 685 1625 748 est,
1687 698 1813 753 qum

179 793 279 835 nos
307 776 443 831 dum
467 773 761 830 confertur
786 771 1082 844 inopibUS,
1117 771 1354 827 redimit
1385 788 1419 825 a
1447 777 1655 827 morte.
1682 771 1812 825 Pre-

178 868 315 923 tium
346 867 611 919 nostrum
642 862 786 918 ﬁdes
816 865 925 930 est,
952 877 1078 932 quae
1106 876 1308 915 omnes
1329 859 1597 916 homines
1609 858 1813 932 gentili

178 969 359 1017 errore
400 956 457 1007 et
503 949 779 1007 servitute
837 950 1145 1021 depressos
1200 948 1431 1005 Christo
1487 948 1814 1020 acquisivit.

183 1041 429 1100 Pretium
463 1043 729 1096 nostrum
762 1038 917 1094 bona
945 1037 1297 1094 existimatio
1323 1042 1430 1105 est,
1464 1037 1815 1108 quiaunius-

177 1132 453 1203 cujusque
503 1131 776 1185 nostrum
828 1126 1175 1182 meritorum
1231 1127 1409 1183 series
1466 1127 1809 1182 aestimatur.

178 1219 421 1276 Pretium
452 1222 718 1274 nostrum
752 1216 1045 1272 munditia
1075 1220 1249 1287 atque
1298 1215 1644 1287 simplicitas
1703 1219 1812 1281 est,

177 1308 308 1381 quia
335 1306 617 1378 scriptum
643 1309 766 1361 est:
805 1326 832 1355 «
863 1304 1164 1361 Possessio
1182 1303 1437 1375 pretiosa
1458 1304 1812 1359 virmundus

176 1397 347 1468 (Prov.
379 1413 482 1465 x11,
516 1395 627 1467 27.),
665 1416 693 1443 »
726 1392 873 1449 nihil
900 1394 1061 1449 enim
1120 1393 1437 1464 pretiosius
1466 1393 1610 1461 viro,
1670 1394 1810 1450 sim-

174 1485 323 1559 plici.
349 1485 511 1541 Unde
528 1483 841 1556 Apostolus
863 1482 1105 1555 pulchre
1133 1501 1145 1538 :
1172 1506 1200 1533 ‹‹
1224 1483 1575 1552 Abundavit,
1597 1484 1810 1554 inquit,

173 1575 231 1630 in
257 1573 471 1631 divitiis
505 1571 906 1644 simplicitatis
934 1587 1052 1627 suae
1085 1573 1157 1643 (II
1186 1573 1305 1627 Cor.
1339 1589 1460 1638 VIII,
1495 1574 1567 1643 2).
1603 1594 1630 1623 »
1665 1572 1809 1636 Quid
1855 1646 1861 1653 _

174 1664 321 1721 enim
352 1660 729 1734 simplicitate
757 1659 967 1716 ditius:
1004 1677 1130 1733 quae
1163 1660 1317 1717 sicut
1361 1662 1550 1716 bonus
1590 1664 1812 1732 parter-

172 1751 417 1809 familias
433 1751 580 1807 satis
602 1750 713 1806 sibi
730 1750 1011 1817 abundat,
1040 1752 1096 1805 et
1118 1766 1225 1806 sua
1244 1750 1499 1821 puritate
1522 1753 1812 1819 contenta,

174 1858 280 1904 non
313 1840 520 1913 quaerit
550 1838 830 1907 alienum,
864 1854 969 1895 nec
1000 1839 1251 1906 abrodit,
1284 1839 1385 1895 sed
1409 1840 1553 1895 dese
1575 1842 1812 1895 caeteros
1843 1874 1892 1940 Β

173 1931 361 2003 fugit?
391 1930 679 1987 Innocens
708 1928 865 1984 enim
895 1928 1079 1983 credit
1121 1928 1280 1984 omni
1338 1928 1532 1998 verbo,
1593 1944 1699 1986 nec
1751 1943 1813 1984 se

171 2018 226 2079 in
248 2023 400 2076 artes
428 2018 621 2075 varias
650 2034 803 2089 saepe
831 2020 1171 2085 commutat,
1206 2018 1360 2073 sicut
1388 2017 1605 2073 astutia
1661 2033 1811 2087 quae,

171 2112 233 2164 ut
260 2108 336 2165 sit
364 2111 559 2174 cauta,
590 2106 758 2162 timet
814 2106 1032 2173 omnia,
1094 2123 1199 2162 nec
1245 2122 1307 2162 se
1365 2105 1628 2162 consiliis
1686 2104 1812 2161 suis

169 2198 365 2266 credit,
420 2199 618 2253 versat
666 2212 805 2252 suas
861 2195 991 2268 ipsa
1048 2195 1392 2252 sententias.
1453 2194 1811 2266 Simplicitas

169 2290 356 2343 autem
386 2286 597 2342 timere
624 2284 708 2340 nil
740 2284 916 2341 novit.
948 2284 1067 2341 Hoc
1096 2283 1277 2357 igitur
1315 2299 1525 2356 genere
1556 2285 1810 2357 pretium

162 2375 304 2446 justi
335 2373 616 2448 repellere
673 2376 1080 2442 tentaverunt;
1141 2373 1249 2429 etsi
1307 2373 1494 2445 possit
1550 2378 1607 2429 et
1667 2375 1810 2431 illud

167 2463 434 2536 intelligi,
493 2461 633 2533 quia
677 2478 887 2516 aurum
936 2461 1064 2532 ejus
1121 2460 1395 2517 manibus
1426 2462 1810 2534 accipiebant,

167 2552 336 2608 corde
366 2552 578 2608 intimo
600 2548 978 2621 repellebant,
1011 2550 1267 2622 praedam
1299 2553 1582 2617 tenentes,
1635 2552 1809 2608 fidem

166 2644 463 2713 negantes.

231 2729 320 2784 22.
354 2729 521 2785 Unde
551 2730 608 2783 et
636 2727 754 2783 ait:
788 2745 810 2775 α
844 2727 1088 2783 Cucurri
1147 2726 1206 2782 in
1263 2726 1358 2782 siti
1395 2745 1407 2794 ;
1448 2749 1468 2778 ο
1523 2744 1589 2783 eo
1656 2731 1810 2800 quod

164 2817 337 2874 ﬁdem
372 2818 677 2890 quaereret,
711 2819 768 2871 et
797 2815 1055 2871 invenire
1084 2832 1198 2872 non
1226 2819 1444 2887 posset,
1494 2816 1812 2873 destitutus

166 2924 198 2964 a
226 2907 422 2978 sociis,
455 2924 490 2962 a
519 2904 772 2978 prepriis
798 2903 1131 2961 derelictus.
1163 2904 1255 2959 Sic
1272 2905 1585 2960 Dominum
1608 2906 1809 2961 Jesum

164 2994 417 3068 legimus
448 2995 509 3051 in
541 2992 850 3066 Evangelio
881 2997 939 3050 et
962 2993 1238 3064 esuriese,
1271 2996 1328 3049 et
1357 2994 1553 3050 sitisse
1602 2995 1809 3065 (Matth.

165 3102 241 3141 1v.
298 3088 355 3151 2,
414 3088 476 3140 et
532 3085 691 3139 Joan.
749 3099 866 3150 xxx,
924 3082 1085 3150 28);
1146 3098 1279 3138 cum
1328 3083 1579 3138 esuriret
1635 3084 1811 3141 ﬁdem

164 3177 449 3241 nostram,
482 3171 672 3229 sitiret
712 3188 886 3243 opera
943 3174 1161 3239 nostra,
1217 3187 1469 3241 quaerere
1521 3172 1812 3228 videretur

162 3261 370 3319 aliena.
403 3264 526 3316 Aut
554 3263 620 3315 ut
648 3259 721 3314 ad
752 3259 909 3315 sitim
946 3258 1202 3331 corporis
1230 3260 1810 3333 referamus,quanta

162 3349 514 3423 indignitate
540 3348 682 3403 dicit
732 3364 798 3402 :u
857 3347 1098 3403 Cucurri
1150 3349 1209 3402 in
1268 3348 1466 3403 siti?»
1527 3348 1637 3404 hoc
1699 3354 1805 3417 est,

157 3440 273 3512 Ego
314 3438 615 3501 sitiebam,
649 3452 781 3491 cum
814 3434 911 3491 alii
945 3453 1075 3492 mea
1102 3436 1236 3492 vina
1266 3440 1600 3506 ructarent;
1633 3442 1690 3493 et
1741 3456 1811 3494 ex

157 3527 253 3584 illo
297 3530 589 3601 suggestu
609 3524 1142 3597 sublimisimperii,
1173 3525 1584 3598 opulentiaque
1606 3525 1807 3600 regali,

157 3618 227 3674 ad
256 3620 526 3674 extrema
556 3613 687 3672 sitis
717 3613 942 3686 plebeia
980 3614 1234 3686 quadam
1275 3615 1494 3672 vilitate
1523 3615 1812 3673 deductus

155 3723 309 3764 sum.

220 3796 314 3853 23.
343 3796 418 3851 Et
447 3792 591 3865 quia
620 3792 853 3849 Gracus
884 3792 1062 3849 habet
1093 3800 1321 3865 ἔδραμον,
1403 3794 1553 3865 quod
1632 3793 1813 3866 signi-

154 3885 291 3942 ﬁcat
319 3888 379 3941 et
409 3881 647 3940 cucurri
678 3880 1070 3955 singulariter,
1116 3886 1173 3938 et
1193 3886 1574 3938 cucurrerunt
1619 3882 1813 3955 plura-

154 3973 306 4041 liter,
342 3976 544 4046 potest
574 3974 632 4025 et
663 3971 747 4027 sic
776 3969 1064 4043 intelligi:
1125 3970 1523 4028 Cucurrerunt
1576 3971 1637 4028 in
1695 3972 1814 4041 siti,

157 4078 416 4136 quorum
452 4061 654 4116 fauces
683 4063 829 4115 aestu
847 4059 1027 4115 nimio
1059 4060 1340 4115 fundendi
1372 4060 1485 4116 mei
1514 4060 1817 4133 sanguinis

156 4154 467 4208 aruerunt.
503 4147 671 4204 Sicut
698 4147 853 4203 enim
886 4152 975 4204 est
1004 4147 1133 4204 sitis
1165 4147 1322 4219 ﬁdei,
1355 4148 1437 4203 ita
1465 4153 1519 4204 et
1542 4149 1815 4221 perﬁdiae.

157 4241 333 4297 Sitim
366 4238 537 4295 illam
561 4238 767 4308 justus
798 4236 942 4305 sitit,
991 4237 1090 4307 qui
1150 4238 1231 4292 ait
1263 4253 1274 4290 :
1311 4259 1339 4285 ‹‹
1382 4236 1573 4292 Sitivit
1625 4237 1821 4294 anima

159 4345 294 4386 mea
323 4328 401 4386 ad
433 4332 511 4384 te.
540 4326 695 4381 Deus
725 4326 901 4395 (Psal.
926 4342 1038 4393 xm,
1071 4326 1145 4396 3).
1182 4347 1210 4373 ››
1230 4324 1406 4381 lstam
1432 4325 1661 4397 perfidi,
1684 4342 1822 4397 quo-

157 4434 291 4475 rum
324 4417 539 4489 lingua
564 4431 679 4486 prae
710 4413 807 4469 siti
854 4413 1028 4470 aruit.
1090 4416 1273 4481 Quam
1332 4413 1515 4469 sitivit
1568 4412 1666 4469 ille
1720 4415 1822 4486 qui

157 4508 315 4564 inter
345 4503 601 4562 convivii
627 4503 807 4575 dapes
850 4506 908 4559 et
956 4502 1166 4574 pocula
1222 4501 1597 4569 constitutus,
1656 4503 1821 4559 inno-

157 4595 351 4652 centis
399 4592 655 4649 convivae
714 4606 915 4647 necem
966 4590 1321 4646 moliebatur
1377 4592 1628 4663 Augusti
1657 4591 1769 4663 (30)
1796 4594 1823 4647 Ῥ
1859 4612 1901 4677 θ

157 4683 370 4741 Nonne
422 4680 533 4737 tibi
588 4679 1178 4751 videbatur,.impie,
1229 4696 1362 4735 cum
1419 4680 1828 4751 manducares,

1923 593 2302 665 parricidium
2334 594 2640 666 cogitares,
2675 593 2831 667 quod
2846 591 2962 649 illis
2981 592 3209 666 poculis
3226 594 3573 670 sanguinem

1922 682 2025 737 tibi
2057 682 2381 739 innocentis
2414 683 2753 739 infunderes
2782 683 2910 739 ?Ita
2940 700 3182 756 prorsus
3205 683 3433 742 alienus
3460 702 3575 744 non

1923 771 2115 827 solum
2149 772 2220 827 ab
2253 772 2600 839 imitatione,
2631 773 2727 828 sed
2759 773 2936 828 etiam
2968 790 3000 828 a
3030 772 3279 829 lectione
3334 774 3569 845 divina;

1921 864 1987 915 ut
2013 877 2130 916 non
2160 861 2265 916 tibi
2297 861 2516 917 veniret
2545 861 2604 916 in
2636 866 2891 918 mentem
2922 861 3246 929 versiculus
3276 861 3373 918 ille
3417 864 3574 935 psal—

1923 966 2193 1017 morum;
2234 972 2254 999 α
2289 951 2373 1005 Tu
2404 967 2538 1007 vero
2569 951 2745 1006 homo
2770 951 3089 1015 unanimis,
3118 952 3237 1007 dux
3295 968 3462 1008 meus
3515 958 3573 1009 et

1920 1042 2098 1095 notus
2126 1055 2314 1106 meus,
2350 1039 2452 1110 qui
2511 1039 2687 1094 simul
2746 1056 2977 1095 mecum
3026 1040 3237 1107 ,dulces
3298 1041 3571 1113 capiebas

1922 1127 2083 1183 cibos
2114 1128 2281 1197 (Psal.
2318 1145 2428 1194 LIV,
2464 1127 2531 1182 14
2561 1132 2618 1182 et
2649 1130 2756 1199 15).
2789 1151 2815 1177 ››
2845 1130 3034 1199 Atque
3064 1127 3158 1184 ille
3188 1128 3361 1197 alius,
3399 1131 3570 1201 cujus

1922 1216 2194 1295 meminit
2224 1216 2283 1271 in
2314 1216 2622 1289 Evangelio
2653 1217 2777 1289 ipse
2808 1218 3094 1273 Dominus
3122 1218 3295 1274 Jesus
3327 1235 3340 1273 :
3404 1242 3432 1269 (ί
3463 1219 3569 1286 Qui

1921 1305 2127 1360 edebat
2159 1322 2385 1362 mecum
2415 1322 2649 1378 panem,
2672 1306 2887 1362 levabit
2909 1324 3085 1378 super
3114 1323 3207 1362 me
3233 1306 3570 1364 calcaneum

1922 1393 2098 1463 (Joan.
2131 1396 2391 1465 1011,18).
2426 1417 2453 1445 »

1902 1480 1915 1488 ’
1989 1484 2079 1537 24.
2114 1507 2141 1531 ‹‹
2177 1484 2323 1549 Quid
2346 1483 2451 1539 tibi
2471 1484 2984 1556 faciam,Ephraem
3013 1485 3186 1556 ;quid
3208 1484 3314 1540 tibi
3337 1486 3567 1542 faciam.

1919 1569 2073 1627 Juda
2104 1573 2256 1641 (Osee
2284 1590 2362 1638 vr,
2396 1575 2451 1641 4)
2485 1595 2512 1622 ››
2546 1573 2745 1629 Plures
2798 1572 3093 1645 reliquisti
3151 1574 3321 1629 nobis
3378 1575 3574 1646 prodi-

1923 1660 2100 1717 tionis
2132 1665 2242 1717 tuae
2274 1666 2332 1717 et
2362 1662 2586 1718 fraudis
2616 1662 2911 1731 haeredes;
2945 1663 3066 1719 haec
3097 1663 3251 1718 enim
3281 1662 3458 1720 etiam
3499 1665 3573 1721 ad

1921 1750 2278 1821 proditorem
2325 1752 2541 1807 Judam
2601 1755 2793 1824 potest
2849 1768 2952 1823 per
3008 1752 3399 1824 apostrophen
3459 1754 3570 1825 (40)

1921 1837 2186 1896 derivari.
2220 1839 2533 1896 Prodidisti
2564 1840 2764 1908 vitam,
2802 1857 3071 1913 regnum,
3104 1840 3569 1898 Dominum.Sed

1921 1932 2095 1988 Jesus
2126 1929 2412 1987 Dominus
2435 1930 2615 1986 semel
2646 1930 2705 1985 in
2739 1946 2821 1995 se,
2858 1931 3193 2003 frequenter
3221 1930 3281 1985 in
3322 1930 3569 1987 servulis

1921 2021 2044 2075 suis
2075 2020 2358 2091 proditur.
2400 2042 2420 2070 α
2454 2020 2617 2086 Quod
2648 2020 2802 2076 enim
2838 2020 3161 2074 uniborum
3187 2019 3569 2076 minimarum

1919 2108 2159 2177 fecistis,
2192 2108 2359 2176 mihi,
2414 2109 2623 2181 inquit,
2684 2109 2901 2165 fecistis
2961 2108 3174 2178 (Matth.
3225 2125 3357 2176 xxv,
3391 2109 3500 2181 40).
3538 2132 3568 2159 ››

1921 2199 2007 2253 Tu
2036 2197 2385 2254 commissos
2416 2197 2522 2253 tibi
2555 2197 2777 2254 loculos
2810 2202 2867 2254 et
2909 2197 3185 2269 pecunias
3242 2214 3568 2270 pauperum

1921 2286 2253 2358 suscepisti,
2277 2287 2388 2342 iste
2418 2286 2745 2358 provincias
2792 2287 2905 2343 sibi
2949 2287 3219 2342 creditas.
3279 2287 3364 2342 Tu
3424 2304 3568 2359 apo-

1921 2374 2055 2431 stoli
2085 2374 2388 2443 honorem,
2419 2374 2515 2430 ille
2546 2374 2768 2430 militiae
2801 2375 3168 2448 dignitatem,
3203 2374 3571 2431 administra-

1918 2463 2096 2519 tionis
2125 2462 2362 2518 infulas.
2412 2464 2665 2519 Numero
2721 2464 2971 2521 honores
3022 2466 3170 2535 ejus,
3229 2468 3295 2520 ut
3349 2464 3570 2521 crimen

1919 2568 2281 2624 exaggerem.
2315 2552 2571 2607 Convivii
2601 2552 2863 2609 violastis
2894 2557 3138 2624 uterque
3166 2553 3527 2609 consortium
3553 2570 3566 2608 :

1919 2645 1983 2696 tu
2014 2645 2208 2696 tamen
2239 2641 2309 2695 de
2342 2640 2598 2697 convivio
2657 2642 2729 2696 ad
2788 2642 3176 2714 proditionem
3241 2641 3568 2709 surrexisti,

1920 2729 2031 2786 iste
2089 2730 2160 2785 ad
2220 2745 2464 2797 necem;
2524 2729 2634 2786 hoc
2678 2733 2786 2799 est,
2844 2734 2929 2798 tu,
2988 2729 3125 2786 licet
3192 2729 3252 2785 in
3329 2730 3565 2800 scelere,

1917 2819 2317 2887 verecundior,
2350 2819 2450 2890 qui
2482 2819 2709 2892 negasti
2741 2804 2899 2892 quod
2951 2818 3314 2876 inferendam
3366 2836 3567 2879 necem

1920 2907 2237 2963 credideris
2268 2907 2515 2964 Domino
2545 2924 2720 2980 quem
2772 2909 3082 2980 prodebas,
3144 2909 3244 2981 qui
3313 2909 3567 2981 pretium

1920 2996 2223 3064 refudisti;
2258 3013 2329 3052 ne
2358 2997 2612 3053 residere
2658 2998 2811 3069 apud
2874 3002 2930 3053 te
2988 3015 3211 3053 merces
3269 2997 3569 3070 parricidii

1917 3085 2234 3141 videretur.
2268 3086 2380 3141 Iste
2414 3102 2529 3141 non
2561 3085 2756 3142 solum
2786 3086 2977 3141 tenuit
3007 3090 3329 3157 acceptam,
3361 3103 3564 3143 verum

1918 3173 2095 3228 etiam
2126 3173 2372 3229 extorsit
2402 3190 2517 3227 non
2550 3173 2806 3229 oblatam
2841 3175 3168 3229 mercedem
3191 3174 3560 3246 proditionis.
3590 3216 3598 3225 .

1840 3244 1881 3310 C
1918 3262 2033 3318 Iste
2063 3278 2177 3317 non
2210 3260 2400 3317 solum
2432 3262 2708 3333 deceptus
2742 3279 2856 3318 non
2888 3266 2976 3317 est
3009 3244 3208 3316 alieno?
3255 3263 3560 3319 mendacio

1920 3351 2020 3407 sed
2052 3348 2251 3405 fefellit
2281 3366 2409 3414 suo,
2442 3353 2499 3404 et
2555 3349 2762 3406 fefellit
2812 3354 2879 3405 ut
2935 3349 3242 3406 occideret.
3301 3352 3371 3406 Et
3427 3367 3561 3407 cum

1919 3438 2019 3495 ille
2048 3438 2377 3495 convivium
2410 3442 2724 3505 recusaret,
2759 3438 2858 3509 qui
2894 3455 2955 3495 se
3006 3439 3226 3495 videret
3281 3455 3409 3496 esse
3468 3456 3566 3511 pe-

1921 3527 2277 3592 rimendum,
2339 3526 2448 3582 iste
2507 3530 2940 3584 sacramentum
3002 3527 3252 3594 obtulit;
3298 3544 3371 3583 ne
3451 3543 3570 3599 qua

1924 3617 2140 3689 periret
2168 3615 2279 3672 sibi
2313 3616 2652 3673 cumulandi
2685 3634 2820 3689 pars
2850 3616 3134 3673 criminis.
3159 3620 3461 3674 Postremo
3477 3633 3573 3673 su-

1922 3704 2166 3779 perioris
2197 3702 2508 3775 proditoris
2539 3706 2792 3778 pecunia
2823 3706 3067 3778 profecit
3095 3706 3168 3762 ad
3208 3704 3573 3779 sepulturam

1923 3794 2401 3867 peregrinorum:
2438 3793 2547 3850 iste
2581 3794 2949 3867 sepulturam
2976 3794 3264 3868 integram
3294 3812 3401 3853 suo
3422 3793 3578 3866 prin-

1922 3882 2036 3955 cipi
2078 3881 2402 3955 denegavit.

1994 3972 2084 4026 25.
2118 3971 2232 4026 Nec
2265 3970 2451 4025 defuit
2489 3970 2588 4041 qui
2626 3987 2836 4026 manus
2862 3971 3100 4041 lavaret,
3134 3969 3371 4026 dicens:
3428 3990 3450 4020 ι
3485 3970 3578 4026 In-

1930 4076 2147 4117 nocens
2177 4075 2310 4115 sum
2341 4076 2375 4114 a
2406 4058 2693 4129 sanguine
2722 4059 2866 4129 justi
2924 4059 3106 4131 hujus
3160 4058 3371 4128 (Matth.
3400 4075 3579 4129 xxvn,

1925 4150 2038 4219 24),
2077 4170 2095 4196 η
2133 4147 2192 4201 in
2228 4162 2343 4218 quo
2378 4162 2441 4201 se
2473 4144 2696 4202 Pilatus
2727 4163 2841 4202 non
2875 4145 3069 4213 diluit,
3096 4146 3198 4202 sed
3228 4144 3579 4216 inquinavit,

1930 4240 1986 4293 et
2015 4234 2356 4307 implicavit,
2391 4251 2507 4289 non
2540 4235 2719 4290 exuit.
2751 4235 2897 4291 Nam
2919 4235 3030 4294 etsi
3062 4234 3292 4290 nullum
3349 4235 3581 4308 pondus

1931 4327 1989 4381 in
2022 4324 2381 4397 perditorum
2409 4323 2674 4394 judiciis,
2711 4328 2907 4380 tamen
2937 4324 3238 4380 vinculum
3271 4324 3465 4395 majus
3522 4323 3583 4378 in

1932 4411 2420 4469 confessionibus.
2454 4411 2655 4467 Justos
2706 4413 2864 4467 enim
2924 4430 3038 4469 non
3096 4412 3286 4469 aliena
3339 4410 3587 4468 absolvit

1933 4501 2240 4568 sententia,
2276 4501 2376 4557 sed
2410 4516 2517 4556 sua
2547 4500 2699 4568 vita;
2735 4501 2942 4572 injusti
2971 4519 3033 4557 se
3091 4501 3253 4573 ipsos
3282 4500 3589 4557 vehemen-

1932 4592 2050 4647 tius
2082 4588 2204 4644 suis
2228 4589 2463 4644 vocibus
2497 4588 2763 4660 alligant,
2818 4590 2920 4661 qui
2979 4589 3124 4646 alios
3180 4589 3414 4662 alligare
3472 4604 3590 4643 non

1944 4682 2212 4752 possunt.
2245 4678 2463 4733 Tamen
2496 4694 2567 4732 ne
2589 4677 2728 4733 huic
2761 4696 2999 4752 quoque
3048 4680 3249 4735 deesse
3305 4676 3591 4735 confessio

162 4773 390 4830 cedem
426 4785 686 4842 parares,
721 4769 875 4841 quod
908 4767 1169 4824 humana
1216 4768 1325 4823 sub
1385 4768 1659 4824 dentibus
1716 4769 1835 4825 tuis
1945 4766 2179 4840 prepria
2209 4766 2521 4832 videretur,
2548 4767 2769 4837 juravit
2802 4772 2866 4822 ut
2895 4770 3199 4840 pejeraret.
3254 4764 3415 4821 Lavit
3470 4779 3594 4818 ma—

1947 4910 2160 4980 conjux
2185 4909 2504 4986 adventare
2545 4908 2616 4963 ad
2664 4925 2811 4986 cum
2872 4910 3196 4986 diceretur;
3251 4904 3594 4986 Gratianum

1948 4977 2144 5056 autem
2179 4980 2335 5034 fama
2364 4979 2705 5056 hujusmodi
2738 4980 3046 5056 deceptum
3078 4979 3158 5056 ad.
3180 4977 3597 5056 lecticamhuti

1948 5052 2215 5125 putabat,
2248 5044 2509 5125 uxoriam
2537 5044 3080 5125 accessisse,'atque
3110 5049 3180 5105 ab
3201 5044 3597 5125 Andragathio

1950 5118 2016 5181 ex
2046 5122 2251 5178 eadem
2283 5120 2583 5198 exsiliente
2612 5122 2793 5198 fuisse
2820 5118 3261 5198 interemptum.
3322 5118 3596 5198 Sozpme-

1952 5212 2064 5252 nus
2096 5198 2292 5249 tamen
2322 5191 2485 5247 facile
2516 5208 2648 5248 cum
2706 5192 3013 5264 Ambrosio
3062 5187 3252 5264 potest
3280 5187 3597 5264 conciliari.

1953 5270 2004 5323 ls
2036 5265 2194 5339 enim
2217 5282 2327 5320 non
2350 5263 2570 5329 statim,
2594 5264 2693 5319 sed
2708 5263 2865 5319 haud
2887 5260 3081 5319 multo
3092 5265 3224 5335 post
3238 5260 3598 5339 trucidatum

1954 5337 2158 5394 scribit
2205 5354 2218 5391 :
2246 5345 2336 5393 Καὶ
2364 5342 2673 5407 σφλληφθεὶς,
2708 5342 2798 5390 οὐκ
2826 5342 2889 5401 εἰς
2918 5329 3371 5407 μακρὰὖᾉάνῃρὲθῃ.
3424 5329 3601 5395 Quid-

1955 5409 2092 5482 quid
2138 5407 2234 5474 sit,
2290 5405 2601 5482 A_mbrosio
2660 5405 2943 5482 tanquam
2999 5405 3138 5462 testi
3198 5407 3427 5459 tantum
3486 5418 3602 5457 non

1956 5477 2186 5538 oculato
2218 5477 2573 5532 credendum
2603 5480 2709 5532 est.

233 4915 356 4991 (38)
418 4914 690 4991 Pretium,
767 4910 862 4966 hic
919 4908 1265 4991 dignitatern
1325 4913 1498 4981 atque
1554 4910 1833 4991 honorem

159 4982 394 5059 signat,
450 4982 713 5059 nam__ip_
753 4982 1136 5053 sequentibus
1169 4982 1343 5037 etiam
1397 4998 1499 5053 pro
1574 4983 1837 5038 mercede

160 5054 485 5129 ac'cipitur.
577 5054 737 5118 LXX,
798 5061 930 5122 πλὴν
978 5064 1069 5121 τὴν
1116 5062 1264 5123 τιμήν
1323 5077 1414 5123 μου
1475 5060 1838 5112 ἐϐουλεύσαντα

157 5134 481 5187 ἀπώσασθαι.

240 5199 366 5270 (39)
391 5196 528 5270 Haec
546 5195 707 5251 necis
723 5194 1373 5270 Gratianiimperatoris
1395 5194 1672 5266 adjuncta
1684 5195 1839 5270 apud

165 5266 421 5328 nullum
457 5267 638 5323 alium
668 5280 736 5338 ex
767 5266 1026 5338 antiquis
1058 5266 1309 5336 reperire
1338 5270 1446 5335 est,
1482 5282 1658 5337 quam
1685 5267 1839 5337 apud

162 5344 341 5399 hunc
375 5343 677 5396 nostrum.
710 5337 953 5394 Orosius
988 5341 1220 5393 tantum
1280 5342 1565 5409 memorat
1624 5339 1840 5409 ipsum,

162 5416 319 5471 dum
358 5411 426 5466 in
458 5410 685 5467 Italiam
715 5409 966 5465 transire
997 5409 1397 5473 meditaretur,
1430 5408 1580 5463 dolis
1603 5409 1847 5465 circum-

165 5488 432 5542 ventum
495 5499 530 5538 a
588 5480 839 5538 Maximo
892 5485 1139 5542 tyranno
1208 5481 1578 5536 interfectum
1638 5480 1841 5536 fuisse.

157 5558 481 5615 Socrates.
501 5554 898 5626 Sozomenus,
920 5547 1150 5626 Paulus
1184 5552 1337 5607 Diac.
1367 5556 1423 5607 et
1456 5551 1554 5626 alii
1586 5552 1851 5626 referunt
2028 5550 2139 5622 (40)
2170 5549 2518 5620 Apostrophe,
2547 5548 2749 5626 Latine
2778 5547 3017 5626 ᾼυεγζξίο.
3065 5547 3256 5626 ﬁgura
3311 5561 3429 5626 qua
3485 5557 3604 5600 ser-

161 5623 665 5697 Andragathium
696 5615 972 5697 quem'ad
994 5622 1160 5678 illum
1178 5624 1651 5697 persequendum
1678 5624 1850 5697 mise-
1959 5615 2254 5697 monema
2304 5637 2364 5676 re
2393 5615 2698 5693 "proposita
2748 5619 2818 5674 ad
2874 5615 3293 5692 alloquendum
3329 5615 3609 5688 'aliquem

163 5704 266 5758 rat
296 5693 625 5770 tyrannus,
685 5693 982 5753 rumorem
1041 5693 1329 5766 sparsisse
1378 5693 1508 5765 quo
1583 5695 1848 5765 ejusdem
1960 5693 2372 5751 convertimus.
