3856 6206
251 405 406 472 I233

1708 407 1774 468 S.
1819 399 2192 469 AMBROSII

3497 410 3627 476 1236

243 561 382 616 nus,
404 561 542 603 eum
571 545 944 618 Evangelium
974 549 1238 616 tangeret
1269 563 1283 601 :
1342 562 1412 600 ne
1467 547 1608 618 quid
1661 546 1890 600 deesset
1917 538 1976 606 Δ
2005 546 2424 617 perseveravit:
2458 561 2573 600 non
2593 543 2906 600 immutata
2933 557 3039 617 per
3085 543 3509 616 susceptionem
3527 563 3629 604 cor

249 635 515 708 exemplo
551 635 680 705 fit,
715 637 874 690 Lavit
929 653 1082 707 aqua
1141 654 1371 692 manus.
1435 643 1494 690 u‘.
1555 636 1896 691 s-micratius

253 725 584 796 inquinaret
615 724 940 779 innocentis
973 727 1273 798 sanguine.
1309 727 1420 780 Nec
1468 727 1721 780 Herodes
1823 728 1900 790 '12)

252 814 457 878 defuit,
488 814 578 868 cui
613 813 758 868 alter
789 814 1007 868 Pilatus
1137 816 1486 874 placiturum
1519 816 1672 869 cr-rii
1696 816 1790 883 lit,
1851 817 1896 868 si

255 909 490 974 captum
523 903 846 974 principem
879 904 1250 958 destinasset.
1281 906 1426 970 Quid
1461 904 1604 958 illud
1663 921 1898 974 quoque

259 992 472 1056 dicam,
503 993 658 1062 quod
694 993 743 1047 is
774 1010 1005 1064 quoque
1037 1001 1254 1047 vestem
1299 993 1626 1046 doalba‘am
1661 993 1900 1046 indutu:

257 1081 462 1136 estad
519 1081 924 1141 illudendum:
985 1089 1184 1152 postea
1241 1098 1474 1153 quoque
1535 1083 1692 1152 regia
1745 1087 1902 1134 veste

257 1171 512 1225 donatus
543 1174 630 1224 est
657 1171 726 1223 ad
749 1171 1135 1232 moriendum,
1171 1187 1240 1224 ne
1297 1170 1564 1224 amisisse
1623 1169 1900 1223 honorem

260 1258 1208 1314 debitumOC5videretur'INarn
1249 1259 1354 1312 etsi
1403 1259 1619 1311 scelere
1665 1257 1901 1322 interiit,

253 1348 356 1418 jus
387 1353 580 1402 tamen
608 1347 828 1401 collatae
851 1349 960 1401 sibi
1023 1346 1324 1418 potestatis
1381 1348 1557 1400 etiam
1639 1353 1906 1400 mortuus

261 1437 612 1505 reservabat,
643 1452 844 1489 eorum
897 1436 1154 1506 ipsorum
1216 1452 1248 1488 a
1289 1435 1503 1506 quibus
1561 1436 1903 1505 negabatur,

258 1524 346 1579 vel
379 1525 726 1582 ministerio,
757 1523 844 1576 vel
879 1540 1144 1578 assensu.

331 1616 419 1667 2t}.
443 1613 783 1668 Addebatur
813 1612 946 1666 huic
979 1618 1137 1667 tanto
1171 1613 1370 1668 sceleri
1406 1630 1619 1684 pompa
1671 1612 1903 1677 feralis;

261 1703 372 1757 nisi
409 1703 456 1756 is
489 1702 585 1773 qui
624 1702 994 1773 impatienter
1025 1703 1132 1756 ista
1163 1703 1431 1764 deflebat,
1474 1701 1723 1764 cognitis
1779 1718 1906 1771 qua:

263 1792 640 1862 parabantur,
662 1791 824 1860 justo
856 1797 1186 1844 commotus
1209 1791 1403 1844 dolore
1437 1791 1790 1860 increpasset
1821 1789 1904 1842 vi-

263 1885 480 1935 ctorem
500 1881 843 1951 superbum,
879 1881 1142 1950 tyrannis
1175 1879 1291 1940 illa,
1349 1897 1460 1933 non
1522 1881 1757 1944 regibus
1819 1880 1904 1931 in-
1933 1907 1984 1971 Β

265 1968 398 2023 ferri
432 1968 634 2023 solere.
670 1969 762 2022 Sic
793 1968 1031 2022 horrore
1062 1967 1262 2038 flagitii
1321 1970 1385 2022 43
1441 1967 1678 2023 territus
1734 1969 1908 2037 depo-

265 2058 386 2112 suit
443 2057 722 2112 teterrimi
784 2056 1018 2111 sceleris
1073 2062 1440 2128 apparatum.
1499 2057 1612 2110 Nec
1701 2057 1912 2127 petitor

265 2146 445 2218 igitur
469 2145 780 2217 sepultura:
812 2147 1018 2209 defuit,
1052 2148 1158 2200 elsi
1190 2146 1406 2216 Joseph
1441 2145 1534 2200 ille
1566 2146 1666 2216 qui
1707 2147 1910 2215 justus

265 2236 587 2299 dicebatur,
619 2235 824 2289 defuit.
859 2235 968 2289 Sed
999 2234 1168 2304 longe
1200 2234 1488 2288 Maximus
1520 2235 1724 2288 saevior
1743 2235 1913 2289 dene-

263 2323 459 2396 gabat,
492 2323 646 2395 quod
693 2324 816 2394 ipse
871 2322 1091 2376 Pilatus
1123 2323 1349 2377 auferre
1405 2340 1518 2376 non
1579 2325 1784 2394 potuit.
1847 2323 1910 2377 In

262 2428 380 2484 quo
409 2411 709 2484 parricidae
743 2412 1078 2466 humanitas
1135 2412 1338 2477 defuit,
1377 2411 1668 2466 innocenti
1716 2417 1912 2466 tamen

265 2517 381 2556 non
407 2501 591 2557 defuit
619 2502 806 2573 gratia
839 2505 930 2555 :et
961 2501 1031 2555 ad
1065 2506 1298 2573 tempus
1330 2507 1636 2572 assumpta
1685 2500 1913 2573 patien-

261 2591 367 2655 tia,
396 2589 654 2644 vindicta
687 2591 789 2658 “ri:
828 2588 1132 2661 paululum
1159 2591 1672 2662 comperendinata
1718 2595 1825 2645 est.

334 2681 425 2735 27.
459 2679 646 2748 (Vera.
679 2680 732 2744 6,
766 2681 844 2745 7,)
877 2679 1124 2750 Ideoque
1155 2679 1234 2734 ait
1263 2697 1275 2733 :
1307 2704 1332 2727 α
1365 2680 1777 2734 Verumtamen
1794 2679 1910 2734 Deo

266 2768 531 2836 subjecta
549 2772 637 2823 est
667 2767 864 2822 anima
896 2783 1054 2833 mea;
1088 2768 1368 2837 quoniam
1401 2768 1472 2822 ab
1507 2768 1631 2838 ipso
1665 2774 1752 2822 est
1809 2786 1909 2838 pa-

265 2856 446 2912 tentia
477 2872 626 2911 mca.
659 2855 806 2919 Quia
837 2856 961 2927 ipse
991 2859 1079 2910 est
1111 2855 1262 2910 Deus
1297 2873 1483 2922 meus,
1527 2862 1582 2911 et
1631 2857 1910 2912 salutaris

267 2961 456 3012 meus,
488 2948 790 3014 susceptor
823 2960 1012 3009 meus,
1048 2959 1160 2997 non
1210 2944 1528 3014 emigrabo.
1567 2969 1593 2992 υ
1628 2944 1738 2998 lloc
1797 2951 1905 3012 est,

267 3032 553 3104 numquid
590 3030 892 3102 sepultura
920 3032 1180 3102 corporis
1213 3038 1420 3102 negata
1437 3037 1724 3103 perpetuae
1746 3035 1908 3104 quie-

267 3121 344 3176 tis
377 3120 743 3176 mansionem
779 3120 920 3174 mihi
954 3119 1253 3175 abstulit?
1287 3121 1478 3176 llabeo
1509 3121 1908 3176 habitaculum

271 3223 468 3263 meum
499 3208 559 3262 in
593 3207 819 3263 Domini
853 3207 1247 3274 tabernaculo,
1281 3215 1337 3263 et
1367 3209 1424 3263 in
1459 3216 1660 3264 sancto
1714 3214 1912 3264 monte

2011 636 2168 704 poris
2201 635 2298 690 Dei
2333 634 2539 706 gloria,
2569 635 2672 689 sed
2701 641 2996 692 manente.
3037 633 3406 705 triumphum
3455 637 3626 707 acqui-

2011 726 2162 783 sivit,
2225 726 2540 796 potentiam
2616 741 2730 778 non
2815 724 3035 778 amisit.
3117 723 3464 794 ['nde'ipse
3517 727 3623 780 ait:

2011 840 2034 856 ιι
2071 816 2294 867 Ατῃοίο
2325 815 2594 868 vldcb‘is
2645 813 2854 868 Filium
2912 813 3170 867 hominis
3229 813 3515 868 sedentem
3565 818 3623 870 ad

2009 903 2306 956 dexteram
2337 903 2566 956 virtutis
2621 904 2790 957 ,ναι-ι’.
2825 919 2944 971 xw,
2973 904 3089 971 6'2,
3129 930 3154 948 ν

2079 995 2168 1044 2).
2229 995 2390 1045 \‘ers.
2417 993 2471 1044 (δ.
2535 992 2694 1044 l'nde
2717 997 3064 1045 convocatos
3094 992 3360 1062 gentium
3393 993 3625 1064 populos,

2011 1086 2065 1134 et
2097 1082 2414 1151 acquisitos
2447 1081 2621 1144 Patri,
2663 1097 2772 1134 suo
2801 1080 3110 1152 sanguine,
3143 1080 3414 1135 hortatur
3459 1083 3522 1136 ad
3571 1085 3626 1136 fi-

2012 1169 2142 1222 dem
2177 1170 2412 1222 dicens:
2449 1193 2476 1212 σι
2511 1170 2750 1224 Sperate
2783 1169 2840 1222 in
2886 1187 3019 1223 eum
3079 1186 3286 1224 omnes
3342 1177 3628 1226 conventus

2012 1257 2198 1328 plebis
2229 1275 2406 1314 mere:
2447 1283 2470 1301 υ
2504 1257 2610 1311 hoc
2642 1263 2748 1316 est.
2783 1275 2896 1312 non
2931 1257 3094 1312 solus
3127 1257 3326 1317 Israel.
3371 1260 3465 1312 scd
3518 1277 3627 1313 om-

2013 1364 2137 1406 nes.
2171 1347 2396 1415 inquit:
2425 1363 2526 1400 nec
2560 1346 2694 1401 soLe
2727 1346 3003 1417 reliquim.
3037 1348 3138 1400 sed
3168 1349 3349 1401 etiam
3397 1350 3628 1418 gentium

2014 1435 2352 1508 plenitudo:
2381 1451 2483 1488 nec
2507 1435 2639 1488 sol-e
2671 1441 2893 1505 gentes,
2928 1435 3029 1488 sed
3065 1436 3236 1489 Israel
3275 1461 3290 1495 ;
3321 1453 3451 1490 cum
3497 1440 3630 1492 enim

2015 1525 2314 1578 intraverit
2347 1523 2645 1594 plenitudo
2678 1523 2964 1594 gentium,
3025 1529 3162 1578 tunc
3221 1525 3418 1579 omnis
3480 1525 3631 1581 Israel

2014 1613 2210 1668 salvus
2241 1612 2364 1666 erit.
2427 1614 2570 1675 Quis
2629 1618 2818 1683 potest
2848 1613 3044 1666 divina
3089 1612 3368 1683 mysteria
3397 1629 3632 1685 comple-

2013 1702 2602 1764 hcndcre?Quorum
2661 1706 2822 1754 tanta
2873 1699 3186 1754 multitudo
3242 1706 3354 1767 est,
3417 1706 3476 1756 ut
3521 1705 3634 1774 jure

2015 1791 2229 1845 Paulus
2263 1792 2527 1848 iniretur.
2587 1792 2910 1860 meritoque
2961 1790 3210 1844 dixerit:
3243 1816 3268 1836 ι·
3307 1790 3353 1844 Ο
3411 1791 3634 1846 altitudo

2015 1881 2350 1934 divitiarum
2433 1878 2728 1950 sapientia:
2785 1883 2842 1932 et
2898 1877 3155 1932 scientiae
3213 1878 3314 1933 Dei
3351 1881 3511 1949 (Rom.
3561 1897 3630 1944 χι,

2017 1970 2084 2022 33
2142 1969 2206 2022 ε»
2248 1967 2534 2038 Repulsae,
2585 1973 2786 2037 gentes
2844 1971 3003 2031 sunt,
3025 1967 3179 2022 966
3237 1974 3300 2021 ut
3355 1967 3636 2040 eligeretur

2017 2057 2189 2112 Israel
2223 2073 2235 2109 :
2261 2061 2604 2112 emeatuscst
2626 2061 2823 2128 postea
2843 2055 3015 2110 Israel
3036 2061 3272 2126 propter
3298 2057 3634 2111 vocationem

2018 2148 2278 2217 gentium
2307 2163 2322 2211 ;
2353 2150 2408 2200 et
2440 2146 2634 2200 caecati
2670 2143 2846 2200 Israel
2876 2144 3134 2216 reliquiae
3164 2146 3487 2201 secundum
3515 2145 3638 2202 elec-

2017 2237 2233 2290 tionem
2267 2235 2468 2305 gratiee
2497 2234 2667 2288 salvae
2697 2234 2857 2288 facta:
2894 2239 3056 2293 sunt,
3113 2240 3428 2306 postquam
3477 2235 3636 2289 intra-

2019 2324 2098 2377 vit
2155 2325 2419 2394 gentium
2469 2321 2788 2394 plenitudo.
2849 2323 2932 2376 Ita
2984 2321 3157 2393 culpa
3212 2322 3393 2378 Israel
3448 2323 3640 2396 profuit

2018 2412 2324 2483 gentibus:
2361 2411 2503 2466 ﬁdes
2551 2412 2816 2482 gentium
2875 2410 3196 2466 lsraelitem
3255 2411 3529 2484 populum
3578 2412 3638 2465 li-

2019 2501 2258 2556 beravit.

2088 2591 2177 2642 30.
2217 2612 2243 2636 ι»
2287 2586 2596 2655 Effundite,
2675 2587 2886 2659 inquit,
2990 2604 3185 2644 coram
3287 2588 3390 2644 illo
3487 2589 3638 2644 corda

2017 2683 2230 2732 vestra.
2259 2700 2284 2724 ιι
2316 2677 2423 2742 Qui
2447 2677 2636 2731 induit
2670 2677 2867 2740 fidem,
2922 2677 3088 2748 prius
3145 2678 3454 2748 perfidiam
3492 2679 3638 2733 debet

2019 2783 2246 2830 exuere,
2279 2783 2557 2822 evacuare
2614 2782 2713 2820 cor
2769 2782 2944 2820 suum
2987 2766 3148 2820 omni
3203 2764 3338 2820 labe
3389 2766 3632 2821 malitia:

2019 2863 2083 2910 ut
2112 2872 2291 2925 capax
2315 2856 2416 2908 fiat
2469 2872 2570 2909 cor
2612 2855 2742 2924 ejus
2793 2853 2990 2925 gratiae
3049 2853 3358 2924 spiritalis.
3419 2854 3636 2924 Ideoque

2015 2943 2329 3016 Apostolus
2359 2944 2476 2998 ait:
2517 2967 2536 2991 ι
2573 2941 2950 2998 l'tcnovamini
2982 2941 3188 3014 spiritu
3223 2943 3442 2997 mentis
3464 2951 3637 2998 vestrae

2018 3034 2230 3102 (Ephesi.
2265 3050 2340 3094 iv,
2371 3033 2481 3098 23).
2513 3055 2538 3080 ››
2568 3035 2710 3085 Cum
2740 3031 2896 3085 enim
2928 3030 3250 3085 effunditur
3275 3039 3444 3086 vetus
3492 3029 3632 3086 mali-

2020 3122 2290 3187 tia,nova
2313 3121 2567 3175 sumitur
2602 3119 2809 3192 gratia,
2857 3135 2973 3190 qua
3019 3121 3436 3192 unusquisque
3489 3135 3636 3174 reno-

2019 3217 2207 3266 vatur.
2241 3210 2387 3264 Dicit
2432 3226 2568 3278 ergo
2629 3207 2808 3264 Filius
2867 3207 3005 3263 Dei:
3057 3232 3084 3256 (ι
3118 3209 3414 3264 Eii‘undite
3467 3223 3632 3263 coram

269 3297 397 3367 ejus
426 3295 808 3368 requiescam.
839 3297 963 3352 Non
1002 3298 1299 3368 cmigrabo
1359 3298 1616 3353 humano
1660 3297 1905 3364 scelere;
1939 3271 1984 3338 α
2022 3299 2122 3354 illo
2152 3300 2326 3353 corda
2368 3303 2597 3360 vestra;
2657 3297 2796 3368 quia
2843 3297 3065 3352 sciebat
3117 3301 3352 3352 Patrem
3403 3313 3521 3352 esse
3562 3295 3637 3348 di-

266 3386 405 3456 quia
435 3385 662 3441 Domini
699 3386 889 3440 favore
921 3392 1231 3456 susceptus
1288 3403 1462 3450 sum;
1522 3387 1659 3456 quia
1718 3401 1906 3456 neque

265 3489 445 3540 mors,
477 3489 663 3545 neque
695 3473 943 3544 gladius,
978 3491 1164 3545 neque
1193 3474 1493 3528 tribulatio
1540 3491 1572 3528 a
1628 3475 1909 3528 charitate

265 3562 478 3617 Christi
513 3580 604 3617 me
635 3579 906 3634 separare
935 3567 1226 3634 poterunt.
1259 3563 1382 3618 Non
1415 3564 1569 3618 enim
1630 3564 1908 3618 innocens

265 3649 337 3704 de
368 3650 761 3704 tabernaculis
784 3651 1105 3719 justorum.
1163 3651 1261 3706 sed
1323 3655 1588 3722 peccator
1636 3651 1904 3722 emigrat.

267 3737 518 3808 Migrant
543 3735 709 3792 Juda:
734 3737 1047 3807 proditoris
1079 3738 1357 3805 haeredcs,
1391 3739 1460 3793 de
1491 3739 1704 3810 quibus
1735 3745 1791 3794 et
1822 3739 1908 3794 si-

265 3823 506 3878 milibus
535 3839 739 3879 eorum
764 3823 968 3878 merito
1024 3825 1337 3881 dicitur:«
1401 3826 1685 3882 Commoti
1742 3844 1906 3883 amo-

263 3917 510 3969 veantur
536 3910 644 3968 ﬁlii
674 3913 803 3984 ejus
832 3918 888 3970 et
918 3912 1270 3984 mendiccnt,
1303 3913 1612 3985 ejiciantur
1635 3916 1708 3971 de
1738 3915 1904 3971 habi-

261 4001 471 4058 taculis
500 4000 626 4057 suis
653 4003 808 4070 (Psal
844 4042 856 4055 .
888 4019 1047 4068 cvm,
1087 4004 1233 4071 10).»

331 4090 420 4145 28.
453 4089 612 4154 Quod
645 4090 790 4146 bene
819 4094 875 4144 et
905 4090 975 4144 ad
1009 4090 1321 4145 Dominum
1353 4091 1556 4146 Jesum
1606 4091 1904 4148 Christum

260 4179 523 4247 refertur,
557 4180 656 4250 qui
688 4195 822 4234 cum
850 4179 1247 4236 descendisset
1278 4180 1336 4234 in
1389 4183 1598 4244 terras,
1659 4187 1724 4237 ut
1767 4199 1903 4239 cru-

262 4265 612 4337 ciﬁgeretur,
644 4273 708 4320 ut
738 4267 1101 4338 sepeliretur,
1133 4284 1249 4323 non
1281 4268 1587 4340 emigravit
1633 4287 1664 4324 a
1713 4271 1906 4341 Patre,

262 4353 364 4408 sed
391 4353 451 4408 in
482 4353 648 4410 Patre
679 4357 929 4411 mansit:
966 4379 993 4405 ‹‹
1027 4356 1306 4412 Traditus
1338 4373 1492 4422 sum,
1527 4361 1711 4414 etnon
1743 4375 1903 4432 egre-

260 4441 462 4497 diebar
491 4444 662 4512 (Paul.
696 4460 940 4510 Lxxxvu,
971 4444 1048 4514 9).
1085 4467 1110 4492 ››
1145 4445 1255 4500 Nec
1287 4446 1559 4516 deposuit
1580 4449 1734 4518 quod
1758 4453 1902 4516 erat,

260 4529 361 4585 sed
397 4531 745 4588 reservavit:
780 4548 884 4587 nec
915 4531 1125 4588 desivit
1153 4549 1282 4589 esse
1313 4534 1369 4588 in
1402 4534 1504 4589 Dei
1534 4536 1740 4605 forma,
1799 4538 1899 4592 sed

2016 3394 2248 3444 cturum
2281 3404 2345 3442 :«
2379 3387 2685 3442 Effundam
2719 3386 2789 3440 dc
2827 3383 3045 3456 Spiritu
3069 3389 3195 3440 meo
3226 3402 3410 3458 super
3431 3399 3637 3441 omnem

2017 3491 2250 3531 carnem
2282 3475 2413 3545 (Joel
2449 3492 2510 3540 ιι,
2541 3478 2702 3544 28).»
2751 3473 2851 3528 Est
2901 3473 3080 3528 ctiam
3133 3473 3235 3528 illa
3288 3473 3537 3540 traditio,
3589 3475 3643 3525 ut

2017 3582 2115 3620 cor
2144 3576 2411 3619 nostrum
2445 3562 2747 3616 videamur
2793 3561 3110 3626 effundere,
3159 3563 3401 3633 quando
3457 3576 3640 3617 omnes

2016 3654 2396 3724 cogitationes
2426 3650 2598 3704 alicui
2629 3656 2686 3704 et
2715 3649 3042 3705 voluntates
3073 3651 3256 3705 nostri
3305 3651 3500 3706 cordis
3526 3664 3644 3720 ape-

2016 3741 2222 3796 rimus.
2257 3741 2404 3810 Ergo
2439 3739 2734 3808 jactemus
2775 3739 2835 3792 in
2885 3739 3072 3794 Deum
3111 3739 3501 3810 cogitationes
3553 3753 3644 3791 no-

2017 3834 2190 3895 stras,
2211 3845 2315 3883 nec
2342 3825 2564 3898 aliquid
2583 3843 2716 3881 eum
2736 3826 2918 3882 latere
2936 3827 3268 3883 credamus.
3296 3826 3645 3882 Eﬂ'undimus

2015 3935 2114 3973 cor
2143 3921 2409 3972 nostrum
2441 3931 2634 3970 coram
2667 3915 2818 3987 ipso,
2844 3931 2980 3970 cum
3035 3915 3500 3988 disceptationes
3541 3914 3646 3969 exi—

2016 4006 2290 4062 nanimus
2347 4004 2660 4059 humanas.

2083 4097 2170 4149 31.
2206 4097 2222 4165 (
2256 4094 2416 4149 Vers.
2453 4094 2520 4146 10
2573 4094 2589 4161 )
2622 4115 2650 4141 ‹‹
2682 4091 3095 4149 Verumtamen
3117 4094 3250 4148 vani
3313 4093 3420 4148 filii
3472 4092 3643 4148 homi-

2012 4199 2152 4240 num
2181 4201 2194 4248 ;
2228 4181 2539 4238 mendaces
2571 4180 2673 4234 filii
2695 4180 3000 4237 hominum
3044 4183 3099 4236 in
3135 4183 3376 4237 stateris
3408 4186 3472 4237 ut
3508 4179 3646 4236 deci-

2014 4273 2194 4344 piant.
2230 4294 2258 4319 ››
2290 4271 2350 4325 Si
2381 4269 2511 4324 vani
2560 4268 2662 4323 lilii
2721 4269 3051 4332 hominum.
3081 4275 3139 4325 et
3185 4271 3504 4326 mendaces
3555 4267 3642 4323 filii

2012 4361 2341 4424 hominum,
2365 4365 2612 4431 possunt
2669 4375 2782 4414 non
2827 4359 2958 4414 vani
3019 4375 3147 4414 esse
3197 4359 3302 4413 ﬁlii
3360 4360 3503 4427 Dei;
3556 4356 3644 4430 qui

2013 4466 2128 4504 non
2159 4466 2224 4502 ex
2255 4447 2562 4518 sanguine,
2589 4462 2859 4518 nequeex
2884 4445 3180 4502 voluntate
3201 4449 3428 4515 carnis,
3479 4461 3645 4518 neque

2011 4555 2078 4593 ex
2108 4535 2400 4591 voluntate
2422 4535 2550 4600 viri,
2585 4535 2684 4590 sed
2717 4551 2785 4588 ex
2814 4535 2928 4589 Deo
2975 4536 3093 4589 nati
3137 4541 3300 4590 sunt.
3353 4537 3502 4591 Nam
3553 4531 3639 4587 tilii

328 4653 898 4740 (lit)tl)bservandum
924 4655 1127 4740 obiter.
1156 4673 1358 4739 quam.
1395 4658 1638 4740 antiqua
1694 4659 1770 4714 sit
1828 4676 1896 4716 ea
1925 4641 1972 4703 θ
2005 4665 2135 4740 ctus
2151 4658 2321 4740 epist.
2355 4655 2664 4740 agi-Valent
2693 4666 2744 4712 et
2769 4657 2826 4711 in
2859 4657 3014 4740 Orat.
3047 4659 3120 4740 de
3149 4659 3428 4740 ejusdem
3491 4657 3640 4740 Qbitu

256 4724 638 4807 consuetudo,
665 4742 781 4807 qua
809 4728 1084 4807 gravidus
1115 4724 1394 4807 in:_c_aus_is
1412 4724 1896 4807 cont-acto‘sacro:

254 4799 458 4867 sancto
486 4795 794 4867 Evangelia
817 4795 1109 4867 iuramus.
1141 4799 1285 4852 Vide
1313 4800 1522 4854 Adnot.
1557 4801 1624 4854 II.
1681 4801 1892 4856 Valesii

251 4865 312 4922 in
344 4865 444 4940 lib.
472 4883 533 4940 γι
565 4865 1045 4940 Spiomenimap.
1077 4871 1167 4932 3t),
1202 4886 1314 4940 pag
1347 4872 1466 4940 1,45.

323 4938 432 5012 (42)
471 4937 730 5012 Intellige
781 4937 1244 5012 Andragathium
1297 4939 1639 5012 priusquam
1693 4959 1891 4997 necum

251 5006 524 5087 Gratiano
553 5006 814 5071 inferret.
849 5014 912 5065 ut
941 5006 1249 5066 duceretur
1277 5006 1344 5066 ad
1381 5006 1722 5079 Maiimum,
1756 5031 1891 5087 ope-

249 5095 376 5134 ram
396 5079 644 5136 dedisse.

320 5149 428 5221 (43)
463 5151 550 5225 Ita
577 5152 706 5218 cod,
756 5153 876 5225 Reg
925 5169 1100 5208 unus.
1130 5153 1243 5207 Alii
1300 5157 1357 5208 et
1415 5157 1524 5208 vet.
1585 5155 1748 5220 edit.,
1802 5157 1893 5211 Sic

247 5219 470 5294 liorrere
500 5223 730 5294 ﬂagitiis
777 5219 938 5279 ct'sz'c
990 5227 1146 5279 citus.
1207 5225 1397 5291 Rom.,
1466 5226 1556 5279 Sic
1611 5225 1890 5282 horrorem

245 5290 470 5363 ﬂagitii,
501 5290 769 5358 siccitas,
801 5299 910 5351 etc.
943 5299 1225 5350 Neutrum
1259 5290 1402 5350 satis
1434 5297 1758 5352 commode.
1790 5299 1887 5352 At-

243 5367 438 5436 tamen
471 5363 634 5436 valde
665 5367 1038 5436 suspicamur
1057 5384 1430 5421 communi-in
1489 5373 1598 5430 vet,
1633 5368 1769 5423 edit.
1822 5386 1888 5424 ac

245 5447 388 5506 mss.
425 5433 729 5506 lectionem
763 5433 1188 5491 emendandam
1220 5457 1347 5492 esse
1381 5439 1486 5492 hoc
1535 5443 1742 5506 pacto;
1804 5439 1888 5494 sio

239 5501 477 5582 horrore
510 5505 706 5582 ﬂagitii
741 5509 981 5582 excitus.
1033 5509 1316 5582 Car-terum
1380 5509 1471 5562 hic
1528 5501 1599 5563 de
1656 5501 1887 5582 se'ipso

245 5571 404 5653 loqui
435 5571 806 5653 Ambrosium
841 5577 1034 5653 palam
1067 5579 1285 5653 faciunt
1317 5595 1427 5653 non
1462 5582 1635 5653 modo
1677 5571 1801 5653 qua?
1826 5581 1884 5637 in

239 5643 514 5722 ejusvita
541 5643 611 5722 de
643 5643 898 5722 secunda
928 5649 1115 5722 ipsius
1138 5651 1210 5704 ad
1233 5649 1545 5722 Maximum
1599 5643 1885 5721 legatione

242 5711 526 5766 Paulinus
551 5714 764 5780 tradit;
797 5711 998 5772 verum
1027 5720 1201 5773 etiam
1253 5736 1378 5789 quae
1435 5711 1687 5790 ipsemet
1737 5723 1882 5778 Sau-

2007 4729 2261 4802 scripsit,
2295 4730 2590 4802 ambigere
2623 4745 2729 4802 nos
2751 4744 2866 4782 non
2896 4731 3222 4802 patiuntur.
3249 4731 3472 4785 Mirare
3519 4729 3640 4783 inte-

2005 4799 2282 4874 rim'cum
2314 4799 2499 4856 sancti
2531 4799 2640 4854 viri
2686 4799 3101 4874 constantiam,
3157 4818 3278 4872 qua
3337 4806 3638 4874 tyrannum

2003 4873 2377 4944 ferocientem
2403 4875 2563 4944 tanta
2583 4870 3006 4944 cumlibertate
3035 4870 3407 4944 compescuit
3437 4892 3452 4940 ;
3533 4877 3636 4944 tum

2004 4959 2297 5000 summam
2328 4943 2590 5009 ejusdem
2615 4941 2984 5006 modestiam,
3044 4941 3187 5014 qua'
3208 4961 3353 5000 cum
3407 4941 3638 5014 Joscpho

1993 5020 2157 5094 justo
2188 5020 2453 5094 seﬂnegat
2483 5029 2611 5094 esse
2641 5014 3122 5094 comparandum.

2073 5088 2183 5157 (44)
2215 5082 2485 5157 Vindicta
2512 5082 2612 5137 illa
2644 5082 2902 5157 Gratiani
2957 5100 3060 5156 per
3104 5101 3424 5140 summum
3467 5082 3636 5157 scelus

2001 5154 2270 5212 trucidati
2305 5155 2388 5209 sic
2418 5160 2652 5227 peracta
2672 5161 2779 5227 est.
2822 5154 3215 5225 Occupaverat
3267 5155 3512 5226 magnis
3547 5169 3636 5227 7co-

2000 5230 2113 5299 piis
2181 5225 2435 5307 Alpium'
2487 5225 2792 5307 angustias
2843 5242 3070 5307 ‘comes
3107 5225 3502 5307 Andrath’ius.
3541 5226 3634 5306 tias

2000 5296 2133 5354 cum
2166 5296 2446 5352 divinitus
2474 5296 2795 5353 obc'accatiis
2825 5296 3203 5362 deseruisset,
3257 5298 3632 5357 Theodosius,

1997 5369 2316 5425 exircitum
2380 5386 2554 5423 suum
2630 5366 2766 5424 licet
2822 5367 3006 5424 multo
3055 5368 3404 5426 inferiorem
3465 5368 3634 5426 tradu-

1997 5459 2156 5502 cens,
2192 5441 2530 5510 Maximum,
2555 5440 2655 5508 qui
2687 5444 2967 5510 tanquam
3001 5439 3250 5496 victoria:
3306 5459 3433 5498 suae
3493 5453 3632 5510 spec-

1997 5459 2156 5502 cens,
2193 5453 2655 5508 Maxuuuni,qui
2687 5453 2967 5510 tanquam
3001 5453 3250 5496 Victoria:
3306 5459 3433 5498 suae
3493 5459 3521 5496 s
3614 5467 3629 5476 -

1997 5518 2150 5567 tator
2211 5509 2487 5581 Aquileiae
2554 5511 2865 5583 insederat,
2940 5511 3095 5583 cepit
3149 5519 3336 5582 atque
3397 5453 3629 5570 occidit:

1994 5600 2110 5670 quo
2160 5587 2456 5670 compertq
2496 5581 3023 5670 Andqagath‘iusin
3054 5581 3334 5670 marces
3389 5583 3628 5670 praecipi-

1993 5651 2397 5780 t‘qmlarmatus
2425 5651 2584 5705 dedit
2613 5651 2755 5708 Vide
2800 5653 3091 5718 Orosium,
3131 5654 3361 5725 lib.vn,
3388 5651 3514 5726 cap.
3555 5651 3628 5712 35.

1993 5742 2021 5780 e
2073 5742 2106 5780 a
2135 5742 2238 5780 ios.

1992 5730 2048 5780 et
2073 5725 2238 5781 alios.
