3856 6206
114 340 253 408 {237

1184 338 1644 406 ENARRATIO
1686 338 1766 402 IN
1810 338 2191 407 PSALMUM
2234 341 2390 406 LXI.

3333 337 3492 406 1338

109 479 398 538 hominum
422 475 700 536 videntur
754 475 868 536 sibi
919 478 1239 554 ponderare
1285 479 1619 555 aequitatem
1679 483 1734 537 et
1763 474 1814 542 Α
1843 474 1931 534 vel
1961 493 2025 534 se
2054 475 2249 550 ipsum
2280 474 2441 535 illius
2475 475 2733 547 nomine,
2757 472 3027 536 exercitio
3049 470 3321 552 spiritali,
3353 478 3490 536 sub-

108 569 367 644 gravitate
421 568 725 627 severioris
774 569 985 641 judicii
1030 570 1362 628 examinare
1402 571 1719 643 justitiam,

106 659 223 718 duri
250 658 400 728 aliis,
431 659 542 717 sibi
574 660 829 727 remissi,
861 660 1135 734 operibus
1196 661 1381 733 iniqui
1413 662 1545 733 (45),
1608 680 1728 718 ser-

103 765 258 806 mone
288 765 582 806 censores.
636 750 801 806 Unde
828 750 1102 806 Salomon
1153 750 1265 808 ait:
1301 771 1328 803 ‹ι
1368 751 1732 807 Exsecrabile

103 837 331 896 Domino
362 838 577 911 duplex
604 840 861 911 pondus,
885 844 940 895 et
971 844 1188 895 statera
1220 840 1395 895 fallax
1424 858 1538 896 non
1566 841 1723 896 bona

103 930 265 1001 (Prov.
297 946 388 996 xx,
418 929 530 1000 23).
570 950 599 978 »
630 932 696 983 In
730 945 844 1000 quo
875 928 1167 1001 signiﬁcat
1192 945 1290 985 eos
1316 931 1416 1001 qui
1461 930 1728 1001 rapinam

104 1016 420 1089 inexplebili
448 1018 621 1073 corde
654 1018 1034 1084 meditantur,
1061 1022 1117 1074 et
1147 1017 1520 1074 sobrietatem
1545 1018 1729 1074 fronte

102 1107 471 1179 praetendunt.
533 1106 705 1163 Tales
763 1107 966 1163 scribae
1014 1107 1350 1163 Judaeorum
1398 1111 1557 1176 sunt,
1626 1107 1725 1179 qui

102 1210 264 1252 onera
292 1195 489 1269 gravia
518 1194 651 1252 aliis
683 1195 1060 1253 observantiae
1090 1196 1345 1252 durioris
1395 1197 1726 1268 imponunt,

105 1300 206 1340 non
237 1283 517 1340 habentes
547 1288 771 1341 rectum
794 1286 1007 1357 jugum
1039 1286 1149 1357 (46)
1182 1285 1389 1340 animm
1434 1302 1573 1351 suae,
1625 1284 1728 1340 sed

102 1388 376 1446 propensa
408 1373 717 1446 iniquitate
747 1373 1000 1430 curvati:
1054 1374 1165 1447 ipsi
1222 1377 1418 1430 autem
1485 1388 1727 1429 suorum

102 1462 275 1535 refugi
304 1467 725 1536 praeceptorum
760 1466 917 1520 sunt.
952 1463 1248 1519 Invenitur
1277 1463 1474 1535 itaque
1504 1463 1560 1517 in
1595 1479 1726 1517 ava-

102 1549 222 1607 ritia
246 1554 525 1624 tanquam
558 1552 617 1606 in
649 1550 844 1607 radice
876 1551 1151 1607 vitiorum
1183 1552 1468 1619 omnium,
1502 1567 1628 1623 quae
1652 1550 1728 1606 sit

100 1642 263 1713 caput
291 1638 621 1713 iniquitatis
638 1643 696 1696 et
716 1640 932 1696 fomes:
967 1656 1146 1712 quam
1169 1640 1346 1695 homo
1380 1639 1726 1695 renuntiatis

100 1728 324 1795 mundo,
380 1732 439 1785 et
484 1728 865 1801 consepultus
908 1728 1138 1784 Christo
1185 1746 1287 1800 per
1352 1727 1724 1800 baptismatis

99 1820 533 1887 sacramentum,
569 1816 670 1889 qui
701 1817 778 1873 sit
830 1820 1098 1874 mortuus
1146 1816 1379 1885 saeculo,
1432 1816 1724 1873 declinare

99 1905 254 1962 debet
282 1910 456 1979 atque
487 1906 785 1978 defugere.

157 1995 240 2049 32.
299 1995 485 2067 (Vers.
550 1995 661 2065 11.)
694 2017 723 2045 ‹‹
782 1994 990 2066 Nolite,
1045 1995 1261 2067 inquit,
1348 2011 1581 2067 sperare
1662 1993 1721 2049 in

95 2081 404 2154 iniquitate,
430 2088 487 2139 et
519 2082 780 2156 rapinam
814 2082 991 2139 nolite
1021 2082 1463 2155 concupiscere:
1513 2081 1724 2137 divitiae

97 2170 140 2226 si
168 2171 364 2242 ﬂuant,
414 2171 596 2227 nolite
653 2188 751 2228 cor
798 2188 1107 2245 apponere.
1144 2194 1171 2221 ››
1220 2171 1396 2227 Vides
1445 2170 1583 2242 quia
1639 2171 1721 2225 af-

97 2259 292 2326 ﬂuunt,
350 2278 466 2317 non
515 2261 676 2316 vides
728 2260 869 2333 quia
906 2261 1345 2334 prteterﬂuunt?
1400 2260 1606 2316 Nudus
1662 2276 1724 2315 es

96 2353 275 2417 natus,
307 2350 504 2405 nudus
534 2349 855 2406 moriturus
880 2365 962 2406 es.
996 2349 1146 2414 Quid
1201 2350 1464 2421 excipere
1512 2348 1724 2422 quaeris

95 2437 234 2509 quod
263 2441 455 2494 tecum
489 2438 719 2494 auferre
750 2455 867 2494 non
899 2438 1132 2511 possis?
1152 2437 1396 2493 Fluenta
1428 2442 1567 2493 sunt
1598 2455 1723 2510 qua:

95 2524 341 2582 miraris:
376 2527 672 2599 quomodo
704 2527 963 2596 veniunt,
993 2528 1077 2582 sic
1106 2530 1418 2583 transeunt
1456 2530 1512 2582 et
1568 2542 1721 2581 rece-

93 2613 244 2670 dunt.
294 2615 466 2672 Solus
522 2615 800 2671 Jordanis
852 2620 1175 2672 retrorsum
1235 2631 1548 2671 conversus
1610 2618 1719 2684 est,

92 2699 143 2755 in
172 2718 341 2774 quem
394 2703 716 2759 deeendisti
775 2704 915 2775 (t7):
946 2705 1098 2760 967
1157 2704 1257 2776 qui
1315 2708 1372 2759 te
1425 2703 1718 2769 admonet,

96 2792 150 2845 ut
177 2790 233 2846 in
261 2791 457 2864 ipsum
486 2795 705 2848 natura:
737 2792 957 2848 fontem
989 2796 1046 2848 et
1076 2791 1361 2865 originem
1379 2778 1718 2857 revertaris,

94 2892 208 2948 quae
237 2884 291 2936 te
350 2882 598 2949 nudum,
664 2899 780 2937 non
837 2885 996 2937 veste
1055 2881 1335 2937 amictum
1395 2880 1596 2946 edidit,
1660 2884 1723 2934 ut

94 2964 273 3023 discas
302 2968 601 3041 superﬂua
629 2985 745 3024 non
777 2969 1090 3041 requirere.
1143 2969 1259 3025 Hoc
1319 2969 1472 3041 quod
1522 2968 1723 3023 erube-

93 3054 220 3121 scis,
252 3073 377 3114 esse
402 3062 460 3112 te
491 3056 721 3113 nudum
752 3058 886 3127 (48),
922 3058 1094 3129 culpa
1115 3058 1330 3125 docuit,
1353 3074 1466 3112 non
1489 3062 1717 3113 natura.

1843 568 2053 625 euudis
2084 568 2503 625 tentationibus
2535 567 2803 636 erudivit,
2824 571 2889 624 ut
2916 566 2975 623 in
3009 565 3298 642 augustiis
3355 568 3490 641 quis

1839 656 2065 729 positus
2095 657 2373 729 subjiciat
2400 674 2461 713 se
2492 657 2638 725 Deo;
2671 661 2728 714 et
2758 656 2805 713 si
2839 655 3097 730 peccavit
3142 661 3296 725 ante,
3356 674 3490 731 pec-

1837 762 1967 802 care
1999 746 2265 814 desistat,
2299 763 2403 802 nec
2435 747 2685 802 recidivo
2716 762 2908 803 errore
2941 750 3263 803 moveatur.

1911 836 2041 907 I3.(
2073 835 2237 891 Vers.
2264 837 2375 907 12.)
2411 859 2438 886 ‹‹
2471 835 2661 892 Semel
2703 835 2935 892 locutus
2993 838 3082 891 est
3140 837 3312 899 Deus.
3369 836 3486 893 duo

1838 923 1959 979 haec
1999 924 2268 979 audivi.»
2314 925 2501 981 Semel
2548 925 2781 981 locutus
2837 929 2924 981 est
2980 925 3156 991 Deus,
3218 928 3274 981 et
3315 923 3489 997 plura

1840 1013 2042 1070 audita
2071 1018 2237 1082 sunt;
2271 1014 2412 1086 quia
2438 1031 2551 1071 non
2606 1031 2708 1086 per
2754 1013 2978 1071 litteras
3008 1018 3065 1070 et
3095 1012 3350 1085 syllabas
3397 1017 3487 1072 est

1839 1102 2090 1157 locutus.
2126 1103 2378 1159 Locutus
2399 1108 2488 1159 est
2518 1120 2620 1175 per
2649 1103 2980 1177 aenigmata,
3011 1102 3241 1160 locutus
3261 1107 3349 1160 est
3378 1121 3483 1178 per

1836 1188 2112 1257 visiones,
2171 1190 2403 1247 locutus
2460 1196 2548 1247 est
2597 1208 2698 1263 per
2753 1191 3069 1249 divisiones
3133 1194 3478 1265 gratiarum,

1834 1278 2066 1334 locutus
2096 1284 2185 1335 est
2213 1295 2316 1352 per
2344 1280 2625 1352 Spiritum
2673 1280 3063 1353 singulorum.
3122 1281 3240 1337 Nos
3288 1285 3483 1339 autem

1834 1368 2006 1440 plura
2032 1368 2350 1440 loquimur,
2383 1374 2439 1425 et
2460 1370 2551 1426 vix
2579 1370 2872 1426 audimur.
2907 1369 3100 1426 Semel
3142 1369 3376 1427 locutus
3421 1369 3481 1426 in

1836 1456 1962 1529 lege
1992 1461 2097 1525 est,
2132 1459 2334 1514 eadem
2365 1458 2577 1514 iterum
2610 1458 2841 1514 locutus
2893 1463 2982 1514 est
3036 1458 3094 1513 in
3144 1458 3479 1530 Evangelia.

1835 1545 1989 1601 968
2021 1548 2138 1599 Aut
2167 1546 2433 1615 fortasse,
2470 1551 2536 1602 ut
2563 1564 2667 1620 ego
2699 1551 2861 1619 puto,
2920 1546 3061 1618 quia
3098 1546 3480 1604 multifariam

1834 1631 2069 1690 locutus
2094 1638 2182 1690 est
2201 1635 2260 1689 in
2294 1635 2617 1707 prophetis.
2647 1634 2962 1692 novissime
2992 1638 3189 1691 autem
3245 1634 3480 1692 locutus

1835 1725 1922 1778 est
1952 1722 2009 1777 in
2044 1723 2188 1780 Filio
2219 1740 2347 1780 suo.
2378 1724 2568 1781 Semel
2599 1723 2833 1781 locutus
2860 1727 2969 1791 est,
2997 1725 3229 1795 quando
3249 1715 3480 1781 locutus

1836 1810 1895 1865 in
1927 1810 2071 1867 Filio
2102 1816 2293 1881 est;et
2353 1814 2555 1869 audita
2606 1818 2746 1869 sunt
2794 1814 2970 1870 etiam
3026 1811 3129 1869 illa
3168 1831 3293 1886 quas
3347 1818 3480 1870 ante

1835 1900 2036 1956 audita
2064 1918 2181 1958 non
2213 1906 2379 1959 erant
2412 1903 2483 1959 ab
2514 1901 2586 1959 iis
2618 1903 2834 1974 quibus
2864 1902 3096 1960 locutus
3135 1901 3324 1959 fuerat
3378 1919 3482 1976 per

1835 1989 2173 2062 prophetas.
2207 1991 2398 2047 Semel
2426 2007 2562 2064 ergo
2593 1992 2823 2047 locutus
2855 1996 2944 2048 est
2974 1992 3035 2047 in
3067 1992 3222 2048 Novo
3277 1993 3479 2049 Testa-

1837 2082 2054 2145 mento,
2089 2086 2146 2135 et
2175 2080 2353 2136 Vetus
2385 2081 2652 2136 auditum
2683 2085 2771 2138 est
2795 2082 3260 2146 Testamentum,
3320 2080 3477 2152 quod

1837 2183 1952 2223 non
2013 2167 2397 2237 audiebatur;
2449 2170 2588 2241 quia
2644 2170 2769 2243 ipse
2815 2169 3102 2226 Dominus
3176 2168 3323 2224 dixit
3404 2169 3478 2225 de

1834 2257 2049 2329 populo
2107 2257 2475 2313 Judaeorum:
2520 2281 2548 2309 «
2598 2258 2918 2328 Videbunt,
2991 2263 3049 2314 et
3122 2275 3240 2315 non
3318 2258 3477 2315 vide-

1832 2344 2018 2401 bunt:
2072 2345 2330 2413 audient,
2390 2350 2447 2401 et
2494 2363 2609 2402 non
2662 2346 2902 2403 audient
2949 2348 3129 2415 (Marc.
3164 2364 3240 2414 ιν,
3302 2346 3411 2418 12).
3449 2368 3478 2396 ››

1831 2433 2082 2489 Audient
2111 2452 2251 2491 aure
2308 2451 2601 2507 corporea,
2634 2437 2736 2493 sed
2796 2453 2912 2492 non
2971 2436 3212 2493 audient
3267 2434 3479 2492 mentis

1833 2522 2056 2577 auditu.

1902 2610 1989 2664 34.
2023 2610 2203 2667 Nobis
2232 2629 2390 2684 ergo,
2426 2613 2532 2668 hoc
2581 2616 2668 2669 est
2725 2612 3016 2681 Ecclesiae,
3072 2611 3255 2669 semel
3313 2611 3478 2669 locu-

1834 2701 1931 2754 tus
1954 2705 2064 2767 cst,
2088 2704 2144 2755 et
2173 2700 2287 2756 duo
2319 2701 2520 2757 audita
2547 2704 2717 2770 sunt;
2746 2703 2885 2774 quia
2916 2702 2975 2757 in
3006 2701 3107 2758 illa
3144 2699 3478 2757 audivimus

1832 2790 1887 2842 et
1918 2787 2336 2856 intelleximus,
2371 2807 2497 2862 qua
2554 2806 2668 2845 non
2725 2790 3133 2847 intellexerunt
3182 2790 3284 2862 qui
3326 2789 3477 2863 lege-

1833 2880 1991 2943 runt,
2025 2894 2138 2933 non
2176 2879 2491 2935 audierunt
2547 2878 2645 2950 qui
2701 2879 3033 2935 audierunt.
3097 2878 3269 2936 Solus
3315 2878 3473 2935 enim

1830 2964 2096 3021 Christus
2125 2984 2325 3023 aurem
2356 2967 2580 3039 aperuit
2609 2966 2932 3024 humanam
2962 2968 3033 3024 ad
3074 2967 3479 3041 cognoscenda

1831 3055 2138 3125 mysteria;
2173 3054 2335 3111 solus
2364 3055 2502 3110 libri
2532 3054 2905 3128 signaculum
2936 3055 3127 3123 solvit,
3155 3059 3214 3113 et
3240 3054 3479 3113 resolvit

93 3141 253 3200 Nulla
280 3145 434 3202 enim
459 3150 616 3203 esset
643 3146 992 3202 verecundia
1018 3146 1390 3218 genitalium,
1448 3146 1498 3202 si
1548 3145 1720 3217 culpa
1766 3216 1777 3218 Α
1827 3141 2139 3213 aenigmata
2180 3143 2618 3216 prophetarum.

92 3246 196 3287 non
227 3236 400 3290 esset.
430 3233 633 3306 Neque
664 3235 821 3291 enim
852 3216 1060 3291 caetera
1088 3234 1366 3290 animalia
1392 3216 1720 3290 vestiuntur
1750 3216 1792 3283 C
1901 3230 1991 3285 35.
2025 3231 2210 3299 (Vers.
2257 3233 2368 3304 13.)
2427 3232 2679 3304 Ideoque
2734 3231 2860 3304 ipse
2911 3233 3112 3289 reddet
3159 3231 3473 3305 unicuique

93 3323 149 3374 ut
176 3323 464 3394 tegantur,
500 3339 688 3395 neque
716 3323 1047 3379 vestiuntur
1071 3327 1136 3379 ut
1163 3322 1527 3379 muniantur.
1570 3323 1723 3379 Satis

91 3410 305 3466 munita
320 3415 460 3467 sunt
491 3411 693 3467 omnia
723 3415 941 3468 natura:
976 3429 1095 3469 sua:
1117 3411 1400 3484 tegmine;
1435 3428 1541 3468 nos
1580 3412 1722 3469 dum

89 3498 376 3570 superﬂua
430 3500 775 3572 quaerimus,
829 3505 1061 3574 tegmen
1121 3504 1339 3556 natura:
1390 3500 1722 3568 amisimus,

85 3585 177 3656 jus
206 3603 521 3645 commune
550 3587 936 3661 perdidimus.
968 3589 1219 3661 Ideoque
1250 3590 1307 3643 in
1339 3588 1448 3644 hoc
1498 3587 1724 3660 psalmo

96 3675 436 3734 adscribitur
465 3676 733 3734 doctrina
763 3676 1155 3746 medicabilis;
1181 3676 1319 3749 quia
1337 3676 1424 3733 vel
1445 3677 1724 3734 Idithum.

160 3851 267 3933 (t5)
299 3852 385 3933 Ita
414 3852 559 3924 Reg.
594 3869 705 3933 ms.
730 3852 857 3933 jam
889 3856 1169 3933 a_nte_u_on
1202 3852 1381 3933 semel
1404 3852 1725 3933 _1audat_us.

93 3920 198 4005 .Alii
227 3920 421 4008 autem
453 3920 535 3979 ac
582 3920 751 3991 edit.,
799 3925 938 3979 Duri
992 3924 1146 3991 aliis,
1195 3926 1413 3980 remissi
1477 3926 1730 3996 operibus

93 3999 313 4065 iniquis,
337 3999 448 4051 etc.

157 4067 508 4137 (46))Jugum
528 4064 588 4120 in
617 4065 839 4137 trutina
869 4081 1083 4137 scapus
1114 4068 1201 4121 est
1232 4081 1320 4137 ex;
1337 4066 1504 4136 cujus
1554 4069 1734 4137 extre-

95 4135 201 4191 mis
234 4135 381 4209 binae
407 4136 608 4193 lances
637 4136 921 4209 pendent;
956 4135 1109 4192 unde
1140 4135 1425 4191 translata
1476 4141 1565 4192 est
1610 4135 1732 4191 haec

94 4207 451 4280 metaphora.
638 4207 655 4209 V

159 4277 266 4347 (47)
298 4277 728 4335 Descendimus
759 4293 963 4333 omnes
995 4278 1053 4331 in
1084 4276 1399 4333 Jordanem
1423 4293 1557 4332 cum
1579 4277 1737 4331 Chri-

92 4349 175 4421 sto
203 4350 392 4421 capite
419 4352 649 4412 nostro,
683 4351 855 4421 cujus
886 4352 1189 4404 contactus
1221 4365 1433 4421 aquam
1466 4364 1579 4421 non
1641 4365 1733 4404 so-

90 4414 206 4475 lum
233 4414 535 4484 Jordanis,
567 4421 668 4476 sed
701 4414 939 4476 omnino
962 4436 1197 4475 omnem
1220 4414 1636 4485 sanctificavit;
1671 4424 1736 4474 ut

88 4488 345 4564 dignum”
383 4490 842 4564 regenerationis
900 4498 1111 4564 nostras
1165 4492 1328 4564 fieret
1370 4491 1732 4564 instrumen-

88 4561 540 4646 tum...Ali.oquin
564 4561 965 4646 autemmulti
1003 4561 1143 4646 oli‘m
1188 4561 1247 4646 in
1306 4561 1433 4646 ipso
1481 4562 1735 4646 Jordaue
1770 4581 1817 4646 D

1833 3321 2159 3374 secundum
2199 3335 2395 3392 opera,
2450 3320 2510 3375 in
2557 3338 2684 3392 squo
2731 3324 2789 3376 et
2844 3320 3185 3394 qualitatem
3230 3337 3473 3394 operum

1835 3408 2314 3481 comprehendit:
2376 3413 2440 3465 ut
2506 3415 2608 3466 aut
2689 3410 3080 3483 complurium
3137 3414 3196 3468 et
3273 3409 3476 3467 melio-

1837 3513 1968 3551 rum
2030 3497 2299 3553 restituat
2357 3499 2595 3571 praemia
2637 3499 2863 3556 meritis
2911 3498 3301 3573 singulorum,
3378 3501 3481 3555 aut

1840 3589 2044 3642 contra
2073 3590 2129 3643 et
2191 3603 2434 3644 numero
2493 3604 2805 3661 gravemur
2831 3592 2887 3644 et
2941 3587 3253 3646 acerbitate
3307 3586 3485 3645 meri-

1835 3677 2052 3730 torum.

1845 3850 2104 3934 θεαρίίρρ
2162 3852 2373 3934 Magno
2420 3852 2810 3934 Ηίςῖοργξηυὲ
2847 3852 3232 3934 ,θκηβιιεθιὶίο
3288 3852 3487 3934 tradit-

1842 3922 1988 3978 Vide
2016 3922 2466 3979 Adnotationem
2499 3924 2566 3978 Η.
2598 3922 2813 3979 Valesii
2842 3923 2903 3976 in
2935 3922 3037 3977 lib.
3061 3941 3116 3977 ιν
3143 3922 3377 3979 Eusebii
3425 3923 3492 3980 de

1847 3994 1967 4049 Vita
2001 3994 2349 4050 Constantini
2378 3995 2435 4049 in
2494 4011 2619 4065 cap,
2653 3996 2743 4060 62,
2801 3992 2902 4065 ubi
2949 3993 3103 4065 inter
3157 3993 3273 4049 alia
3338 3994 3486 4050 scitu

1845 4065 2504 4137 dignissimailegituret
2532 4063 2692 4120 istud
2722 4081 2788 4118 ex
2830 4063 3130 4137 itinerario
3186 4065 3488 4137 Antonini,

1844 4133 2000 4206 qu'od
2032 4153 2167 4190 cum
2198 4133 2306 4191 hoc
2336 4136 2461 4191 loco
2492 4153 2605 4192 non
2657 4151 2863 4207 parum
2919 4133 3097 4207 habet
3151 4133 3485 4192 afﬁnitatis;

1843 4208 2125 4289 pesce_udz't
2180 4207 2505 4289 sacerdosin
2590 4206 2819 4289 flumen,
2850 4209 2902 4262 et
2952 4206 3089 4263 hora
3144 4222 3253 4278 qua
3327 4208 3488 4289 etrapit

1845 4277 2155 4333 benedicere
2183 4276 2401 4349 aquarii,
2436 4294 2565 4332 mm:
2591 4276 2843 4333 Iordanis
2871 4293 2997 4350 cum
3050 4276 3248 4350 magno
3293 4276 3485 4348 rugitu

1844 4353 1959 4421 post
1987 4365 2041 4403 se
2061 4351 2379 4415 revertitur;
2413 4357 2462 4404 et
2488 4354 2596 4404 stat
2625 4366 2767 4420 aqua
2807 4349 3057 4419 superior
3098 4352 3160 4405 in
3215 4365 3272 4405 se
3315 4365 3487 4421 usque

1843 4420 1973 4474 dum
2006 4421 2302 4491 baptismus
2331 4421 2633 4491 perﬁcitur,
2696 4421 2934 4491 inferior
2977 4428 3162 4476 autem
3216 4422 3362 4491 fugit
3398 4420 3484 4476 in

1843 4508 2017 4547 mare.

1921 4562 2030 4646 (fis)
2068 4562 2170 4646 His
2200 4561 2371 4646 plane
2404 4562 2637 4646 gemina
2658 4562 2825 4646 docet
2851 4560 3242 4646 augustinusn,
3291 4560 3392 4618 lib.
3446 4578 3485 4618 II

88 4628 367 4717 baptizari
400 4628 809 4717 peroptabant,
842 4628 1347 4717 quemadmodum
1392 4633 1463 4687 de
1508 4633 1740 4717 ‘san‘ctis
1770 4628 1815 4646 "
1850 4628 2151 4717 de‘Pei‘mto
2181 4628 2353 4717 ὄιές).λ
2404 4628 2452 4717 5.
2484 4635 2582 4717 35-;
2685 4650 2718 4717 ξ
2758 4633 2822 4717 {te
2868 4628 3142 4717 Nupt.met
3201 4632 3435 4706 Concup.
3468 4650 3483 4701 ;

90 4702 441 4772 quibusdam
476 4702 827 4777 in'ipsorum
860 4702 997 4760 vitis
1028 4703 1219 4776 legere
1250 4708 1360 4769 est,
1395 4720 1460 4758 ac
1491 4704 1561 4759 de
1592 4704 1738 4759 Con-

1852 4702 1950 4759 lib.
1983 4722 2036 4771 ν,
2072 4721 2198 4775 cap.
2229 4702 2280 4773 5;
2314 4706 2511 4760 Contra.
2538 4706 2649 4762 Jul.
2680 4705 2889 4776 Pelag.,
2923 4702 2981 4761 et
3000 4702 3160 4761 alibi.

887 5045 1247 5108 EXPLICIT
1289 5046 1483 5109 TOMI
1528 5043 1795 5108 DEUIMI
1840 5045 2135 5116 QUARTI
2181 5045 2378 5106 PARS
2428 5046 2683 5107 PRIOR.
