1870 3046
627 299 1162 379 PRZEFATIO.
1212 263 1214 266 ’

121 578 253 614 Quamvis
276 586 365 614 opera:
387 582 503 614 pretium
525 578 649 606 facturus
671 586 721 605 nos
741 585 800 605 esse
825 578 1022 605 arbitraremur
1046 579 1068 605 si
1092 578 1218 614 Origenis
1238 579 1325 615 Opera
1347 580 1450 612 omnia,
1469 584 1522 607 tam
1539 580 1582 608 illa
1599 588 1716 615 quorum

86 627 234 662 genuinum
255 634 316 654 eum
336 633 397 653 esse
422 630 563 653 auctorem
585 629 706 657 constat,
726 633 807 660 quam
828 633 860 652 ea
874 633 933 660 quae
948 626 999 653 sub
1016 625 1075 661 ejus
1090 626 1201 654 nomine
1216 625 1281 653 olim
1298 627 1574 660 circumferebantur,
1591 628 1616 654 iu
1633 636 1714 655 unum

86 680 186 708 corpus
204 671 408 707 colligeremus,
422 671 551 706 quoniam
569 675 660 697 tamen
678 671 819 705 conquesti
832 674 896 698 sunt
912 670 962 697 viri
977 670 1080 705 aliquot
1095 671 1206 704 eruditi,
1218 679 1343 706 aegreque
1359 673 1445 699 tulere
1467 673 1538 707 quod
1553 672 1578 700 in
1596 674 1716 707 priorum

86 717 198 752 hujusce
217 718 345 745 editionis
359 717 527 745 voluminum
544 716 598 744 ﬁne
611 725 694 752 opera
713 717 836 751 quaedam
852 716 962 752 Origeni
979 724 1121 752 perperam
1139 718 1258 752 ascripta
1281 718 1372 746 addita
1394 718 1506 752 fuerint,
1528 726 1588 753 quae
1606 719 1718 745 omnino

84 763 219 798 superﬂua
235 764 360 799 adeoque
375 763 528 790 ementibus
542 770 658 790 onerosa
674 763 726 791 sibi
743 763 916 796 videbantur,
932 763 992 790 ideo
1010 763 1036 790 in
1054 764 1253 797 posterioribus
1270 765 1350 791 tomis
1371 764 1474 799 reliqua
1498 764 1632 800 ejusmodi
1649 772 1716 797 spu-

84 812 124 838 ria
144 811 295 839 omittenda
310 811 478 843 censuimus,
492 811 583 845 qualia
604 815 667 838 sunt
689 810 909 838 Comrnemarius
924 810 994 837 alter
1011 810 1037 837 in
1051 809 1102 837 Job
1119 817 1133 837 a
1152 809 1294 838 Joachimo
1312 811 1437 839 Perioniu
1448 811 1545 838 Latine
1555 818 1715 842 conversus,

87 856 291 885 Commentaria
310 857 336 884 in
351 856 529 892 Evangelium
546 856 629 884 Marci
646 864 706 891 qua:
722 856 772 884 sibi
788 857 935 892 aliquando
956 856 1059 884 edenda
1085 861 1268 891 proposuerat
1283 857 1456 885 doctissimus
1474 857 1599 889 Huetius,
1621 857 1715 884 llomi-

88 902 131 929 liae
148 902 175 929 in
190 902 324 935 diversos,
341 906 370 929 et
382 901 434 929 alia
454 909 514 936 quae
530 900 678 936 praeferunt
692 901 807 937 vulgata:
822 907 903 929 antea
920 901 1023 929 Latina:
1040 902 1173 930 editiones
1189 911 1196 929 :
1210 903 1281 930 unde
1299 903 1327 930 fit
1345 908 1374 931 ut
1387 911 1440 931 non
1455 904 1512 938 jam
1530 904 1715 932 voluminibus

82 949 216 984 quinque,
241 949 312 978 sicut
333 949 413 977 initio
432 948 604 984 propositum
631 948 732 981 fuerat,
752 949 801 975 sed
830 952 947 982 quatuor
969 948 1104 974 duntaxat
1128 953 1183 975 tota
1207 948 1438 983 Origcnianorum
1455 949 1573 984 Operum
1589 949 1716 977 collectio

85 996 259 1024 conﬁciatur.

116 1043 215 1071 Mirum
230 1051 294 1071 vero
310 1043 426 1072 fortasse
438 1042 578 1071 videbitur
597 1045 725 1076 quartmn
744 1041 795 1067 hoc
813 1044 840 1067 et
853 1039 978 1066 ultinuun
993 1039 1130 1072 volumen,
1149 1041 1221 1075 quod
1244 1042 1270 1068 in
1294 1042 1455 1076 praefatione
1474 1043 1546 1070 tertii
1562 1051 1633 1070 anno
1646 1043 1716 1070 1740

81 1091 158 1125 quasi
186 1098 249 1118 mox
268 1092 343 1125 prelo
362 1088 588 1117 committendum
609 1088 812 1118 nuntiaret-am,
836 1092 890 1114 tam
921 1094 982 1114 scro
1007 1091 1097 1114 tamen
1125 1092 1186 1122 post
1206 1088 1257 1114 alia
1284 1089 1402 1123 prodire.
1421 1088 1519 1116 Verum
1534 1095 1715 1124 prmterquam

81 1137 155 1172 quod
171 1136 284 1171 propius
297 1135 455 1170 inspieienti
469 1133 536 1160 mihi
550 1133 593 1160 vix
614 1133 763 1168 quidquam
791 1133 816 1159 in
835 1139 868 1159 eo
883 1132 1055 1158 elaboratum
1077 1132 1209 1167 preloque
1224 1138 1349 1168 paratum
1366 1135 1497 1167 occurrit,
1514 1136 1618 1163 absenti
1635 1136 1716 1170 paulo

80 1189 156 1219 post,
176 1184 327 1218 alienisque
345 1181 484 1210 laboribus
507 1185 640 1215 occupato
665 1179 807 1214 promissis
830 1184 903 1206 stare
923 1185 976 1205 u0u
992 1178 1079 1205 licuit.
1098 1179 1175 1205 Anno
1188 1180 1260 1207 crtior
1278 1179 1347 1207 1742
1365 1186 1473 1208 mortuo
1495 1182 1607 1209 doruino
1621 1188 1716 1210 nostro

79 1231 162 1258 Petro
178 1229 313 1261 Sabatier,
331 1228 379 1263 qui
394 1229 493 1256 veteris
515 1227 616 1254 Latiare
637 1226 798 1258 Bibliorum,
813 1233 893 1260 quam
917 1225 1038 1253 Italicam
1060 1231 1170 1259 vocant,
1188 1226 1330 1255 Versionis
1343 1229 1434 1262 priora
1451 1229 1504 1255 duo
1521 1228 1658 1257 volumina
1673 1231 1716 1258 in~

79 1278 145 1305 folio
161 1277 254 1304 Retnis
271 1276 439 1312 vulgaverat,
458 1275 556 1302 Remos
581 1281 653 1301 anno
670 1273 738 1300 1765
752 1280 766 1300 a
785 1273 980 1307 Superioribus
1003 1273 1104 1300 missus
1120 1273 1153 1299 ad
1172 1275 1388 1309 persequendam
1414 1275 1492 1306 hanc,
1511 1283 1591 1310 quam
1605 1277 1715 1311 potissi-

79 1333 154 1352 mum
173 1323 322 1359 flagitabat,
342 1322 474 1357 cujusque
487 1320 640 1356 sumptibus
656 1320 821 1347 subvenerat
838 1319 1033 1346 serenissimns
1055 1319 1265 1347 Aurelianorum
1282 1321 1335 1346 dux
1350 1328 1382 1347 ac
1395 1322 1532 1356 princeps,
1548 1322 1708 1356 editionem,

78 1379 127 1399 sex
146 1377 236 1398 annos
252 1370 372 1404 integros
389 1369 489 1396 ibidem
504 1367 636 1402 insumpsi
655 1366 736 1394 tertio
751 1371 779 1393 et
795 1365 891 1393 ultimo
908 1365 989 1399 hujus
1004 1365 1136 1392 volumini
1156 1366 1332 1394 ahsolvendo.
1351 1367 1409 1399 Quo
1425 1367 1500 1394 finito
1516 1372 1586 1395 totus
1599 1369 1632 1395 ad
1649 1369 1709 1397 Ori-

77 1425 177 1453 genem
193 1417 274 1450 redii,
291 1416 397 1451 singula
414 1416 448 1443 ad
467 1415 669 1450 manuscriptos
684 1414 793 1441 codices
813 1412 916 1441 contuli
933 1417 960 1440 et
972 1413 1112 1448 castigari,
1126 1413 1198 1440 notis
1213 1413 1356 1444 illustravi.
1371 1413 1438 1440 nulli
1449 1414 1566 1449 denique
1579 1415 1620 1442 vel
1631 1423 1714 1450 curm,

79 1464 122 1492 vel
138 1464 242 1498 studio,
261 1463 303 1491 vel
321 1462 409 1490 labori
428 1462 536 1498 peperci
550 1466 580 1488 ut
597 1461 732 1496 integrum
747 1460 813 1488 illud
830 1467 862 1487 ac
882 1459 1033 1495 perfectura
1049 1459 1159 1494 suisque
1176 1461 1303 1488 omnibus
1327 1460 1449 1488 numeris
1464 1461 1618 1488 absolutum
1635 1462 1711 1489 voln-

77 1519 140 1538 men
162 1510 303 1538 evaderet.
318 1509 347 1537 Si
364 1509 428 1544 quid
443 1513 537 1543 postea
556 1515 640 1535 morae
655 1506 852 1537 intercesserit.
867 1506 893 1533 id
911 1506 1082 1533 tribuendum
1110 1507 1151 1532 vcl
1174 1506 1297 1533 aviditati
1315 1510 1342 1534 ct
1358 1506 1509 1534 oscitantia:
1531 1509 1713 1543 typograplm.

78 1565 152 1590 rum,
169 1557 227 1592 qui,
248 1564 282 1585 ne
305 1555 498 1592 typographica
513 1563 632 1589 unquam
651 1561 699 1581 sua
713 1553 819 1581 ollicina
836 1558 925 1584 vacet,
939 1560 1007 1580 nova
1024 1560 1133 1587 semper
1151 1553 1332 1587 imprimeuda
1355 1558 1496 1588 appetunt,
1512 1554 1637 1582 inchoata
1660 1563 1710 1582 ιιοι-

78 1604 197 1639 gligunt,
209 1604 252 1632 vel
269 1603 331 1631 aliis
349 1602 556 1637 quibuscunque
576 1600 696 1633 casibus,
712 1600 805 1636 quales
822 1599 874 1627 fert
891 1607 982 1627 rerqu
1000 1599 1182 1626 humanarum
1208 1607 1346 1635 nunquam
1369 1600 1421 1628 sibi
1433 1602 1620 1629 constantium
1632 1602 1712 1642 vicis-

78 1652 183 1679 situdo.

114 1697 202 1725 Porro
220 1700 309 1723 tomus
325 1694 370 1722 hic
386 1697 499 1730 quartus
519 1697 546 1719 et
564 1692 675 1719 ultimus
696 1691 722 1718 in
737 1692 804 1718 duas
822 1696 912 1726 partes
929 1692 1068 1724 dividitur,
1086 1699 1202 1727 quarum
1224 1692 1300 1727 prior
1320 1695 1442 1720 continet
1465 1695 1572 1723 residua
1588 1693 1711 1731 Origenp.

79 1752 163 1781 opera
179 1744 206 1770 in
222 1741 367 1773 Joannem,
385 1740 565 1776 fragmentum
580 1746 595 1766 e
611 1742 707 1774 quarta
724 1738 834 1766 homilia
850 1739 875 1766 iu
889 1739 956 1766 Acta
973 1739 1174 1774 apostolorum,
1191 1739 1411 1770 Commentarios
1425 1741 1546 1776 ejusdem
1565 1745 1590 1771 in
1607 1743 1713 1778 Episto-

80 1793 134 1820 lam
149 1790 227 1818 Pauli
243 1789 278 1816 ad
297 1789 448 1819 Romanos,
463 1794 524 1814 eum
548 1785 710 1821 fragmentis
726 1785 752 1812 in
767 1785 902 1820 Epistolas
921 1786 954 1813 ad
969 1785 1091 1818 Galatas,
1111 1787 1144 1814 ad
1161 1787 1303 1822 Ephesios.
1321 1787 1353 1815 ad
1369 1788 1557 1824 Colossenses,
1579 1791 1611 1818 ad
1627 1791 1713 1820 Thcs-

79 1837 277 1868 salouieenses,
291 1835 324 1862 ad
349 1834 452 1867 Titum,
469 1833 502 1860 ad
528 1831 728 1863 Philemonem,
744 1831 778 1858 ad
801 1830 940 1864 Hebraeos.
958 1836 986 1859 et
1006 1832 1111 1860 duobus
1138 1834 1277 1861 consuetis
1299 1835 1447 1867 indicibus,
1478 1835 1564 1864 altero
1589 1837 1710 1866 locorum

80 1884 234 1918 Scriptura:
254 1888 352 1912 sacrm,
363 1879 450 1907 altero
472 1886 563 1906 rerum
579 1877 796 1905 mernorahilium
811 1884 819 1903 :
837 1878 974 1911 posterior
986 1885 1049 1912 pars
1066 1878 1259 1913 complectitur
1273 1878 1362 1913 Opera
1380 1880 1412 1906 ad
1428 1880 1571 1915 Origenem
1586 1888 1713 1918 spectan—

79 1933 128 1965 tia,
141 1931 270 1959 nimirum
285 1929 314 1957 S.
331 1927 466 1962 Pamphili
480 1925 611 1961 martyris
630 1925 784 1960 Apologiam
798 1932 846 1959 pro
863 1924 988 1960 Origene,
1003 1929 1030 1953 et
1047 1933 1096 1960 pro
1113 1926 1208 1953 eodem
1232 1924 1423 1962 Panegyricum
1442 1927 1598 1958 Orationem
1614 1939 1628 1957 a
1647 1939 1713 1959 san..

77 1984 124 2007 elo
136 1977 270 2012 Gregorio
285 1976 491 2009 Thaumaturgo
505 1980 520 2000 e
534 1971 628 1999 schola
653 1969 779 2006 Origenis
798 1971 825 1998 in
848 1971 965 2005 patriam
989 1971 1079 2000 redire
1099 1972 1205 2007 paranti
1223 1973 1414 2007 oon-positam,
1429 1982 1460 2001 ac
1475 1974 1606 2004 Caesareae
1619 1977 1646 2005 in
1660 1979 1710 2006 Pa-

77 2026 186 2053 lestina
202 2023 309 2059 publice
324 2021 455 2052 habitata,
473 2018 634 2053 Origeniana
647 2025 661 2044 a
675 2016 834 2045 doctissimo
847 2017 943 2045 lluetio
959 2017 1072 2053 scripta,
1086 2019 1214 2053 notisque
1229 2018 1369 2047 historicis
1386 2027 1417 2047 ac
1428 2020 1532 2049 criticis
1547 2022 1593 2050 ubi
1603 2030 1712 2053 cum‘co

78 2073 161 2100 nobis
172 2079 225 2098 non
242 2069 370 2098 convenit
384 2068 527 2099 illustrata,
545 2073 605 2093 cum
625 2071 732 2092 summa
749 2063 869 2098 ejusdem
886 2064 977 2100 operis
992 2064 1138 2096 librorum,
1155 2065 1324 2098 sectionum,
1341 2067 1460 2101 capitum
1474 2073 1501 2094 et
1515 2076 1709 2105 numerorum;

76 2123 106 2146 et
119 2122 280 2152 excerptum
299 2124 331 2144 ex
353 2115 470 2150 Georgio
496 2113 574 2140 Bullo
595 2115 677 2146 caput
702 2118 804 2137 nouqu
822 2110 990 2145 Defensionit
1007 2111 1072 2145 ﬁdei
1098 2110 1228 2145 Nica'na’,
1245 2113 1278 2140 de
1299 2113 1366 2141 Filio
1382 2113 1420 2149 τῷ
1432 2115 1577 2152 ὁμουρείῶ
1598 2117 1642 2144 ubi
1665 2126 1708 2144 (.a_

80 2164 181 2192 tholica
197 2162 323 2197 Origenis
335 2162 368 2189 de
384 2161 519 2188 Trinitate
538 2158 603 2186 ﬁdes
618 2157 790 2192 potissimum
804 2156 970 2184 vindicatur.

117 2238 331 2267 Commentariis
351 2238 379 2265 in
402 2237 547 2270 Joannem,
563 2242 592 2264 et
612 2237 747 2272 Apologia:
772 2235 905 2271 Pamphili
921 2238 1040 2272 speciale
1055 2239 1186 2268 Monitum
1202 2243 1343 2277 praeﬁxum
1359 2249 1410 2272 cst.
1423 2245 1490 2274 Cum
1506 2256 1571 2276 vero
1593 2251 1626 2279 de
1650 2252 1690 2280 rm
1701 2269 1709 2275 η

78 2286 199 2319 ginentis
211 2286 238 2312 in
252 2285 321 2313 Acta
338 2285 524 2319 apostolorum
542 2289 569 2311 et
592 2284 618 2311 in
640 2283 776 2317 Epistolas
792 2283 869 2311 Pauli
894 2290 992 2320 agatur
1007 2285 1228 2322 Origenianorum
1251 2290 1320 2318 libro
1336 2299 1377 2325 ιιι,
1391 2294 1511 2323 sectione
1523 2297 1550 2328 2,
1565 2305 1640 2325 num.
1655 2300 1670 2327 τ
1683 2308 1709 2328 ιιι

77 2331 108 2363 8,
121 2338 182 2366 pag.
201 2331 265 2363 297,
281 2332 441 2359 elseetione
455 2331 482 2363 5,
499 2339 573 2358 ιιιιιιι.
589 2331 622 2357 lt
635 2336 662 2358 et
677 2330 718 2363 15,
736 2338 798 2365 pag.
817 2330 870 2358 505
887 2336 914 2358 et
931 2331 995 2365 506,
1013 2334 1058 2361 ubi
1072 2335 1136 2370 quid
1156 2337 1217 2364 novi
1236 2345 1250 2365 a
1266 2339 1344 2366 nobis
1360 2346 1495 2374 repertum
1520 2343 1556 2371 sit
1570 2345 1641 2373 notis
1660 2348 1707 2374 oh-

74 2379 260 2412 scrvavimus,
277 2379 340 2406 inde
365 2378 395 2405 fit
420 2384 450 2405 ut
471 2378 504 2406 de
525 2378 576 2406 illis
591 2374 688 2406 iter'um
705 2378 815 2413 prafari
827 2386 1060 2414 supervacaneum
1076 2383 1208 2416 videatur,
1222 2386 1273 2413 nisi
1289 2385 1358 2414 forte
1372 2387 1473 2423 aliquid
1489 2391 1599 2426 insuper
1615 2394 1707 2421 dicen-

76 2424 144 2452 dum
158 2425 195 2453 sit
209 2426 242 2453 de
255 2425 466 2452 Commentariis
483 2425 508 2452 in
522 2425 670 2460 Epistolam
685 2425 718 2452 ad
736 2424 883 2453 Romanos.

560 2516 597 2543 De
617 2515 819 2543 Commentariis
834 2516 860 2541 in
872 2513 1019 2546 Epistolam
1035 2512 1070 2538 ad
1086 2511 1227 2539 Romanos.

117 2570 182 2598 Cum
204 2571 285 2600 libris
301 2578 318 2597 v
332 2575 358 2598 ιιι
374 2578 420 2597 vni
438 2570 536 2597 Contra
553 2570 657 2604 Cglsum
676 2577 740 2597 suas
762 2569 788 2596 iu
806 2569 955 2604 Epistolam
969 2568 1009 2596 'ad
1033 2568 1172 2596 Romanos
1197 2568 1401 2597 lucubrationes
1415 2576 1547 2600 memoret
1563 2573 1706 2610 Origenes,

73 2623 182 2645 certum
196 2623 238 2646 est
260 2618 286 2644 in
314 2618 383 2645 hanc
405 2619 481 2653 prius
497 2617 658 2653 Epistulam,
671 2625 752 2652 quam
776 2617 877 2644 Comm
897 2616 1015 2648 Celsum,
1030 2617 1152 2651 adeoque
1176 2622 1323 2651 antequam
1341 2617 1422 2645 ﬁnem
1439 2619 1591 2653 imperandi
1605 2620 1707 2651 faceret

71 2664 227 2699 Philippus,
251 2671 314 2692 eum
337 2664 490 2698 scripsisse.
515 2664 612 2699 Liquet
627 2665 709 2695 etiam
733 2664 798 2691 illud
820 2671 889 2698 opus
910 2663 994 2690 fuisse
1015 2663 1185 2690 elaboratum
1203 2667 1261 2697 post
1279 2663 1337 2697 ejus
1353 2663 1379 2689 in
1395 2662 1546 2692 Leviticum
1563 2665 1706 2703 Homilias,

71 2720 194 2747 quarum
221 2712 349 2740 secundat
372 2712 495 2739 meminit
517 2712 563 2739 lib.
587 2719 628 2744 rx,
651 2719 728 2739 num.
752 2711 765 2738 1
791 2711 1054 2738 Commentariorum
1074 2710 1100 2736 in
1113 2710 1237 2737 eamdem
1255 2710 1413 2744 Epistolam.
1429 2711 1516 2740 Porro
1532 2715 1707 2749 cum,judice

72 2758 188 2791 Rufino,
207 2759 265 2786 ista:
282 2759 404 2786 llomiliat
427 2767 460 2786 ex
489 2763 611 2793 tempore
632 2759 815 2794 pronuntiata:
833 2757 898 2790 sint,
915 2758 1025 2784 nonnisi
1043 2761 1103 2792 post
1123 2764 1225 2783 annum
1245 2757 1346 2785 Christi
1361 2757 1415 2785 255
1431 2759 1524 2787 haberi
1545 2764 1704 2794 potuerunt.

72 2804 156 2832 Unde
177 2805 329 2839 colligimus
352 2814 406 2840 quo
430 2809 552 2841 tempore
571 2806 793 2834 Commentarios
815 2805 842 2831 in
867 2804 1025 2831 Mattlneum
1042 2805 1225 2832 concinnabat
1241 2805 1385 2841 Origenes,
1403 2813 1499 2840 nempe
1515 2807 1587 2834 circa
1603 2815 1702 2834 annum

68 2849 141 2882 236,
156 2851 306 2885 imperante
328 2851 462 2887 Philippo,
484 2852 580 2880 eodem
600 2853 681 2880 etiam
701 2851 903 2881 Commentaria
927 2852 954 2878 in
981 2851 1129 2885 Epistolatn
1154 2853 1187 2880 ad
1203 2852 1343 2881 Romanos
1359 2861 1420 2880 cum
1436 2853 1593 2881 adornasse.
1611 2852 1704 2888 Ecqua

235 2902 370 2932 PATROL.
392 2903 450 2932 Gn.
467 2902 550 2937 Χιν,
