1870 3046
192 99 224 131 H
774 98 963 126 PR/EFATIO
980 99 1024 126 AD
1044 97 1167 127 TOMUM
1186 98 1228 126 IV.
1772 96 1799 123 l!

190 159 369 187 verisimilius
393 159 457 186 illttd
484 156 600 189 eruitur,
622 157 694 192 quod
715 163 788 184 tomo
814 165 869 184 x\‘ll
887 157 913 184 in
939 156 1095 184 Matthmum
1117 163 1182 183 suas
1210 156 1236 182 in
1252 155 1398 190 Epistulam
1413 156 1445 182 ad
1466 155 1601 183 Romanos
1615 154 1800 190 explanationes

194 211 345 239 recenseat,
359 211 385 233 et
411 205 458 233 lib.
477 213 483 231 ι
503 205 529 231 in
543 203 690 238 Epistulam
706 203 740 230 ad
757 203 904 236 Romanos,
924 210 1000 230 num.
1018 203 1044 236 5,
1063 203 1096 230 de
1118 202 1274 238 genealogia
1300 202 1450 230 Salvatoris
1468 210 1481 229 a
1498 202 1624 229 Matthreo
1650 201 1727 230 relata
1748 209 1801 237 pro-

193 254 283 281 mittat
298 261 328 281 se
344 252 428 280 fusius
444 259 492 279 suo
505 251 565 279 loco
581 252 605 279 in
621 250 797 286 sequentibus
807 250 983 284 scripturum.

227 299 415 330 Cassiodorus,
442 298 564 324 Institut.
585 297 666 323 divin.
687 296 759 329 lert.,
781 302 843 329 cap.
861 295 888 328 8,
907 295 1003 329 viginti
1030 295 1114 323 libros
1135 296 1162 322 in
1185 296 1256 322 hanc
1282 293 1432 329 Epistolam
1458 294 1492 320 ab
1509 294 1626 329 Origene
1652 295 1802 328 conscriptos

192 347 286 374 refert.
305 345 397 373 Sancti
414 344 492 371 Pauli
506 345 590 377 prima
606 343 734 374 omnium,
754 342 852 377 inquit,
868 346 892 368 et
915 341 1099 367 admirabilior
1114 340 1247 368 destinata
1263 341 1431 374 cognoscitur
1444 340 1478 366 ad
1497 340 1638 372 Romanos,
1650 346 1731 375 'qnam
1746 340 1800 368 Ori-

192 400 267 428 genes
287 391 377 426 viginti
403 391 479 417 libris
499 387 591 417 (lurco
613 398 731 417 sermone
749 389 903 416 declaravit.
922 388 1020 415 Verum
1046 387 1171 419 Ruﬁnus,
1188 388 1234 421 qui
1262 386 1379 414 lleraclii
1401 386 1519 421 itnpulsu
1535 395 1582 414 eos
1596 387 1697 414 Latinae
1715 387 1802 420 lingua!

191 438 332 466 donandus
350 437 479 472 suscepit,
495 437 649 469 quindecim
667 441 771 464 tantum
796 439 939 463 entnncrat
956 435 982 462 in
1002 442 1057 462 sua:
1076 433 1262 462 translationis
1290 433 1424 468 protentio
1442 443 1447 460 :
1466 434 1520 460 imo
1546 433 1653 460 variant
1675 433 1801 463 lectioaes.

192 490 219 511 ct
234 491 284 519 pro
297 484 456 519 quindecim,
474 487 502 510 ut
529 482 621 518 legunt
640 490 736 510 omnes
760 483 835 515 editi,
852 483 914 514 duo,
931 481 1030 516 quibus
1048 481 1088 508 usi
1105 488 1210 512 sumus,
1227 480 1411 514 antiquissimi
1424 480 1547 512 codices,
1564 487 1634 507 unus
1646 479 1797 507 cathedralis

190 529 315 557 ecclesiae
338 529 522 562 Ehroicensis,
539 528 610 556 alter
634 528 793 556 monasterii
809 527 1004 560 Vallis-Clara),
1019 526 1121 554 habent
1143 526 1212 554 alius
1237 526 1336 558 decem,
1351 525 1419 552 alius
1440 526 1589 552 duodecim.
1609 525 1662 553 Sed
1686 526 1728 553 hic
1753 525 1800 552 lor-

193 580 266 602 tasse
279 575 365 602 libros
378 575 424 610 qui
441 582 487 602 sua
506 579 585 602 aelate
603 574 967 609 supereranttantummodo
981 574 1093 601 denotat
1108 572 1240 604 Ruﬁnus;
1255 572 1310 606 jam
1331 571 1404 599 enim
1417 572 1522 606 aliquot
1540 572 1710 600 intercidisse
1726 578 1799 600 testa-

193 626 237 647 tur
259 621 285 647 in
308 620 467 655 prail'atione
494 621 527 646 ad
547 619 711 647 Heracliam.
727 619 762 647 Ut
777 624 806 646 ut
822 619 868 651 sit,
887 619 1028 654 deperdita
1051 619 1084 645 de
1097 626 1146 645 suo
1165 617 1314 649 addidisse,
1337 621 1479 651 totumque
1493 624 1561 652 opus
1574 617 1607 643 ad
1623 617 1731 644 mediam
1752 618 1803 644 lere

192 672 296 701 partem
308 673 338 693 se
352 667 520 694 contraxisse
535 666 634 693 ibidem
656 665 822 700 proﬁtetur:
837 669 864 692 et
882 665 981 699 reipsa,
1000 669 1067 692 teste
1089 663 1251 690 Cassiodoro
1268 663 1366 689 ibidem
1382 670 1434 697 quo
1449 670 1543 697 supra,
1568 670 1600 689 ex
1623 663 1715 698 viginti
1735 663 1804 692 libris

192 712 284 739 decem
303 712 489 739 tantummodo
503 710 620 738 confecit
637 721 643 738 :
664 710 735 743 Quos
761 715 858 743 tamen,
884 710 983 744 inquit,
1008 717 1090 743 supra
1103 709 1189 735 dictus
1214 707 1326 743 Ruﬁnus
1337 710 1363 734 in
1378 710 1466 735 decem
1484 708 1566 735 libros
1578 709 1707 743 redigens,
1724 709 1803 736 adhuc

191 758 297 791 copiose
322 756 460 784 transtulit
482 757 510 783 in
535 755 671 783 Latinum.
699 756 837 783 Adversus
859 756 930 782 hanc
954 755 1095 782 audacium
1124 753 1297 782 excandescit
1325 753 1467 787 Erasmus,
1485 761 1535 781 nec
1554 754 1690 781 immerito
1704 755 1803 789 quidam

193 802 320 830 Ruﬁnum
333 802 521 837 objurgarunt,
536 802 764 837 quemadmodum
784 803 840 836 ipse
853 802 904 830 sibi
921 801 1057 836 objeetum
1075 801 1158 829 luisse
1170 802 1208 828 ait
1225 802 1251 828 in
1269 801 1445 836 peroratione
1457 809 1512 828 sum
1531 802 1723 835 translationis,
1738 804 1805 838 quod

191 854 269 875 suutn
289 847 380 882 potius
402 854 482 882 quam
500 847 626 880 Origenis
645 854 741 874 nomen
765 847 845 880 hujus
859 847 949 882 operis
966 847 1043 874 titulo
1057 855 1111 874 non
1127 847 1321 882 inscripsisset.
1342 846 1410 874 Hinc
1426 847 1500 874 enim
1517 848 1546 874 ﬁt
1564 853 1592 876 ut
1610 849 1657 876 vix
1669 848 1804 884 Origenem

191 894 218 920 in
239 893 358 929 Origene
380 893 511 928 reperias,
530 893 709 929 injuriamque
729 894 840 930 Origeni
866 894 968 922 illatam
987 894 1093 922 facilius
1116 894 1316 929 deprehendes,
1331 894 1353 921 si
1372 893 1525 929 fragmenta
1544 898 1667 931 quaedam
1683 897 1804 925 lucubra-

193 939 274 967 tionis
289 939 369 974 hujus
385 940 488 967 inserta
502 939 657 968 Pliilocalice
674 948 735 967 cum
753 941 895 968 Ruﬁniana
911 941 1090 968 conversione
1109 939 1249 975 conﬁigas.

225 986 392 1023 Theophilus
415 987 588 1021 Salodianus,
610 988 715 1016 ordinis
732 988 919 1016 Observantize
942 988 1155 1016 MendiCantium
1178 988 1236 1016 Divi
1263 988 1419 1024 Hieronymi
1437 986 1587 1023 professor,
1602 993 1634 1014 ex
1649 987 1741 1015 codice
1757 995 1806 1015 tua-

189 1034 331 1069 nuserlpto
354 1034 514 1062 Phesulatne
524 1036 565 1062 sui
584 1041 733 1064 conventus
753 1035 935 1069 bibliotheca},
954 1037 1000 1071 qui
1018 1035 1214 1071 Hieronymum
1236 1037 1412 1071 interpretem
1428 1036 1454 1063 in
1469 1035 1557 1061 fronte
1575 1033 1746 1069 praeferebat,
1761 1035 1806 1062 hos

189 1080 282 1108 decem
301 1079 387 1107 libros
407 1079 510 1115 primus
525 1080 574 1107 sub
593 1079 750 1116 Hieronymi
766 1081 876 1108 nomine
889 1081 1010 1108 Venotiis
1031 1081 1116 1108 edidit
1128 1089 1202 1109 anno
1218 1081 1296 1108 1506.
1314 1082 1391 1109 Hunc
1405 1080 1490 1108 secuti
1508 1079 1652 1112 Met-linus.
1669 1079 1804 1113 Erasmus,

188 1125 391 1158 Genebrardus,
417 1125 632 1161 Hieronymique
656 1125 774 1161 Operum
805 1127 975 1154 Rasileenses
1001 1127 1131 1160 editores,
1149 1135 1220 1154 anno
1244 1127 1323 1159 l57l,
1347 1132 1428 1162 atque
1452 1125 1592 1160 Philippus
1618 1125 1749 1154 Labbaeus
1773 1128 1805 1154 De

189 1172 311 1206 scriptor.
326 1172 430 1203 cedet,
443 1177 509 1198 tom.
525 1171 556 1205 ll,
574 1179 635 1207 pag.
651 1173 712 1204 145,
725 1172 784 1208 ejus
799 1180 890 1208 operis
903 1172 1159 1207 interpretationem
1174 1171 1341 1208 Hieronymo
1355 1173 1446 1201 itidem
1463 1174 1662 1208 ascripserunt.
1677 1174 1729 1202 Sed
1741 1175 1806 1203 hanc

189 1217 289 1244 Ruﬁno
304 1224 365 1244 esse
381 1216 553 1244 tribuendam
567 1218 772 1246 evidentissinte
783 1219 900 1253 probant
916 1222 971 1245 tum
988 1219 1180 1252 Cassiodorus,
1197 1223 1254 1246 tum
1270 1220 1448 1254 manuscripti
1460 1220 1557 1251 nostri,
1574 1224 1632 1247 tum
1644 1221 1701 1254 ipsa
1720 1219 1806 1248 Ruﬁni

189 1263 337 1299 peroratio.
361 1263 406 1291 ubi
431 1264 469 1291 ait
490 1271 518 1291 se
539 1263 619 1299 paulo
645 1268 705 1298 post
730 1271 925 1291 conversurum
951 1263 1098 1291 Clementis
1117 1264 1215 1298 libros,
1235 1264 1307 1302 quod
1329 1272 1345 1291 a
1369 1264 1468 1292 Rut‘mo
1491 1265 1595 1292 factum
1612 1272 1671 1293 esse
1689 1272 1803 1294 constat.

189 1307 329 1342 Erasmus,
345 1309 481 1345 mangonii
507 1309 635 1337 librarios
663 1310 838 1341 insimulatis,
854 1310 888 1336 ad
905 1315 1042 1344 emptores
1059 1309 1220 1337 alliciendos
1239 1314 1397 1344 praetextum
1415 1310 1449 1338 ab
1474 1311 1507 1338 iis
1532 1311 1689 1347 Hieronymi
1713 1320 1807 1340 nomen

190 1356 350 1383 arbitratur.
365 1355 416 1382 Ast
429 1354 555 1386 liuetius,
570 1355 639 1382 hanc
656 1355 760 1382 Erasmi
777 1354 987 1389 probabiliorem
1002 1354 1167 1382 sententiam
1191 1361 1333 1390 respuens,
1347 1362 1436 1388 Suam,
1456 1356 1499 1384 cui
1513 1356 1624 1385 minime
1637 1359 1807 1391 assentimes,

189 1402 225 1429 ita
239 1402 326 1436 aperit
344 1402 499 1437 Urigenian.
525 1402 571 1429 lib.
589 1410 630 1434 ιιι,
646 1409 706 1437 cap.
721 1402 749 1434 2,
771 1407 839 1430 sect.
852 1403 878 1434 5,
896 1409 972 1429 num.
988 1402 1042 1429 l5:
1059 1402 1132 1429 ιϐιιι-
1153 1401 1318 1438 Hieronymo
1345 1403 1444 1431 tributa
1468 1405 1505 1431 sit
1520 1405 1589 1439 (hate
1612 1405 1808 1442 interpretatio)

188 1447 278 1476 Ruﬁni
296 1453 354 1476 astu
379 1453 406 1476 et
425 1448 533 1475 val'ritie
555 1448 656 1476 laetum
680 1453 753 1484 puto,
773 1449 819 1483 qui
837 1449 870 1475 ad
888 1448 1076 1475 declinandam
1099 1447 1164 1475 l‘acti
1184 1449 1314 1476 invidiam
1329 1448 1411 1483 (male
1433 1450 1532 1486 quippe
1545 1451 1673 1479 audiebat
1685 1451 1808 1486 Origenia

188 1497 309 1532 nomen),
327 1501 354 1524 et
372 1497 399 1524 in
413 1496 618 1531 Hieronymum,
633 1503 650 1523 a
669 1504 723 1531 quo
736 1503 808 1530 stupe
820 1495 983 1530 Origenismi
995 1503 1077 1523 causa
1097 1495 1251 1531 exagitatus
1268 1496 1369 1530 fuerat,
1389 1496 1598 1531 retundendam,
1617 1506 1715 1528 nomen
1731 1508 1808 1528 suum

188 1548 242 1569 non
265 1541 404 1577 apposuit,
417 1540 550 1568 modestia
571 1540 675 1567 factum
698 1539 841 1573 simulans,
858 1541 930 1574 quod
946 1540 1024 1567 malis
1050 1540 1156 1568 artibus
1181 1545 1272 1568 actum
1290 1545 1359 1568 erat.
1372 1549 1382 1568 ι
1405 1542 1505 1571 Eadem
1529 1543 1614 1572 ferme
1630 1546 1667 1573 ait
1690 1545 1810 1581 ejusdem

187 1587 318 1616 sectionis
331 1595 407 1614 num.
428 1587 456 1620 5,
479 1587 525 1614 ubi
541 1587 574 1614 de
587 1585 715 1615 Homiliis
726 1587 752 1614 in
768 1586 858 1614 .losue.
876 1586 928 1614 Sed
948 1586 982 1614 de
993 1586 1036 1614 his
1049 1594 1099 1614 suo
1113 1586 1171 1614 loco
1191 1587 1367 1615 disseremus.

223 1633 328 1661 Praeter
348 1637 517 1660 contractam
534 1632 609 1659 illam
623 1638 651 1660 et
668 1637 820 1660 truncatam
845 1632 935 1659 Ruﬁni
959 1632 1226 1667 interpretationem,
1250 1634 1383 1660 habemus
1402 1634 1466 1661 tomi
1487 1635 1567 1669 primi
1593 1644 1646 1664 non
1672 1637 1811 1667 mediocre

187 1679 370 1714 fragmentum
386 1678 413 1706 in
432 1678 519 1713 capite
538 1673 695 1706 Philocalile
712 1678 775 1710 ΞΡ,
790 1685 822 1705 ac
835 1679 903 1705 duas
918 1677 1036 1704 minores
1059 1677 1173 1705 lacinias
1190 1678 1216 1704 in
1235 1678 1364 1713 Apologia
1379 1678 1544 1714 Pamphili’.
1559 1675 1690 1710 Socrates
1708 1681 1811 1711 "mar.

186 1727 293 1760 ποίει,
303 1725 352 1752 lib.
367 1733 417 1757 vn,
431 1732 493 1760 cap.
511 1725 556 1757 δῖε
567 1727 693 1753 observat
705 1723 851 1761 Origencnt
865 1724 891 1751 iu
910 1723 993 1759 priori
1007 1723 1100 1751 eodem
1113 1723 1205 1751 tomo’
1218 1724 1350 1752 latissime
1362 1726 1520 1760 exposuisse
1539 1734 1591 1762 qua
1610 1728 1717 1756 ratione
1730 1728 1813 1756 Maria

188 1770 271 1807 Virgo
287 1771 401 1806 Deipara
419 1771 567 1799 diceretur.
583 1771 716 1807 Origenes
737 1772 793 1807 ipse
803 1771 825 1804 ⁸,
840 1771 886 1798 lib.
902 1778 916 1797 v
932 1769 1030 1797 Contra
1054 1769 1169 1804 Celsum,
1185 1778 1259 1798 nunt.
1274 1770 1320 1802 47,
1333 1770 1366 1798 tle
1383 1772 1593 1800 circumcisione
1619 1774 1710 1807 egisse
1728 1782 1760 1802 se
1779 1776 1815 1802 ait

187 1817 395 1845 Commentariis
409 1817 437 1844 in
453 1817 524 1846 hanc
540 1819 574 1846 ad
589 1818 726 1846 Romanos
747 1817 905 1853 Eptstolant.
926 1816 1042 1844 Sanctus
1057 1816 1173 1844 Basilius
1192 1817 1262 1844 libro
1276 1816 1315 1844 De
1331 1816 1437 1852 Spiritu
1457 1824 1561 1852 sancto,
1577 1826 1637 1854 cap.
1658 1819 1705 1853 29,
1724 1820 1814 1848 locum

185 1871 219 1891 ex
232 1863 336 1891 eisdem
350 1862 562 1892 Commentariis
578 1864 661 1892 refert
675 1864 718 1892 his
734 1864 840 1892 verbis:
859 1864 892 1890 At
906 1863 923 1889 ἱε

1077 1871 1126 1895 Late;
1138 1863 1290 1898 χωρητικαὶ
1302 1863 1350 1889 τοῦ
1362 1863 1533 1898 Μονογενοῦς
1545 1865 1592 1891 καὶ
1607 1865 1659 1901 τῆς
1674 1866 1725 1892 τοῦ
1736 1867 1815 1902 ὰγίτυ

187 1911 344 1947 Πνεύματος
360 1908 502 1946 θεότητος·
519 1910 610 1937 Sarra:
635 1911 742 1937 uirtutes
764 1917 873 1943 capaces
894 1914 955 1936 sunt
971 1907 1107 1943 Unigeniti
1128 1909 1252 1939 eLsancti
1274 1908 1390 1943 Spiritus
1401 1911 1507 1938 deitatia
1521 1919 1531 1938 :
1546 1911 1644 1939 librum
1657 1919 1725 1940 vero
1745 1914 1818 1941 unde

188 1957 264 1984 illum
283 1957 386 1985 eruerit
402 1964 456 1984 non
473 1956 591 1989 notavit;
607 1955 654 1983 sed
675 1955 770 1983 eadem
791 1955 874 1982 verba
895 1955 1071 1989 reperiuntur
1086 1955 1113 1982 in
1131 1954 1357 1990 interpretatione
1375 1955 1477 1989 Ruﬁni,
1492 1956 1540 1984 lib.
1557 1965 1600 1989 ιιι,
1615 1965 1693 1987 num.
1710 1958 1742 1992 8,
1755 1967 1817 1995 pag.

185 2001 249 2029 515.
266 2002 369 2030 Rursus
385 2001 518 2036 Origenes
536 2006 609 2029 tomo
624 2008 679 2028 xvtt
694 2001 720 2029 in
736 2000 905 2033 Maltittnum,
921 2009 998 2028 num.
1022 2001 1069 2034 52,
1092 2001 1207 2036 plurima
1231 2001 1444 2030 Cotnmentariis
1469 2003 1526 2031 suis
1551 2003 1578 2031 in
1604 2003 1763 2039 Epistulam
1785 2006 1817 2033 ad

186 2048 323 2076 Romanos
337 2055 352 2075 ιι
369 2055 399 2075 se
412 2048 484 2075 dicta
510 2047 593 2075 fuisse
618 2046 724 2074 refert‘
738 2046 765 2074 itt
784 2046 856 2074 hunc
876 2047 996 2081 Apostoli
1023 2051 1181 2075 contextum
1199 2056 1206 2074 :
1224 2047 1264 2074 An
1292 2048 1431 2082 ignoratis,
1448 2048 1545 2083 fratres
1566 2048 1728 2086 (scientibus
1746 2053 1815 2079 enin.

185 2094 266 2128 legem
283 2093 399 2128 loquor),
415 2094 477 2128 quia
501 2093 544 2120 lex
568 2093 595 2119 in
618 2092 723 2119 homine
746 2092 899 2120 dominatur
911 2098 1009 2129 quanto
1037 2098 1150 2128 tempore
1165 2094 1237 2126 vivit,
1253 2098 1307 2121 etc.
1333 2101 1419 2129 usque
1434 2095 1467 2122 ad
1492 2095 1528 2128 id,
1545 2096 1567 2123 li
1583 2095 1662 2130 fuerit
1680 2105 1748 2125 cum
1768 2098 1818 2126 alia

184 2140 272 2167 viro‘.
292 2140 372 2170 Aliud
395 2144 617 2174 quoqueetomo
643 2147 668 2166 ιι
687 2138 867 2174 fragmentum
894 2140 974 2168 nobis
996 2139 1075 2167 ollert
1100 2145 1181 2174 caput
1204 2139 1360 2167 Philocalite
1384 2142 1513 2169 nonum".
1537 2142 1658 2178 Denique
1680 2142 1821 2180 Origenes

185 2188 283 2217 iterum
301 2187 348 2216 lib.
363 2195 411 2214 vttt
428 2187 526 2214 Contra
540 2186 664 2214 eumdem
680 2185 795 2220 Celsum,
817 2194 896 2214 num.
912 2186 959 2219 65,
979 2187 1046 2214 dicit
1057 2187 1068 2202 ⁸
1082 2186 1206 2222 pluribus
1227 2188 1254 2214 in
1276 2188 1380 2214 variqu
1401 2195 1509 2215 sensum
1526 2195 1556 2216 se
1572 2193 1709 2217 tractasse
1726 2192 1766 2219 de
1781 2191 1821 2218 his

184 2234 346 2263 versiculis:
363 2233 456 2261 Omnis
478 2234 570 2260 anima
592 2233 766 2268 potestatibus
790 2233 998 2268 prwcellentibus
1013 2233 1122 2260 subdita
1150 2234 1195 2260 sit.
1213 2233 1275 2260 Non
1296 2238 1334 2260 est
1351 2233 1420 2260 enim
1437 2239 1551 2269 potestas
1564 2236 1615 2263 nisi
1629 2245 1645 2263 α
1662 2237 1723 2265 Deo
1735 2246 1748 2271 ,'
1763 2245 1821 2273 qua

184 2286 272 2309 autem
285 2285 346 2308 sunt
370 2285 523 2315 potestates,
539 2288 556 2307 a
575 2279 630 2307 Deo
654 2279 786 2307 ordinata:
812 2285 872 2307 sunt
887 2289 897 2308 .-
914 2280 1003 2314 itaque
1023 2280 1068 2314 qui
1089 2280 1212 2314 potestati
1232 2281 1370 2314 resistunt,
1389 2280 1436 2307 Dei
1462 2281 1626 2309 ordinationi
1649 2283 1820 2310 ruistunt'.

184 2327 272 2362 Atque
296 2327 354 2354 lucc
377 2334 438 2354 cum
466 2325 617 2362 legitimum
640 2328 770 2355 horumce
792 2326 1055 2354 Commentariorum
1080 2326 1433 2354 auctorem-Adamantium
1450 2335 1511 2356 esse
1527 2327 1679 2356 clarissime
1698 2329 1822 2358 deruun-

185 2378 281 2406 strent,
296 2381 349 2400 non
366 2372 499 2401 dubitavit
521 2378 610 2402 tamen
631 2373 751 2402 novitius
767 2373 879 2408 quidam
895 2374 1012 2408 scriptor
1037 2373 1222 2401 heterodoxus
1236 2373 1286 2402 hos
1302 2373 1376 2409 ipsos
1388 2374 1415 2401 in
1427 2374 1666 2410 supposititiorum
1685 2374 1822 2411 Origenis

184 2419 348 2454 scriptorum
373 2419 472 2447 seriem
500 2419 654 2454 conjicere;
679 2427 694 2446 a
717 2418 862 2448 Guiliehno
876 2419 1007 2447 Perkiuso
1025 2420 1147 2452 delusus,
1162 2419 1209 2454 qui
1234 2427 1282 2447 eos
1307 2419 1376 2447 male
1392 2420 1527 2455 quidcma
1548 2419 1646 2448 Ruﬁno
1661 2428 1823 2450 conversos

184 2466 305 2502 scripsit,
321 2466 393 2502 quod
404 2466 576 2494 verissimum
591 2471 645 2500 est,
656 2467 769 2503 Origeni
790 2474 854 2495 vero
872 2467 939 2495 falso
952 2475 1012 2495 esse
1030 2467 1146 2495 tributos
1160 2467 1317 2502 neutiquam
1330 2468 1471 2503 cogitavit.

220 2544 230 2562 ⁸
244 2544 272 2572 In
288 2545 426 2578 interpret.
444 2543 520 2578 Ruﬁ,
535 2544 582 2573 lib.
602 2553 623 2578 ι,
637 2553 711 2572 num.
727 2545 756 2577 3,
772 2550 829 2573 not.
890 2545 900 2560 ¹
913 2545 958 2572 ιιιὶι

1086 2545 1115 2576 5,
1132 2550 1188 2572 not.
1237 2545 1248 2561 ³
1263 2545 1327 2572 ibid.
1344 2550 1399 2572 nat.
1450 2545 1461 2561 ⁸
1478 2545 1553 2578 ltut‘.,
1567 2545 1613 2573 lib.
1631 2553 1663 2580 tt,
1683 2555 1773 2575 num.
1790 2545 1822 2575 10

182 2583 210 2606 et
227 2580 271 2606 12.
309 2579 319 2595 '
334 2579 407 2612 ttul‘.,
424 2580 471 2607 lib.
488 2587 525 2614 vr,
538 2588 614 2609 num.
630 2581 657 2608 7.
701 2581 711 2597 ‘
725 2580 807 2609 Rom.
827 2588 873 2614 vn,
887 2581 918 2607 1-

181 2613 229 2644 27.
267 2615 277 2631 ’
294 2614 375 2642 Rom.
391 2622 449 2648 un,
463 2615 489 2642 l.

1086 2602 1087 2608 η
1103 2580 1149 2608 lib.
1164 2588 1201 2614 νι,
1214 2589 1288 2608 ιιιιιιι.
1302 2581 1327 2612 8,
1344 2585 1401 2608 ιιοι.
1439 2581 1534 2616 'liul‘.,
1550 2582 1597 2610 lib.
1609 2585 1649 2615 tt,
1667 2590 1756 2610 nutu.
1775 2582 1824 2610 35-
