1870 3046
196 113 231 140 15
635 111 793 139 ΜΟΝΠἙΜ
809 111 853 138 AD
873 111 958 140 C0)”

1028 111 1050 139 Γ.
1071 110 1232 139 ORIGENiS
1250 112 1283 139 IN
1300 111 1396 140 JOAN.
1771 117 1799 145 16

195 174 324 209 Διγύπτῳ
342 173 456 209 ἀνέμους
475 173 523 208 τῆς
547 174 677 208 πονηρίας
698 172 758 199 καθ’
773 173 851 209 ἡμῶν
863 173 958 209 ὲγείραπ

1037 172 1125 208 plures
1138 162 1209 200 enim
1225 172 1338 201 Ruﬁnus
1351 177 1492 201 enumerat
1507 171 1630 201 Inwctiv.
1646 174 1672 206 Ξ,
1690 174 1726 202 ubi
1738 174 1799 202 hunc

192 215 249 251 τοςζ
267 219 361 255 στῆναι
377 219 475 254 μᾶλλόν
502 228 534 254 με
552 218 618 254 πρὸς
633 219 677 245 τὸν
692 219 785 253 ἀγῶνα
809 220 956 254 παρεκάλει
969 220 982 246 ὸ

193 265 281 300 λόγος,
301 266 346 292 καὶ
363 265 479 301 τηρῆσαι
493 265 521 291 τὸ
544 265 717 300 ἡγεμονικὸν,
732 265 835 300 μήποτε
852 265 982 301 μοχθηροὶ.

193 311 317 346 λογισμοὶ
341 310 501 346 ἐξισχύαωσι
529 311 573 337 τὸν
586 311 708 345 χειμῶνα
736 311 783 337 καὶ
798 313 830 346 τῇ
843 311 913 347 ψυχῇ
930 320 980 347 μου

192 358 392 390 ἐπεισαγαγεῖν,
416 356 488 391 ἤπερ
510 356 631 391 ἀκαίρως
647 357 711 390 πρὶν
726 357 845 392 γαλήνην
858 357 906 393 τὴν
921 357 979 384 διά-

192 411 264 428 νοιαν
276 402 366 429 λαϐεῖν
385 402 529 429 συνάπτειν
550 402 583 428 τὰ
596 402 660 437 ἑξῆς
675 403 724 437 τῆς
738 403 859 438 Γραφῆς.
878 403 932 430 Καὶ
954 405 978 430 oi

192 447 318 483 συνήθεις
337 447 366 474 δὲ
389 447 558 483 ταχύγραςροι
586 448 623 483 μὴ
647 448 780 483 παρόντες
803 448 849 474 τοῦ
870 449 977 484 ἔχεσθαι

189 493 242 519 τῶν
258 493 468 529 ὑπαγορεύσεων
482 493 607 520 ἐκώλυον.
622 493 679 519 Νῦν
693 494 714 520 δ’
784 495 815 520 τὰ
828 496 887 521 καθ’
899 495 977 530 ἡμῶν

188 539 375 575 πεπυρωμένα
392 539 486 571 πολλὰ,
500 539 657 571 σϐεννύντος
671 539 748 572 Θεοῦ,
768 540 832 575 βέλη
855 542 974 576 ἤμϐλυν-

187 594 244 617 ται,
258 586 304 612 καὶ
317 585 483 612 ὲνεθισϐεῖσα
496 586 575 621 ἡμῶν
589 586 605 621 ἡ
628 586 701 621 ψυχὴ
721 588 777 618 τοῖς
793 587 976 623 συμϐεϐηκόσι

187 632 231 658 διὰ
247 632 291 658 τὸν
304 632 428 668 οὐράνιον
443 632 531 666 λόγον,
548 632 639 667 φέρειν
651 633 716 667 ῥᾷον
731 633 853 668 βιάζεται
869 633 918 665 τὰς
929 643 976 668 γε·

187 679 338 714 γενημένας
369 678 523 711 ἐπιϐουλὰς,
546 679 666 715 ὡσπερεὶ
682 679 768 713 ποσῆς
785 680 874 710 εὐδίας
896 679 975 706 λαϐό-

189 733 274 758 μενοι,
289 724 378 751 οὐκέτι
390 723 595 760 ὑπερτιθέμενοι
606 724 786 759 ὑπαγορεύειν
797 723 829 750 τὰ
841 723 974 750 ἀκόλουθα

187 769 346 805 βουλόμεθα,
363 769 429 796 Θεδν
443 769 601 796 διδάσκοι).ον
619 769 774 805 ὑπηχοῦντα
788 770 817 795 ἐν
832 769 870 804 τῷ
885 768 974 804 ἀδύτῳ

185 814 233 849 τῆς
247 814 336 849 ψυχῆς
354 814 432 849 ἡμῶν
446 815 573 849 παρεῖναι
586 814 736 849 εὐχόμενοι,
756 814 798 840 ἵνα
814 813 888 845 τέλος
904 814 971 849 λάϐῃ

185 862 200 896 ὴ
215 861 264 896 τῆς
278 861 348 888 κατὰ
366 861 487 887 Ἰωάννου
502 861 651 896 διηγήσεως
663 860 708 887 τοῦ
724 860 889 894 Εὑαγγελίου
905 861 973 887 οἰκο-

183 908 262 943 δομή.
280 906 386 933 Γένοιτο
399 907 420 933 δ’
440 908 453 932 ὁ
470 906 534 939 Θεὸς
549 907 664 942 ἐπήκοος
681 906 758 942 ἡμῶν
774 908 806 942 τῇ
824 907 900 942 εὐχῇ,
931 907 970 938 εἰς

183 953 212 979 ’.τὸ
231 952 345 987 συνάψαι
362 951 505 987 δυνηθῆναι
522 951 551 978 τὸ
578 951 656 986 σῶμα
672 952 718 978 τοῦ
734 952 795 978 ὅλου
811 952 900 985 λόγου,
919 960 971 986 μη-

182 999 241 1026 κέτι
257 998 458 1035 μεσολαϐούσης
476 998 673 1033 περιστάσεως,
696 997 827 1033 διακοπὴν
853 998 898 1025 τοῦ
915 999 971 1034 εἱρ-

183 1046 233 1082 μοῦ
251 1046 301 1081 τῆς
317 1046 336 1071 Γ
339 1045 428 1081 pugil;
452 1045 646 1081 ὀποιανδήποτε
673 1044 871 1080 ὲνεργήσασοαι
890 1044 970 1072 δυνα-

182 1091 284 1127 μένηςῑ
315 1091 417 1118 hoc
448 1099 512 1118 casu
529 1091 671 1126 progressi,
695 1092 805 1118 extracti
824 1099 914 1118 sumus
938 1099 970 1118 ea:

180 1137 307 1172 Afyypto,
325 1137 380 1163 Deo
407 1145 454 1163 nos
480 1136 625 1168 liberante,
657 1137 702 1171 qui
728 1137 818 1164 eduxit
842 1135 967 1170 populum

180 1192 254 1210 suum
283 1191 315 1209 ea:
337 1191 366 1209 ea
382 1191 390 1209 :
406 1182 499 1209 deinde
524 1182 631 1208 inimico
659 1181 818 1214 (Demetrio)
843 1181 966 1207 adversus

180 1236 226 1254 nos
241 1228 405 1255 acerbissime
417 1232 549 1262 pugnante
561 1235 607 1261 per
625 1235 686 1254 suas
704 1235 784 1254 novas
797 1227 911 1258 litteras.
929 1234 968 1253 re-

180 1281 240 1300 vera
268 1272 410 1308 Evangelia
434 1272 565 1304 inimicas,
594 1279 733 1306 omnesque
752 1270 859 1307 Egypti
879 1276 967 1298 ventos

178 1320 305 1346 adversus
320 1327 365 1346 nos
387 1321 545 1351 concitante,
563 1325 632 1346 stare
647 1327 686 1345 me
702 1319 785 1353 magis
806 1319 966 1345 adhortaba-

177 1372 221 1393 tur
239 1367 307 1392 ratio
323 1367 356 1392 ad
376 1372 518 1398 certamen,
544 1370 568 1392 et
594 1373 695 1392 servare
721 1365 966 1399 ps'trstantissintant

177 1413 228 1439 mei
242 1418 353 1447 partem,
379 1420 457 1446 quam
485 1412 633 1446 importune
656 1411 813 1446 conjungere
829 1415 967 1437 restantem

178 1459 352 1493 Scripturam,
379 1464 518 1493 antequam
532 1458 644 1485 rationis
658 1458 793 1484 discursus
817 1455 967 1491 tranquilli-

177 1511 256 1534 tatem
272 1506 404 1540 reciperet.
434 1514 465 1532 ne
479 1504 546 1540 forte
565 1505 737 1540 cogitationes
760 1511 847 1537 prava:
862 1502 963 1530 invale-

175 1557 276 1580 scerent
293 1552 320 1579 in
336 1553 452 1578 animum
468 1551 545 1578 etiam
562 1558 646 1577 nteant
662 1549 804 1584 procellam
829 1548 952 1575 inducere

177 1598 248 1631 Quin
272 1598 389 1624 absentes
414 1604 526 1631 quoque,
554 1595 598 1630 qui
624 1595 689 1621 milii
712 1594 744 1620 de
762 1602 832 1620 more
855 1594 962 1624 adsunt,

176 1644 273 1670 veloces
286 1643 436 1676 scriptores,
459 1650 498 1668 me
514 1641 683 1675 prohibebant
706 1648 765 1674 quce
776 1640 963 1673 excogitassem

174 1690 302 1717 mandare
326 1689 429 1716 litteris.
445 1687 524 1715 Nunc
539 1695 596 1714 vero
626 1686 732 1722 quando
756 1686 894 1712 adversum
917 1693 963 1711 nos

174 1739 264 1773 ignita:
278 1737 380 1771 sagittto
400 1735 490 1763 multa:
503 1743 576 1762 vancc
591 1734 700 1769 fuerunt
729 1734 816 1765 facta,
834 1732 889 1758 Deo
902 1731 962 1758 illas

174 1784 363 1818 exstinguente,
382 1787 405 1808 et
427 1788 532 1809 assueta
547 1781 635 1808 anima
651 1785 741 1807 nostra
763 1780 814 1811 Itis.
836 1786 894 1814 qua!
913 1785 963 1804 ca:-

175 1831 247 1857 lestis
263 1829 389 1857 sermonis
403 1836 484 1855 causa
507 1827 672 1862 contingunt,
688 1826 757 1861 ferre
769 1826 874 1860 cogitur
894 1824 961 1858 [ιιι-ῖς

174 1878 226 1904 lius
249 1876 334 1910 {actas
355 1874 487 1906 insidias,
513 1873 590 1900 veluti
624 1873 789 1907 aliquantum
813 1871 962 1898 serenitatis

175 1922 256 1953 nacti,
273 1929 323 1947 non
348 1919 461 1953 amplius
474 1918 623 1952 di/ferenles
644 1918 745 1943 dictare
761 1916 882 1943 voluntas
903 1923 962 1949 qua.-

174 1971 283 1999 restant,
312 1966 394 1992 Deum
411 1963 567 1998 magistrum
594 1962 621 1988 in
641 1963 736 1988 anima:
763 1966 859 1988 nostra;
882 1961 961 1995 adyto

172 2012 302 2047 penetrali
318 2013 483 2038 insonantem
498 2010 591 2037 adesse
610 2013 755 2043 precantes,
784 2012 810 2034 ut
826 2006 904 2040 linem
916 2014 961 2032 ac-

173 2059 252 2093 cipiat
285 2062 418 2084 structnra
447 2055 624 2083 enni-rationis
656 2053 789 2088 Evangelii
818 2052 960 2079 secundum

173 2104 313 2132 Joannem.
331 2105 414 2138 Atque
427 2103 528 2129 utinam
546 2101 637 2128 audiat
655 2100 723 2127 Deus
739 2107 827 2134 preces
846 2104 959 2130 nostras,

173 2156 202 2178 ut
217 2159 312 2185 corpus
327 2151 406 2176 totius
421 2149 507 2183 aperis
520 2147 678 2182 conjungere
691 2147 833 2182 possimus,
847 2154 892 2173 nec
905 2145 960 2172 ulla

173 2198 280 2232 posthac
315 2196 456 2223 necessitas
497 2194 645 2228 intercipiat
676 2199 753 2228 atque
783 2193 958 2226 interrumpat

173 2243 320 2277 Scriptura-
334 2240 445 2268 seriem!
459 2240 586 2266 Attamen
603 2239 710 2266 nonnisi
726 2238 805 2273 longe
828 2243 889 2272 post
902 2237 958 2264 Μυ-

173 2289 270 2316 ximini
288 2286 515 2323 persecutionem,
534 2285 632 2320 quippe
654 2285 731 2320 cujus
744 2289 816 2312 torno
832 2292 887 2311 χχιι
902 2291 959 2311 mc-

172 2335 299 2368 mincrat,
323 2338 392 2361 teste
421 2332 536 2359 Eusebio
555 2331 626 2358 Hist.
654 2331 701 2359 lib.
717 2339 752 2364 vt,
773 2338 833 2366 cap.
854 2331 900 2362 28,
932 2334 959 2356 ct

172 2382 263 2408 forsan
288 2381 315 2407 in
338 2379 457 2406 secundo
482 2378 578 2405 itinere
604 2377 773 2408 Atheniensi,
796 2378 833 2404 uti
847 2377 958 2411 conjicit

172 2416 294 2458 Miletius,
311 2425 474 2460 posteriores
489 2423 553 2450 torni
570 2423 688 2458 expliciti
707 2428 778 2452 sunt.

208 2472 253 2501 IV.
271 2472 450 2506 Hieronymus
463 2470 574 2504 prologo
588 2470 633 2504 qui
649 2470 775 2504 prtulixus
795 2475 838 2496 est
854 2469 958 2496 Latina.-

171 2516 387 2553 interpretationi
418 2516 597 2543 llomiliarum
625 2516 750 2552 Origeuis
777 2516 803 2542 in
834 2515 957 2546 Lucam,

171 2572 269 2592 novem
287 2568 314 2591 et
342 2562 451 2597 triginta
482 2566 570 2589 tomos
596 2562 631 2589 ab
656 2563 751 2589 eodem
788 2560 906 2596 Origene
929 2561 956 2586 in

171 2610 304 2638 Joannem
320 2610 434 2642 scriptos
455 2613 660 2635 cotmuemorat.
688 2607 823 2642 Siquidem
835 2627 842 2640 ,
859 2607 957 2641 inquit.

171 2657 240 2693 quod
249 2655 309 2682 olim
320 2655 408 2682 llorna'
417 2661 507 2682 sancta
518 2654 634 2682 RItesilla
646 2655 823 2688 ﬂagitat-erat,
835 2659 863 2680 ut
875 2661 956 2681 χχιιι

171 2703 242 2737 (tege
251 2700 316 2737 xxv)
329 2705 412 2727 tomos
423 2700 495 2727 illius
507 2701 532 2727 in
547 2699 710 2731 Illattltteum,
726 2704 749 2726 et
763 2700 876 2735 quinque
889 2699 957 2726 alios

170 2750 199 2775 in
212 2747 319 2781 Lucam,
329 2753 352 2774 et
364 2754 448 2774 xxxix
461 2747 488 2773 in
499 2745 630 2773 Joannem
643 2746 848 2781 nostrrelinguw
864 2748 956 2773 trade-

171 2801 235 2820 rem.
249 2792 458 2820 Amanuensium
471 2798 591 2819 errorem
605 2790 648 2817 hic
661 2791 817 2825 suspicatur
828 2791 954 2818 doctissi-

163 2847 229 2880 tnus
239 2838 358 2871 lluetius,
368 2843 394 2865 et
404 2845 452 2873 pro
464 2845 543 2864 χχχιχ
556 2837 698 2873 legendum
712 2842 787 2872 putat
799 2844 885 2864 χχχιι.
898 2836 954 2864 Νοιι

1002 2469 1116 2503 _videtur
1143 2469 1297 2505 Hieronymi
1328 2471 1422 2503 lectio,

1035 219 1121 253 ipsum
1136 219 1293 255 llieronymi
1318 219 1458 254 prologum
1487 220 1592 246 refert:
1618 225 1644 246 et
1670 221 1711 254 qui
1728 222 1798 255 paulo

1035 263 1103 291 infra
1130 265 1223 292 eadem
1251 265 1346 299 repetit
1374 264 1417 292 his
1443 265 1689 297 verbis:lnterim,
1712 266 1798 301 inquit,

1034 309 1152 345 Origcnis
1168 311 1259 343 libros,
1286 317 1312 338 ut
1327 320 1406 345 supra
1425 312 1550 343 diximus.
1568 312 1596 338 in
1612 319 1710 338 omnem
1722 312 1799 339 admi-

1031 357 1157 382 rationem
1176 357 1288 388 extollit,
1313 363 1336 383 et
1363 357 1426 383 dicit
1447 359 1518 391 quod
1532 357 1555 384 si
1573 365 1616 384 eos
1631 357 1800 391 interpretetur

1032 401 1151 428 Romana
1179 403 1279 437 lingua,
1304 410 1439 437 cognoscet
1468 408 1595 438 quantum
1622 403 1681 430 boni
1702 408 1722 430 et
1744 408 1799 430 ante

1029 448 1147 475 nescierit
1163 454 1187 475 et
1204 449 1270 475 scire
1283 457 1352 475 nunc
1363 451 1480 482 cmperit,
1495 450 1521 476 id
1538 455 1585 483 est,
1601 450 1628 477 in
1645 450 1798 481 tllattlueutn.

1028 494 1130 529 inquit.
1150 502 1212 521 xxvr
1231 495 1309 521 libros
1329 494 1397 530 (lege
1416 495 1479 531 xxv)
1494 501 1517 523 et
1537 497 1563 522 in
1579 496 1676 522 Lucam
1688 496 1797 530 quinque.

1027 542 1092 567 etin
1112 541 1243 568 Joannem
1256 550 1341 569 χχχιι.
1359 543 1420 570 Inde
1436 548 1476 570 est
1500 543 1570 577 quod
1595 543 1622 570 in
1649 551 1698 571 ms.
1714 544 1799 571 codice

1026 586 1288 615 Commentariorum
1305 589 1330 615 in
1343 588 1474 616 Joannem
1491 596 1545 623 quo
1560 596 1624 616 usus
1636 593 1677 616 est
1695 589 1800 617 Anthro-

1026 633 1082 661 sius
1093 634 1246 666 Ferrarius,
1266 642 1361 662 novem
1384 635 1541 670 interrupta:
1561 635 1639 662 seriei
1669 636 1739 670 Ionii,
1753 635 1797 670 qui

1025 678 1105 706 hodie
1121 683 1275 712 supersunt,
1303 680 1329 706 in
1360 680 1468 714 triginta
1496 680 1563 707 duos
1588 684 1676 708 tomos
1701 680 1799 708 fuerant

1024 724 1172 751 distributi.
1191 724 1291 752 Verum
1310 724 1400 752 Ruﬁni
1415 725 1524 752 lectioni
1546 725 1612 753 fides
1641 725 1744 753 minime
1762 727 1799 753 vi-

1024 771 1103 797 detur
1115 778 1174 798 essc
1189 771 1342 799 adhibenda
1358 780 1365 799 :
1382 779 1445 799 nam
1465 779 1526 800 cum
1553 777 1639 800 tomus
1662 781 1742 805 χχχιι,
1755 773 1798 807 qui

1024 815 1157 851 hodieque
1169 824 1305 852 superest.
1335 818 1442 846 desinat
1467 818 1500 846 ad
1517 818 1720 854 caputJoannis
1740 827 1797 850 χιιι,

1024 861 1049 895 ᾖ.
1065 862 1109 893 55.
1122 862 1164 889 vel
1176 862 1310 897 integrum
1326 871 1393 898 opus
1406 864 1560 898 neutiquam
1574 863 1689 892 absolvit
1709 863 1799 900 Orige-

1024 917 1081 941 nes,
1095 910 1135 936 vel
1150 910 1173 937 si
1187 911 1220 938 ad
1235 910 1313 937 linem
1333 918 1419 945 usque
1434 911 1570 945 perduxit,
1597 918 1649 938 non
1666 911 1800 945 pauciores

1023 963 1103 990 quam
1116 964 1198 983 χχχιχ
1214 961 1301 984 tomos
1315 956 1470 984 elaborasse
1483 956 1630 984 verisimile
1641 962 1691 984 est.
1706 957 1800 985 Deinde

1022 1001 1112 1036 plures
1128 1009 1209 1036 quam
1225 1009 1301 1028 χχχιι
1313 1006 1399 1029 tomos
1412 1001 1550 1029 conlectos
1563 1002 1644 1029 fuisse
1660 1002 1720 1029 inde
1729 1003 1799 1029 erui-

1022 1051 1075 1078 tur,
1094 1047 1164 1081 quod
1190 1046 1321 1082 Origenes
1346 1048 1403 1082 ipse
1435 1052 1550 1074 tractatu
1575 1056 1646 1074 xxxv
1677 1049 1702 1077 in
1730 1049 1798 1076 llat-

1019 1092 1130 1125 tbzeum,
1144 1100 1205 1127 pag.
1219 1092 1281 1125 922,
1296 1092 1321 1119 in
1340 1093 1396 1119 haec
1415 1092 1532 1119 Matthxi
1558 1093 1640 1120 verba
1657 1100 1662 1117 :
1683 1092 1798 1127 ldipsunt

1021 1142 1106 1163 autent
1121 1143 1143 1164 et
1155 1137 1278 1168 latrones,
1292 1138 1337 1172 qui
1349 1137 1469 1171 cruciﬁxi
1485 1143 1558 1164 erant
1569 1146 1628 1164 cum
1643 1146 1684 1172 eo,
1703 1138 1799 1171 impro-

1019 1183 1144 1216 perabant
1155 1183 1189 1215 ei,
1207 1183 1244 1209 ait
1256 1190 1285 1210 se
1296 1183 1321 1210 in
1334 1182 1541 1210 Commentariis
1562 1185 1618 1211 suis
1633 1183 1660 1211 in
1671 1184 1802 1212 Joannem

1020 1229 1176 1262 exposuisse
1190 1229 1223 1255 de
1238 1228 1342 1255 duobus
1358 1227 1509 1256 latronibus
1533 1229 1578 1264 qui
1602 1230 1722 1257 crucilixi
1740 1235 1804 1257 sunt

1019 1282 1080 1301 cum
1095 1274 1214 1305 Christo,
1228 1279 1254 1300 et
1267 1274 1302 1301 ibi
1318 1274 1435 1309 agitasse
1449 1282 1482 1301 an
1499 1274 1545 1301 alii
1563 1275 1617 1302 sint
1645 1277 1697 1304 duo
1723 1276 1747 1303 bi
1763 1276 1803 1302 la-

1021 1324 1112 1347 trones
1128 1327 1241 1354 quorum
1258 1326 1326 1346 unus
1352 1319 1559 1354 blasphemabat
1576 1320 1712 1348 Christum
1725 1321 1802 1356 juxta

1018 1365 1129 1397 Lucam,
1154 1369 1180 1392 ct
1201 1365 1245 1392 alii
1271 1365 1371 1392 fuerint
1388 1365 1426 1392 illi
1440 1365 1492 1393 duo
1515 1365 1633 1393 latrones
1656 1367 1701 1402 qui
1718 1367 1799 1394 ambo

1018 1411 1274 1446 blasphemaverunt
1291 1411 1367 1446 juxta
1383 1411 1538 1438 Matthaeum
1564 1416 1590 1438 et
1618 1412 1748 1440 Marcum.
1765 1412 1802 1440 Et

1017 1459 1087 1490 apud
1099 1456 1240 1488 Joannem,
1258 1457 1355 1491 tnquit,
1372 1457 1440 1484 sicut
1460 1458 1604 1491 potuimus,
1635 1458 1807 1492 exposuimus

1017 1502 1049 1529 de
1077 1503 1179 1530 duobus
1207 1502 1366 1536 latronibus,
1391 1503 1436 1533 qui
1462 1504 1569 1537 fuerunt
1595 1504 1717 1538 cruciﬁxi
1740 1512 1802 1531 cum

1016 1547 1130 1580 Christo,
1145 1549 1189 1584 qui
1200 1549 1342 1576 secundum
1357 1549 1511 1576 Matt/mum
1524 1551 1628 1585 quidem
1640 1556 1664 1577 et
1677 1549 1802 1578 Marcum

1014 1595 1250 1629 improperaverunt
1265 1595 1288 1621 ei
1307 1595 1384 1622 antbo
1413 1595 1440 1623 in
1460 1604 1555 1628 cruce;
1580 1596 1721 1623 secundum
1747 1595 1804 1623 Lu-

1014 1649 1071 1667 cam
1086 1646 1172 1668 autent
1192 1641 1320 1668 dicentem
1336 1641 1459 1676 quoniam
1475 1650 1544 1668 unus
1566 1641 1598 1668 de
1625 1642 1805 1675 pendentibus

1015 1687 1160 1714 latronibus
1176 1688 1417 1722 blasphcmubat....
1435 1687 1596 1715 Conveniens
1617 1695 1678 1723 ergo
1700 1693 1740 1715 est
1774 1695 1804 1715 ut

1014 1734 1041 1760 in
1055 1733 1145 1767 primis
1156 1733 1259 1768 quidem
1273 1733 1348 1760 ambo
1360 1733 1474 1760 latrones
1498 1734 1681 1769 intelligantur
1705 1736 1806 1763 Domi—

1014 1787 1076 1806 num
1103 1779 1339 1813 blasphemasse....
1373 1779 1424 1805 Αιιι
1449 1787 1480 1806 ne
1512 1781 1588 1814 (orte,
1609 1782 1677 1808 sicut
1698 1787 1724 1810 et
1747 1783 1808 1812 illic

1013 1825 1127 1852 diximus
1156 1823 1373 1860 (Commentariis
1401 1823 1506 1852 scilicet
1530 1825 1556 1852 in
1581 1825 1736 1861 Joannem),
1756 1828 1809 1856 alii

1012 1876 1072 1899 sunt
1090 1871 1181 1897 In'duo
1203 1871 1318 1896 lalrones
1337 1877 1369 1896 e:c
1392 1871 1487 1904 quibus
1511 1879 1581 1898 unus
1603 1872 1810 1905 blaspltemabal

1012 1928 1082 1952 eum,
1098 1925 1121 1947 et
1135 1919 1181 1946 alii
1195 1920 1300 1954 {tierunt
1322 1920 1362 1946 illi
1376 1919 1429 1946 duo
1442 1919 1558 1948 latrones
1581 1921 1626 1956 qui
1639 1922 1717 1948 ambo
1743 1922 1808 1950 bla-

1011 1966 1210 2000 sphemaverunt
1229 1965 1279 2001 (sic
1305 1966 1377 1993 enim
1405 1965 1546 2001 legendum
1562 1971 1604 1994 est
1616 1966 1693 2001 juxta
1709 1968 1809 2003 mss.).

1013 2010 1074 2039 llaec
1090 2017 1178 2038 autem
1195 2011 1289 2039 nullibi
1308 2011 1482 2046 reperiuntur
1496 2012 1523 2039 in
1537 2020 1632 2040 novem
1653 2013 1739 2040 tomis
1756 2015 1811 2048 qui

1012 2057 1160 2084 etiamnum
1175 2061 1283 2084 exstant
1299 2057 1324 2084 in
1336 2057 1482 2090 Joannem,
1496 2062 1577 2095 atque
1589 2066 1621 2086 ex
1637 2058 1730 2086 verbis
1745 2067 1814 2086 mo-

1011 2103 1046 2130 do
1056 2103 1147 2130 citatis
1162 2107 1186 2130 et
1206 2103 1265 2130 loco
1284 2103 1328 2131 ubi
1341 2111 1373 2131 ea
1385 2104 1467 2130 citata
1485 2109 1558 2138 sunt,
1582 2105 1688 2132 videtur
1703 2105 1815 2140 Origo-

1012 2155 1060 2175 nes
1074 2156 1125 2176 non
1139 2156 1188 2183 per
1211 2153 1396 2180 transennam.
1423 2150 1470 2177 sed
1495 2157 1528 2177 ex
1547 2150 1679 2184 professo,
1710 2154 1742 2178 et.
1757 2159 1816 2179 suo

1012 2193 1080 2227 loco,
1107 2197 1239 2220 tractasse
1261 2193 1295 2220 de
1323 2192 1426 2220 duobus
1454 2193 1614 2220 latronibus.
1631 2193 1721 2220 Porro
1739 2202 1813 2222 cum

1013 2239 1165 2266 tricesimus
1193 2238 1328 2266 secundus
1356 2242 1444 2266 tomus
1459 2238 1565 2266 desinat
1582 2239 1615 2266 ad
1638 2243 1724 2274 caput
1742 2246 1816 2272 χιιι,

1010 2287 1037 2320 ἢ.
1055 2285 1090 2313 55
1112 2285 1248 2320 Evangelii
1273 2284 1401 2318 Joannis,
1423 2290 1452 2312 ut
1473 2284 1530 2320 jam
1555 2285 1683 2317 diximus,
1702 2290 1819 2320 agatur

1011 2339 1075 2359 vero
1090 2332 1123 2359 de
1146 2331 1298 2359 latronibus
1326 2333 1352 2359 iu
1371 2333 1459 2368 capite
1483 2339 1540 2364 χιχ,
1556 2332 1582 2366 ᾗ.
1613 2332 1645 2359 18
1675 2331 1817 2366 ejusdem

1010 2377 1158 2412 Evangelii,
1186 2377 1278 2412 plures
1298 2386 1379 2413 quam
1407 2386 1482 2405 χχχιι
1497 2383 1583 2405 tomos
1610 2378 1636 2404 in
1662 2377 1818 2406 Joannem

1009 2424 1164 2452 claboratos
1179 2423 1260 2452 fuisse
1272 2425 1419 2452 verisimile
1432 2430 1484 2458 est,
1502 2432 1535 2452 ac
1551 2424 1664 2459 proinde
1679 2426 1820 2460 genuina

1461 2478 1522 2505 quae
1546 2478 1629 2497 χχχιχ
1656 2475 1757 2498 tomos
1787 2471 1822 2498 in

1008 2517 1140 2544 Joannem
1154 2521 1356 2544 commemorat.

1046 2562 1078 2590 ν.
1094 2562 1133 2589 Ex
1148 2567 1187 2589 tot
1202 2562 1327 2597 Origenis
1353 2563 1379 2589 in
1393 2561 1524 2589 Joannem
1549 2561 1823 2595 lucubrationibus.

1008 2616 1064 2635 χχιι
1081 2609 1214 2635 duntaxat.
1234 2614 1320 2636 tomos
1345 2609 1378 2635 ad
1403 2615 1478 2635 suam
1504 2612 1613 2635 aetatem
1638 2609 1823 2642 pervenisse

1008 2655 1104 2682 scribit
1130 2653 1264 2682 Eusebius
1281 2654 1351 2681 Ilist.
1380 2654 1428 2682 lib.
1458 2662 1496 2688 vr,
1515 2662 1576 2689 cap.
1593 2653 1639 2680 24.
1662 2654 1724 2681 Sed
1744 2662 1822 2683 cum

1008 2708 1090 2728 χχχιχ
1106 2700 1286 2736 llicronymus
1302 2705 1405 2734 postea,
1431 2704 1459 2727 et
1484 2699 1596 2727 [iuliuus
1617 2699 1716 2727 forsan
1737 2700 1826 2727 dun.

1009 2751 1083 2773 taxat
1099 2754 1172 2773 χχχιι
1203 2755 1257 2781 pra:
1283 2746 1407 2773 manibus
1429 2745 1584 2776 habuerint.
1611 2750 1638 2773 et
1657 2745 1828 2780 supersint

1008 2792 1140 2827 hodieque
1154 2793 1218 2819 ιοιηὶ
1234 2799 1317 2819 χχνιιι
1334 2797 1360 2820 et
1373 2799 1458 2824 χχχιι,
1473 2790 1670 2825 conjiciendum
1683 2796 1735 2818 est.
1754 2799 1825 2818 non

1007 2839 1096 2872 plures
1113 2845 1193 2873 quam
1207 2845 1264 2864 χχιι
1280 2837 1378 2865 vidisse
1407 2837 1563 2871 Eusebium,
1597 2837 1691 2872 plures
1710 2842 1828 2865 tamen
