1870 3046
81 126 115 154 ΓΙ
525 120 685 149 MONITUM
705 121 751 148 AD
768 119 949 149 COMMENT.
967 117 1129 147 ORIGENIS
1147 117 1178 144 IN
1199 113 1292 144 JOAN.
1686 115 1716 141 IS

80 190 130 211 sua
160 185 241 209 aetate
255 178 409 207 exstitisse.
430 178 484 205 llos
507 183 658 213 temporum
683 179 782 215 injuria
800 184 872 214 post-
891 181 913 209 Α
928 183 973 204 aut
986 178 1073 204 locum
1088 177 1234 211 signastem
1251 178 1411 209 suspectam.
1434 173 1528 208 Aliqua
1546 176 1636 200 tamen
1657 180 1718 206 per--

83 227 194 255 modum
213 225 375 260 absumpsit.
388 225 510 259 exceptis
529 225 609 252 tomis
628 233 648 257 ι,
668 233 699 258 ιι,
712 233 750 257 Vl,
767 233 796 258 x,
814 233 876 258 xm,

83 281 142 305 χιι,
164 279 209 303 xx,
226 279 311 299 xxvut
326 276 353 298 et
376 279 467 303 χχιιι,
495 279 611 306 quorum
640 273 749 306 gemina
775 273 877 307 prodiit

85 319 290 354 interpretatio.
309 317 346 345 Ex
363 317 457 345 codice
474 317 576 345 Veneto
595 318 624 346 S.
641 318 738 352 Marci,
755 320 801 354 qui
818 319 878 347 nul-

84 361 133 389 libi
150 362 232 389 hodie
244 365 395 396 comparet,
422 362 540 396 priorem
566 363 741 391 concinnavit
761 365 880 392 Ambro-

84 409 143 436 sius
160 407 316 440 Ferrarius,
331 407 552 442 Mediolanensis,
569 411 721 437 monachus
737 409 876 443 Cassiuas,

83 459 112 482 et
129 454 216 481 edidit
233 461 306 480 anno
323 454 390 481 £551
404 463 412 488 ;
426 455 608 489 posteriorem
624 463 657 483 ex
682 456 778 484 codice
793 456 878 492 Regio

83 499 244 528 Joachimus
262 500 414 534 Perionius,
442 501 636 529 Benedictinus
664 502 757 530 itidem
779 510 877 530 mona-

84 548 164 579 chus,
183 547 302 574 triennio
318 551 378 581 post
389 547 431 574 vel
447 548 569 575 circiter.
583 548 668 581 Quem
694 553 759 583 puto
784 557 836 577 non
852 549 878 577 in

86 601 117 621 se
135 593 285 628 recepisset
300 592 432 626 laborem,
447 593 468 620 si
484 601 536 620 non
565 599 654 621 actum
682 595 760 622 modo
773 603 801 622 se
819 602 879 629 age-

87 647 128 672 re,
146 639 194 666 sed
211 639 280 666 bene
294 643 384 666 actum
402 639 521 674 peSsime
544 647 573 667 se
590 648 672 674 agere
686 641 877 668 intellexisset.

87 685 123 712 At
149 685 267 712 nonduin
283 690 447 720 pervenerat
467 686 499 712 ad
523 693 584 713 eum
610 686 772 714 Ferrariana
795 688 879 715 inter-

85 728 222 764 pretatio;
239 733 439 763 proptereaque
454 728 478 755 in
493 729 697 764 explanationis
710 737 766 757 suae
781 730 880 765 praeia-

87 776 162 802 tione
175 775 293 810 primum
312 782 342 802 se
356 774 455 802 laboris
473 774 552 810 hujus
578 775 755 810 iucmptorem
770 776 880 810 profite-

88 826 145 848 tur.
159 820 300 848 Persuasit
311 821 337 848 id
355 821 434 848 Sixto
453 820 579 853 Senensi.
598 822 643 857 qui
674 822 789 856 idipsum
807 827 881 849 retu-

87 867 133 900 lit;
147 866 241 894 Sixtus
256 866 337 894 etiam
359 867 418 894 viro
434 867 543 895 erudito
556 856 690 903 quiil'als'o
704 868 775 895 idem
799 868 880 895 itera-
899 856 917 883 Β

87 914 140 941 vit.
163 913 220 940 llos
236 917 327 940 autetn
340 914 460 946 codices,
487 913 619 941 Venetqu
646 918 673 942 et
700 914 826 949 Regium,
848 922 879 942 ex

87 967 145 986 uno
172 959 325 994 eodemque
350 959 459 988 venisse
485 960 633 995 exemplari
662 960 821 996 intelligitur
847 968 881 988 ex

87 1005 218 1033 conﬂictu
246 1005 417 1033 Ferrariante
435 1007 672 1042 interpretationis
697 1015 759 1034 cum
789 1007 882 1034 Perio-

88 1052 173 1079 niana
198 1056 227 1078 et
243 1052 336 1080 Graeca
363 1051 453 1080 Huetii
476 1053 596 1081 editione
621 1054 655 1080 ad
672 1053 813 1088 exemplar
832 1054 883 1080 Re-

89 1098 165 1132 gium
190 1097 338 1132 expressis,
366 1098 434 1125 adeo
448 1103 577 1126 accurate
594 1099 696 1126 lacunae
712 1099 819 1126 lacunis
841 1107 883 1126 re-

89 1145 236 1179 spondent,
250 1145 312 1172 licet
326 1146 352 1172 in
373 1145 510 1180 aliquibus
527 1146 677 1173 auctiorem
697 1150 724 1174 et
738 1146 883 1180 perfectio-

90 1199 150 1218 rem
181 1191 265 1218 fuisse
292 1190 411 1218 Ferrarii
441 1191 563 1218 codicem
594 1191 732 1219 fatendum
759 1192 804 1219 sit.
828 1191 883 1219 lloc

88 1236 228 1271 praecipue
253 1236 427 1271 discrepabat
456 1241 570 1272 uterque
594 1236 674 1269 liber,
687 1238 759 1272 quod
783 1237 884 1273 Regius

88 1290 187 1310 veram
211 1290 243 1309 ac
257 1283 403 1318 genuinam
423 1290 518 1310 novem
534 1287 669 1310 tomorum
686 1289 810 1311 servaret
827 1284 878 1311 dis-

89 1328 267 1360 tinctionem,
289 1336 350 1356 cum
377 1328 494 1357 Venetus
509 1330 536 1356 in
552 1329 661 1365 triginta
673 1331 740 1358 duos
756 1330 837 1358 unius
853 1338 885 1358 ac

87 1375 231 1402 εοιιιίιιιιίιι
246 1375 326 1402 seriei
342 1380 429 1403 tomos
444 1380 535 1403 sectus
550 1381 633 1407 esset,
651 1385 666 1403 a
682 1375 802 1404 Gra'cttlo
817 1385 884 1411 quo-

89 1425 154 1450 dam
171 1422 265 1449 incerti
282 1422 406 1456 nominis,
423 1422 461 1449 ait
477 1422 570 1449 Sixtus
588 1423 729 1456 Senensis,
751 1432 818 1451 novo
833 1426 884 1452 im-

89 1471 211 1502 ponere
231 1474 339 1502 genere,
366 1472 396 1494 ut
422 1475 486 1502 opus
514 1462 683 1495 numerorum
716 1469 884 1497 multitudine

89 1518 214 1546 auctum,
245 1516 270 1539 et
284 1513 456 1539 arithmetiue
480 1514 673 1548 tupputationis
689 1515 780 1542 ordine
799 1516 884 1542 conti-

91 1563 208 1586 nuatum
225 1559 366 1594 optabilius
385 1560 514 1592 redderet,
531 1568 561 1586 at:
575 1560 671 1595 majori
693 1561 777 1594 pretio
793 1563 886 1588 vende-

91 1609 134 1631 ret
151 1613 160 1631 :
178 1604 249 1632 unde
263 1605 371 1632 delusus
390 1605 535 1632 Ferrarius
557 1606 680 1633 eamdem
697 1607 810 1634 retinuit
825 1607 885 1634 libri

91 1653 290 1687 partitionem,
317 1657 343 1678 et
367 1659 382 1679 e
399 1652 508 1686 triginta
533 1659 628 1680 novem
657 1653 739 1680 tomis
763 1661 832 1688 quos
859 1654 885 1681 in

93 1697 227 1725 Joannem
243 1698 387 1732 seripsisse
400 1698 544 1733 Origenem
563 1699 688 1733 putabat,
713 1704 817 1734 septem
842 1708 887 1728 so-

93 1745 151 1771 lum
167 1749 320 1779 postremos
346 1745 505 1775 desiderari,
518 1751 546 1772 et
571 1745 675 1781 exiguis
698 1746 803 1781 aliquot
818 1747 896 1774 dun-'

94 1794 175 1817 taxat
192 1790 297 1817 lacunis
315 1790 461 1825 abruptam
479 1798 539 1818 esse
553 1792 643 1825 operis
657 1792 755 1818 seriem
770 1793 886 1820 censuit.

94 1838 260 1870 Quanquam
291 1836 414 1864 fraudem
434 1837 551 1864 subinde
567 1838 698 1865 odoratus
721 1843 762 1865 est
776 1838 817 1865 vir
842 1839 888 1867 ille

92 1882 233 1913 eruditus,
254 1889 316 1908 nant
331 1881 358 1908 in
384 1883 476 1916 priore
494 1883 730 1917 interpretationis
753 1891 809 1911 suae
829 1884 888 1911 edi-

95 1927 185 1959 tione,
202 1927 279 1955 initio
295 1928 360 1955 torni
385 1936 443 1960 xtx,
469 1929 502 1956 ad
518 1936 606 1962 oram,
627 1929 760 1963 suspicari
778 1937 807 1957 se
821 1930 891 1957 scri-

93 1973 138 2001 bit
155 1975 238 2001 hosce
264 1979 360 2006 tomos,
378 1982 412 2002 ne
434 1982 564 2003 numerus
589 1975 822 2011 interpellaretur,
854 1977 890 2005 ita

94 2020 184 2048 tuisse
200 2020 342 2050 dissectos.
662 2032 667 2035 -

138 2088 182 2115 Vl.
208 2089 244 2116 At
270 2089 472 2118 illustrissimus
496 2091 623 2124 Haetius,
652 2091 698 2127 qui
723 2091 826 2127 primus
842 2099 889 2120 eos

94 2133 195 2163 Graece
211 2135 294 2163 edidit
310 2135 484 2172 nothomagi,
507 2144 580 2165 anno
592 2138 670 2170 1668,
697 2146 775 2165 suum
790 2139 889 2172 cuique

96 2188 245 2208 numerum
274 2181 300 2208 in
314 2181 408 2209 Grteco
431 2183 562 2217 restituit,
580 2188 688 2211 servata
711 2183 829 2211 Ferrarii
850 2185 890 2211 in-
906 2195 929 2223 ι)

98 2227 308 2261 Ierpretatione,
322 2233 348 2255 ut
364 2233 422 2255 erat
437 2229 523 2264 prius,
549 2230 574 2257 in
600 2238 676 2257 xxxu
698 2235 785 2258 tomos
800 2231 892 2258 distri-

96 2273 180 2305 buta,
195 2277 288 2308 utpote
302 2281 371 2308 quae,
386 2273 448 2301 licet
463 2279 491 2301 et
507 2274 532 2301 in
545 2275 672 2302 oratione
693 2275 817 2307 horrida,
842 2284 891 2303 ne-

97 2325 156 2354 que
170 2319 238 2345 satis
255 2326 332 2354 pura,
362 2319 523 2347 Perioniana
551 2325 639 2347 tamen
662 2321 774 2348 nitidior
790 2326 817 2348 et
834 2329 892 2349 tne-

97 2364 163 2398 lior,
178 2364 283 2392 Grmcis
297 2365 426 2400 proprius
440 2365 556 2398 insistat,
571 2374 704 2402 suamque
719 2367 798 2394 Iidem
823 2367 890 2395 satis

96 2415 222 2446 praestet.
237 2411 300 2438 Suis
313 2417 401 2439 tamen
418 2411 526 2439 laborat
543 2421 652 2448 quoque
671 2413 757 2446 vitiis,
772 2419 799 2441 et
818 2414 844 2441 in
859 2422 892 2442 eo

96 2456 222 2485 Ferrarii
239 2456 281 2484 vel
297 2457 409 2488 candor,
429 2457 470 2484 vel
496 2456 674 2492 intelligentia
699 2465 789 2484 rerum
814 2457 892 2485 valde

96 2501 228 2529 videntur
254 2502 425 2536 requirenda,
441 2502 512 2537 quod
532 2502 646 2530 solemni
665 2503 849 2530 obtestatione
864 2502 889 2529 in

99 2548 156 2575 line
167 2548 260 2582 operis
275 2548 316 2575 sui
337 2548 539 2576 denuntiaverit
554 2556 584 2576 se
601 2549 628 2576 in
647 2549 695 2576 hoc
715 2549 782 2575 libro
795 2553 893 2576 verten-

99 2595 135 2621 do
148 2602 254 2621 summa
269 2602 346 2621 unum
367 2595 420 2628 ﬁde
433 2603 464 2621 ac
481 2595 629 2630 diligentia,
647 2599 675 2622 ut
699 2594 766 2622 nihil
783 2602 892 2628 prorsus

99 2643 135 2669 ait
150 2643 320 2669 immutatum
332 2641 364 2668 ab
376 2649 406 2669 eo
421 2642 490 2676 quod
501 2642 590 2669 scribit
609 2647 714 2668 auctor.
730 2642 831 2669 Deinde
845 2643 895 2669 ad—

100 2689 142 2716 dit
159 2698 165 2716 :
182 2687 255 2715 Scito
274 2693 401 2723 preterea
414 2696 461 2715 .me
482 2688 548 2715 nihil
564 2689 692 2715 invenisse
708 2688 735 2714 in
758 2688 807 2714 hoc
827 2687 895 2714 libro

101 2735 173 2770 quod
186 2735 309 2761 videatur
319 2734 429 2761 decretis
441 2738 540 2761 sanctw
555 2734 649 2760 matris
668 2733 792 2761 Ecclesia?
804 2735 897 2762 adver-

101 2782 176 2812 sari,-
193 2787 254 2806 nam
269 2779 291 2805 si
303 2779 469 2811 invenissem,
488 2783 533 2805 aut
560 2778 658 2805 librum
680 2786 732 2805 non
751 2779 896 2812 vertissent,

141 2867 163 2882 ”
179 2865 278 2893 Matth.
298 2872 354 2899 xxt,
373 2865 400 2893 9.
438 2865 458 2881 ¹³
476 2862 554 2892 Joan.
570 2872 618 2897 xtt,
636 2864 677 2892 I2.

928 231 1014 251 versae
1037 222 1168 250 doctrina:
1197 221 1256 248 labe
1282 227 1405 255 respersa
1420 219 1545 247 consulto
1568 219 1718 247 detraxisse

929 269 1044 300 videtur,
1072 275 1122 294 nec
1139 267 1267 301 pauciora
1299 273 1443 301 superesse
1468 273 1564 300 passus
1590 270 1642 298 est,
1658 272 1718 300 qum

928 316 962 343 ab
987 315 1117 342 Ecclesia:
1139 313 1259 342 decretis
1275 321 1327 340 non
1349 314 1447 349 exiguo
1463 313 1622 340 recederent
1635 313 1719 339 inter-

928 361 1007 388 vallo.
1023 361 1086 388 ibeo
1099 368 1165 388 vero
1176 361 1266 387 omnia
1283 360 1339 387 suis
1352 364 1444 387 notata
1462 365 1524 386 sunt
1539 359 1615 387 locis.

964 407 1019 435 Vll.
1036 408 1074 435 Ex
1098 407 1204 443 gemina
1232 406 1348 433 Ferrarii
1364 411 1392 433 ct
1409 406 1528 433 Pcrionii
1556 406 1719 439 interpreta-

930 454 1002 481 tione
1015 458 1042 480 ct
1068 453 1148 480 unico
1163 453 1258 480 codice
1284 451 1370 486 [legio
1385 452 1532 479 editionem
1560 459 1636 479 suam
1653 459 1721 478 con-

929 500 1004 528 ﬂavit
1019 499 1141 529 lluetitts,
1159 499 1204 534 qui
1220 499 1281 525 laeto
1297 505 1363 525 sane
1382 499 1474 525 animo
1491 498 1551 526 aliis
1568 506 1632 525 usus
1647 502 1720 525 esset

930 547 1072 575 codicibus
1090 546 1168 581 jussu
1187 545 1253 573 cleri
1278 545 1410 573 Gallicani
1429 544 1573 578 descriptis
1597 549 1661 571 ante
1676 551 1722 570 au-

931 601 980 621 nos
996 593 1099 626 aliquot
1115 600 1149 620 ex
1166 591 1250 619 ltalizc
1268 591 1454 622 Bibliothecis,
1469 591 1490 618 si
1507 590 1628 618 Joannes
1644 591 1722 617 Tari-

931 648 992 673 nus,
1007 638 1170 666 Parisiensis
1186 637 1336 672 professor,
1353 638 1429 671 cujus
1448 637 1509 664 ﬁdei
1526 637 1665 664 commissi
1684 637 1719 663 illi

931 690 1010 714 erant
1037 690 1066 712 ut
1079 685 1172 712 eadem
1189 685 1393 712 Counnontaria
1412 684 1438 710 in
1462 683 1593 711 Joannem
1607 703 1614 716 ,
1642 683 1722 710 Com-

932 732 1080 760 mentarios
1095 732 1121 758 in
1138 731 1295 758 Matthteutu
1321 736 1348 758 et
1373 730 1550 757 I’Itilocaliam
1576 731 1602 756 in
1632 730 1720 757 lucem

932 779 1079 812 emitteret,
1108 785 1169 805 cum
1197 779 1255 812 ipso
1275 777 1481 805 communicare
1505 777 1635 804 voluisset
1652 787 1657 804 :
1674 783 1721 803 ve-

933 833 992 853 rum
1007 825 1097 852 lumen
1115 825 1147 852 de
1164 833 1213 852 suo
1228 824 1331 852 lumine
1347 824 1496 851 accendere
1510 823 1555 850 ille
1571 823 1655 850 noluit
1666 844 1672 856 ,
1687 830 1723 850 ne

934 873 1022 900 minus
1037 873 1086 907 ipsi
1102 879 1181 900 suum
1196 872 1299 899 luceret
1319 879 1380 898 cum
1398 871 1516 898 alienam
1542 871 1722 898 accendisset.

932 919 990 952 Qua
1009 919 1041 946 de
1058 926 1086 946 re
1103 919 1224 954 graviter
1241 918 1386 944 admodum
1412 925 1463 944 nec
1486 917 1587 951 injuste
1604 923 1724 951 conque-

935 965 1002 992 ritur
1027 964 1196 991 clarissimus
1223 962 1334 990 Prmsul.
1367 962 1422 990 Nos
1453 970 1532 995 Vero,
1563 962 1722 993 feliciores.

933 1012 1038 1039 duobus
1052 1011 1092 1039 usi
1107 1019 1200 1038 sumus
1216 1010 1366 1042 codicibus,
1390 1010 1539 1037 Bodleiano
1552 1009 1680 1036 nimirum
1696 1014 1724 1035 et

934 1058 1090 1089 Barberino,
1106 1058 1138 1084 ad
1149 1064 1264 1091 quorum
1282 1056 1359 1083 lidetn
1375 1055 1469 1083 erca
1484 1056 1666 1088 restituimus,
1683 1056 1724 1082 la-

933 1111 1018 1130 cunas
1041 1102 1231 1137 explevimus,
1264 1101 1440 1136 Ferrariique
1469 1101 1723 1135 interpretationem

933 1149 1148 1181 ementlavimus,
1170 1152 1272 1175 mutata
1287 1148 1404 1182 primum
1421 1147 1489 1182 ejus,
1515 1155 1596 1182 quam
1613 1147 1724 1174 Huetins

934 1196 961 1223 in
979 1195 1076 1222 Latino
1092 1199 1264 1226 servaverat,
1281 1200 1416 1222 tomorum
1435 1194 1582 1222 divisione.

970 1252 1036 1279 VIII.
1054 1252 1155 1279 Prmter
1172 1259 1267 1278 novem
1282 1252 1367 1279 hosce
1384 1257 1481 1283 tomos,
1507 1251 1664 1278 I’hiloealiw
1680 1258 1726 1278 ca-

935 1299 990 1333 pita
1003 1299 1020 1326 4
1032 1304 1057 1326 et
1073 1299 1090 1325 5
1103 1299 1157 1325 duo
1173 1298 1303 1326 exhibent
1314 1297 1467 1333 fragmenta
1480 1306 1495 1325 e
1516 1303 1589 1326 totno
1607 1306 1644 1331 ιν,
1661 1299 1727 1326 tria-

935 1351 989 1379 que
1019 1344 1070 1370 alia
1095 1351 1126 1370 ex
1145 1344 1306 1377 praefatione
1321 1343 1420 1377 quinti,
1438 1343 1509 1370 inter
1533 1351 1592 1378 qua:
1607 1344 1725 1371 medium

936 1395 1010 1417 tenet
1025 1390 1156 1426 particula
1177 1398 1193 1417 e
1218 1390 1267 1418 lib.
1295 1397 1320 1417 vt
1335 1389 1492 1417 Eurebianw
1510 1389 1648 1422 Historia,
1664 1398 1724 1425 cap.

935 1436 982 1469 25,
1007 1437 1141 1463 traducta.
1164 1436 1221 1463 Duo
1247 1443 1355 1470 quoque
1378 1435 1471 1463 Latina
1490 1436 1642 1471 fragmenta
1663 1444 1727 1471 snp-

938 1483 1040 1518 peditat
1054 1482 1182 1517 Apologia
1198 1482 1330 1516 Pamphili
1355 1483 1493 1517 martyris.
1521 1483 1641 1510 Primum
1659 1488 1728 1510 este

899 1526 920 1554 C
938 1534 1010 1556 tomo
1027 1536 1051 1562 ν,
1070 1529 1118 1556 sed
1136 1529 1265 1561 alterum,
1282 1529 1352 1563 quod
1369 1537 1384 1557 e
1400 1529 1519 1556 secundo
1539 1530 1726 1564 depromptum

939 1575 1034 1607 fertur,
1063 1577 1088 1603 in
1117 1584 1150 1603 eo
1174 1576 1269 1603 nullibi
1287 1577 1416 1610 reperies.
1433 1576 1487 1604 Nec
1506 1582 1594 1604 tamen
1610 1576 1670 1604 ideo
1688 1582 1727 1604 to-

940 1630 1011 1648 mum
1028 1622 1098 1649 hunc
1127 1629 1187 1649 esse
1205 1622 1396 1649 detruncatum
1425 1622 1643 1650 concludendum
1661 1630 1727 1650 cen-

939 1675 1040 1701 semus,
1056 1672 1149 1703 utpote
1165 1668 1209 1702 qui
1227 1676 1259 1695 ex
1281 1668 1356 1695 omni
1381 1673 1457 1702 parte
1479 1669 1594 1704 integer,
1623 1676 1673 1697 nec
1689 1669 1729 1696 la-

939 1715 1019 1741 cunis
1036 1714 1097 1741 ullis
1123 1714 1266 1741 dehiscere
1281 1714 1416 1741 videatur.
1450 1714 1526 1742 Unde
1554 1715 1729 1742 verisimilius

940 1761 1112 1794 suspicamur
1137 1760 1290 1795 fragmenta
1317 1760 1407 1787 hart'cc
1426 1760 1479 1788 duo
1495 1768 1529 1787 ex
1546 1769 1600 1788 uno
1617 1760 1729 1788 eodem-

940 1812 993 1840 que
1021 1810 1094 1832 tomo
1120 1807 1215 1841 quinto
1230 1813 1291 1833 esse
1305 1805 1443 1840 decerpta.
1467 1806 1550 1840 Cujus
1565 1807 1730 1841 conjecturae

942 1851 1075 1878 rationem
1095 1852 1262 1879 reddidimus
1278 1853 1324 1879 ubi
1338 1853 1478 1879 convenit.

978 1897 1021 1925 ιιι.
1041 1898 1100 1924 Jam
1129 1903 1158 1925 ut
1172 1898 1274 1932 aliquid
1289 1898 1322 1925 de
1340 1898 1420 1925 tornis
1435 1898 1584 1932 deperditis
1596 1898 1730 1931 dicamus,

941 1948 1122 1980 praeterquam
1149 1945 1221 1979 quod
1237 1945 1332 1972 scribit
1362 1945 1496 1972 Eusebius
1523 1944 1595 1972 Hist.
1622 1945 1672 1972 lib.
1690 1953 1729 1977 Vi,

942 1998 1003 2025 cap.
1034 1991 1079 2023 28,
1113 1991 1146 2017 de
1171 1987 1311 2018 διαιιίιηὶιῆ
1340 1991 1544 2026 persecutione,
1569 1999 1629 2026 qua:
1659 1999 1731 2018 anno

942 2035 1043 2063 Christi
1069 2035 1123 2063 255
1148 2036 1238 2063 furere
1260 2035 1353 2071 coepit,
1379 2036 1546 2064 mentiouctu
1571 2035 1630 2063 ﬁeri
1658 2041 1731 2063 toruo

943 2091 1011 2115 χχιι.
1026 2083 1158 2118 Origenes
1188 2082 1247 2117 ipse
1274 2087 1346 2110 tomo
1369 2091 1413 2110 xvi
1431 2083 1456 2109 in
1484 2082 1650 2123 lllattlncuni,
1668 2091 1730 2118 pag.

943 2129 1006 2163 748,
1024 2130 1050 2157 in
1063 2131 1121 2157 hate
1133 2129 1251 2156 Malthati
1264 2129 1285 2144 ¹¹
1299 2129 1379 2156 verba
1397 2137 1405 2156 :
1427 2129 1553 2156 llosanna
1579 2128 1651 2156 Filio
1677 2129 1731 2155 lia-

943 2177 996 2209 vid,
1013 2180 1078 2210 etc.,
1092 2176 1185 2203 eadem
1204 2183 1218 2202 a
1233 2175 1324 2210 seipso
1336 2175 1544 2202 Commentariis
1562 2176 1586 2201 in
1598 2174 1731 2202 Joannem

945 2229 1062 2256 expensa
1079 2220 1163 2248 fuisse
1177 2221 1225 2252 ait,
1241 2221 1350 2255 quando
1365 2220 1492 2248 videlicet
1510 2220 1573 2247 illud
1591 2228 1731 2255 exponen-

945 2266 1008 2294 dum
1032 2265 1084 2293 sibi
1117 2266 1285 2300 propositum
1315 2265 1390 2292 fuit:
1412 2265 1446 2292 In
1474 2267 1620 2292 crastinum
1644 2270 1733 2293 autem

946 2311 1023 2338 turba
1045 2310 1130 2337 multa
1155 2318 1214 2345 qua!
1238 2314 1342 2337 uenerat
1366 2310 1401 2336 ad
1425 2310 1494 2337 diem
1517 2311 1610 2343 festum
1627 2310 1659 2343 ”,
1676 2316 1732 2339 etc.

945 2358 1010 2391 Quae
1028 2358 1137 2392 quidem
1158 2362 1232 2385 tomo
1249 2364 1312 2383 xxix
1333 2360 1447 2384 tractata
1474 2357 1558 2384 fuisse
1587 2357 1734 2384 verisimile

945 2410 996 2433 est.
1013 2405 1116 2432 Deinde
1137 2404 1164 2432 in
1181 2403 1335 2431 Mattlueum
1352 2403 1444 2430 itidem
1468 2407 1547 2430 tract.
1572 2411 1653 2437 xxxv,
1672 2412 1732 2438 pag.

946 2452 1008 2485 895,
1035 2455 1151 2479 testatur
1177 2458 1207 2478 se
1234 2450 1390 2484 diligentius
1414 2450 1440 2477 in
1471 2449 1682 2477 Commentariis
1706 2451 1734 2477 in

945 2497 1076 2526 Joannem
1101 2497 1273 2524 examinasse
1289 2504 1321 2523 au
1337 2496 1372 2523 ab
1395 2504 1448 2523 una
1478 2496 1534 2524 sola
1554 2496 1595 2523 vel
1613 2496 1736 2531 pluribus

948 2543 1106 2572 mulieribus
1123 2543 1224 2570 Christi
1253 2543 1335 2578 pedes
1361 2543 1436 2570 uncti
1460 2542 1577 2570 fuissent
1602 2543 1628 2570 in
1644 2550 1735 2570 ccena.

945 2591 1022 2624 Quod
1035 2598 1102 2619 sane
1114 2591 1209 2617 eodem
1223 2594 1296 2616 tomo
1320 2596 1384 2616 xxix
1404 2589 1544 2624 praefixum
1560 2594 1629 2615 erat.
1652 2588 1735 2616 Deni-

946 2646 999 2674 que
1013 2639 1040 2666 in
1055 2637 1202 2673 Epistulam
1220 2637 1252 2663 ad
1266 2636 1406 2664 Romanos
1426 2643 1487 2670 cap.
1506 2643 1543 2667 vt,
1557 2635 1604 2662 lib.
1621 2643 1638 2662 v
1656 2645 1662 2662 :
1684 2634 1737 2661 Ve-

948 2693 1006 2711 rum
1020 2684 1053 2710 de
1068 2685 1169 2710 ratione
1185 2683 1363 2718 baptismatis,
1390 2683 1487 2717 inquit,
1518 2690 1574 2709 cum
1593 2689 1737 2716 exponere-

948 2739 1006 2758 mtts
1035 2730 1207 2765 Evangelium
1230 2731 1372 2757 secundum
1396 2729 1537 2761 Joannem,
1570 2727 1613 2754 ulti
1634 2731 1737 2754 uetitum

947 2783 986 2805 est
1001 2778 1036 2805 ad
1053 2785 1112 2805 eum
1127 2777 1213 2805 locant
1233 2778 1258 2804 in
1286 2785 1336 2812 quo
1351 2777 1413 2804 dicit
1440 2776 1472 2803 de
1486 2775 1549 2802 Jesu
1564 2784 1573 2802 :
1593 2784 1602 2802 t
1621 2773 1680 2800 lese
1692 2780 1736 2799 vos
