1870 3046
167 88 199 118 ιο
595 88 753 117 MONITUM
770 89 816 116 AD
830 88 1010 118 COMMENT.
1026 88 1188 118 ORlGENlS
1204 89 1238 117 ΙΝ
1257 89 1354 119 JOAN.
1759 93 1796 120 ρο

164 144 307 180 baptisabit
334 145 361 172 in
385 145 486 180 Spiritu
514 149 605 172 saneto
622 144 654 179 ιλ,
674 154 684 171 ι
698 150 722 172 st
748 145 810 172 item
834 145 878 172 ubi
901 146 955 179 ipse
970 152 993 181 Α
1008 149 1062 171 tur.
1092 143 1175 177 Licet,
1199 145 1296 181 inquit,
1332 145 1443 172 multum
1465 146 1625 179 perscrutati
1657 145 1795 181 fuerimus,

163 192 290 220 Salvator
307 192 371 219 dicit
392 199 402 218 :
419 201 429 217 ι
449 191 509 219 Nisi
523 192 582 223 quis
606 197 712 219 renatus
727 191 808 227 fuerit
821 193 907 219 denuo
923 199 955 219 es:

164 247 234 273 aqua
261 243 285 265 et
303 238 421 273 Spiritu,
461 246 512 264 non
540 242 623 272 potest
654 237 765 265 introire
789 239 818 265 in
847 246 955 274 regnum

166 285 213 313 Dei
230 285 252 302 ¹¹
265 295 275 314 :
293 294 304 311 s
320 293 367 319 pro
381 284 479 311 viribus
501 284 599 312 nostris
613 293 672 318 qum
696 293 833 312 occurrere
859 289 954 319 potue-

165 337 237 363 runt,
253 332 305 359 imo
318 340 377 366 qua:
392 331 499 358 donabit
517 331 596 360 Deus.
611 331 739 364 diximus,
756 331 801 358 ubi
817 337 841 358 et
854 339 956 358 sermo-

164 379 205 405 nis
219 379 269 405 vim
283 386 334 412 quo
347 378 467 404 dicitur:
485 386 494 403 ι
514 377 575 405 Nisi
599 378 657 413 quis
686 383 792 405 renatus
813 378 893 413 fuerit
909 379 955 405 de-

164 433 228 457 uuo,
245 435 255 450 ι
273 424 353 451 altius
369 425 473 459 aperire
493 425 663 451 tentabimus.
688 423 774 452 Porro
797 428 870 451 torno
888 432 912 452 vr
927 424 954 452 in

161 469 292 498 JOanuem
311 470 421 504 exponit
444 470 553 505 quidem
580 471 637 497 haec
653 469 734 497 verba
749 478 754 495 :
773 469 833 504 Ipse
851 477 896 497 vos
908 469 955 496 ba-

162 517 273 550 ptizabit
302 517 329 543 in
352 516 456 550 Spiritu
485 521 594 548 saneto;
619 516 770 550 posteriora
800 523 874 547 vero,
904 515 954 543 nisi

161 563 232 596 quis,
251 566 316 593 etc.,
333 562 494 597 exposuisse
510 563 603 590 debuit
617 563 695 590 initio
713 563 777 590 tomi
800 570 837 589 xl.
855 562 954 590 Eusta-

163 607 236 634 thius
269 607 456 635 Antiochenus
494 607 620 643 Origcnis
650 610 739 636 locum
776 608 881 643 profert
920 615 954 635 ex

163 654 257 681 iisdem
275 654 356 681 tomis
369 654 515 689 deperditis
533 655 559 682 in
575 654 718 688 Joannem,
732 655 776 682 ubi
799 655 832 682 de
847 654 954 690 lapids-

163 700 236 726 Iione
250 698 314 727 Jesu
332 707 346 726 a
361 699 461 727 ludatis
492 700 561 727 facta
585 702 727 735 agebatur.
756 701 801 728 Sic
819 701 864 728 ille
885 701 954 728 libro

163 746 201 772 De
220 745 437 780 lingastrintyt/to
454 755 463 773 :
477 746 534 773 Οὐκ
547 746 657 773 ἔλαττον
671 747 700 772 δὲ
716 747 763 773 καὶ
779 746 810 772 τὺ
823 746 871 782 τῆς
883 745 955 773 λιθο-

162 791 254 823 (inita;
279 791 371 828 δρᾶμα
397 792 518 828 θεωρῶν,
545 793 637 830 ἐπειδὴ
662 793 805 820 καὶτοῦτο
827 793 954 828 πειρᾶται

1006 191 1124 218 nondum
1138 191 1282 219 invenimus
1300 192 1327 219 in
1353 192 1395 219 Itis
1408 200 1467 227 qum
1481 193 1580 226 scripta
1600 197 1672 226 sunt,
1685 192 1795 221 Judteos

1005 236 1151 271 arripuisse
1165 237 1265 272 lapides
1277 243 1304 265 ut
1319 238 1347 266 in
1358 238 1433 265 illum
1445 239 1595 274 injicerent.
1612 253 1645 259 -η
1661 238 1694 266 Et
1706 242 1795 275 paucis

1005 283 1104 310 additis
1120 291 1130 310 :
1143 282 1214 310 Nam
1227 284 1251 310 si
1266 285 1361 311 iterum
1379 290 1588 320 assumpserunt,
1605 286 1679 320 prius
1695 295 1796 314 assum-

1005 335 1123 365 pserunt.
1140 330 1202 358 Vult
1214 336 1301 358 autem
1315 336 1371 358 tum
1383 331 1411 358 in
1425 331 1617 366 superioribus,
1627 352 1630 355 .
1642 337 1698 359 tum
1709 333 1735 360 in
1751 334 1796 360 in-

1006 375 1157 410 ferioribus,
1172 377 1210 404 nil
1224 377 1276 405 tale
1291 378 1469 411 prtecessiue,
1488 382 1516 405 ut
1535 379 1626 412 probet
1642 379 1728 412 verba,
1748 381 1795 407 κά

1006 431 1058 450 non
1075 423 1176 457 lapides
1192 424 1367 456 assumpsisse
1383 432 1520 459 perperam
1551 425 1577 451 in
1593 424 1679 452 illum.
1706 425 1736 452 Et
1758 431 1797 453 ta-

1006 477 1063 496 men
1086 469 1245 504 evangelista
1256 470 1331 505 prius
1346 470 1436 497 dixit:
1455 479 1464 496 ι
1487 470 1617 498 Tulerunt
1630 471 1713 506 igitur
1725 471 1794 506 lapis

1005 517 1050 542 des
1079 519 1108 542 ut
1132 515 1253 551 jacerent
1275 517 1303 543 in
1329 516 1404 543 illum
1419 516 1451 543 ".
1474 525 1483 543 ι
1503 517 1568 549 Qua:
1581 518 1625 544 ubi
1639 517 1793 552 scripsisset.

1005 565 1107 588 centum
1119 562 1229 596 triginta
1239 563 1354 597 quinque
1366 561 1501 590 versiculis
1513 562 1670 597 interiectis,
1685 564 1773 591 subdit
1783 573 1793 592 .'

1008 615 1017 632 ι
1035 606 1206 635 Sustulerunt
1235 608 1324 643 itaque
1341 607 1432 636 Judari
1455 608 1568 644 lapides,
1593 614 1621 636 ut
1645 609 1795 644 lapidareut

1005 653 1090 687 ipsum
1107 653 1139 680 ".
1159 662 1168 680 ›
1188 652 1253 681 "we
1270 653 1377 688 quidem
1395 653 1495 688 duplici
1511 653 1568 680 loco
1580 653 1710 688 descripta
1722 658 1794 687 sunt,

1005 699 1164 734 ditersisque
1179 700 1338 734 temporibus
1351 704 1423 734 gesta
1435 704 1572 734 apparent,
1589 699 1659 732 quod
1674 707 1727 726 non
1743 699 1793 726 Ita-

1006 747 1081 774 beant
1105 747 1209 774 eosdem
1235 746 1371 773 verborum
1401 754 1483 773 uerus
1507 746 1547 773 uel
1572 746 1794 781 conjunctiones:

1005 794 1050 820 sed
1066 793 1192 828 Origenes
1209 792 1274 828 ipse,
1302 793 1348 827 qui
1368 800 1396 820 se
1418 792 1572 827 Scriptura:
1595 800 1684 819 omnes
1709 798 1795 820 tenere

161 838 371 876 τροπολογῆσαι,
384 838 430 865 τοῦ
456 839 634 874 εὐαγγελικοῦ
648 839 846 874 καταψεύδεται
860 848 899 876 γρη

1056 840 1147 871 :timat,
1161 840 1217 866 Itwc
1232 839 1346 866 scribens
1361 846 1414 865 non
1427 839 1545 874 cognovit
1561 842 1644 865 totum
1665 839 1692 865 id
1708 838 1794 866 Eran-

163 891 247 917 ματος
259 891 266 898 ’
280 883 310 909 οὔ
327 883 398 910 πάνυ
414 892 451 917 ἰι⁷
478 883 574 918 λέγων,
591 884 711 921 εὕραμεν
736 885 903 921 ζητήσαντες
923 887 952 912 ὲν

160 930 216 961 τοῖς
230 928 282 964 πρὸ
296 928 404 963 τούτου,
415 930 456 956 ὅτι
469 929 621 957 ἐϐάστασαν
633 931 657 957 οἰ
674 931 794 958 Ἰουδαῖοι
809 931 899 964 λίθους
912 932 954 959 ἵνα

161 975 305 1002 λιθάσωσιν
325 977 416 1004 αὐτόν.
431 992 466 997 -
477 976 543 1004 Εἶτα
566 979 624 1013 μετ’
637 979 715 1013 ὀλίγα
729 979 810 1014 φησίν
820 987 826 994 ·
847 980 879 1006 Εἰ
898 979 953 1015 γὰρ

160 1022 241 1049 πάλιν
255 1022 419 1055 ἐϐάστασαν,
433 1024 566 1059 πρότερον
581 1024 746 1052 ἐϐάστασαν.
767 1025 840 1052 "Aves
859 1026 889 1052 δὲ
906 1026 953 1053 καὶ

160 1069 235 1095 κάτω
251 1069 375 1104 βούλεται
389 1071 605 1103 κατασκευάσαι,
630 1071 667 1107 μὴ
689 1072 878 1108 προηγεῖσθαι,
905 1073 953 1099 καὶ

159 1115 242 1151 ἄλλην
269 1115 369 1151 ὁμοίως
399 1116 513 1152 ἐκδοχὴν
540 1118 584 1144 ἵνα
612 1118 770 1145 συστάσειεν
792 1119 952 1153 ὄτιλόγους,

159 1161 217 1187 ἀλλ’
233 1162 292 1197 οὐχὶ
308 1162 399 1194 λίθους
412 1162 566 1189 ἐϐάστασαν
581 1163 698 1198 ἀμελητὶ
713 1164 773 1190 κατ’
787 1164 882 1192 αὐτοῦ.
898 1165 953 1191 Καί

159 1217 185 1233 τι
209 1207 256 1234 τοῦ
291 1208 483 1242 εὐαγγελιστοῦ
513 1208 631 1243 πρόσθεν
654 1209 812 1245 εἰρηκότος,
833 1220 841 1236 ι
861 1208 952 1246 ’ᾞραν

158 1252 205 1281 οὖν
231 1253 321 1286 λίθους
353 1255 397 1282 ἵνα
414 1255 531 1290 βάλωσιν
558 1256 600 1282 ἐπ’
619 1256 713 1283 αὐτόν·
731 1265 741 1282 s
757 1255 795 1287 ὡς
823 1255 851 1283 δὲ
866 1256 952 1284 ταῦτα

161 1299 336 1335 προῦγραῲεν
353 1300 382 1328 ὲν
398 1301 436 1338 τῷ
451 1300 564 1336 μεταξὺ,
583 1301 664 1328 πέντε
679 1311 731 1328 που
743 1302 788 1329 καὶ
805 1302 952 1338 τριάκοντα

159 1347 227 1382 πρὸς
239 1348 293 1379 τοῖς
305 1348 400 1375 ἑκατὸν
410 1348 518 1383 στίχους
526 1349 659 1384 ὑπερῦὲς,
671 1349 797 1385 ἐπιφέρει
812 1349 950 1385 προσθείς·

162 1401 171 1417 ι
191 1390 362 1420 Ἕσάστασαν
385 1391 431 1419 οὖν
458 1395 482 1420 οἱ
504 1394 626 1420 Ἰουδαῖοι
639 1394 728 1427 λίθους
745 1395 787 1422 ἵνα
805 1395 952 1423 λιθάσωσιν

158 1437 250 1464 αὐτόν.
271 1447 280 1464 s
307 1437 387 1464 Ἀλλὰ
400 1438 486 1465 ταῦτα
504 1439 553 1474 μὲν
570 1439 668 1471 διττοῖς
682 1439 887 1476 ἀναγέγραπται
902 1449 952 1476 χω-

158 1483 238 1520 ρίοις,
255 1483 284 1509 ἐν
301 1483 438 1519 διαφόροις
450 1484 478 1510 δὲ
493 1484 619 1518 φαίνεται
633 1485 815 1521 πεπραγμένα
832 1488 948 1522 καιροῖς,

158 1529 213 1557 ἀπὸ
235 1529 282 1557 τοῦ
313 1529 350 1566 μὴ
365 1530 413 1562 τὰς
430 1531 515 1563 αὐτὰς
528 1530 600 1566 ἔχειν
625 1532 678 1558 τῶν
691 1532 822 1568 ῥημάτων
838 1533 951 1560 ἐπιπλο-

158 1576 209 1608 κὰς
223 1576 240 1612 ἤ
259 1576 407 1611 συξυγίας’
424 1577 492 1604 ἀλλὰ
521 1578 670 1613 Ὠριγένης,
694 1579 707 1605 ὁ
724 1579 814 1610 πάσας
829 1580 951 1615 οἰόμενος

157 1622 258 1649 εἰδέναι
285 1623 335 1655 τὰς
359 1623 480 1660 Γραφὰς,
502 1624 552 1651 οὖα
569 1625 674 1658 ἀνέγνω
697 1625 777 1652 τοῦτο
797 1626 845 1652 καὶ⁹
863 1626 951 1653 ταῦτα

157 1668 272 1705 γράφων
300 1669 338 1701 ὡς
351 1669 411 1696 ὅλον
426 1669 503 1705 ὁμοῦ,
531 1670 561 1697 τὸ
590 1671 754 1706 [εὐαγγέλιον
772 1672 818 1698 ἐπὶ
840 1671 948 1705 λέξεως.

157 1714 189 1741 Ei
205 1714 234 1741 δέ
250 1723 293 1746 τις
308 1715 493 1752 ὑπολαμϐάνει
508 1716 594 1744 ταῦτα
611 1717 739 1744 πλάττειν
755 1719 839 1754 ἡμᾶς,
855 1719 949 1752 αὑταῖς

156 1762 217 1794 ταῖς
242 1761 432 1797 εὖαγγελικαῖς
463 1763 582 1800 ἐντυχὼν
607 1764 780 1799 ἀποφάσεσι,
820 1765 868 1792 καὶ
893 1766 950 1798 τοῖς

157 1807 350 1843 ἑμπονηθεῖσιν
360 1808 434 1844 αὑτῷ
447 1810 510 1846 περὶ
520 1809 599 1837 τοῦτο
611 1811 825 1847 σπουδάσμασιν,
837 1812 949 1848 εὑρήσει

158 1854 240 1890 μηδὲν
257 1856 331 1891 ἡμᾶς
342 1856 481 1892 εἰρηκέναι
497 1857 605 1892 ψευδές.
625 1857 715 1893 Neque
729 1859 816 1886 minus
830 1860 870 1886 Isis
885 1859 948 1886 dum

157 1899 329 1932 lapidationis
368 1900 471 1935 factum
505 1903 656 1936 speculatur
692 1903 855 1939 (Origenes),
880 1904 948 1930 illud

156 1946 237 1973 etiam
252 1955 283 1974 ac
306 1947 330 1975 si
344 1956 390 1982 per
406 1953 494 1983 tropos
511 1949 611 1984 [uetusti
628 1949 656 1976 in
676 1950 758 1976 alium
788 1950 947 1978 sententiam

156 1992 265 2021 educere
288 1994 417 2028 obnitens,
434 1995 463 2022 in
485 1995 641 2030 euangelicis
659 1996 742 2024 verbis
759 1997 825 2024 mire
851 1997 945 2024 ruenti-

195 2082 217 2099 ”
230 2081 310 2113 Joau.
327 2092 346 2117 ι,
362 2083 406 2111 55.
448 2083 468 2100 ’⁸
484 2082 562 2111 Joan.
579 2091 621 2117 ιιι,
633 2085 660 2112 5.

1004 886 1066 921 gelii
1081 889 1179 912 textum
1199 885 1326 918 scriptum
1339 885 1373 911 ad
1387 885 1515 911 litteram.
1532 883 1617 911 Porro
1629 885 1653 911 si
1667 885 1727 920 quis
1736 885 1795 912 Isaac

1004 940 1051 958 nos
1069 931 1188 966 effingere
1211 930 1355 961 existimat,
1381 929 1518 956 sententiis
1534 929 1690 964 euangelicis
1711 930 1796 965 perle-

1003 979 1062 1011 ctis,
1090 978 1213 1013 illiusque
1237 978 1265 1005 in
1290 985 1334 1005 eas
1356 977 1563 1010 commentariis,
1589 977 1622 1004 ab
1650 978 1722 1005 omni
1747 986 1795 1005 nos

1003 1024 1161 1051 abstinuisse
1185 1024 1322 1051 mendacia
1345 1024 1496 1056 comperiet.
1526 1022 1565 1050 Ex
1578 1023 1622 1050 his
1635 1024 1726 1051 verbis
1738 1032 1792 1052 non

1004 1070 1088 1104 liquot
1101 1070 1147 1097 ubi
1162 1070 1195 1097 dc
1208 1069 1372 1104 lapidatione
1383 1068 1446 1096 Jesu
1462 1076 1476 1095 a
1504 1067 1604 1096 Iudaeis
1619 1068 1692 1096 facta
1707 1071 1794 1105 egerit

1004 1116 1146 1151 Origenes,
1160 1124 1194 1143 an
1207 1123 1268 1143 cum
1282 1115 1404 1150 priorem
1418 1113 1532 1141 Joannis
1548 1119 1705 1142 contextum
1717 1116 1793 1144 edis-

1004 1162 1129 1194 seruerit,
1157 1161 1272 1188 tulerunt
1293 1161 1372 1194 igitur
1388 1160 1488 1195 lapides
1507 1165 1534 1187 ut
1546 1160 1665 1195 jucerent
1678 1162 1704 1189 in
1715 1170 1794 1195 eum;

1003 1217 1036 1236 an
1052 1217 1114 1235 eum
1133 1209 1322 1243 posteriorem,
1346 1207 1509 1235 sustulerunt
1522 1207 1610 1241 itaque
1621 1207 1710 1236 Juda'i
1724 1209 1795 1243 lapi-

1004 1257 1059 1288 des,
1074 1260 1100 1281 ut
1113 1254 1259 1289 lapidarent
1275 1255 1369 1289 ipsum.
1387 1255 1516 1283 Fortasse
1531 1255 1689 1291 utrobique.
1716 1255 1794 1289 Quod

1003 1302 1026 1328 si
1043 1301 1078 1328 ita
1093 1305 1147 1333 est,
1162 1301 1196 1328 de
1210 1301 1375 1334 lapidatione
1388 1301 1440 1328 hac
1459 1306 1533 1329 tomo
1548 1309 1592 1328 ut
1607 1307 1636 1329 et
1651 1306 1726 1329 tomo
1738 1310 1793 1329 xxv

1005 1346 1045 1373 vel
1062 1354 1126 1374 τινι
1143 1354 1204 1374 eum
1230 1347 1318 1381 egisse
1344 1346 1400 1374 veri
1423 1354 1554 1382 perquam
1572 1347 1661 1375 simile
1675 1347 1794 1375 videtur.

1039 1392 1073 1419 Χ.
1102 1392 1290 1419 Tillcmontius
1309 1391 1380 1419 llist.
1397 1392 1463 1419 ecel.
1491 1397 1558 1420 tom.
1579 1392 1623 1425 Ill,
1650 1400 1712 1428 pag.
1728 1392 1795 1427 572,

1004 1438 1105 1473 aliquid
1121 1442 1194 1465 tomo
1207 1445 1233 1464 νι
1246 1438 1340 1465 deesse
1352 1437 1519 1472 suspicatur,
1543 1437 1588 1465 ubi
1603 1442 1658 1464 tum
1673 1438 1707 1466 de
1720 1445 1796 1465 mar-

1004 1483 1120 1518 tyribus,
1136 1487 1192 1510 tum
1206 1482 1241 1510 de
1254 1487 1330 1517 peste
1344 1483 1460 1517 qundam
1476 1491 1537 1518 qua:
1556 1483 1650 1511 nullibi
1666 1483 1693 1510 in
1709 1483 1798 1511 histo-

1005 1531 1053 1559 riis
1077 1529 1223 1565 rcperitur,
1239 1537 1366 1565 qumque,
1396 1530 1494 1564 inquit,
1522 1529 1596 1557 circa
1621 1537 1722 1556 annum
1739 1529 1797 1557 252

1006 1577 1129 1604 fortassis
1147 1581 1272 1611 grassata
1286 1581 1338 1610 est;
1354 1576 1489 1612 Origenes
1513 1576 1597 1604 multa
1621 1575 1702 1603 verba
1719 1575 1798 1604 iece-

1004 1627 1058 1650 rat.
1077 1622 1175 1650 Verum
1203 1622 1229 1650 id
1245 1630 1298 1650 non
1317 1623 1384 1651 satis
1405 1631 1536 1658 assoquor
1557 1623 1628 1650 unde
1654 1623 1798 1658 cornjicere

1002 1669 1123 1704 potuerit
1150 1669 1351 1696 eruditissimus
1376 1669 1429 1696 vir.
1459 1668 1610 1702 Utrumque
1633 1669 1705 1696 enim
1719 1676 1800 1696 exse-

1002 1716 1095 1750 quitur
1110 1714 1241 1751 Origenes
1253 1719 1281 1743 et
1302 1715 1336 1742 de
1349 1715 1516 1751 martyribus
1543 1720 1572 1743 et
1583 1715 1615 1743 de
1633 1715 1667 1743 iis
1683 1715 1728 1749 qui
1744 1723 1799 1749 pe-

1004 1763 1108 1790 rierunt.
1126 1762 1161 1790 ob
1176 1761 1392 1796 pestilentiarum
1417 1762 1628 1790 constitutiones
1646 1761 1729 1789 verba
1756 1761 1800 1788 l'a-

1003 1808 1100 1837 ciens:
1121 1816 1171 1836 nec
1185 1808 1220 1836 ibi
1232 1809 1323 1842 agitur
1335 1808 1369 1835 de
1389 1808 1422 1836 iis
1440 1809 1486 1843 qui
1500 1816 1568 1835 nova
1584 1808 1703 1842 quadam
1717 1813 1800 1843 peste

1003 1859 1156 1893 consumpti
1186 1859 1304 1893 periere.
1320 1859 1367 1886 sed
1385 1858 1419 1886 de
1443 1859 1477 1886 iis
1491 1858 1537 1893 qui
1555 1857 1707 1893 antiquitus
1720 1859 1800 1893 apud

1001 1905 1117 1939 gentiles
1129 1913 1190 1932 ειιιιι
1203 1905 1359 1939 pestilentes
1372 1906 1460 1933 morbi
1470 1904 1792 1940 grassarentur.seipsos

983 1981 986 1985 ,
1002 1951 1030 1978 in
1044 1951 1170 1979 victimas
1189 1958 1238 1986 pro
1251 1952 1340 1987 patria
1358 1952 1542 1985 tradiderunt,
1560 1951 1799 1987 quemadmodum

1001 2005 1051 2025 suo
1065 1997 1125 2026 loco
1139 1997 1353 2026 observavimus.

700 2084 721 2100 ¹⁶
733 2083 811 2112 Joau.
829 2093 889 2118 un,
905 2084 949 2113 59.
986 2086 1007 2102 "
1019 2084 1096 2114 Joan.
1113 2094 1140 2114 κ.
1159 2085 1203 2114 5L
